4092 6154
438 288 542 352 657

1605 305 1779 364 ΠΤΛ
1820 311 1882 366 S.
1924 308 2252 372 ANDRE:E
2295 315 2486 376 ΞΛΜ.

3589 306 3692 369 658

444 411 592 475 φίλος
627 412 812 476 αὐτοῦ,
879 414 1054 468 πάντα
1116 434 1195 470 σοι
1237 419 1547 487 ἀναγγελεῖ,
1579 422 1653 484 ὡς
1689 422 1780 475 καὶ
1814 423 1881 476 τὰ
1904 424 2013 476 τῶν

2134 442 2292 483 servet
2330 448 2492 502 opera
2544 432 2683 502 ejus,
2736 434 3039 503 ingressum
3070 437 3125 485 et
3167 443 3445 500 egressum
3479 427 3502 479 ?
3547 427 3691 497 quod

445 504 757 573 ἀλλοτρίων.
784 508 971 561 Ταῦτα
1020 510 1113 563 τοῦ
1150 514 1489 584 φουσκαρίου
1541 518 1834 587 φήσαντος,
1862 517 2009 569 ἐπει-

444 614 535 651 σεν
573 599 768 662 αὐτοὺς
793 601 968 665 οὕτως
1000 603 1167 672 ἔχειν.

511 787 717 843 κδ’.Ἒν
747 793 845 861 μιᾷ
879 791 934 844 δὲ
973 794 1082 847 τῶν
1116 794 1338 865 ἡμερῶν
1364 797 1705 866 διερχόμενος
1729 797 2015 866 Μακάριος

444 882 503 933 ἐν
527 883 639 944 τοῖς
663 882 1042 952 ἁρτοπωλίοις,
1073 890 1320 958 συναργᾷ
1339 891 1485 956 τρισὶ
1509 890 1808 953 νεανίσκοις
1833 891 2018 956 ξανθο-

444 974 658 1041 κόμοις,
690 976 913 1045 ὡραίοις
976 978 1073 1032 καὶ
1109 979 1257 1049 ψυχῇ
1285 980 1380 1033 καὶ
1414 980 1627 1050 σώματι
1658 999 1672 1013 ·
1730 980 1878 1051 εἶχον
1907 984 2017 1053 γὰρ

444 1063 657 1134 ὀγαθὴν
708 1068 972 1136 ἐργασίαν
1009 1070 1058 1122 οἱ
1123 1071 1433 1141 μείρακες,
1482 1072 1579 1125 τοῦ
1637 1074 2017 1144 πρεσϐυτέρου

442 1153 769 1223 ὁδηγοῦντος
798 1157 999 1221 αὐτοὺς
1026 1161 1107 1223 είς
1164 1162 1347 1215 πᾶσαν
1400 1161 1499 1231 τὴν
1528 1161 1622 1215 τοῦ
1660 1162 1799 1217 Θεοῦ
1827 1164 2023 1228 εὐαρέ-

448 1262 658 1314 στησιν.
677 1248 768 1311 Ὠς
791 1247 849 1301 δὲ
882 1252 1223 1321 συνήντησαν
1243 1252 1321 1319 τῷ
1357 1254 1540 1324 ὐσίῳ,
1574 1257 1714 1322 ἔγνω
1741 1256 1770 1307 6
1807 1258 2022 1326 πρῶτος

455 1338 565 1392 τῶν
587 1339 806 1408 σεμνῶν
840 1342 1048 1398 παίδων
1079 1344 1304 1397 ἐκείνων
1339 1346 1405 1400 τὰ
1429 1347 1558 1416 περὶ
1586 1347 1678 1401 τοῦ
1705 1349 2021 1417 Μακαρεου,

449 1429 544 1483 καὶ
577 1430 725 1499 λέγει
758 1434 870 1495 τοῖς
924 1434 1134 1504 ἑτέροις
1157 1450 1174 1467 ο
1208 1436 1542 1491 [πιστεύσατέ
1575 1457 1689 1508 μοι,
1728 1442 2023 1511 ἀγαπητοὶ,

449 1523 665 1577 ὑπονοῶ
690 1524 783 1577 τὸν
808 1525 970 1580 σάλον
988 1530 1195 1582 ἐκεῖνον
1227 1528 1412 1582 δοῦλον
1437 1530 1531 1584 τοῦ
1559 1531 1696 1585 Θεοῦ
1726 1532 2022 1601 ὑπάρχειν.

455 1617 599 1684 Ἔφη
626 1618 657 1670 ό
684 1616 872 1686 ἕτερος
895 1634 911 1649 ·
987 1622 1298 1691 Παρακαλῶ
1327 1639 1413 1677 σοι
1457 1623 1517 1676 ἐν
1544 1642 1650 1679 τινι
1683 1625 1834 1695 τόπῳ
1896 1642 1994 1694 μετ
2014 1625 2030 1646 ’

450 1706 618 1760 αὑτοῦ
653 1708 999 1781 συγκαϐῆσαι
1029 1712 1197 1781 ἡμᾶς.
1226 1711 1393 1780 Λέγει
1424 1716 1454 1768 ό
1483 1715 1718 1786 πρῶτος
1742 1717 1804 1769 El
1828 1715 2025 1782 θέλεις,

2117 527 2164 575 sl
2196 524 2407 581 amicus
2431 526 2551 595 ejus
2581 542 2661 589 es.
2711 528 2891 582 omnia
2923 526 3016 581 libi
3060 524 3339 584 revelabit.
3373 520 3534 575 etiam
3557 521 3690 573 alio.

2115 626 2235 666 rum
2255 626 2426 685 gesta.
2460 620 2637 688 Atque
2660 619 2761 674 bac
2776 619 3025 673 oratione
3045 615 3315 686 persuasit
3351 612 3696 668 audientibus

2114 721 2311 773 caupo.
2346 708 2421 761 ita
2455 724 2515 764 se
2548 724 2661 762 rem
2698 710 2918 763 habere.

2185 797 2271 855 ει.
2315 799 2608 857 Transicns
2651 802 2886 872 quodam
2925 802 3013 855 die
3051 800 3295 855 Andreas
3343 812 3438 866 per
3494 794 3695 856 lorum.

2118 893 2209 948 ubi
2243 909 2409 960 panes
2432 901 2687 959 veneunt,
2717 894 2908 948 obvios
2942 892 3261 946 babuittres
3298 890 3697 951 adolescentes,

2120 987 2332 1055 capillis
2392 985 2546 1041 [lavis
2604 986 2864 1055 insignes.
2896 994 3005 1039 tam
3032 984 3211 1037 anima
3269 996 3432 1051 quam
3470 993 3699 1044 corpore

2119 1081 2349 1135 decoros
2385 1096 2399 1132 :
2434 1079 2591 1133 bonis
2655 1079 2853 1149 quippe
2895 1076 3154 1145 operibus
3200 1081 3555 1130 assueverant
3597 1071 3703 1125 sub

2121 1172 2369 1229 instituto
2417 1172 2600 1237 unius,
2659 1170 2753 1239 qui
2810 1178 2929 1223 erat
2980 1166 3333 1238 provectioris
3385 1164 3599 1228 aetatis,
3632 1161 3703 1217 ad

2120 1280 2284 1319 omne
2345 1264 2434 1317 Dei
2492 1262 2631 1317 bene
2688 1262 2947 1331 placitum
2998 1260 3133 1314 alios
3188 1256 3556 1312 informsntis.
3597 1254 3701 1310 Ubi

2124 1372 2252 1413 vero
2292 1358 2345 1410 bi
2381 1356 2521 1409 inter
2553 1348 2614 1409 se
2660 1363 3040 1417 occurrerunt,
3096 1352 3351 1421 cognovit
3401 1347 3706 1417 pmcipuus

2124 1452 2235 1515 ille.
2296 1449 2525 1505 aliorum
2590 1447 2890 1509 institutor.
2962 1459 3083 1515 qua:
3104 1447 3250 1498 circa
3309 1440 3373 1494 Β.
3426 1438 3702 1494 Andream

2125 1544 2447 1613 agebantur.
2476 1542 2723 1609 dixitque
2748 1539 2957 1595 sociis:
2999 1535 3217 1593 Credite
3256 1532 3387 1587 mibi
3413 1570 3431 1594 ,
3466 1531 3707 1587 dilectis-

2127 1636 2278 1695 simi.
2307 1635 2560 1703 suspicor
2618 1631 2844 1687 stultum
2879 1630 3096 1686 istbuttc
3145 1625 3241 1683 Dei
3274 1624 3536 1680 famulum
3560 1636 3701 1677 esse.

2132 1730 2198 1784 Et
2230 1731 2368 1784 alter
2402 1746 2415 1781 :
2444 1728 2664 1796 Qumso.
2720 1726 2918 1794 inquit,
2980 1719 3347 1777 concedamus
3376 1717 3564 1786 aliquo
3584 1730 3707 1771 ses-

450 1799 609 1854 τοῦτο
647 1802 706 1854 ἐν
743 1804 898 1872 τάχει
943 1802 1105 1857 ποιῶ.
1165 1805 1275 1859 Καὶ
1331 1806 1479 1876 λέγει
1533 1807 1723 1877 αὐτῷ·
1777 1808 2025 1879 Ἀδελφὲ,

2134 1823 2243 1877 suri
2269 1837 2397 1878 cum
2429 1791 2566 1891 ipso.
2601 1819 2740 1873 Tum
2791 1791 3001 1887 primus
3034 1837 3046 1868 :
3078 1812 3137 1869 Si
3177 1813 3331 1877 libet.
3382 1823 3547 1880 quam
3580 1822 3707 1863 mox

452 1894 675 1964 ἀγαπᾷς
730 1911 821 1964 με,
848 1895 1010 1965 δεῦρο
1043 1897 1395 1968 σνγκάθησον
1436 1897 1559 1968 μεθ’
1601 1899 1781 1969 ἡμῶν,
1806 1901 1891 1954 ὅτι
1918 1901 2029 1971 ἐγὼ

452 1986 654 2052 ἀγαπῶ
682 2003 765 2051 σε,
794 1986 890 2041 καὶ
936 1988 984 2040 οί
1018 1988 1136 2058 μετ’
1161 1989 1298 2059 ἐμοῦ
1330 1988 1452 2045 λίαν
1477 1990 1736 2045 ποθοῦσὼ
1766 2010 1845 2049 σε.
1880 1995 2026 2048 Ἰδὼν

453 2076 512 2129 δέ
536 2074 671 2129 αὐτὸ
712 2076 1042 2143 ἐμειδίασεν,
1094 2082 1189 2133 καὶ
1238 2080 1387 2149 λέγει
1416 2081 1567 2153 αὑτῷ
1594 2084 1652 2150 ἐξ
1715 2085 1977 2153 ὀνόματος
2010 2103 2025 2119 ο

453 2169 528 2222 Σὺ
569 2163 621 2223 εἶ
660 2169 978 2238 Ἐπιφάνιος
1013 2172 1041 2225 ό
1099 2173 1255 2240 φίλος
1293 2192 1420 2245 μου,
1465 2176 1561 2229 καὶ
1627 2176 1723 2229 σὺν
1762 2179 1840 2248 τῷ
1887 2178 2031 2249 λόγῳ

455 2264 739 2332 ἠσπάσατο
804 2265 988 2329 αὑτὸν,
1047 2267 1431 2341 προσλεπτικῷ
1478 2269 1691 2342 ὄμματι
1740 2273 1799 2327 τὸ
1834 2272 2031 2339 μέλλον

456 2357 818 2428 προσημάνας
860 2357 1108 2427 γίνεσθαι
1136 2361 1230 2413 ἐπ’
1258 2361 1443 2417 αὐτόν·
1493 2363 1597 2434 τῆς
1620 2365 1729 2437 γὰρ
1760 2366 2031 2437 βασιλίδος

456 2450 567 2500 τῶν
600 2448 811 2501 πόλεων
855 2449 1157 2505 ἐπίσκοπον
1185 2454 1489 2522 γεγονέναι.
1526 2457 2032 2527 Χειροκρατοῦντες

458 2541 840 2613 δέὰμνότεροι
900 2547 1059 2616 χεῖρα
1114 2546 1254 2614 πρὸς
1288 2549 1467 2617 χεῖρα,
1499 2542 1665 2619 ἦλθον
1712 2552 1851 2620 πρὸς
1903 2551 2033 2613 τοὺς

455 2632 550 2686 δύο
577 2632 791 2698 παῖδας,
824 2637 916 2719 καέ
941 2636 1240 2707 διηγήσατο
1274 2637 1436 2704 αὐτὸς
1468 2640 1498 2694 ό
1543 2639 1883 2711 Ἐπιςράνιος,
1914 2640 2033 2704 πῶς

458 2726 517 2790 ἐξ
557 2726 824 2795 ὀνόματος
885 2727 1147 2783 ἐκάλεσεν
1201 2730 1385 2785 αὐτόν.
1453 2732 1521 2785 Ui
1585 2732 1642 2786 δὲ
1698 2732 2033 2798 ἀκούσαντες

457 2816 657 2881 ταῦτα,
683 2816 905 2870 πλείονα
937 2818 1029 2871 τὸν
1062 2818 1226 2873 πόοον
1271 2822 1363 2874 καὶ
1392 2819 1491 2892 τὴν
1518 2822 1702 2875 πίστιν
1735 2824 1816 2887 εις
1868 2822 2033 2877 αὐτὸν

458 2908 842 2964 ἀνατέθεικεν.
874 2910 1223 2977 Εἰσελθόντος
1246 2907 1341 2967 οὖν
1367 2914 1426 2967 ἐν
1469 2916 1551 2969 ἐνὶ
1584 2914 1693 2969 τῶν
1724 2917 2032 2987 καθαροπο-

457 3001 611 3066 τίων,
659 3000 945 3072 ὠνήσαντο
1004 3004 1168 3076 ἄρτον
1227 3005 1322 3058 καὶ
1368 3004 1515 3062 οἶνον
1571 3010 1669 3061 καὶ
1723 3009 1899 3080 ἰχθὺν,
1937 3008 2033 3063 καὶ

460 3093 785 3164 παρέθηκαν
810 3097 890 3159 είς
947 3096 1208 3151 ἑστίασιν.
1266 3098 1415 3152 Ἰδὼν
1442 3100 1498 3153 δὲ
1523 3101 1551 3154 ὁ
1576 3103 1762 3165 "Osco;
1789 3102 1888 3173 τὴν
1944 3102 2033 3156 πί»

466 3192 585 3238 στιν
631 3186 833 3249 αὐτῶν,
886 3188 1057 3260 ἐχάρη
1085 3190 1260 3262 χαράν
1304 3193 1568 3264 μεγάλην,
1606 3194 1696 3246 καὶ
1721 3188 1791 3265 ἦν
1830 3194 2026 3265 ὑποψι-

462 3278 700 3351 ϐνρίζων
726 3279 804 3351 τῷ
835 3281 1062 3351 στόματι
1119 3282 1188 3336 δι’
1220 3283 1386 3354 εὐχῆς
1425 3284 1563 3356 πρὸς
1604 3284 1697 3341 τδν
1753 3286 1887 3341 Θεὸν
1930 3288 2027 3358 τὴν

464 3370 839 3444 προσαγωγὴν
860 3373 1042 3429 αὐτῶν
1070 3374 1331 3439 ἀναθείς·
1372 3372 1475 3429 εἶθ*
1516 3377 1692 3441 οὕτως
1746 3380 1854 3431 τῶν
1896 3396 2027 3448 προ-

467 3462 800 3533 τεθειμένων
849 3464 1133 3536 μετέσχεν,
1163 3466 1288 3531 δοὺς
1330 3466 1427 3521 καὶ
1457 3468 1571 3531 τοῖς
1618 3467 1760 3532 νέοις
1797 3468 2028 3531 οἰκείαις

462 3555 671 3626 χερσίν.

534 3847 636 3897 κε’.
668 3840 947 3912 Ἀληθινδν
966 3841 1027 3896 τὸ
1055 3842 1230 3914 ῥῆμα,
1258 3842 1552 3914 ἀγαπητοὶ,
1579 3845 1673 3899 καὶ
1705 3843 1913 3910 πιστὸν,
1950 3845 2033 3896 ὅτι

462 3935 527 3989 ἐδ
555 3933 729 4006 ἥμισυ
758 3931 854 3987 τοῦ
897 3934 1243 4004 παξαματίου
1280 3934 1467 4005 ἤσθιεν
1501 3936 1629 4005 ὃλην
1652 3938 1751 4006 τὴν
1799 3937 2034 4006 ἡμέραν,

462 4026 603 4096 ὕπερ
632 4027 729 4079 καὶ
778 4025 938 4081 τοῦτο
992 4026 1294 4097 πεποίηκεν
1350 4027 1526 4100 βραχύ
1551 4047 1603 4081 τι
1658 4031 1947 4100 μετασχὼν
1976 4029 2035 4094 ἐξ

465 4117 664 4184 αὐτῶν,
697 4118 866 4181 ἐάσας
901 4117 969 4171 τὰ
1028 4118 1248 4171 πλείονα
1273 4120 1331 4172 ὲν
1358 4122 1422 4190 τῇ
1451 4120 1699 4192 τραπέζῃ
1722 4138 1737 4153 ο
1796 4122 1941 4176 οἴνου
1981 4122 2036 4175 δὲ

467 4211 631 4280 ἡνίκα
659 4226 741 4274 τις
765 4209 934 4264 ἐδίδου
967 4209 1138 4279 αὐτῷ,
1170 4213 1315 4263 πιεῖν
1341 4211 1443 4265 οὐκ
1466 4211 1710 4278 ἐφείδετο
1736 4228 1750 4243 ·
1788 4213 1882 4281 ἀφ’
1911 4214 2041 4266 ἐαυ-

464 4303 559 4358 τοῦ
593 4302 700 4374 γὰρ
724 4303 822 4357 οὐκ
868 4303 1052 4357 ἔπινεν
1079 4301 1320 4367 πώποτε,
1342 4303 1437 4357 ἐὰν
1467 4304 1645 4375 μήτις
1685 4306 1845 4359 αὐτὸν
1862 4307 2038 4375 τούτῳ

465 4398 739 4451 ἐπότισεν.
775 4396 855 4450 Δι’
904 4397 1035 4466 ὅλης
1074 4396 1133 4450 δέ
1178 4399 1276 4467 τῆς
1333 4396 1625 4468 ἑϐδομάδος
1668 4397 1956 4463 πολλάκις,
2005 4400 2035 4473 ἢ

2131 1914 2183 1967 id
2244 1914 2497 1969 effectum
2555 1911 2790 1972 dedero;
2846 1918 3259 1975 conversusque
3307 1902 3373 1958 ad
3403 1909 3705 1958 sanctum:

2131 2006 2342 2068 Frater.
2366 2002 2462 2068 ait,
2506 2004 2551 2057 si
2593 2015 2679 2055 me
2713 2015 2889 2065 antas,
2915 1997 3103 2052 adesto
3138 1996 3245 2050 huc
3275 1990 3580 2049 et-conside
3610 2004 3710 2043 no-

2134 2098 2369 2160 biscum.
2420 2095 2546 2164 quia
2603 2109 2704 2163 ego
2737 2100 2789 2147 te
2834 2090 3025 2160 diligo.
3070 2098 3126 2142 et
3154 2087 3205 2141 bi
3240 2084 3456 2141 sodales
3483 2082 3589 2139 mei
3628 2090 3710 2137 te-

2132 2196 2328 2249 nentur
2374 2184 2644 2243 desiderio
2692 2185 2793 2239 tul.
2819 2183 3055 2239 intuitus
3094 2178 3413 2233 invitantem
3440 2174 3711 2241 Andreas.

2134 2282 2252 2336 risit
2276 2297 2290 2345 ;
2317 2296 2381 2335 ac
2411 2275 2732 2339 nominatim
2758 2274 2933 2343 ipsum
2959 2270 3297 2339 compellans
3321 2285 3336 2334 ;
3375 2264 3484 2330 Tu,
3507 2264 3711 2335 inquit.

2135 2370 2468 2442 Epiphanius
2491 2383 2574 2434 es,
2598 2368 2809 2422 amicus
2840 2380 3017 2418 meus.
3053 2364 3172 2428 Quo
3201 2360 3358 2415 dicto
3372 2357 3713 2426 amplexatus

2129 2464 2411 2535 juvenem,
2471 2460 2525 2516 id
2552 2458 2697 2529 quod
2741 2456 3119 2512 futurutucrat
3144 2450 3473 2522 praevidens,
3510 2444 3715 2520 εἰδυίας

2133 2558 2275 2612 cavit
2334 2554 2473 2616 fore,
2527 2564 2586 2606 ut
2648 2550 2826 2615 urbis,
2876 2563 2999 2616 qua
3052 2545 3194 2599 inter
3222 2543 3381 2598 alias.
3415 2539 3490 2594 uti
3528 2538 3714 2605 regina

2132 2652 2357 2714 eminet,
2387 2648 2679 2717 episcopus
2718 2648 3019 2697 crearetur.
3053 2637 3117 2693 Et
3150 2643 3399 2692 tenentes
3449 2632 3588 2687 alter
3634 2632 3713 2685 al-

2137 2741 2308 2796 terius
2342 2750 2565 2792 manutn
2597 2738 2947 2787 accesserunt
2997 2727 3066 2783 ad
3127 2726 3266 2783 alios
3324 2724 3466 2779 duos
3495 2721 3712 2776 adoles-

2132 2843 2338 2893 centes.
2383 2828 2732 2896 narravitque
2781 2821 3141 2893 Epiphanius,
3215 2816 3492 2889 quomodo
3534 2815 3712 2887 ipsum

2135 2944 2236 2985 suo
2283 2927 2504 2981 nomine.
2527 2920 2950 2991 eompellasset:
2982 2931 3094 2987 quo
3140 2912 3330 2970 audito
3380 2911 3480 2976 illi,
3513 2910 3713 2966 arden-

2136 3020 2273 3073 tiore
2323 3012 2641 3070 inﬂammati
2695 3008 2967 3065 desiderio
3012 3004 3270 3068 hominis.
3338 3001 3599 3073 majorem
3657 3002 3713 3056 iu

2139 3112 2256 3181 ipso
2291 3106 2543 3163 ﬁduciam
2576 3100 2936 3158 collocarunt.
2962 3097 3332 3166 ingredientes
3354 3095 3540 3165 itaque
3561 3107 3711 3148 (euo-

2138 3202 2341 3273 poliutu
2374 3195 2639 3267 coemptis
2672 3209 2835 3265 pane.
2858 3192 2986 3246 vino
3016 3205 3082 3247 ac
3105 3189 3364 3260 piscibus,
3402 3185 3713 3243 convivium

2129 3300 2417 3366 pararunt,
2476 3302 2712 3357 cumque
2772 3284 2933 3339 ﬁdem
2972 3296 3162 3339 eorum
3216 3287 3569 3349 cognosceret
3603 3278 3718 3333 An-

2128 3387 2312 3447 dreas,
2367 3381 2570 3453 ingenti
2619 3376 2874 3449 perfusus
2929 3367 3151 3444 gaudio,
3194 3373 3302 3427 leni
3342 3372 3457 3425 oris
3482 3384 3714 3425 susurro

2131 3478 2269 3533 fusis
2319 3474 2386 3529 ad
2448 3472 2617 3527 Deum
2648 3468 2920 3538 precibus,
2955 3465 3257 3536 profectum
3293 3462 3347 3520 in
3396 3464 3597 3525 virtute
3623 3461 3717 3530 ju-

2132 3583 2331 3624 venum
2407 3565 2456 3619 ei
2536 3558 2995 3624 commendavit;
3067 3555 3264 3611 deinde
3333 3554 3486 3611 cibos
3546 3568 3719 3624 appo-

2134 3665 2273 3721 sitos
2327 3656 2584 3729 sumpsit,
2623 3668 2690 3709 ac
2727 3652 2807 3708 eis
2841 3652 3006 3708 etiam
3038 3649 3281 3722 porrexit
3328 3647 3562 3720 propriis
3597 3661 3718 3703 ma-

2136 3758 2320 3812 nibus.

2203 3850 2295 3905 25.
2332 3849 2463 3903 Vera
2488 3846 2683 3912 loquor
2708 3852 2763 3897 et
2797 3840 2903 3897 fide
2941 3839 3129 3905 digna,
3170 3832 3547 3898 dilectissimi;
3604 3840 3720 3888 toto

2138 3942 2225 3996 die
2280 3955 2387 3994 non
2450 3934 2813 3992 tuanducabat
2849 3931 3095 3987 Andreas
3144 3927 3383 3983 medium
3412 3925 3525 3998 (ιι)
3553 3938 3721 3996 pasa-

2142 4033 2405 4095 tnatittm;
2468 4028 2632 4097 idque
2700 4024 2955 4082 faciebat.
3021 4020 3317 4091 pauxillum
3391 4015 3596 4088 aliquid
3647 4029 3717 4071 ex

2141 4122 2408 4191 appositis
2453 4114 2815 4186 decerpendo,
2848 4110 3124 4184 plerisque
3180 4109 3231 4162 in
3267 4120 3452 4161 mensa
3489 4102 3713 4159 relictis.

2139 4218 2277 4272 Cum
2334 4216 2456 4285 quis
2515 4211 2567 4265 ei
2615 4210 2805 4264 vinum
2853 4203 3184 4275 porrigebat,
3224 4201 3410 4255 bibere
3433 4213 3540 4253 non
3562 4196 3720 4251 dubi-

2144 4308 2409 4377 tabattsi
2457 4303 2638 4359 nullus
2680 4300 2969 4372 praeberet,
3025 4311 3134 4351 non
3182 4291 3404 4350 bibebat
3453 4294 3716 4360 unquam.

2146 4399 2260 4454 Non
2292 4413 2418 4452 raro
2447 4394 2588 4450 binis
2619 4392 2853 4449 ternisve
2874 4388 3091 4454 diebus,
3129 4398 3538 4455 nonnumquam
3583 4380 3719 4435 lteb-

464 4488 553 4543 διὰ
567 4489 662 4544 δύο
699 4488 733 4559 ἢ
762 4487 931 4559 τριῶν
956 4489 1201 4559 ἡμερῶν,
1229 4488 1375 4551 τινὸς
1392 4490 1492 4543 οὐκ
1522 4489 1763 4557 ἐγεύετο·
1792 4488 1982 4559 ἐπειδῆ

2140 4488 2370 4545 demada
2399 4493 2511 4539 tota
2524 4482 2671 4538 omni
2698 4480 2823 4536 cibo
2848 4476 3156 4535 abstinebat
3188 4489 3457 4543 :cumque
3487 4470 3721 4527 Satanas

468 4583 705 4644 σατανᾶς
731 4574 858 4644 τοὺς
896 4580 1155 4643 πλείονας
1178 4580 1480 4651 ἐσκλήρννε
1529 4580 1627 4635 τοῦ
1663 4581 1863 4650 μηκέτι
1896 4597 2038 4652 παρ-

468 4671 615 4743 ἐχειν
636 4690 692 4727 τι
720 4672 892 4742 αὐτῷ,
927 4672 1088 4736 αὐτὸς
1122 4672 1180 4726 δέ
1210 4672 1308 4727 οὐκ
1353 4673 1497 4744 ᾔτει.
1546 4672 1643 4726 καὶ
1672 4672 1826 4726 οὐδὲν
1845 4670 2038 4740 exopi-

467 4764 606 4831 ζετο.
644 4764 907 4826 Πολλάκις
955 4765 1064 4835 γὰρ
1126 4764 1233 4817 ὑπὸ
1290 4766 1450 4835 δίψης
1502 4764 1785 4835 ἐφλέγετο,
1840 4764 2035 4832 καὶμὴ

469 4854 606 4924 ἔχων
645 4853 695 4908 τί
731 4852 1151 4923 εἰσπράξασηαι,
1207 4854 1477 4925 εὑρίσκων
1538 4854 1746 4922 πηλὸν,
1806 4854 2035 4907 6560m-

467 4962 559 5000 τον
616 4946 731 5012 ἐπὶ,
765 4945 864 5014 τῆς
921 4946 1195 5015 λεωφόρον
1242 4946 1318 5009 ὡς
1365 4946 1472 4999 ἀπὸ
1524 4946 1682 5001 ὑετοῦ
1756 4945 2039 5013 γεγονότα,

467 5039 666 5093 κλίνων
724 5038 785 5091 τὸ
832 5038 986 5105 γόνυ,
1034 5037 1273 5107 ἐνεφὺσα
1310 5038 1461 5109 αὐτῷ
1514 5038 1877 5109 σταυροειδῶς
1898 5039 2041 5109 τρὶς,

468 5135 563 5187 καὶ
604 5131 776 5194 οὕτως
802 5130 933 5186 αὐτὸ
958 5131 1165 5198 ἔπινεν,
1196 5130 1336 5185 ὥστε
1380 5129 1718 5201 Θεωροῦντας
1751 5131 1877 5193 τοὺς
1900 5148 2044 5201 παρ·-

565 5309 653 5373 Η)
686 5308 820 5361 Aliis
846 5308 1222 5377 paximatium,
1252 5307 1635 5376 pazamidium.
1659 5316 1711 5362 et
1742 5324 2039 5377 pamamas;

468 5384 537 5435 tte
587 5395 697 5448 quo
722 5377 941 5448 Suidas.
978 5377 1069 5430 liis
1092 5390 1282 5433 coctus
1325 5378 1499 5447 panis,
1526 5380 1617 5446 qui
1657 5380 1797 5446 apud
1834 5379 2037 5431 Roma-

472 5446 617 5512 nos,
651 5462 844 5517 nempe
917 5446 1268 5517 Byzantinos.
1310 5446 1370 5501 ut
1424 5449 1537 5501 vult
1567 5448 1784 5516 Lipsius
1839 5448 2039 5502 dicitur

468 5533 748 5587 pasamas.
794 5516 969 5570 Plura
1005 5518 1071 5570 de
1102 5517 1233 5587 hac,
1258 5532 1385 5572 voce
1412 5519 1683 5585 congessit
1714 5517 2034 5573 ltosweidus

474 5586 525 5641 in
558 5588 910 5644 Onomastico
944 5588 1009 5640 ad
1043 5587 1187 5641 Vitas
1221 5586 1461 5641 Patrum.
1497 5589 1733 5641 Ardttam
1785 5603 1913 5642 vero
1940 5587 2037 5641 ab-

473 5657 783 5711 stinentiam
855 5656 1027 5711 fuisse
1078 5658 1225 5711 illam
1277 5657 1537 5717 Androm.
1567 5658 1745 5712 medio
1766 5656 2034 5726 quotidie.

478 5743 582 5780 non
644 5726 787 5797 plus.
817 5729 1125 5797 paxamatio
1158 5727 1447 5793 vescentis.
1482 5727 1683 5798 patebit
1733 5743 1796 5782 es
1836 5728 2028 5781 ltulllni

2148 4579 2510 4651 pitlt‘imorllm
2545 4572 2764 4638 animis,
2818 4579 2878 4626 ut
2910 4585 2980 4626 ne
3017 4566 3149 4639 quid
3188 4573 3476 4636 erogat-ent
3497 4564 3572 4618 illi
3605 4578 3721 4618 ant-

2142 4675 2309 4745 plius.
2362 4666 2786 4725 obstinationem
2846 4663 3169 4723 induxisset,
3230 4673 3294 4713 ac
3348 4657 3463 4726 ipse
3500 4669 3717 4710 omnem

2143 4763 2360 4836 petendi
2417 4774 2605 4817 curam
2652 4756 2956 4825 abjiceret;
3009 4752 3142 4808 nihil
3178 4751 3478 4825 quidquam
3527 4747 3595 4803 ad
3623 4763 3720 4803 su-

2145 4854 2530 4911 stentationem
2564 4847 2884 4918 accipiebat.
2933 4845 3071 4901 Hinc
3094 4844 3393 4914 saepissime
3420 4839 3509 4895 siti
3550 4847 3721 4894 aestu-

2150 4963 2271 5010 atts.
2300 4953 2355 5000 et
2380 4944 2507 5014 qttid
2535 4940 2749 4997 consilii
2780 4946 2998 5008 caperet
3027 4937 3306 5007 ignorans,
3336 4942 3553 5003 reperto
3581 4930 3720 4985 [orte

2149 5038 2201 5091 in
2230 5038 2401 5108 platea
2431 5034 2543 5089 luto
2560 5046 2699 5102 aqua
2712 5030 2893 5102 pluvia
2930 5029 3179 5093 subacto,
3220 5026 3479 5081 curvabat
3508 5038 3717 5094 genua;

2150 5146 2214 5186 ac
2248 5124 2899 5197 ternumerucissignum
2957 5121 3211 5177 instando
3276 5119 3540 5184 formans,
3594 5117 3722 5171 inde

2150 5309 2242 5363 lib.
2277 5323 2357 5369 ttt.
2393 5320 2541 5359 nunt.
2574 5304 2663 5370 3i,
2701 5301 2789 5356 ttbi
2826 5300 3155 5370 singularem
3214 5298 3390 5355 Pioris
3438 5297 3715 5370 abstineri.

2147 5379 2276 5432 tiam
2313 5377 2615 5429 insinuans.
2684 5393 2702 5425 ε
2741 5369 2974 5425 Tantum
3031 5384 3222 5432 unum.
3256 5369 3718 5439 inqui_t,pasima-

2148 5450 2279 5501 tium
2311 5457 2365 5499 et
2396 5448 2637 5514 quinque
2666 5444 2834 5495 olivas
2862 5444 2913 5493 in
2948 5441 3072 5514 cibo
3108 5441 3431 5514 accipiebat,
3474 5458 3493 5485 ι
3532 5441 3719 5507 quoti-

2145 5519 2256 5579 die,
2289 5526 2345 5569 ut
2394 5509 2563 5569 t’eor.’
2595 5514 2693 5568 llic
2740 5522 2918 5565 autem
2947 5509 3140 5564 Noster
3181 5509 3407 5565 di‘tttidio
3433 5519 3718 5565 contentus

2144 5590 2261 5641 erat
2293 5603 2305 5639 :
2335 5586 2468 5645 into.
2536 5585 2612 5639 ttti
2669 5597 2792 5639 mox
2843 5582 3116 5645 subditur.
3152 5580 3376 5634 biduum
3412 5579 3718 5631 triduumve

2144 5654 2645 5780 ἱιιΙιεϋιΙυηιίιίιειιιι
2703 5652 2995 5718 aliquando
3043 5658 3213 5708 totam
3260 5652 3477 5719 jejunus
3520 5651 3723 5702 trand-

2178 5742 2207 5779 a
2241 5765 2252 5777 .

2178 5735 2252 5780 οι.
