4094 6156
495 318 597 382 687

1554 317 1978 380 NICEPIIORI
2019 319 2495 382 PRESBYTER!
2531 322 2639 381 ΟΡ.

3630 330 3732 394 688

490 427 830 490 οιιςηιιιίιιιις,
888 442 946 481 se
981 427 1263 496 purgabat.
1300 428 1633 497 Praeceptum
1690 446 1927 500 namque
1958 432 2059 485 viri
2098 433 2272 487 sancti
2320 448 2419 503 pro
2470 435 2584 503 lege
2636 434 2738 488 sibi
2831 432 3128 487 inviolabili
3204 436 3511 505 reputabat,
3540 440 3745 498 Scilicet.

493 529 543 573 ut
580 533 677 570 nec
706 520 797 586 qui
885 520 1001 587 ejus
1063 521 1271 573 vivendi
1346 522 1648 575 institutum
1678 561 1693 586 ,

490 608 880 667 manifestaret.

1764 532 2125 591 praeterquam
2196 524 2630 580 adolescentibus
2717 524 3019 589 nonnullis.
3108 528 3360 582 eumdem
3442 530 3748 585 amantibus

559 707 649 761 49.
685 706 907 761 lnvento
933 706 1146 762 tandem
1171 707 1292 763 loco
1310 718 1639 779 opportuno,
1657 710 2067 773 consederunt;

2235 705 2342 778 μθ⁹.
2378 706 2644 776 Εύρόντες
2675 706 2863 771 τόπον,
2893 704 3296 776 ὲκαθέσθησαν,
3332 708 3424 760 καὶ
3454 707 3748 780 διηγήσατο

490 799 765 867 cmpitque
829 798 1169 868 Epiphanius
1220 801 1285 855 de
1308 815 1542 855 occursu
1595 801 1885 866 damonis,
1909 803 1960 855 in
1985 803 2068 856 via

2172 801 2190 854 5
2225 800 2559 867 Ἐπιφάνιος,
2606 797 2755 860 ὅπως
2790 798 2942 869 αὐτῷ
2979 799 3316 870 συνήντησεν
3362 802 3421 853 ὲν
3462 802 3528 871 τῇ
3572 802 3676 871 όδῷ
3719 805 3749 856 ό

491 890 599 945 sibi
660 890 827 953 facto,
870 893 1234 946 narrationem
1282 894 1585 949 instituere.
1631 892 1955 954 Simul-abet.
1988 892 2071 947 in-

490 983 712 1054 quiens,
749 999 1031 1052 aspersum
1064 987 1265 1039 canitie
1312 1001 1519 1049 senem,
1569 985 1887 1056 prrel'erebat
1917 986 2073 1040 habi-

497 1086 610 1127 tum
645 1075 971 1129 mercatoris
1015 1076 1271 1145 Agareni,
1300 1076 1486 1131 oculos
1543 1078 1774 1132 habebat
1806 1087 1987 1131 torvos
2009 1091 2074 1132 ac

494 1166 723 1232 feroces,
776 1166 965 1234 quales
1022 1167 1135 1222 fere
1192 1168 1307 1239 (67)
1358 1181 1637 1223 taurorum
1698 1170 2069 1225 esse-solent:

494 1256 826 1311 induebatur
859 1257 1242 1313 vestimentum
1270 1259 1506 1327 nigrum,
1536 1267 1591 1312 et
1630 1259 1841 1314 calceos
1870 1274 2073 1328 purpu-

494 1346 569 1401 rei
630 1347 850 1402 coloris.
917 1345 964 1402 Is
1021 1350 1322 1404 ambulanti
1382 1350 1512 1403 mihi
1572 1351 1787 1405 obviam
1851 1351 2068 1406 lactus:

493 1438 682 1493 Nonne
738 1451 817 1503 tu,
887 1440 1081 1511 inquit,
1137 1441 1279 1497 ﬁlius
1319 1440 1570 1508 Joannis,
1615 1458 1776 1513 quem
1822 1444 2070 1500 homines

494 1533 649 1583 aiunt
682 1545 777 1600 pro
810 1532 979 1585 nihilo
1012 1532 1212 1587 habere
1238 1533 1546 1589 diabolum?
1580 1530 1920 1604 llypocritam
1952 1536 2070 1603 agis

492 1622 705 1675 ratione
760 1621 905 1677 mei:
938 1625 1152 1677 tendant
1178 1642 1276 1695 ego
1313 1624 1405 1679 tibi
1421 1636 1687 1687 casses.et
1726 1626 1847 1680 lacu
1875 1626 2070 1681 eﬂ'osso

493 1714 801 1783 illaqucabo
853 1724 927 1778 te,
991 1726 1248 1787 tuamque
1282 1718 1376 1771 tibi
1401 1720 1563 1773 ollam
1619 1720 1891 1783 condiam,
1924 1718 2071 1788 quod

495 1808 739 1863 consiliis
765 1809 901 1861 meis
926 1807 1216 1869 obnitaris.
1248 1808 1398 1864 Talia
1445 1810 1766 1866 blatterante
1795 1812 1937 1865 malo
1959 1812 2069 1866 da:-

499 1914 683 1965 tnone,
715 1911 764 1953 et
796 1902 969 1954 minas
995 1901 1335 1971 injuriasqtte
1383 1902 1681 1971 ingerente,
1714 1918 1849 1973 pene
1876 1906 2065 1959 exani-

494 2002 676 2048 matus
726 2008 883 2049 sum:
956 1994 1230 2050 admirans
1285 1994 1427 2049 unde
1481 1996 1530 2050 is
1577 1996 1707 2049 mihi
1745 1997 2066 2062 occurrerit,

2177 892 2443 956 Σατανᾶς,
2470 892 2545 953 ὡς
2573 891 2755 959 γέρων
2788 890 3219 963 πεπολιωμένος,
3250 895 3555 966 Ἀγαρηνοῦ
3580 899 3750 966 ἐμπό-

2177 1002 2273 1059 ρου
2325 984 2509 1056 σχῆμα
2551 985 2719 1055 ἔχων,
2744 985 2869 1049 τοὺς
2898 984 3207 1056 ὀφθαλμοὺς
3242 987 3583 1059 ἡγριωμένος
3612 991 3753 1045 κατά

2174 1083 2267 1135 τὴν
2324 1080 2420 1133 τοῦ
2457 1081 2578 1151 βοὸς
2610 1080 2722 1151 (67)
2772 1079 2964 1147 τύπον,
3015 1083 3487 1154 περιϐεϐλημένος
3538 1086 3753 1157 ίμάτιον

2178 1169 2369 1238 μέλαν,
2387 1171 2445 1221 ὲν
2475 1169 2819 1239 ὀστρακίνοις
2849 1170 3193 1241 ὑποδήμασιν
3224 1177 3287 1245 τῇ
3325 1180 3504 1245 χροιᾷ.
3530 1179 3751 1242 Μεταξῦ

2173 1257 2267 1311 οὖν
2294 1259 2405 1312 τῶν
2434 1257 2779 1312 διοδευόντων
2808 1262 3147 1330 συναντήσας
3178 1262 3282 1332 ἔφη
3318 1282 3440 1332 μοι·
3469 1267 3603 1337 Οὐχὶ
3632 1271 3698 1324 σὺ
3722 1274 3751 1325 ό

2174 1348 2288 1411 υίὸς
2330 1346 2607 1413 Ἰωάννου,
2644 1350 2771 1419 περὶ
2802 1346 2863 1403 οὗ
2898 1367 3064 1420 φασιν
3090 1354 3139 1405 οί
3173 1354 3473 1426 ἀνθρωπιι.
3501 1375 3751 1413 καταπε-

2175 1438 2479 1507 πατηκέναι
2497 1455 2580 1492 σοι
2605 1439 2695 1492 τὸν
2719 1439 2994 1509 διάὄολονς
3021 1442 3420 1515 ’Υποκριτικῶς
3447 1446 3591 1517 ἔχεις
3616 1452 3755 1521 πρός

2176 1548 2265 1601 με,
2302 1532 2412 1600 ἐγώ
2443 1548 2500 1584 σε
2534 1532 2715 1599 πλέξω
2736 1534 3174 1606 ἀμφίϐληστρον,
3202 1541 3295 1589 καὶ
3325 1538 3527 1591 λάκκον
3547 1540 3753 1612 ὀρύξας

2173 1624 2494 1693 συμποδίσω
2525 1641 2605 1689 σε,
2635 1625 2746 1692 ἐγώ
2783 1641 2864 1679 σοι
2897 1627 3119 1695 ἀρτύσω
3154 1629 3362 1699 κύθραν
3390 1630 3505 1701 (68)
3531 1671 3546 1697 ,
3597 1634 3755 1686 ἐναν-

2172 1718 2262 1770 τία
2294 1721 2418 1787 ἐμοὶ
2448 1716 2926 1791 διαπραττομένῳ.
2972 1720 3157 1774 Ταῦτα
3187 1722 3281 1775 τοῦ
3313 1723 3553 1796 πονηροῦ
3581 1725 3755 1796 φλυαι

2171 1803 2418 1873 ροῦντος,
2465 1806 2577 1874 ἐγὼ
2636 1808 2775 1878 πρὸς
2834 1809 2935 1871 τὰς
2979 1809 3145 1863 αὑτοῦ
3193 1811 3427 1875 ἀπειλὰς
3504 1816 3601 1869 καὶ
3653 1817 3757 1878 τὰς

2172 1894 2360 1967 ὓσρεις
2387 1896 2690 1970 ἐξιστάμην
2722 1915 2738 1930 ο
2774 1900 2941 1955 πόθεν
2982 1901 3089 1971 ἄρα
3134 1918 3226 1971 μοι
3270 1908 3623 1974 συνήντησεν,
3678 1909 3753 1977 μή

2172 2005 2304 2043 ποτε
2336 1990 2672 2060 συνάραντός
2716 2008 2821 2059 μου
2867 1992 3025 2060 λόγον
3063 1992 3185 2063 μετ’
3215 1995 3512 2061 αὐτοῦ,τίς
3559 1998 3616 2053 δὲ
3661 2006 3759 2051 καὶ

492 2101 730 2154 quocum
772 2086 906 2139 nihil
936 2101 1172 2156 unquam
1231 2087 1501 2142 sermonis
1553 2089 1791 2155 contuli;
1824 2098 1918 2142 aut
1944 2088 2068 2157 quis

2174 2078 2410 2149 ὑπάρχει
2439 2081 2540 2134 οὐκ
2577 2081 2900 2153 ἐπίσταμαι,
2929 2086 2956 2136 ό
2980 2083 3137 2148 δίκας
3165 2103 3255 2154 μοι
3287 2087 3754 2158 εἰσπραττόμενος

493 2177 584 2232 ille
644 2178 935 2233 intentator
974 2178 1106 2241 litis,
1162 2178 1249 2233 ille
1297 2178 1600 2245 terrificus,
1647 2179 1737 2234 ille
1792 2179 2069 2234 minitator

492 2268 677 2337 fuerit,
717 2287 839 2325 cum
878 2288 976 2325 nec
1012 2272 1235 2326 viderim
1266 2281 1415 2336 ante,
1458 2288 1557 2326 nec
1588 2272 1932 2341 cognoverim
1963 2288 2066 2326 un-

491 2377 681 2433 quam,
732 2365 893 2431 plane
959 2379 1045 2418 mc
1106 2366 1263 2432 fugit.
1293 2365 1468 2433 Atque
1512 2365 1605 2418 illa
1640 2365 1899 2433 cogitanti
1934 2366 2065 2419 mihi

488 2455 783 2528 animoque
803 2456 1080 2526 pendenti,
1113 2464 1320 2509 tremor
1340 2465 1396 2510 et
1438 2464 1808 2510 consternatio
1843 2456 2071 2511 incessit

490 2546 845 2602 intolerabilis
880 2565 892 2599 :
924 2547 1095 2603 donec
1123 2549 1231 2601 huc
1276 2548 1561 2610 accedens,
1615 2548 1829 2603 obviam
1862 2547 2068 2602 sancti-

493 2639 589 2693 tati
648 2650 752 2694 tute
800 2638 977 2693 lactus
1025 2656 1166 2702 sum,
1198 2651 1394 2694 cuncta
1448 2641 1602 2704 mihi,
1661 2650 1719 2694 ut
1748 2650 2067 2704 evenerunt,

493 2733 761 2787 narranti.
808 2728 946 2785 Tum
977 2746 1138 2786 orsus
1188 2731 1436 2787 Andreas
1477 2732 1828 2803 :Agarenus,
1872 2732 2067 2802 inquit,

489 2824 866 2887 dilectissime,
889 2838 1050 2893 quem
1075 2839 1367 2892 memoras,
1398 2834 1616 2881 centum
1673 2827 2068 2881 dwmoniorum

493 2916 709 2970 cohorti
770 2924 1000 2985 prmest;
1036 2916 1335 2971 industrius
1355 2916 1649 2972 admodum
1682 2932 1746 2971 ac
1780 2926 2066 2980 strenuus.

489 3017 551 3061 ut
583 3004 857 3068 homines,
895 3005 949 3059 in
976 3005 1151 3059 stadio
1182 3009 1385 3060 amoris
1415 3008 1508 3061 Dei
1567 3007 1820 3062 alacriter
1840 3020 2067 3076 progre—

487 3098 721 3162 dientes,
754 3106 1064 3166 expugnet;
1123 3112 1423 3166 eorumque
1469 3099 1682 3153 animas
1734 3098 1927 3152 leniter
1971 3097 2069 3152 de-

490 3189 801 3253 mulcendo,
860 3190 929 3244 ad
984 3205 1179 3261 pravas
1223 3192 1572 3261 cupiditates,
1622 3190 1688 3245 ad
1734 3190 2069 3246 titillationes

486 3283 691 3345 carnis,
738 3281 807 3335 ad
848 3281 1124 3336 lasciviam
1155 3282 1388 3351 denique
1420 3284 1674 3338 adducat.
1710 3282 2068 3353 Quapropter,

487 3379 564 3434 lili
591 3379 938 3443 charissime,
969 3385 1023 3433 te
1056 3380 1311 3443 obsecro,
1342 3395 1520 3436 rerum
1564 3390 1784 3434 tuarum
1840 3389 1899 3433 ut
1927 3388 2072 3434 sata-
2093 3409 2142 3474 ϐ

489 3487 609 3542 gas,
667 3485 1000 3542 operamque
1043 3471 1161 3535 des,
1186 3486 1255 3525 ne
1286 3478 1340 3525 te
1370 3472 1576 3527 lateant
1630 3469 2064 3526 machinationes

489 3565 716 3620 inimici.
778 3562 1223 3634 Circumspectus
1280 3566 1466 3634 itaque
1518 3574 1573 3620 et
1603 3564 1729 3636 vigil
1757 3573 1813 3619 et
1849 3563 2067 3619 sobrius

484 3666 605 3715 esto
635 3658 687 3711 in
742 3657 1018 3721 omnibus,
1044 3656 1305 3725 quoniam
1341 3656 1590 3719 tenellus,
1615 3664 1670 3710 et
1712 3654 2063 3718 delicatulus.

483 3759 538 3805 ct
572 3749 933 3805 suavissimus
965 3764 1027 3803 es
1051 3767 1065 3805 ι
1089 3748 1318 3818 ideoque
1346 3749 1530 3805 furore
1572 3751 1752 3818 agitur
1778 3749 2065 3804 adversum

485 3852 540 3897 te
596 3841 867 3911 superbus
925 3841 1121 3906 hostis,
1159 3842 1291 3910 quia
1335 3849 1389 3896 te
1454 3852 1723 3896 sacratum
1776 3840 1887 3895 Deo
1913 3840 2065 3896 dica-

485 3942 712 4004 tumque
744 3932 987 3997 voluisti,
1012 3932 1192 3985 oblata
1234 3932 1333 4003 ipsi
1370 3933 1760 4003 pretiosissima
1820 3931 2066 4001 corporis

483 4024 561 4078 tui
599 4023 913 4093 margarita.
948 4024 1162 4078 Invidet
1205 4040 1369 4094 porro
1423 4026 1563 4079 idem
1612 4026 1933 4081 maledictus
1965 4027 2063 4080 bo-

481 4115 584 4170 stis
616 4124 766 4169 tuum
806 4115 904 4169 tibi
935 4115 1236 4185 ingenium,
1289 4116 1786 4181 mansuetudinem,
1842 4118 2065 4187 sapien-

483 4208 617 4262 tiam
672 4210 957 4263 erroribus
1026 4223 1134 4263 non
1194 4218 1593 4278 aspersam,et
1620 4210 2058 4265 castimoniam:

2170 2170 2419 2239 ἐκφοϐῶν
2461 2189 2528 2243 με
2583 2174 2677 2227 καὶ
2728 2174 3142 2246 ἀπειλούμενος,
3189 2179 3219 2229 ό
3248 2178 3374 2246 ἐμοὶ
3412 2180 3757 2252 ἀγνώριστος

2171 2265 2266 2319 καὶ
2296 2264 2548 2331 ἀθέατος.
2581 2265 2768 2322 Ταῦτα
2799 2268 3243 2339 διαλογιζομένου
3267 2288 3371 2341 μου
3400 2273 3493 2325 καὶ
3513 2265 3758 2348 ineptu-

2175 2358 2364 2429 μένου,
2400 2358 2587 2425 κλόνος
2610 2376 2678 2427 με
2714 2376 2777 2413 πε
2787 2361 3025 2431 ριισχεν,
3058 2362 3155 2414 καὶ
3176 2364 3414 2434 τάραχος
3437 2365 3712 2437 ἀφόρητοι
3734 2382 3753 2400 ο

2172 2452 2267 2506 καὶ
2299 2450 2377 2518 ὡς
2426 2451 2614 2510 ινθάδε
2656 2455 3091 2525 περιερχόμενος
3148 2456 3460 2526 συνήντησα
3488 2458 3557 2528 τῇ
3587 2457 3759 2529 ἀγιω-

2171 2545 2330 2618 σύνῃ,
2364 2546 2426 2600 τὸ
2451 2548 2559 2602 πᾶν
2583 2564 2675 2616 μοι
2705 2545 3008 2619 ἀψευδῶςή
3044 2547 3111 2620 σὴ
3155 2551 3497 2623 μακαριότης
3542 2552 3759 2620 ἀπεγί-

2173 2655 2413 2709 μνωσεν.
2449 2640 2595 2711 Ἔφη
2627 2640 2764 2711 πρὸς
2794 2641 2957 2694 αὑτὸν
2985 2643 3015 2695 ό
3050 2642 3236 2706 ὀσιος
3270 2657 3287 2674 ⁸
3331 2643 3391 2695 '0
3443 2644 3754 2716 Ἀγαρηνὸς

2170 2729 2650 2799 ἑκείνος,φίλτατί
2682 2746 2794 2799 μοι,
2843 2729 3239 2801 ἑκατόνταρχος
3293 2732 3568 2803 δαιμόνων
3614 2752 3758 2806 χρη-

2174 2823 2416 2892 ματίζει,
2447 2822 2595 2875 εστιν
2627 2823 2685 2876 δὲ
2713 2823 2917 2892 δραξὴς
2958 2822 3096 2894 (69),
3127 2824 3209 2888 είς
3248 2826 3307 2877 τὸ
3336 2827 3597 2897 πολεμεῖν
3628 2830 3757 2893 τοὺς

2171 2913 2613 2985 ἀγωνιζομένους
2651 2916 2790 2985 πρὸς
2815 2915 2969 2981 Θεὸν,
2994 2917 3087 2969 καὶ
3106 2916 3269 2970 ὠθεῖν
3299 2919 3440 2988 πρὸς
3462 2921 3581 2972 ἀσεὶ
3597 2924 3759 2990 γείας

2171 3006 2272 3068 τὰς
2297 3004 2474 3074 ψυχὰς
2509 3005 2620 3059 τῶν
2643 3005 2968 3075 ἀνθρώπων,
2996 3005 3203 3074 θέλγων
3243 3009 3410 3073 αὑτὰς
3451 3016 3530 3075 εἰς
3562 3013 3760 3066 ἐπιθυ..

2174 3097 2305 3167 μίας
2354 3097 2588 3166 αίσχράς
2636 3097 2729 3150 καὶ
2774 3086 3210 3168 γαργαλισμούς.
3270 3099 3337 3152 Σὶ
3382 3097 3517 3167 οὖν,
3562 3087 3758 3157 τέκνον

2171 3189 2478 3261 ἀγαπητὸν,
2525 3191 2852 3262 παρακαλῶ,
2918 3192 3155 3263 πρόσεχε
3204 3194 3471 3261 σεαυτὸν,
3521 3196 3616 3251 καὶ
3678 3198 3758 3268 μὴ

2172 3284 2361 3352 ἀγνόει
2398 3282 2565 3338 αὑτοῦ
2598 3284 2668 3338 τὰ
2702 3286 3095 3356 μηχανήματα.
3130 3286 3274 3356 Ὅρα
3323 3288 3400 3350 δὲ,
3453 3289 3760 3361 ἐγρηγορό-

2173 3374 2296 3448 θητι
2321 3376 2419 3429 καὶ
2443 3376 2579 3445 νῆφε
2605 3377 2663 3429 ὲν
2692 3378 2885 3442 πᾶσιν,
2903 3377 3092 3449 ἐπειδὴ
3124 3377 3330 3442 ἀπαλὶς
3358 3378 3454 3432 δια)⁸
3484 3382 3759 3453 τρυφερ²ς

2172 3464 2245 3533 εῐ,
2278 3469 2377 3522 καί⁵
2401 3467 2522 3523 λίαν
2552 3468 2815 3538 ἡδύτατος
2850 3483 2862 3497 ·
2904 3468 2999 3523 καὶ
3035 3467 3227 3524 ῑνεκεν
3272 3470 3470 3525 τούτου
3506 3472 3758 3542 μέμηνεν

2175 3561 2314 3616 κατὰ
2349 3559 2446 3615 σοῦ
2478 3562 2507 3615 ό
2548 3559 2927 3633 ὑπερήφανος,
2966 3560 3086 3614 ἀνθ’
3134 3554 3214 3615 ὦν
3242 3561 3323 3631 τῷ
3363 3562 3486 3634 Θεῷ
3529 3565 3762 3618 σεαυτὸν

2172 3654 2469 3725 ἀνέθηκας,
2501 3654 2899 3726 προσαρμόσας
2942 3652 3110 3707 αὐτοῦ
3144 3655 3205 3707 τδ
3253 3655 3619 3725 μαργαρῶδες
3660 3657 3756 3709 τοῦ

2174 3744 2273 3800 σοῦ
2308 3746 2564 3815 σώματος
2597 3760 2615 3777 ο
2659 3747 2756 3798 καὶ
2807 3743 3086 3816 φθονήσας
3122 3761 3218 3798 σου
3251 3747 3351 3817 τὴν
3385 3748 3628 3812 σύνεσιν,
3656 3749 3758 3817 την

2171 3839 2479 3911 πραότητα,
2524 3839 2625 3909 τὴν
2665 3839 3063 3910 καθαρωτάτην
3110 3840 3328 3908 σοτίαν,
3367 3840 3465 3912 τὴν
3509 3841 3758 3909 ἁγνείαν,

2172 3933 2270 3988 καὶ
2299 3932 2615 4005 διαπρίεται
2644 3931 2904 4007 μεμηνὼς
2932 3933 3075 3986 κατά
3115 3931 3210 3987 σοῦ
3240 3936 3270 3990 ό
3307 3937 3643 4006 κατάρατος,
3685 3934 3758 3989 δι’

2168 4026 2230 4079 δν
2259 4025 2322 4091 ἐξ
2368 4024 2497 4094 ὅλης
2542 4024 2771 4095 καρδίας
2807 4040 2902 4078 σου
2939 4026 3161 4095 ἀγαπᾷς
3201 4026 3295 4082 τὸν
3339 4026 3473 4082 Θεὸν
3503 4028 3598 4081 καὶ
3629 4029 3758 4093 τοὺς

2172 4120 2387 4186 ἁγίους,
2410 4120 2537 4181 τοὺς
2565 4116 2635 4171 δι’
2663 4118 2830 4170 αὑτὸν
2854 4116 2917 4170 sb
2947 4110 3113 4186 .αῐμα
3137 4120 3453 4189 ικχιοντας,
3497 4118 3586 4174 διὰ
3606 4117 3759 4191 ζωὴν

2167 4210 2268 4280 τὴν
2298 4207 2519 4263 αίώνιον
2559 4208 2654 4261 καὶ
2684 4208 2785 4279 τὴν
2809 4208 3039 4279 ἀπειρόν
3068 4209 3470 4281 μακαριότητα.

482 4300 751 4371 furiisque
795 4300 1032 4371 agitatus
1072 4298 1128 4354 in
1195 4309 1344 4354 tuam
1408 4300 1679 4355 incumbit
1732 4300 2061 4369 perniciem,
2100 4307 2387 4371 propterea
2410 4298 2555 4369 quod
2581 4313 2647 4352 ex
2723 4307 2839 4355 toto
2864 4300 3028 4356 corde
3090 4289 3261 4357 Deum
3292 4302 3501 4374 diligis,
3524 4305 3756 4375 ejusque

481 4407 703 4451 sanctos
752 4396 1012 4461 honoras,
1047 4394 1141 4465 qui
1173 4393 1266 4450 Dei
1290 4403 1345 4448 et
1398 4394 1523 4449 vitae
1555 4402 1771 4449 aeternae
1834 4408 1898 4449 ac
1929 4394 2351 4450 interminabilis
2408 4392 2765 4450 beatitudinis
2830 4407 2997 4450 causa
3060 4397 3383 4465 sanguinein
3438 4411 3597 4453 suum
3624 4412 3755 4468 pro-

482 4484 760 4545 fuderunt.

558 4578 646 4636 50.
679 4579 837 4634 Disce
870 4580 1036 4650 igitur
1059 4595 1223 4649 quam
1255 4578 1543 4650 diligenter
1581 4578 1972 4652 perscrutanda
1995 4578 2066 4632 sit

482 4673 555 4738 ei,
598 4673 690 4741 qui
746 4673 800 4724 in
875 4672 1071 4725 timore
1107 4670 1200 4728 Dei
1248 4681 1303 4725 et
1333 4672 1561 4725 veritate
1604 4672 1869 4735 ambulat,
1903 4670 2069 4724 male-

2231 4579 2295 4628 ν’.
2330 4573 2475 4643 Ὅρα
2510 4569 2628 4633 πῶς
2661 4566 3013 4641 ἀκριϐολογεῐ
3046 4568 3147 4640 τὴν
3180 4568 3275 4622 τοῦ
3310 4569 3549 4642 πονηροῦ
3588 4574 3754 4626 κακὸο

2161 4686 2307 4723 νοιαν
2344 4665 2484 4737 μετὰ
2524 4662 2693 4731 φόϐου
2732 4657 2871 4714 Θεοῦ
2904 4660 3003 4714 καὶ
3035 4658 3298 4731 ἀληθείας
3338 4664 3744 4733 πορευόμενος-

482 4739 713 4817 volentia
743 4763 967 4833 pessimi
1024 4763 1312 4817 daemonis.
1367 4762 1566 4831 Subige
1592 4761 1816 4831 jcjuniis
1846 4774 2068 4829 corpus,

2172 4758 2432 4823 ύποπίαζέ
2459 4772 2555 4810 σου
2581 4755 2643 4808 τὸ
2675 4752 2837 4822 σῶμα
2865 4752 3137 4824 νηστείαις
3158 4792 3173 4817 ,
3202 4755 3297 4806 καὶ
3321 4755 3390 4807 τά
3416 4754 3517 4823 τῆς
3547 4757 3749 4825 σαρκὸς

480 4864 535 4910 et
576 4870 795 4912 carnem
850 4853 1219 4909 lascivientem
1247 4856 1408 4907 doma
1442 4871 1455 4907 ι
1490 4854 1652 4907 indue
1708 4852 2065 4907 humilitatem

479 4962 578 5017 pro
624 4949 987 5014 vestimento;
1056 4947 1283 5016 prolixis
1336 4945 1507 5016 gaude
1542 4945 1829 5015 precibus;
1870 4960 2065 5000 sensus

479 5042 731 5112 corporis
786 5054 979 5096 omnes
1008 5053 1174 5107 puros
1205 5048 1260 5105 et
1315 5038 1776 5093 incontaminatos
1802 5038 2019 5093 custodi
2046 5079 2057 5090 .

572 5197 663 5266 6'1)
696 5196 1031 5266 Ecgrapbum
1076 5206 1323 5251 nostrum
1382 5196 1636 5266 habebat,
1678 5193 1816 5266 κατὰ
1850 5192 1908 5245 τὸ
1968 5189 2063 5244 τοῦ

480 5268 600 5338 βοὸς
620 5264 805 5320 τόπον.
826 5264 996 5322 Notus
1027 5283 1093 5338 ex
1124 5269 1356 5329 Codino,
1391 5264 1559 5338 Locus
1601 5265 2066 5338 boris_ttuncupa-

481 5335 567 5393 ius
601 5339 689 5392 ubi
724 5340 914 5392 l'ornax
948 5337 1211 5392 :edilicata
1238 5335 2065 5405 eratcapacissima,[prazli-rens

484 5418 641 5479 caput
665 5410 844 5463 bovis.
884 5408 1004 5479 Sed,
1030 5409 1157 5476 quid
1189 5410 1291 5462 hoc
1318 5408 1385 5460 ad
1412 5403 1600 5459 oculos
1626 5403 1812 5479 ‘lErgo
1848 5403 2062 5479 prose.

485 5474 626 5544 πον,
697 5481 889 5549 scripsi
946 5474 1137 5543 τύπον,
1182 5487 1239 5531 ut
1290 5492 1485 5532 sensus
1549 5485 1661 5541 snt,
1720 5477 1786 5527 ad
1838 5474 2060 5527 modum

488 5553 664 5606 bows.

557 5621 669 5685 (68)
726 5619 824 5674 Ms.
890 5618 1060 5676 Vatie.
1130 5620 1303 5691 ἀρτιῶ
1356 5638 1369 5673 :
1424 5618 1559 5672 blaz.
1623 5614 1829 5685 ἀρτύω.
1866 5613 2060 5691 __Malui

481 5684 699 5762 ἀρτύσω
732 5692 806 5761 (id
828 5697 908 5744 est
937 5684 1211 5756 condiam,
1246 5692 1387 5745 unde
1409 5696 1461 5744 et
1487 5692 1706 5765 ἄρτυμα
1743 5684 2059 5765 condimen-

485 5758 619 5834 tum)
658 5776 714 5818 ut
742 5758 885 5819 cum
933 5765 1363 5833 praecedentibus
1404 5764 1782 5817 concordaret.
1838 5758 2061 5826 Κύθραν

2174 4850 2570 4922 σκιρτήματαο
2623 4845 2921 4919 περιδαλοῦ
2958 4845 3057 4918 τὴν
3112 4846 3619 4918 ταπεινοφροσύνην
3675 4849 3750 4910 ὡς

2176 4943 2418 5013 ἱμάτιον·
2452 4941 2511 4993 ιν
2548 4941 2671 5002 ταῐς
2701 4938 2892 5008 simul;
2924 4936 3223 5008 φαιδρύνου
3273 4937 3697 5009 εὐφραινόμενος
3732 4953 3747 4970 ο

2170 5036 2415 5104 φύλασσε
2448 5032 2628 5097 πάσας
2654 5026 2753 5093 τὰς
2781 5030 3066 5102 αἰσθήσεις
3094 5028 3189 5084 τοῦ
3238 5027 3491 5100 σώματός
3530 5047 3620 5084 σου
3654 5045 3747 5085 κα-

2173 5199 2350 5245 autem
2389 5204 2488 5259 pro
2523 5188 2728 5259 χύτραν
2756 5187 2919 5259 ollam
2967 5185 3220 5259 usurpari
3252 5184 3746 5259 hle,_manil‘estum

2168 5263 2259 5315 ﬁet
2317 5255 2406 5314 εί
2447 5255 2599 5312 num.
2632 5255 2714 5311 '5l
2749 5298 2764 5322 ,
2827 5258 2918 5311 ubi
2970 5255 3295 5326 diminutive
3335 5256 3537 5311 dicitur
3564 5255 3749 5326 κυθρί-

2166 5331 2296 5385 διον.
2333 5329 2427 5383 Est
2456 5344 2585 5397 ergo
2613 5328 2817 5383 locutio
2854 5325 3229 5398 proverbialis,
3258 5331 3513 5398 quaquis
3551 5325 3747 5381 diceret

2168 5402 2327 5470 o/fam
2372 5401 2465 5454 tibi
2512 5394 2736 5465 inferam
2766 5440 2778 5461 ,
2813 5394 2895 5450 vel
2947 5394 3077 5470 quid
3128 5394 3326 5470 simile,
3360 5394 3524 5452 idest
3577 5412 3747 5465 ρωποι

2168 5466 2295 5524 nit/ti
2330 5473 2619 5531 dabis,vel,
2652 5471 2930 5537 rependant
2974 5466 3069 5519 tibi
3096 5467 3278 5519 vicem.

2240 5544 2352 5613 (69)
2417 5539 2650 5609 Δραξὴς,
2710 5533 2837 5591 nutu
2888 5537 3164 5613 δραστῂί,
3192 5537 3329 5591 idem
3359 5551 3563 5613 sonans
3602 5533 3741 5613 quod

2166 5606 2431 5685 δραστὴρ,
2462 5606 2735 5685 strenuus,
2767 5609 3037 5685 expeditus
3061 5608 3086 5658 .7
3121 5606 3197 5661 lta
3222 5621 3352 5664 sane
3381 5612 3607 5663 videtur.
3642 5606 3742 5660 bis.

2170 5677 2306 5740 biaz.
2341 5677 2467 5755 lesit
2488 5682 2677 5750 ταχὺς,
2705 5680 2859 5735 celer.
2898 5677 3082 5732 Recte.
