4092 6154
409 222 519 286 689

1580 226 1756 287 ῊΤᾹ
1794 228 1857 289 S.
1903 226 2233 289 ANDREJE
2277 229 2475 291 SALI.

3558 225 3672 293 690

408 335 583 403 Bapac
609 333 702 388 xui
730 334 1051 404 ἀρυπώτους
1077 352 1088 365 °
1120 336 1378 405 ἐπιθυμεῖ
1398 337 1504 408 γάρ
1551 340 1580 393 ὁ
1629 341 1985 411 παμπόνηρος

2109 342 2140 395 d
2200 344 2343 396 enim
2376 341 2779 399 studiosissime
2840 342 2951 413 agit
3013 341 3269 397 inimicus
3318 339 3675 397 sceleratissi-

410 425 638 496 μολῦναι
670 430 769 495 τὴν
806 431 1038 500 καρδίαν
1067 448 1182 495 σου,
1229 433 1322 485 καὶ
1378 432 1564 485 δοῦλον
1591 436 1694 501 τῆς
1731 435 1987 504 ἀκαυαρ-

412 518 537 583 σίας
590 522 1035 590 ἀπεργάσασθαι,
1090 526 1155 592 τῇ
1212 524 1417 596 φοϐερᾷ
1452 524 1642 597 γεέννῃ
1673 526 1767 579 τοῦ
1814 531 1985 596 πυρὸς

408 613 771 669 καταδικάσαι
805 614 1074 670 σικύδιον.
1142 616 1311 685 Ὀγὰρ
1348 618 1519 671 ποιῶν
1551 618 1649 688 τὴν
1688 618 1985 687 ἁμαρτίαν,

408 700 596 766 δοῦλός
641 706 757 759 ἐστι
790 706 883 771 τῆς
918 708 1192 778 ἁμαρτίας
1212 725 1225 738 ·
1247 710 1513 781 ἑκατέρας
1531 710 1587 764 δὲ
1606 711 1700 779 τῆς
1727 706 1988 781 ἐργασίας

409 793 506 847 δύο
536 797 673 850 είσὶν
707 800 755 851 οἱ
791 797 1133 870 ἐξάρχοντες,
1173 803 1270 872 τῆς
1302 801 1404 871 μὲν
1436 802 1784 872 δικαιοσύνης
1815 804 1843 853 ὁ
1878 803 1991 854 K0-

414 904 554 956 ρός,
589 888 684 956 τῆς
725 888 780 941 δὲ
831 892 1108 960 ἁμαρτίας
1153 892 1180 943 0
1228 890 1491 954 διάϐολος.
1548 892 1617 943 Σὺ
1658 890 1770 955 οὖν,
1802 890 1989 944 τέκνον

413 978 693 1048 φίλτατον,
729 978 823 1035 τοῦ
866 983 1072 1054 Κυρίου
1113 982 1287 1053 Ἰησοῦ
1322 982 1488 1054 μενοῦ
1515 982 1615 1052 τῆς
1644 980 1991 1051 δικαιοσύνης

415 1070 720 1140 προσφιλὴς
754 1072 1017 1142 ιργάτης,
1046 1074 1140 1128 καὶ
1162 1073 1389 1142 φυλάξει
1418 1089 1478 1127 σε
1518 1073 1740 1145 Κύριος,
1774 1073 1868 1127 καὶ
1897 1089 1994 1143 τη-

415 1163 571 1232 ρήσει
607 1178 665 1215 σε
700 1164 728 1216 0
767 1163 1166 1232 ἰ’ψιστος,καὶ
1194 1166 1226 1236 η
1264 1165 1484 1237 βοήθεια
1514 1162 1679 1218 αὑτοῦ
1713 1163 1862 1216 ἔσται
1893 1162 1992 1216 κύ⁴

412 1253 529 1323 κλῳ
557 1271 675 1319 σου,
711 1254 807 1307 καὶ
862 1258 975 1317 τοῖς
1027 1256 1280 1324 ἀγγέλοις
1332 1256 1500 1311 αὐτοῦ
1541 1256 1837 1309 ἐντελεῖται
1864 1254 1996 1325 περὶ

415 1347 532 1409 σοῦ,
569 1346 664 1400 τοῦ
697 1346 1024 1415 διαφυλάξαι
1079 1364 1139 1401 σε
1191 1349 1248 1401 ἰν
1292 1348 1439 1420 πάσῃ
1486 1347 1588 1418 ὁδῷ
1640 1363 1755 1401 σου.
1791 1345 1995 1416 Θάρσει

410 1438 507 1492 οὖν
561 1441 653 1494 καὶ
695 1439 771 1510 μὴ
817 1437 1007 1509 φοϐοῦ,
1064 1439 1200 1509 μηδὲ
1250 1439 1498 1493 δειλιάτω
1552 1456 1647 1492 σου
1700 1440 1734 1509 ἠ
1772 1439 1993 1509 καρδία,

422 1531 586 1583 αὐτὸν
615 1530 1067 1601 ἐπικαλούμενος.
1102 1529 1294 1584 Ταῦτα
1333 1531 1547 1584 ἀκούων
1590 1531 1619 1583 0
1649 1530 1844 1599 σεμνὸς
1873 1545 1971 1584 νεα

420 1622 559 1688 νίας,
585 1622 659 1686 ὡς
691 1620 1072 1694 μαργαρώδεις
1106 1621 1344 1691 ὄμϐρους
1374 1623 1438 1675 ἐκ
1464 1623 1572 1678 τῶν
1600 1620 1867 1691 ὀμμάτων
1896 1620 1996 1673 αύ-

413 1714 511 1769 τοῦ
563 1714 772 1785 δάκρυσι
819 1713 1105 1778 ἑστάλαξε,
1156 1712 1373 1783 βρέχων
1432 1714 1531 1785 τὴν
1585 1713 1775 1783 τιμίαν
1828 1711 1996 1767 αὐτοῦ

2095 450 2238 496 mus,
2291 445 2350 489 ut
2400 437 2581 491 anima
2619 446 2707 490 tua
2739 434 2879 491 finde
2904 445 3285 506 conspurcata,
3326 436 3673 490 incontinen-

2096 525 2184 579 tiae
2241 537 2465 594 peccato
2523 528 2824 597 subjectum
2894 537 2945 583 te
2998 528 3051 582 in
3101 529 3363 583 terribilis
3418 529 3677 597 gehenna:

2095 616 2274 686 ignem
2307 622 2637 688 quantocius
2679 621 3000 691 praecipitet.
3032 622 3135 689 Qui
3201 622 3344 676 enim
3390 630 3672 689 peccatum

2094 713 2425 778 committit,
2466 728 2659 770 servus
2704 724 2787 768 est
2826 716 3029 783 peccati
3064 732 3077 768 :
3113 723 3167 767 et
3216 713 3674 783 quemadmodum

2095 801 2207 859 duo
2268 814 2395 860 sunt
2426 821 2657 876 operum
2690 822 2909 875 genera,
2964 807 3042 861 sic
3088 816 3137 859 et
3170 805 3275 860 duo
3301 820 3492 861 eorum
3522 805 3682 873 prin-

2096 896 2269 968 cipia;
2323 896 2555 966 justitia:
2599 898 2842 968 quidem,
2893 913 3182 969 supremus
3246 898 3367 952 coeli
3414 906 3678 966 terraeque

2095 989 2403 1057 Dominus;
2447 988 2754 1060 iniquitatis
2816 1005 2967 1054 vero,
3000 989 3273 1045 diabolus.
3322 987 3402 1043 Tu
3463 987 3673 1059 itaque,

2098 1077 2173 1133 fili
2227 1077 2323 1144 mi,
2356 1076 2442 1133 fac
2500 1079 2786 1147 injustitia
2825 1079 3031 1137 Christi
3073 1079 3290 1135 Domini
3343 1079 3599 1134 ardenter
3624 1088 3679 1134 et

2096 1170 2339 1226 studiose
2397 1181 2451 1226 te
2526 1184 2827 1236 exerceas;
2882 1181 2935 1227 ct
3004 1180 3248 1241 proteget
3326 1179 3380 1224 te
3434 1170 3675 1225 vicissim

2100 1261 2383 1330 Dominus,
2416 1271 2471 1317 et
2524 1265 2871 1320 conservabit
2897 1263 3257 1331 Altissimus;
3313 1260 3678 1318 circumdabit

2097 1364 2150 1412 te
2179 1356 2383 1411 auxilio
2436 1372 2559 1423 suo,
2594 1368 2649 1413 et
2683 1357 2957 1413 mandabit
3017 1356 3225 1427 angelis
3274 1356 3391 1410 suis
3417 1354 3483 1409 de
3513 1362 3585 1419 te,
3617 1363 3679 1407 ut

2097 1449 2413 1503 custodiant
2463 1460 2514 1505 te
2566 1450 2620 1505 in
2672 1449 2929 1505 omnibus
2975 1449 3080 1505 viis
3140 1449 3270 1503 tuis.
3311 1445 3483 1502 Macte
3514 1446 3678 1515 igitur

2098 1540 2299 1595 virtute
2353 1551 2494 1606 esto,
2521 1541 2685 1597 timor
2729 1540 2909 1597 omnis
2952 1556 2983 1596 a
3013 1540 3177 1595 corde
3221 1539 3451 1602 exsulet,
3490 1551 3552 1591 ac
3590 1538 3674 1590 iu-

2098 1647 2232 1688 voca
2259 1633 2569 1690 Dominum.
2595 1634 2787 1692 lsthaec
2806 1634 3036 1689 Andrerc
3074 1632 3279 1686 monita
3304 1646 3428 1685 cum
3456 1629 3675 1696 excipe-

2098 1734 2183 1782 ret
2227 1728 2453 1783 auribus
2505 1728 2733 1784 illustris
2763 1728 3098 1790 adolescens,
3146 1725 3458 1796 profluxere
3501 1722 3679 1776 oculis

412 1806 534 1875 δψιν
564 1824 579 1838 ·
610 1808 871 1872 ἔκστασις
906 1809 1013 1878 γὰρ
1055 1809 1331 1879 περιεῖχεν
1376 1806 1566 1871 αὐτὸν,
1606 1807 1995 1878 ἑνωτιζόμενον

2104 1819 2301 1877 uberes
2333 1820 2697 1891 lacrymarum
2763 1819 2967 1875 imbres
3001 1818 3266 1873 unionum
3304 1817 3476 1872 instar
3511 1829 3675 1867 vene-

417 1901 481 1954 τδ
501 1900 883 1972 λαμπρότατον
913 1901 1088 1955 ὲκείνο
1130 1898 1456 1971 διάγγελμα,
1484 1901 1575 1953 καὶ
1603 1898 1701 1971 τὴν
1733 1898 1994 1971 μελίῤῥυ-

2101 1912 2325 1967 randam
2360 1912 2479 1982 ejus
2528 1911 2719 1967 faciem
2769 1913 3062 1984 irrigantes
3096 1907 3468 1978 ;corriplehat
3519 1919 3677 1959 nam.

410 2010 507 2047 τον
533 1992 889 2049 διδασκαλίαν
913 1994 1004 2045 καὶ
1034 1993 1391 2064 θεοπάροχον.
1438 1991 1625 2046 Πάντα
1649 1993 1703 2046 δὲ
1734 1994 1835 2047 ὅσα
1864 1992 1990 2048 ὲλάο

2101 2017 2207 2073 que
2266 2003 2440 2073 ipsum
2496 2004 2751 2068 exstasis,
2806 2002 3166 2074 excipientem
3211 2001 3396 2055 animo
3428 1998 3679 2067 pulcher-

365 2072 379 2086 ’
412 2087 577 2156 λησεν
611 2086 764 2157 αὐτῷ
819 2090 849 2140 0
899 2087 1146 2149 Δίκαιος,
1192 2086 1329 2155 πρὸς
1363 2085 1422 2139 τὸ
1455 2081 1547 2147 οῦς
1575 2085 1898 2155 ψιθυρίζων,
1931 2090 1991 2139 ιν

2101 2072 2295 2150 ιίηιιιηι
2318 2094 2464 2149 illam
2495 2095 2724 2150 Andreae
2749 2072 3213 2157 adhortationem,
3238 2090 3678 2159 suavissimaquc

412 2178 719 2250 ἀποκρύφῳ
763 2180 914 2250 τύπῳ
968 2177 1352 2248 καθεζόμενος,
1398 2177 1718 2248 λελάληκεν.
1758 2178 1848 2242 Ὦς
1894 2176 1990 2233 οῦν

2101 2196 2151 2240 et
2183 2186 2250 2241 ad
2280 2186 2445 2241 Deum
2479 2186 2732 2243 ducentia
2759 2187 3108 2244 documenta.
3163 2187 3511 2254 Quaecunque
3548 2195 3680 2236 vero

411 2274 482 2325 τὰ
543 2273 737 2327 δέοντα
792 2272 1105 2343 ὡμίλησαν.
1163 2272 1543 2342 ἀσπασάμενοι
1605 2270 1871 2343 ἀλλήλους
1925 2271 1985 2324 ὲν

414 2365 558 2437 ιγίῳ
616 2364 910 2437 φιλήματι,
954 2366 1317 2437 ἀνεχώρησαν
1348 2382 1360 2395 ο
1402 2367 1495 2419 καὶ
1542 2367 1571 2420 0
1614 2366 1714 2435 μὲν
1763 2366 1987 2429 Δίκαιος

416 2460 497 2520 είς
522 2457 584 2510 τὸ
620 2458 912 2528 ἐμπαίζειν
942 2457 1034 2509 τὸν
1074 2457 1281 2526 κόσμον
1325 2457 1417 2509 τδν
1461 2458 1694 2525 μάταιον
1751 2457 1846 2511 καὶ
1892 2456 1989 2511 τδν

413 2548 661 2603 διάδολον
704 2547 876 2619 ᾤχετο
911 2566 920 2577 ’
960 2550 986 2601 0
1015 2547 1072 2601 δι
1110 2547 1429 2618 Ἐπιφάνιος
1479 2552 1560 2615 είς
1595 2551 1688 2604 τδν
1716 2545 1865 2603 εἶκον
1887 2549 1991 2603 αὖ·

412 2640 510 2695 τοῦ
537 2642 709 2699 ἀπίει.

414 2727 561 2797 dem,
614 2733 681 2787 ad
725 2732 1059 2792 illudendum
1116 2750 1268 2793 more
1317 2751 1418 2792 suo
1490 2733 1780 2788 unitatem
1838 2731 2029 2788 tnuudi
2090 2732 2511 2803 diabolumquc;

486 2917 589 2973 να’.
614 2916 888 2987 Βούλομαι
909 2917 1205 2991 τοιγαροῦν
1225 2919 1319 2973 καὶ
1342 2918 1531 2989 ἕτερον
1559 2919 1819 2989 μέγιστον
1841 2935 1896 2972 τε
1907 2920 2002 2991 ρά-

2093 2279 2334 2334 Sanctus
2396 2292 2524 2333 cum
2585 2279 2929 2334 adolescente
2976 2279 3193 2333 locutus
3246 2283 3352 2341 est,
3386 2275 3440 2327 in
3488 2272 3610 2326 loco
3647 2284 3680 2323 α

2094 2371 2268 2427 turbis
2352 2378 2564 2424 remoto
2638 2370 2898 2425 assidenti
2987 2368 3133 2433 sibi,
3187 2362 3585 2421 insusurrando
3623 2360 3679 2415 in

2093 2475 2279 2514 aurem
2324 2460 2539 2517 locutus
2604 2472 2707 2517 est.
2751 2460 2853 2518 Ubi
2917 2469 3124 2527 autum,
3178 2470 3359 2527 quae
3419 2469 3478 2509 re
3498 2458 3678 2516 erant.

2094 2552 2480 2619 contulissent,
2532 2554 2833 2609 salutantes
2899 2553 3040 2608 inter
3097 2567 3157 2607 se
3202 2551 3256 2605 in
3313 2547 3503 2604 osculo
3553 2560 3680 2598 san-

2095 2650 2208 2707 εισι,
2271 2660 2329 2698 se
2374 2645 2604 2715 quisque
2659 2644 2768 2699 alio
2831 2650 3155 2714 receperunt
3207 2660 3220 2696 :
3267 2640 3513 2695 Andreas
3556 2633 3678 2704 qui-

2604 2733 2942 2808 Epiphauius
3034 2749 3165 2791 vero
3201 2773 3217 2798 ,
3330 2732 3382 2787 in
3453 2730 3679 2785 domum

2172 2914 2262 2970 51.
2288 2913 2393 2970 Sed
2417 2922 2471 2970 et
2499 2914 2644 2971 aliud
2672 2902 3020 2985 Summopere
3077 2913 3459 2970 admirandum
3493 2917 3681 2986 prodi-

417 3021 565 3059 στιον
595 3009 663 3077 τῇ
702 3006 946 3079 ὑμετέρᾳ
978 3008 1170 3077 ἀγάπῃ
1201 3007 1589 3077 διηγήσασθαι,
1626 3008 1763 3077 ὅπερ
1798 3010 1878 3073 εἷς
1911 3008 1995 3060 τὸν

2101 3005 2243 3075 gium
2292 3006 2462 3061 libido
2490 3016 2573 3062 est
2607 3022 2866 3062 enarrare
2887 3007 3065 3069 vobis.
3095 3006 3294 3064 fratres
3330 3008 3638 3063 charissimi
3664 3051 3678 3073 ,

415 3096 640 3167 θεοφιλῆ
663 3098 980 3168 Ἐπιφάνιον
1000 3098 1192 3167 γέγονε
1211 3114 1223 3128 ’
1252 3099 1656 3169 μαρτυροῦντος
1678 3100 1772 3153 τοῦ
1801 3100 1995 3165 Κυρίου

2101 3100 2154 3153 ίιι
2208 3097 2513 3169 Epiphanio
2564 3109 2778 3165 nosuo,
2832 3099 3040 3154 ardenti
3070 3101 3237 3156 Deum
3283 3114 3468 3156 an.ore
3490 3118 3681 3170 prose-

417 3191 577 3262 ἡμῶν
614 3191 794 3263 Ἰησοῦ
824 3193 1063 3264 Χριστοῦ
1118 3192 1179 3247 τὸ
1215 3193 1348 3266 παρ’
1384 3195 1550 3248 αὐτοῦ
1601 3192 1997 3264 εὐεργετούμε-

419 3300 533 3346 νον,
580 3283 675 3336 καὶ
712 3287 791 3347 είς
839 3282 1153 3354 τιύμφανες
1200 3286 1550 3358 παραστῆσαι
1600 3286 1667 3340 τὰ
1711 3288 1791 3352 είς
1835 3285 1998 3339 αὑτὸν

420 3375 757 3447 πραχθέντα.
812 3369 984 3441 Οὗτος
1036 3378 1218 3433 τοίνυν
1265 3380 1293 3431 0
1334 3379 1589 3450 θεοφιλὴς
1648 3377 1999 3451 νεανίας[ἑν

421 3470 720 3542 ἔγκρατείᾳ
746 3471 839 3523 καὶ
870 3473 1150 3542 προσευχῆ
1174 3472 1407 3527 διανύων
1424 3472 1516 3525 τὸν
1545 3473 1660 3543 βίον
1679 3471 1845 3526 αὐτοῦ
1859 3471 1997 3544 (10)]

417 3561 559 3630 εχων
594 3562 731 3631 πρὸς
764 3557 892 3633 ἦθος
938 3562 1037 3634 τὴν
1074 3564 1300 3636 πρώτην
1357 3563 1629 3634 ἑϐδομάδα.
1685 3564 1786 3634 τῆς
1835 3564 1999 3632 ἁγίας

420 3653 878 3724 Τεσσαρακοστῆς
923 3655 1112 3719 ἀσιτος
1161 3656 1253 3709 καὶ
1298 3654 1501 3718 ἄποτος
1541 3656 1815 3727 διαμένειν
1844 3695 1860 3720 ,
1906 3654 2000 3708 καὶ

422 3746 565 3813 μετα
598 3744 774 3799 ταῦτα
803 3744 1243 3814 μεταλαμϐάνων
1275 3747 1383 3800 τῶν
1407 3748 1698 3817 ἀχράντων
1729 3745 1826 3800 τοῦ
1862 3746 2000 3817 Χρι·

424 3834 552 3888 στοῦ
594 3836 935 3906 μυστηρίων,
976 3838 1070 3890 καὶ
1118 3833 1217 3889 εἶθ’
1248 3836 1419 3901 οὕτως
1454 3837 1618 3909 ἄρτου
1665 3838 1760 3891 καὶ
1809 3837 2000 3898 ὕδατος

419 3926 514 3980 καί
546 3943 707 3980 τινων
750 3927 993 3997 ὀσπρίων
1021 3927 1122 3998 τὴν
1150 3928 1455 3999 ἀνάκτησιν
1483 3931 1720 3982 ἐποιεῖτο
1764 3925 1860 3982 τοῦ
1895 3926 2000 3982 utb-

429 4034 620 4085 ματος.
664 4018 753 4073 Ἐν
792 4020 894 4090 μιᾷ
922 4021 1105 4074 τοίνυν
1128 4021 1556 4092 Τεσσαρακοστῇ
1582 4019 1722 4089 μετὰ
1746 4031 1999 4090 νηστείας

420 4111 839 4173 ἐπιτελέσαντος
870 4111 969 4183 τὴν
994 4114 1406 4186 προρρηϐεῖσαν
1440 4113 1735 4184 ἑϐδομάδα,
1767 4114 1873 4183 πρὸ
1904 4112 2001 4169 τοῦ

419 4203 627 4273 φθάσαι
650 4202 749 4275 τὴν
769 4204 919 4276 ὥραν
941 4206 1041 4277 τῆς
1068 4206 1435 4277 λειτουργίας,
1450 4205 1600 4260 ἔνδον
1624 4204 1720 4260 τοῦ
1744 4205 2000 4269 κοιτῶνος

419 4295 611 4359 αὑτοῦ,
663 4296 827 4361 αὐτὸς
861 4298 1068 4360 ἐκεῖνος
1108 4297 1312 4370 ἔψηχεν
1332 4295 1559 4369 ὀσπρίον
1611 4297 1672 4350 τὸ
1705 4296 2003 4367 λεγόμενον

432 4387 860 4459 ὀροφάσουλον,
913 4387 988 4459 μὴ
1028 4389 1135 4443 ἰῶν
1171 4405 1295 4443 τινα
1325 4390 1507 4442 ἐκεῖσε
1556 4386 1767 4460 θέρμης
1814 4387 1998 4459 χάριν,

419 4482 511 4536 διὰ
552 4482 653 4550 τὴν
698 4481 862 4550 ψύξιν
892 4481 989 4552 τὴν
1034 4483 1155 4535 τότε
1190 4481 1565 4553 ὑπάρχουσαν,
1598 4481 1880 4535 είσελοεῖν.
1937 4480 1995 4536 Ὀ

420 4572 479 4626 δὲ
521 4571 890 4643 καθεζόμενος
915 4572 1015 4654 τοῆς
1053 4572 1265 4645 θέρμης
1295 4573 1635 4645 ἐπηρείδετο,
1661 4571 1818 4627 τοῦτο
1848 4572 1997 4643 ὲψῶν

423 4669 481 4720 ὲν
516 4666 702 4738 μικρῷ
735 4665 995 4738 κυθριδίῳ
1020 4682 1033 4697 ·
1078 4667 1175 4721 καὶ
1207 4667 1272 4757 δῇ
1322 4667 1415 4721 τοῦ
1456 4666 1617 4733 ξύλου
1660 4667 1997 4738 κρούσαντος

424 4760 518 4814 hri.
541 4759 642 4829 τὴν
670 4758 985 4831 προσευχὴν
1010 4757 1108 4829 τῆς
1164 4760 1415 4829 ὲννάτης,
1450 4759 1693 4825 ἀναστάς
1727 4759 1998 4830 ἐπορεύθη

423 4855 505 4917 είς
526 4853 624 4923 τὴν
654 4852 974 4923 ἐκκλησίαν,
1019 4852 1097 4923 μὴ
1147 4851 1529 4922 ἐντειλάμενός
1572 4869 1679 4906 τινι
1731 4852 1862 4923 περὶ
1903 4852 2002 4923 τῆς

423 4946 747 5015 ιπιμελείας
776 4948 872 5000 τοῦ
902 4946 1208 5017 ἑψήματος.
1258 4945 1343 5009 Ὠς
1384 4940 1479 4999 οὖν
1528 4947 1586 4999 ἐν
1630 4947 1700 5017 τῇ
1737 4944 2004 5025 ἔκκλτῃίᾳ

426 5042 695 5110 εἱστήκει,
736 5042 765 5093 0
793 5040 1028 5095 πάντοτε
1087 5038 1365 5109 λογισμοῖς
1417 5037 1699 5108 ἀθεμίτοις
1744 5036 2005 5107 πολεμῶν

427 5129 524 5184 τίον
552 5128 679 5183 νοῦν
726 5127 837 5183 τῶν
887 5128 1192 5200 ἀνθρώπων
1239 5129 1268 5184 0
1321 5127 1730 5198 lmxa1dpa10;
1766 5126 2001 5195 δαίμων,

428 5223 701 5293 ιςέσκηψε
721 5222 797 5293 τῷ
829 5223 934 5293 νέῳ
980 5223 1265 5292 λογισμοῖς
1319 5220 1686 5284 ἀποστασίας,
1727 5220 2003 5290 προφάσει

426 5320 527 5385 τῆς
548 5314 643 5369 τοῦ
675 5316 951 5386 ἑψήματος
977 5314 1318 5384 ἐπιμελείας,
1350 5312 1444 5365 τοῦ
1468 5312 1668 5378 ἐξῶσαι
1700 5312 1862 5365 αὑτὸν
1895 5312 2004 5365 ἀπὸ

426 5408 525 5477 τῆς
571 5408 865 5481 ικκλησίας
913 5409 1021 5477 πρὸ
1068 5407 1169 5478 τῆς
1212 5406 1532 5470 ἀπολύσεως
1576 5423 1589 5438 ·
1650 5404 1881 5476 ἄρχεται
1940 5402 1998 5457 δὲ

428 5501 728 5574 ὑποφέρειν
774 5500 916 5555 κατὰ
950 5501 1193 5556 διάνοιαν
1228 5499 1357 5555 τάδε
1385 5517 1398 5532 ·
1440 5499 1573 5553 ’1δοῦ
1611 5498 1680 5553 δι’
1726 5497 1857 5568 ὅλης
1902 5495 2002 5567 τῆς

2097 3200 2322 3260 quente,
2352 3199 2618 3260 patratum
2652 3231 2667 3255 ,
2701 3191 3039 3261 approbante
3075 3190 3303 3246 Domino
3333 3202 3521 3247 nostro
3549 3190 3681 3248 Jesu

2101 3279 2325 3336 Christo
2365 3282 2626 3352 praclara
2680 3282 2854 3353 ipsius
2877 3297 3064 3353 opera,
3112 3298 3285 3354 eaque
3335 3285 3603 3349 publicam
3628 3284 3681 3337 in

2100 3371 2276 3429 lucem
2306 3374 2662 3444 producente.
2694 3374 2908 3430 Charus
2941 3375 3124 3446 itaque
3178 3376 3287 3431 Deo
3322 3374 3680 3445 Epiphanius,

2100 3480 2163 3521 ex
2215 3464 2551 3535 beneplacito
2596 3467 2743 3521 illius
2800 3477 3109 3537 temperans
3143 3476 3298 3531 erat,
3338 3467 3684 3538 habebatque

2103 3557 2157 3612 in
2173 3572 2323 3613 more
2340 3560 2581 3628 positum
2603 3559 2886 3615 traducere
2903 3560 3135 3629 primam
3161 3569 3360 3615 sanctae
3374 3558 3685 3630 Quadi-age-

2101 3649 2253 3704 sima:
2269 3648 2685 3715 hebdomadam,
2701 3649 2805 3705 cibi
2823 3658 3090 3721 potusque
3119 3660 3413 3720 expertem,
3430 3651 3551 3706 dein
3571 3668 3690 3708 sus-

2101 3739 2282 3810 cipere
2319 3740 2665 3797 immaculata
2709 3741 2907 3796 Christi
2949 3740 3207 3812 mysteria
3235 3781 3249 3807 ,
3274 3749 3388 3795 tum
3450 3742 3686 3813 denique

2102 3847 2258 3903 pane,
2291 3848 2429 3903 aqua
2463 3843 2521 3888 et
2568 3833 2935 3904 leguminibus
2966 3833 3246 3891 nonnullis
3294 3835 3679 3903 corpusculum

2104 3938 2375 3980 recreare.
2426 3924 2673 3990 Quadam
2710 3940 2839 3980 vero
2889 3924 3345 3993 Quadragesima,
3382 3942 3508 3982 cum
3568 3928 3685 3997 pri-

2104 4030 2273 4081 mam,
2306 4030 2470 4086 quam
2506 4014 2768 4081 diximus,
2801 4017 3164 4089 septimanam
3213 4017 3436 4086 jejunus
3498 4027 3687 4071 trans-

2102 4107 2345 4177 cgisset,
2394 4110 2735 4178 praeveniens
2786 4110 3123 4164 sacrosancti
3196 4107 3376 4165 Missae
3426 4109 3684 4165 sacrillcii

2106 4208 2339 4271 tempus,
2402 4201 2612 4273 paravit
2657 4203 2772 4274 ipse
2821 4202 2961 4256 intra
3023 4200 3260 4257 cubiculi
3308 4201 3395 4257 sui
3450 4202 3684 4273 parietes

2103 4292 2342 4348 edulium
2371 4309 2403 4350 e
2430 4293 2818 4365 leguminibus,
2861 4293 3266 4365 OrOphasulum
3309 4294 3469 4365 \‘ulgo
3501 4294 3686 4366 appel-

2107 4383 2300 4447 latum.
2352 4385 2553 4442 caloris
2613 4399 2779 4442 causa
2840 4400 2947 4440 non
2984 4389 3301 4456 permittens
3331 4401 3681 4457 queinquam.

2104 4489 2325 4550 propter
2360 4478 2532 4550 frigus
2558 4480 2703 4552 quod
2736 4488 2851 4535 tum
2910 4480 3173 4549 temporis
3203 4479 3588 4544 invalescebat,
3618 4493 3683 4532 ρο

2104 4572 2331 4628 intrare.
2374 4573 2637 4629 Assidens
2689 4573 2856 4644 igitur
2913 4571 3071 4641 foco,
3133 4573 3372 4628 edulium
3404 4589 3562 4628 suum
3590 4587 3685 4626 co-

2107 4681 2278 4736 quem
2308 4667 2363 4720 in
2398 4666 2572 4724 lebete
2594 4667 2794 4738 exiguo
2827 4668 3102 4722 nitebatur
3137 4682 3153 4734 ;
3188 4682 3311 4721 cum
3370 4668 3498 4720 dato
3526 4667 3687 4737 signo

2108 4760 2175 4813 ad
2203 4756 2439 4824 Nonam,
2477 4773 2708 4830 propere
2752 4773 2987 4830 surgens
3037 4760 3105 4815 ad
3143 4758 3425 4815 ecclesiam
3464 4773 3522 4812 se
3550 4772 3686 4813 con-

2113 4849 2257 4915 tulit,
2316 4850 2451 4905 nulli
2502 4865 2634 4906 cura
2683 4850 2897 4907 obsonii
2929 4850 3275 4906 demandata.
3305 4850 3407 4905 Ubi
3455 4865 3522 4903 co
3561 4865 3685 4918 per-

2110 4952 2333 4997 ventum
2366 4952 2476 5011 est,
2504 4943 2826 4999 maledictus
2856 4944 3092 5009 daemon,
3149 4943 3243 5013 qui
3302 4940 3685 4998 indecentibus

2115 5033 2315 5105 ubique
2349 5034 2601 5104 cogitatis
2655 5034 2937 5091 hominum
2988 5028 3205 5092 animos
3234 5051 3547 5106 oppugnare
3576 5052 3681 5089 nou

2112 5132 2308 5186 cessat,
2361 5124 2619 5181 infestare
2660 5125 2912 5195 juvenem
2945 5124 3110 5197 cmpit
3157 5125 3323 5181 variis
3381 5125 3449 5181 de
3474 5125 3625 5179 abitu
3654 5141 3684 5178 e

2112 5215 2316 5285 templo
2342 5216 2787 5287 cogitationibus,
2826 5225 3129 5286 przetexens
3170 5216 3431 5287 pulmenti
3494 5232 3681 5271 curam

2110 5309 2415 5366 habendam
2475 5324 2621 5374 esse,
2674 5324 2779 5365 non
2833 5309 2941 5365 alio
3006 5311 3339 5380 line,quain
3394 5317 3452 5364 ut
3481 5310 3681 5380 ipsum.

2110 5401 2280 5458 ﬁnitis
2316 5400 2560 5457 nondum
2600 5402 2874 5473 precibus,
2904 5402 2972 5457 ab
3008 5403 3235 5458 ecclesia
3284 5402 3523 5458 eliceret.
3574 5399 3681 5453 Co-

2112 5495 2403 5567 gitationes
2427 5503 2610 5550 autem
2646 5495 2878 5565 injecm,
2906 5502 3059 5551 erant
3118 5493 3280 5565 hujus
3314 5493 3457 5548 modi
3493 5508 3507 5546 :
3543 5489 3684 5546 Ecce

500 5662 613 5736 (70)
666 5659 767 5717 lis.
817 5658 990 5715 Vatic.
1046 5658 1229 5715 minus
1266 5658 1412 5715 clare
1472 5673 1487 5711 :
1542 5655 1701 5712 Κατὰ
1726 5654 1787 5709 τὸ
1826 5651 1995 5707 δοκοῦ

2101 5650 2206 5722 ύιῷ
2235 5650 2616 5724 δγκρατεύετο.
