4094 6156
414 290 517 355 695

1476 290 1893 353 NICEPIIORI
1937 290 2415 350 PRESBYTERI
2458 289 2571 349 (ΖΡ.

3551 282 3657 346 696

409 418 638 475 corpore
652 406 858 475 plateas
872 406 1217 462 obcrrantem
1235 408 1260 460 ?
1290 406 1551 477 Suspicor
1583 421 1701 479 ego,
1722 405 1989 460 insaniam

2102 403 2217 469 τοῦ,
2251 402 2736 475 σχηματισάμενος
2764 400 2911 469 λέγει
2957 399 3032 470 τῷ
3059 400 3224 470 πατρὶ
3254 397 3421 454 αὐτοῦ
3451 418 3462 430 ·
3496 399 3664 469 Κύριέ

409 496 515 566 ipsi
580 495 648 550 ab
674 496 898 552 humani
945 499 1160 567 generis
1195 501 1349 554 hoste
1378 499 1796 569 injectamesse.
1836 495 2009 550 Nunc.

2098 520 2201 575 μου
2256 503 2431 572 πάτερ
2460 542 2475 566 ,
2534 500 2753 570 βλέπεις
2811 500 2902 554 τὸν
2958 497 3247 571 ἄνθρωπον
3290 499 3497 552 εκεῖνον
3552 497 3665 559 πῶς

413 599 619 653 autent,
654 587 883 645 Domine
936 594 1008 644 ml
1052 606 1117 646 ac
1149 601 1303 662 pater
1350 591 1730 655 dilectissime,
1776 589 1851 644 ita
1916 588 2001 643 ﬁlii

2102 594 2456 665 περιέρχεται
2488 589 2913 662 γεγυμνωμένος
2937 590 3017 660 τῷ
3048 588 3298 660 adiisset;
3336 588 3414 651 ὡς
3440 585 3668 650 εἰκάζω.

411 680 489 734 tui
537 681 877 737 dilectissimi
928 679 1214 753 Epiphanii
1258 692 1490 738 mortem
1522 680 1889 744 immaturam,
1920 680 1993 733 ita

411 774 710 841 passerculi
752 774 828 828 tui
884 782 1206 830 merentem
1259 776 1469 830 vultum
1534 787 1814 834 nunquam
1850 772 1997 840 aspi-

411 865 546 929 cias,
598 864 1012 921 introducamus
1079 867 1231 923 illum
1289 870 1343 922 in
1373 869 1599 921 domum
1636 874 1903 929 nostram,
1941 872 1997 917 et

410 964 632 1023 propter
678 956 1107 1012 munificentiam
1162 958 1377 1013 Domini
1429 958 1520 1012 Dei
1560 959 1756 1022 nostri,
1789 956 1998 1011 honore

412 1057 477 1095 ac
535 1042 738 1098 divitiis
769 1058 837 1099 ex
871 1044 1133 1101 bonitatis
1165 1061 1281 1101 sine
1344 1047 1604 1101 thesauro
1631 1053 1683 1099 te
1712 1043 2000 1100 cumulan-

412 1135 500 1197 tis,
561 1134 721 1190 liceat
777 1136 913 1191 mihi
967 1136 1241 1193 instruere
1275 1138 1348 1191 illi
1380 1153 1625 1193 mensam
1678 1145 1730 1191 et
1765 1134 1997 1191 fundere

408 1225 595 1280 vinum
638 1236 697 1281 ut
719 1226 1026 1282 mercedem
1097 1228 1386 1283 animabus
1405 1230 1609 1283 nostris
1631 1228 1994 1298 recipiamus:

409 1315 539 1370 illud
603 1333 840 1388 namque
867 1318 1045 1372 solum
1092 1319 1148 1373 in
1203 1334 1368 1390 regno
1398 1318 1662 1374 emlorum
1718 1318 1994 1373 inventuri

414 1423 631 1463 sumus.

480 1596 567 1650 56.
610 1597 694 1652 Ad
725 1600 838 1653 lure
864 1598 1050 1666 verba,
1089 1605 1239 1669 pater
1266 1600 1453 1655 divmo
1490 1603 1725 1672 quodam
1764 1603 1990 1658 numine

407 1687 643 1755 alilatus,
675 1690 912 1761 benigno
936 1690 1403 1763 hlandissimoque
1436 1694 1598 1749 oculo
1627 1694 1795 1749 lilium
1832 1694 1997 1749 intui-

2093 686 2175 739 ὅτι
2207 685 2303 739 καὶ
2339 683 2875 754 παρατετραμμένον
2903 676 3042 736 εἶναι
3068 680 3236 736 αὐτὸν
3258 679 3367 735 ὑπὸ
3395 677 3489 733 τοῦ
3518 680 3668 732 ιναν-

2095 779 2231 832 τίου.
2277 776 2462 841 me,
2506 776 2666 846 κύριε
2723 792 2824 846 μου
2884 773 2981 829 καὶ
3042 773 3268 843 φίλτατε
3325 774 3547 845 πάτερ,
3596 772 3668 843 μὴ

2097 867 2272 938 θεάσῃ
2296 866 2391 921 τοῦ
2444 865 2781 935 γλυκυτάτου
2819 880 2913 919 σου
2960 864 3152 919 τέκνου
3220 864 3540 932 Ἐπιφανίου
3582 862 3671 916 τὸν

2097 959 2352 1025 θάνατον,
2388 959 2464 1029 μὴ
2502 958 2621 1031 ἴδῃς
2651 974 2704 1011 τι
2744 955 2987 1028 λυπηρὸν
3030 954 3124 1009 ἐπὶ
3152 956 3212 1008 τὸ
3246 954 3525 1023 στρουθίον
3554 971 3669 1018 σου,

2099 1053 2489 1122 εἰσαγάγωμεν
2518 1050 2682 1106 αὐτὸν
2709 1049 2789 1114 είς
2814 1047 2906 1103 τὸν
2929 1041 3097 1111 οἷκον,
3132 1047 3227 1102 καὶ
3258 1048 3348 1102 διὰ
3384 1049 3483 1117 τῆς
3525 1048 3675 1101 ἀντι-

2094 1142 2315 1214 λήψεως
2372 1141 2468 1195 τοῦ
2543 1159 2601 1197 σε
2671 1141 3045 1212 τιμήσαντος
3084 1140 3180 1194 καὶ
3237 1138 3673 1209 πεπλουτηκότος

2098 1235 2372 1289 Δεσπότου
2421 1234 2530 1289 ἀπὸ
2586 1234 2694 1289 τῶν
2736 1230 2982 1301 ἀγαθῶν,
3037 1225 3113 1286 ῶν
3173 1232 3305 1301 ἡμῖν
3362 1230 3676 1302 ἐδωρήσατο

2100 1326 2327 1396 Κύριος,
2362 1325 2598 1397 παραθῶ
2645 1324 2792 1394 αὐτῷ
2840 1320 3140 1393 τράπεζαν,
3182 1321 3277 1374 καὶ
3308 1320 3481 1375 ποτιῶ
3513 1319 3678 1375 αὐτὸν

2096 1414 2260 1483 οίνον,
2290 1420 2371 1481 είς
2414 1415 2605 1488 μισθὸν
2638 1416 2925 1487 ἡμετέρων
2952 1412 3148 1485 ψυχῶν
3184 1428 3196 1443 ·
3250 1415 3347 1467 καὶ
3385 1412 3496 1485 γὰρ
3516 1410 3678 1465 τοῦτο

2101 1510 2264 1580 μόνον
2295 1509 2479 1579 εὑρεῖν
2503 1509 2702 1579 ἔχομεν
2732 1508 2791 1560 ὲν
2824 1509 2891 1579 τῇ
2929 1504 3177 1576 βασιλείᾳ
3198 1505 3308 1558 τῶν
3337 1504 3603 1575 οὐρανῶν.

2163 1598 2271 1665 νς·’.
2308 1599 2368 1655 '0
2399 1600 2456 1653 δε
2485 1598 2670 1667 πατὴρ
2699 1596 2867 1652 αὑτοῦ
2897 1594 3083 1660 ἔνθους
3115 1594 3428 1664 γενόμενος,
3456 1593 3678 1664 εὐμενεῖ

2091 1695 2232 1750 αἰδοῖ
2259 1692 2357 1747 καὶ
2383 1691 2709 1763 γλυκυτὰτῳ
2738 1690 3013 1761 βλέμματι
3038 1688 3270 1751 ἀπιδὼν,
3297 1686 3676 1757 καταφιλήσας

412 1785 521 1841 tus,
551 1788 604 1831 et
638 1778 835 1833 faciem
857 1780 979 1851 ejus
1036 1783 1420 1839 suavissimam
1463 1785 1809 1842 deosculatus
1839 1802 1852 1839 :
1890 1784 1999 1842 Un-

2102 1782 2267 1840 αὑτοῦ
2291 1780 2363 1838 τὰ
2384 1780 2698 1851 γλυκύτατα
2729 1780 2978 1849 ὖμματα,
3014 1778 3118 1849 ἔφη
3147 1792 3159 1805 ·
3197 1776 3385 1843 Μόρον
3409 1772 3505 1843 τῆς
3535 1772 3677 1843 ἐμῆς

408 1877 695 1934 guentum,
731 1869 930 1939 inquit,
965 1873 1185 1937 animm,
1212 1886 1266 1928 et
1295 1876 1475 1930 lumen
1517 1878 1801 1932 oculorum
1839 1892 1990 1933 meo-

409 1974 554 2025 rum,
591 1960 685 2028 lili,
750 1963 839 2017 illa
859 1979 1025 2035 super
1058 1980 1118 2021 rc
1146 1980 1319 2022 meam
1342 1969 1633 2038 exquirere
1657 1970 1995 2025 voluntatem

408 2051 485 2105 nil
512 2068 652 2121 opus
685 2065 803 2110 erat
836 2071 852 2111 :
910 2056 1066 2122 vade,
1125 2066 1181 2113 et
1227 2074 1336 2129 quo
1363 2060 1549 2115 animo
1575 2062 1877 2117 collibitum
1906 2072 1999 2117 tuo

416 2153 522 2209 est,
588 2143 717 2212 lae;
768 2162 887 2202 mea
942 2149 1144 2219 quippe
1188 2150 1396 2213 omnia,
1427 2161 1517 2207 tua
1548 2161 1698 2207 sunt.
1733 2153 1834 2209 Cui
1870 2154 1998 2223 Epi-

410 2232 655 2303 phanius
692 2252 707 2288 :
746 2232 1006 2304 Omnino,
1048 2248 1204 2309 pater
1261 2239 1652 2309 dilectissime,
1725 2243 1799 2297 ita
1859 2260 1997 2314 opus

405 2325 532 2392 fuit;
576 2327 825 2398 quaedam
855 2329 1001 2384 enim
1027 2332 1260 2401 petenda
1313 2333 1446 2387 mihi
1507 2344 1637 2389 sunt
1666 2350 1679 2387 :
1716 2348 1839 2388 nam
1869 2335 1998 2389 scri-

405 2426 559 2486 ptum
589 2428 676 2473 est
698 2435 714 2475 :
736 2416 930 2485 Filius,
971 2422 1067 2493 qui
1112 2424 1251 2494 patri
1288 2424 1435 2495 leges
1468 2427 1792 2495 praescribit,
1827 2436 2001 2481 morte

410 2510 709 2576 morietur;
736 2521 791 2565 et
826 2521 978 2582 patre
1008 2514 1172 2569 alicui
1226 2516 1304 2569 rei
1339 2516 1568 2577 intento,
1605 2531 1769 2573 omne
1815 2518 2000 2574 consi-

415 2600 551 2656 lium
600 2602 693 2657 lilii
718 2603 1097 2674 dissipabitur.
1158 2605 1370 2679 Quibus
1405 2607 1650 2684 auditis,
1704 2608 2002 2664 exsultavit

416 2692 619 2764 gaudio
676 2703 862 2764 pater,
918 2705 1144 2767 propter
1198 2699 1527 2769 sapientiam
1582 2711 1638 2755 et
1696 2702 2000 2771 prudentes

412 2786 799 2853 responsiones
830 2788 926 2843 lilii
966 2790 1050 2844 sui
1081 2792 1213 2861 :qui
1246 2807 1475 2861 propere
1498 2793 1802 2848 acceleran
1828 2792 1997 2863 gradu

412 2875 688 2931 Andream
720 2880 1042 2948 insequens,
1058 2880 1280 2937 domum
1312 2899 1486 2953 usque
1512 2899 1858 2954 progressum
1878 2892 2001 2939 tan-

411 2969 537 3023 dem
597 2982 882 3026 assecutus
920 2984 1004 3028 est
1032 3011 1048 3036 .
1108 2976 1493 3045 prehensaque
1537 2990 1701 3031 manu
1730 2976 1872 3046 ejus,
1904 2976 2002 3032 do-

408 3076 559 3117 mum
615 3077 770 3117 suam
821 3063 975 3118 illuni
1023 3066 1261 3123 reduxit.
1293 3065 1543 3136 Cumque
1576 3067 1738 3122 simul
1776 3083 1840 3123 eo
1880 3082 2002 3139 per—

2100 1873 2279 1943 ψυχῆς
2336 1872 2429 1925 καὶ
2467 1868 2583 1940 φῶς
2629 1869 2738 1923 τῶν
2774 1867 3070 1937 ὀφθαλμῶν
3127 1882 3252 1935 μου,
3302 1863 3431 1933 περὶ
3476 1864 3680 1931 ταύτης

2098 1964 2199 2033 τῆς
2229 1961 2543 2025 ὑποθέσεως
2570 1960 2782 2031 ἐρωτᾷν
2833 1959 2909 2030 μὴ
2954 1958 3201 2031 ὀφείλεις,
3233 1955 3435 2010 ἄπελθε
3468 1954 3564 2008 καὶ
3601 1954 3679 2017 ὡς

2100 2051 2345 2115 κελεύεις
2369 2052 2621 2119 ποίησον,
2661 2050 2731 2102 τὰ
2762 2049 2871 2119 γὰρ
2900 2050 3030 2119 ἐμὰ,
3068 2049 3137 2101 σά
3170 2048 3328 2100 τίσιν.
3361 2045 3682 2114 Ἐπιῖσάνῑος

2106 2140 2291 2197 εἶπεν·
2328 2143 2439 2198 Ναὶ
2468 2143 2647 2213 πάτερ
2680 2159 2782 2214 μου
2815 2140 3168 2210 παμφίλτατε
3191 2180 3205 2203 ,
3252 2138 3389 2195 ἀλλὰ
3417 2154 3540 2191 τινα
3570 2138 3679 2209 ἔχω

2101 2236 2379 2307 ἐρωτῆσαι
2408 2250 2423 2263 ·
2464 2234 2780 2304 γέγραπται
2807 2233 2917 2303 γὰρ
2944 2232 3080 2305 (76),
3118 2231 3247 2294 Υἱὸς
3286 2232 3455 2300 πατρὶ
3489 2229 3679 2285 δίκαια

2100 2325 2299 2392 λέγων,
2335 2325 2554 2393 θανάτῳ
2601 2322 3068 2395 θανατωθήσεται,
3110 2323 3204 2374 καὶ
3259 2320 3467 2386 πατρὸς
3501 2334 3682 2390 παρα-

2104 2416 2360 2486 τυχόντος
2421 2417 2528 2467 τινὶ
2586 2413 2919 2487 πράγματι,
2971 2413 3123 2466 πᾶσα
3181 2410 3312 2465 Υίοῦ
3380 2409 3683 2481 πρόθλησις

2105 2509 2429 2580 ῥαγήσεται.
2461 2505 2644 2559 Τοῦτο
2672 2505 2915 2568 ἀκούσας
2944 2505 2973 2559 ὀ
3010 2502 3196 2573 πατὴρ
3229 2499 3422 2565 αὑτοῦ,
3450 2498 3682 2569 εὐφραί-

2102 2616 2247 2656 νεται
2282 2592 2375 2653 ἐπὶ
2411 2600 2478 2667 τῇ
2519 2597 2754 2662 συνέσει,
2800 2597 2898 2650 καὶ
2924 2598 3044 2660 ταῖς
3100 2594 3462 2666 ἀποκρίσεσιν
3490 2588 3679 2645 αὐτοῦ.

2114 2694 2172 2747 ὐ
2204 2694 2262 2748 δὲ
2300 2691 2496 2762 σεμνὸς
2542 2692 2865 2760 Ἐπιφάνιος
2905 2692 3147 2762 ταχινοίς
3176 2691 3302 2744 ποσὶ
3338 2685 3683 2754 καταδιώξας

2101 2786 2194 2839 τὸν
2222 2784 2432 2847 Ὂσιον,
2471 2782 2753 2850 πέφθακεν
2782 2781 2946 2836 αὐτὸν
2980 2780 3130 2835 ἔνδον
3159 2779 3256 2833 τοῦ
3294 2779 3448 2833 οἴκου
3490 2777 3680 2861 αὐτοῦ,

2104 2878 2197 2933 καὶ
2227 2873 2361 2949 ἦλθε
2388 2874 2788 2948 χειροκρατῶν,
2821 2876 2918 2931 καὶ
2952 2875 3089 2948 πρὸς
3114 2877 3187 2930 τὰ
3225 2874 3333 2929 δια
3374 2872 3684 2947 προτρεπό-

2107 2987 2269 3041 μενος
2296 2987 2311 3001 ·
2344 2972 2438 3025 καὶ
2461 2970 2526 3040 δὴ
2555 2969 2635 3039 τῷ
2657 2969 2865 3023 πυλῶνι
2897 2968 3265 3037 ὲγγισὰντων.
3310 2968 3407 3020 καὶ
3452 2966 3547 3021 τοῦ
3574 2982 3680 3018 πα-

2103 3061 2231 3131 τρὸς
2272 3060 2441 3113 αὐτοῦ
2486 3062 2667 3114 ἐκεῖσε
2697 3060 2773 3131 μὴ
2796 3059 3135 3127 εὑρεθέντος,
3172 3060 3201 3113 ὁ
3249 3058 3519 3130 μακάριος
3559 3056 3682 3112 ’Λν-

410 3154 712 3216 venissent,
731 3168 838 3207 non
876 3154 1099 3209 invento
1133 3156 1244 3211 illic
1262 3165 1415 3226 patre
1448 3156 1765 3227 Epipltanii,
1796 3136 2001 3214 inii-are

2104 3155 2263 3225 δρέας
2298 3157 2354 3207 ἐν
2384 3155 2460 3220 τῷ
2491 3153 2699 3207 πυλῶνι
2728 3154 2826 3207 οὐκ
2872 3153 3148 3223 είσῆλθεν,
3199 3152 3399 3216 ἔξωθεν
3429 3149 3487 3205 δὲ
3531 3148 3686 3206 καθί‹

411 3245 611 3298 ostium
647 3248 919 3301 recusavit
951 3248 1223 3314 Andreas,
1257 3247 1503 3319 forisque
1526 3249 1773 3304 consedit
1800 3267 1812 3302 :
1835 3265 1995 3319 quem

2109 3262 2246 3307 σα;’
2303 3247 2353 3299 οἱ
2421 3245 2514 3299 οὖν
2574 3245 2919 3313 γειτνιῶντες
2970 3244 3049 3315 τῷ
3118 3244 3423 3314 Ἐπιφανίῳ
3482 3242 3577 3295 καὶ
3632 3240 3682 3292 oi

411 3336 577 3391 vicini
624 3339 973 3411 viatoresqtm
1001 3342 1325 3413 conspicati,
1361 3344 1625 3397 nudatum
1685 3344 1925 3397 vestibus
1947 3352 2001 3398 ct

2110 3338 2422 3408 παροὸῐται,
2459 3337 2754 3406 βλέποντες
2783 3337 3070 3407 ἄνθρωπον
3101 3333 3552 3406 γεγυμνωμένων,
3589 3333 3683 3387 καὶ

414 3428 800 3495 insanientem,
839 3430 1154 3487 conﬂuxere
1208 3448 1405 3502 magno
1454 3447 1682 3486 numero
1713 3450 1729 3487 :
1766 3432 1889 3486 aliis
1919 3432 2001 3487 itt-

2108 3433 2666 3501 παρατετραμμένον,
2696 3428 3114 3500 συνηθροίζοντο
3134 3430 3271 3499 πρὸς
3308 3428 3489 3491 αὑτὸν,
3511 3426 3606 3479 καὶ
3634 3424 3684 3478 οἱ

413 3520 842 3587 gemiscentibus
875 3533 929 3579 et
968 3524 1350 3579 incusantihus
1378 3522 1637 3578 Satanam
1660 3564 1677 3587 .
1725 3524 1871 3594 quod
1907 3522 2000 3577 tali

2110 3524 2211 3593 μὲν
2253 3524 2581 3591 στεναγμοῖς
2633 3521 2886 3593 ᾠμωζον,
2935 3521 3012 3591 τῷ
3064 3520 3295 3591 διαϐόλῳ
3325 3520 3420 3573 καὶ
3451 3517 3530 3587 τῷ
3576 3516 3681 3570 Σα-

417 3612 583 3667 modo
619 3614 894 3669 hominem
935 3615 1097 3671 rebus
1118 3615 1375 3671 omnibus
1432 3615 1723 3685 spoliatum
1770 3614 2005 3671 contun-

413 3704 603 3772 deret,
628 3706 752 3760 aliis
784 3707 1177 3777 elargientibus
1208 3708 1452 3771 obolum,
1490 3708 1615 3762 aliis
1659 3707 1844 3761 vinum
1876 3720 2006 3777 pro-

412 3795 753 3863 pinantibus.
793 3801 862 3852 At
906 3798 998 3854 ille
1048 3799 1285 3855 instituti
1346 3799 1430 3853 sui
1496 3810 1680 3861 tenax,
1711 3813 1739 3852 a
1786 3797 2005 3852 nemine

414 3886 695 3956 quidpiam
742 3888 1076 3960 recipiebat,
1111 3890 1203 3945 sed
1238 3901 1465 3945 cunctos
1516 3904 1547 3943 a
1598 3906 1657 3945 se
1710 3889 2001 3960 repellens,

412 3992 517 4047 pro
538 3977 749 4035 foribus
772 3981 968 4035 aedium
1009 3983 1328 4038 eonsidebat
1359 3982 1536 4036 humi.

2104 3615 2244 3687 τανᾷ
2298 3616 2703 3688 καταρώμενοι,
2746 3618 2827 3669 ὅτι
2879 3614 3197 3686 τηλικοῦτον
3245 3612 3415 3682 ἄνδρα
3480 3609 3682 3679 πορθή-

2105 3724 2205 3769 σας
2242 3710 2354 3780 (77)
2390 3713 2731 3782 κατῄσχυνεν
2754 3726 2768 3740 °
2802 3712 2850 3764 oi
2893 3712 2949 3763 δὲ
2984 3709 3208 3771 ὀϐολοὺς
3248 3706 3399 3779 αὐτῷ
3450 3704 3677 3767 ἐδίδουν,

2102 3802 2153 3854 οἱ
2177 3801 2233 3853 δὲ
2265 3796 2429 3856 οἶνον.
2456 3803 2628 3866 Αὐτὸς
2650 3802 2707 3856 δὲ
2733 3804 2811 3875 τῷ
2839 3804 2955 3873 ίδέῳ
2976 3803 3086 3856 ἔθει
3112 3802 3511 3873 κρατούμενος.
3546 3794 3678 3866 παρ’

2103 3892 2321 3956 οὐδενός
2354 3911 2405 3947 τι
2454 3896 2766 3964 ἐκομίζετο,
2824 3898 3031 3959 πάντας
3076 3893 3545 3967 ἀποκρουόμενοῆ
3574 3886 3681 3959 πρὸ

2105 3982 2201 4036 τοῦ
2231 3984 2478 4047 πυλῶνος
2511 3985 2879 4056 καθεζόμενος
2909 3984 3109 4057 χαμαί.

1838 4145 2069 4203 CAPUT
2106 4146 2245 4204 VIII.

558 4281 772 4332 Arcana
798 4280 1035 4333 sordium
1074 4279 1295 4332 Andreae
1335 4280 1562 4333 revelata
1616 4295 1795 4334 coram
1826 4283 2121 4407 Epiplttu‘ti‘o
2151 4287 2370 4357 ejusque
2422 4289 2667 4358 lautitiis,
2698 4297 2744 4339 st
2789 4286 2883 4340 tuti
2914 4284 3103 4340 Iwrttm
3137 4285 3374 4339 indicata
3396 4285 3541 4339 illius

1906 4370 2035 4407 sum:
2063 4371 2079 4407 t
2106 4373 2185 4407 as.

1906 4370 2185 4410 εωιειιιασ.

486 4520 580 4577 57.
648 4518 858 4575 Interea
935 4518 1085 4576 adest
1141 4520 1460 4577 adolescens
1529 4520 1773 4591 quidam,
1807 4531 2001 4576 natura
2030 4528 2085 4591 ι)

417 4614 729 4676 eunuchus,
763 4612 1036 4683 magnatis
1077 4612 1313 4682 alicujus
1354 4613 1748 4669 cubicularius.
1805 4611 2006 4669 Vultus

418 4710 468 4761 ci
520 4705 748 4761 rubebat
793 4703 982 4760 colore
1047 4718 1225 4770 roseo,
1272 4703 1541 4760 candebat
1595 4719 1797 4776 corpus
1827 4706 2007 4771 niveo,

416 4807 533 4853 erat
562 4796 773 4866 species
802 4794 1023 4858 decora,
1054 4794 1233 4865 capilli
1258 4793 1405 4859 navi,
1450 4796 1703 4851 mollities
1742 4812 1851 4850 non
1883 4796 2005 4850 vul-

417 4890 600 4960 garis;
662 4888 893 4942 multum
962 4886 1179 4942 eminus
1233 4903 1454 4957 quoque
1518 4903 1765 4943 muscum
1799 4888 1998 4952 olebat,

422 4982 675 5036 mollibus
713 4979 938 5033 indutus
1001 4978 1361 5034 vestimentis.
1422 4978 1558 5045 Quia
1599 4995 1725 5033 vero
1756 4995 1853 5050 par
1885 4989 2004 5035 erat

420 5070 722 5139 Epiphanio
753 5078 935 5134 aetate,
966 5077 1021 5124 et
1041 5069 1322 5125 domicilio
1350 5071 1562 5125 Vicinus
1582 5110 1595 5136 ,
1622 5081 1813 5127 mutuo
1862 5074 2000 5126 inter

417 5177 535 5215 sese
592 5175 781 5215 amore
816 5161 1311 5231 prosequebantur.
1368 5162 1608 5217 Habebat
1636 5179 1801 5234 porro
1827 5180 2000 5220 eunu-

416 5254 553 5304 ctnts
592 5252 678 5306 ille
702 5267 869 5320 penes
897 5268 954 5307 se
977 5252 1247 5323 dactylos,
1282 5254 1670 5310 instarlicuntn
1696 5258 1999 5320 aridarum,

417 5344 639 5399 circiter
707 5344 927 5415 triginta
998 5360 1273 5403 numero:
1309 5356 1363 5402 et
1411 5348 1584 5404 oculis
1646 5349 1701 5404 in
1752 5359 2001 5405 sanctum

419 5437 613 5491 vestitu
672 5439 993 5495 destitutum
1046 5441 1366 5507 conversis,
1426 5442 1656 5497 horrore
1724 5444 2006 5512 perculsus

491 5595 602 5662 (76)
636 5596 710 5651 Ita
767 5610 1033 5656 consonat
1089 5612 1379 5671 utrumque
1404 5618 1506 5655 ms.
1535 5601 1634 5657 Ubi
1671 5618 1800 5657 vero
1830 5601 1881 5657 id
1920 5602 1992 5655 le-

417 5676 554 5790 ﬁent
598 5678 816 5748 auctor,
856 5671 971 5739 ipse
1035 5672 1232 5727 viderit
1270 5687 1414 5727 :non
1477 5683 1659 5741 putent
1719 5674 1772 5726 in
1819 5676 1991 5728 sacris

469 5751 483 5788 ι
533 5750 661 5790 eris.

469 5750 661 5791 :tterts.

2175 4524 2274 4591 vC'.
2303 4524 2566 4596 Ἔρχεται
2586 4541 2668 4588 τις
2692 4523 2994 4584 νεανίσκος,
3018 4524 3083 4592 τῇ
3109 4522 3267 4589 φύσει
3293 4520 3566 4592 εὐνοῦχος,
3594 4537 3691 4592 με-

2103 4613 2366 4682 γιστάνου
2399 4612 2545 4678 τινος
2578 4614 2867 4684 τυγχάνων
2901 4610 3342 4683 κουσικουλὰριος
3374 4628 3390 4642 ο
3439 4609 3507 4681 ἦν
3537 4611 3594 4667 δὲ
3629 4612 3692 4667 τδ

2111 4705 2410 4776 πρόσωπον
2437 4703 2606 4761 αὐτοῦ
2636 4703 2713 4766 ὡς
2728 4702 2789 4757 τδ
2818 4700 2993 4775 ῥόδον,
3021 4699 3118 4754 καὶ
3146 4699 3340 4764 λευκὸς
3371 4700 3451 4769 τῷ
3473 4699 3689 4768 σώματι

2109 4798 2187 4862 ὡς
2219 4798 2373 4869 χιὼν,
2402 4797 2638 4869 εὐειδὴς,
2655 4795 2969 4863 ἐπεξανθος,
2996 4790 3258 4864 βλακείαν
3284 4792 3345 4847 οὐ
3374 4793 3477 4864 τὴν
3494 4792 3691 4863 τυχοῦ-

2108 4907 2211 4946 σαν
2241 4892 2605 4962 κεκτημένος,
2635 4887 2838 4960 μόσχου
2865 4886 3104 4958 μήκοθεν
3135 4885 3375 4950 ἀπόζων,
3410 4884 3691 4956 μαλακοὺς

2109 4983 2581 5055 περιϐεϐλημένος
2622 4980 2895 5054 χιτῶνας·
2934 4979 3023 5034 διὰ
3054 4978 3112 5033 δὲ
3137 4978 3199 5031 τὸ
3228 4971 3368 5031 εἶναι
3411 4976 3501 5031 τδν
3540 4978 3689 5031 Ἐπι-

2109 5076 2301 5144 φάνιον
2335 5075 2683 5147 συνομήλικα
2740 5073 2907 5127 αὐτοῦ
2947 5072 3042 5126 καὶ
3091 5073 3442 5142 γειτνιάζειν,
3481 5071 3687 5143 μεταξῦ

2110 5167 2360 5239 ἀλλήλων
2393 5163 2461 5239 ἦν
2489 5169 2684 5236 ἀγάπη
2718 5163 2911 5235 πολλή.
2948 5164 3219 5234 Κατεῖχεν
3242 5162 3335 5217 οὖν
3361 5164 3390 5217 ὁ
3420 5161 3687 5233 Εὐνοῦχος

2107 5262 2318 5321 εκεῖνος
2370 5259 2621 5328 φοίνικας
2661 5254 2913 5326 καθάπερ
2963 5254 3188 5324 ἰσχάδας
3228 5254 3306 5318 ὡς
3349 5254 3644 5324 τριάκοντα
3668 5269 3684 5286 ·

2106 5351 2444 5419 θεασάμενος
2467 5348 2563 5404 οὖν
2589 5350 2679 5403 τὸν
2700 5349 2886 5402 Ὂσιον
2912 5345 3337 5417 γεγυμνωμένον
3351 5344 3429 5416 τῷ
3451 5344 3684 5415 σώματι,

2108 5444 2207 5499 καὶ
2232 5442 2309 5513 τῷ
2335 5443 2445 5496 δέει
2479 5441 2714 5504 ϐληθεὶς,
2736 5438 2795 5493 τὸ
2827 5440 3059 5509 πρᾶγιια
3086 5437 3374 5504 εξενὶζετο.
3413 5437 3508 5492 καὶ
3545 5437 3683 5491 επιπ-

2170 5606 2282 5674 (77)
2309 5604 2407 5659 Ms.
2451 5604 2621 5661 \‘atic.
2664 5604 3006 5675 peregrinam
3075 5602 3162 5656 hic
3208 5599 3440 5656 habebat
3495 5610 3680 5653 vocem

2101 5678 2495 5746 πανερέφυνεν.
