4092 6154
329 262 433 329 τοι

1501 265 1679 328 νιΤΑ
1719 266 1779 328 S.
1820 263 2150 327 ANDREE
2188 262 2379 329 SALI.

3469 257 3584 323 τοι

333 390 509 445 ματος
544 374 914 445 μετάστρεψεν
940 374 1034 429 καὶ
1064 374 1164 447 τὴν
1185 377 1405 447 ὁμιλίαν
1451 376 1547 429 τοῦ
1592 375 1779 441 παιδὸς
1821 378 1901 439 είς

2023 376 2236 427 teet-sim
2268 388 2393 427 cum
2426 374 2542 429 solo
2574 373 2828 444 colloqui,
2865 374 3090 428 mutavit
3133 372 3307 429 sancti
3349 372 3586 443 Spiritus

328 466 431 540 τὴν
456 467 567 521 τῶν
585 468 865 523 διάλεκτον
891 467 1006 539 (80)
1030 506 1046 530 ,
1100 469 1195 522 καὶ
1241 468 1599 539 καθεζόμενος
1627 469 1657 521 ὁ
1695 469 1903 531 Ὀσιος,

328 558 523 629 ὡμίλει
547 557 696 629 αύτῷ
722 559 945 631 Συριστὶ
973 560 1075 615 ὅσα
1101 560 1372 615 ἐϐούλετο.
1426 559 1483 614 Ὁ
1513 560 1572 615 δὲ
1621 561 1752 622 παῖς
1794 560 1909 613 ἔλε-

328 667 447 720 γεν,
497 651 624 706 Ἐάν
650 653 749 707 οὐκ
776 653 1078 725 ἡδυνὸμην,
1096 653 1196 708 οὐκ
1218 653 1286 707 ἂν
1315 651 1659 724 παρεκάλουν
1691 668 1772 705 σοι
1793 669 1907 707 τοι·

330 737 491 807 οὗτος
512 742 767 813 γενέσθαι
802 744 987 807 ὁποῖος
1024 738 1108 807 εἷς
1136 746 1232 799 καὶ
1280 745 1461 808 αὐτός.
1509 744 1569 799 '0
1616 744 1672 799 δὲ
1718 745 1907 810 Ὅσιος

333 833 485 903 λέγει
508 832 654 905 πρὸς
684 833 851 889 αὐτόν
872 851 888 868 ’
917 834 993 889 οὐ
1018 834 1245 892 δύνασαι
1268 837 1566 908 ὑποφέρειν
1590 839 1718 901 τοὺς
1754 838 1910 909 ίδρῶ-

331 942 433 991 τας
471 926 567 981 καὶ
612 925 683 981 τὰ
713 926 1019 997 σκάμματα
1070 927 1170 999 τῆς
1207 928 1407 1001 ἀρετῆς
1448 929 1677 1000 ταύτης,
1720 927 1910 1001 ἐπειδὴ

336 1016 532 1092 βιαστή
557 1019 707 1073 ἐστιν
738 1019 772 1089 ἡ
793 1018 934 1084 ὁδὸς,
970 1020 1068 1075 καὶ
1097 1020 1327 1092 ἀπείρου
1357 1023 1521 1076 πόνου
1550 1022 1645 1077 καὶ
1669 1020 1870 1094 μόχθου
1892 1036 1908 1053 '

337 1111 469 1182 plus
495 1105 592 1166 οὗν
624 1110 828 1182 μᾶλλον
854 1111 995 1167 καθά
1023 1107 1075 1167 εί
1102 1113 1432 1186 ἑνεὺσεσείᾳ
1460 1115 1555 1168 καὶ
1587 1114 1906 1185 σεμνότητι,

334 1200 722 1274 διδασκόμενος
767 1201 875 1258 ὑπὸ
924 1201 1021 1257 τοῦ
1078 1201 1271 1275 κυρίου
1326 1219 1420 1257 σου
1469 1202 1792 1273 Ἐπιφανίου
1841 1202 1912 1258 τά

336 1293 627 1367 κρείττονά
651 1312 735 1350 σοι
760 1295 856 1352 καὶ
890 1297 1167 1367 σωτηρίας
1213 1283 1473 1369 ἐχόμενα,
1509 1296 1726 1366 φεύγων
1773 1311 1911 1367 πορ-

319 1387 510 1455 Δνείαν,
542 1389 932 1463 μνησικακίαν,
953 1391 1053 1444 καὶ
1087 1388 1199 1445 τῶν
1228 1390 1435 1446 λοιπῶν
1462 1389 1651 1446 παθῶν
1681 1392 1775 1443 τον
1816 1404 1915 1443 κα·-

336 1485 573 1555 τάλογον
599 1500 617 1516 ο
644 1483 745 1540 καὶ
774 1484 828 1538 τί
856 1500 939 1539 σοι
968 1483 1131 1557 χρεία
1158 1484 1429 1554 ἀνάγκαις
1450 1483 1732 1546 τοιαύταις
1752 1498 1917 1537 σεαυ-

335 1578 432 1634 τὸν
452 1577 853 1634 καθυιοώαλετν
890 1595 908 1647 ;
953 1577 1013 1633 '0
1040 1577 1099 1633 δὲ
1131 1579 1264 1642 παῖς
1306 1572 1460 1632 εἶπεν
1488 1578 1675 1647 αὐτῷ’
1712 1578 1772 1630 Ei
1813 1574 1916 1631 οὖν

341 1668 526 1743 βούλει
545 1674 642 1742 τῆς
670 1670 814 1742 δμῆς
851 1669 1219 1742 ἀλεεινότητος
1249 1670 1580 1736 ὑπακοῦσαι,
1625 1668 1778 1736 λέξαι
1823 1687 1915 1741 μοι

2007 468 2209 521 virtute
2266 467 2610 522 vernaculam
2666 467 2805 522 servi
2861 466 3096 539 linguam
3164 468 3214 520 in
3264 464 3586 537 Syriacam;

2005 556 2330 627 locutusque
2360 558 2581 630 Syriare
2614 572 2737 615 cum
2770 559 2862 613 illo
2898 564 3000 620 est,
3034 571 3371 627 quacunque
3402 556 3584 613 vellet.

2007 646 2143 704 Cum
2190 664 2318 705 vero
2379 651 2650 707 Andream
2707 650 3077 719 compellans,
3133 649 3366 703 iantnius
3394 661 3588 705 nonae

2007 743 2240 813 precari,
2271 745 2499 807 diceret,
2525 754 2581 800 ut
2612 745 2667 799 in
2693 743 3008 800 societatem
3059 745 3179 798 vitm
3209 743 3353 797 illius
3387 740 3587 795 admit-

2011 846 2242 899 teretur,
2307 837 2351 893 si
2402 851 2562 908 pares
2619 837 2723 892 sibi
2780 836 2925 891 vires
2965 849 3074 890 non
3119 845 3339 901 essent;
3375 834 3590 904 negavit

2006 927 2271 994 Andreas,
2295 942 2458 998 posse
2497 930 2672 999 ipsum
2731 926 2960 983 sudores
2988 927 3345 995 laboresque,
3380 928 3445 979 ad
3480 936 3589 978 tam

2016 1020 2248 1076 sublime
2300 1022 2519 1077 virtutis
2561 1021 2776 1075 culmen
2847 1018 3179 1075 enitentibus
3240 1017 3591 1081 subeundos,

2012 1127 2277 1184 superare
2312 1133 2325 1169 :
2358 1114 2617 1184 quoniam
2684 1113 2790 1177 via,
2852 1112 3149 1184 inquiebat,
3209 1120 3479 1183 praerupta
3536 1118 3593 1167 et

2009 1207 2256 1272 acclivis,
2286 1205 2560 1263 laboriosa
2582 1216 2637 1262 et
2672 1206 2907 1262 diﬂicilis
2939 1205 3232 1261 admodum
3275 1216 3379 1260 cst.
3412 1202 3596 1270 Quare

2015 1309 2209 1355 auctor
2252 1299 2347 1354 tibi
2407 1314 2554 1364 sum,
2607 1307 2663 1354 ut
2714 1298 2771 1353 in
2795 1297 3223 1369 praesentistatu
3275 1303 3597 1352 constanter

2012 1391 2199 1463 pietati
2254 1392 2617 1464 religionique
2666 1405 2888 1463 operam
2944 1392 3065 1457 des,
3093 1399 3147 1446 et
3178 1406 3207 1445 a
3247 1390 3595 1446 Dominotuo

2014 1482 2318 1555 Epiphanio
2368 1484 2658 1557 diligenter
2713 1483 2913 1547 discas,
2938 1495 3061 1553 qua:
3092 1482 3160 1537 ad
3217 1481 3472 1536 virtutem
3501 1494 3595 1537 sa-

2015 1576 2297 1646 lutemque
2343 1584 2492 1631 tuam
2526 1575 2761 1631 maxime
2805 1577 3155 1632 conducunt:
3186 1573 3596 1629 fornicationem

2019 1667 2166 1739 fuge,
2199 1669 2522 1740 iniuriarum
2552 1666 2891 1734 obliviscere,
2950 1666 3089 1723 alias
3112 1666 3426 1721 aﬂ‘ectiones
3476 1662 3602 1719 uni-

340 1762 427 1819 ὅτι
456 1762 521 1816 οὐ
553 1762 780 1817 δύνασαι
801 1760 961 1817 τοῦτο
1014 1760 1258 1835 ποιῆσαι.
1304 1760 1490 1816 Ταῦτα
1534 1760 1589 1816 ὁὶ
1622 1760 1864 1826 ἀκούσας
1893 1763 1921 1815 ὁ

2024 1776 2213 1818 versas
2260 1771 2499 1833 tempera
2530 1778 2544 1817 :
2576 1774 2696 1830 qua:
2746 1759 2892 1815 enim
2931 1758 3132 1814 talibus
3169 1767 3220 1812 te
3274 1753 3599 1824 subiiciendi

342 1855 534 1919 ὀσιος
567 1852 863 1926 ἡσύχαζεν.

2027 1855 2324 1913 necessitas
2352 1861 2507 1924 urget
2535 1853 2560 1907 2
2586 1850 2671 1907 Ad
2700 1851 2817 1908 haec
2850 1850 3088 1907 famulus
3111 1865 3131 1911 :
3157 1848 3217 1904 Si
3258 1847 3363 1913 vis,
3392 1846 3592 1917 inquit,

340 1947 662 2005 miserrima
707 1960 844 2004 mea
897 1946 1092 2005 vilitati
1143 1945 1400 2020 obsequi,
1470 1945 1581 2015 die,
1629 1946 1773 2018 quod
1827 1959 1936 2003 non
1977 1954 2131 2015 potes
2189 1944 2241 2004 id
2286 1941 2540 2003 eli‘ectum
2578 1942 2731 2001 dare.
2784 1940 2997 2010 Quibus
3079 1939 3280 1996 auditis
3358 1935 3594 1993 obticuit

336 2040 607 2099 Andreas.

420 2133 524 2200 ξω.
552 2132 615 2190 '0
635 2130 695 2189 δδ
720 2132 1035 2204 Ἕκιφάνιος
1055 2132 1268 2206 βλέπων
1280 2132 1384 2206 τὴν
1400 2132 1607 2205 ἀθρόαν
1632 2133 1936 2207 μεταϐολὴν

348 2226 449 2299 τῆς
474 2224 724 2296 γλώττης
748 2224 842 2281 τοῦ
874 2225 1084 2291 παιδὸς,
1114 2226 1198 2281 ὅτι
1225 2224 1263 2279 ἀ
1293 2223 1372 2296 μὴ
1404 2224 1727 2296 μεμάθηκεν
1754 2226 1927 2295 άπεφσ

350 2319 683 2389 θίγγετοήν
708 2321 776 2391 τῇ
804 2318 1008 2391 καρδίᾳ
1052 2317 1223 2373 αὐτοῦ
1265 2316 1439 2373 ταῦτα
1478 2315 1774 2371 συνέϐαλεν
1830 2320 1929 2371 καὶ

350 2410 503 2480 λέγει
531 2428 546 2444 ο
580 2410 754 2467 Βασαὶ
783 2409 879 2465 τοῦ
919 2410 1225 2480 θαύματος,
1255 2409 1401 2464 πόσα
1440 2410 1493 2463 oi
1528 2407 1927 2477 ’Δγιοιδύναν-

346 2503 476 2559 ut!
528 2500 588 2558 '0
610 2502 670 2558 δὲ
702 2500 992 2573 Μακάριος
1031 2502 1231 2574 ἐδεήθη
1271 2501 1367 2557 τοῦ
1402 2501 1610 2573 Κυρίου
1647 2500 1779 2573 περὶ
1820 2498 1918 2555 τοῦ

352 2593 545 2658 παιδὸς
572 2633 589 2660 ,
628 2594 794 2666 χάριν
834 2595 936 2665 τῆς
979 2592 1191 2649 ἑκείνου
1240 2595 1536 2665 αίτήσεως,
1586 2593 1640 2648 τί
1683 2594 1791 2665 ἀρα
1837 2594 1919 2649 δεῖ

348 2684 611 2756 γενέσθαι
628 2701 643 2717 ·
677 2688 772 2744 καὶ
795 2682 962 2763 ἦλθεν
985 2687 1139 2761 φωνὴ
1161 2686 1309 2759 αὐτῷ
1336 2687 1570 2759 λέγουσα
1586 2700 1602 2722 ⁸
1627 2686 1740 2745 (λῦκ
1768 2686 1920 2744 ἐστιν

349 2777 514 2835 τοῦτο
558 2781 860 2853 συμφέρον,
903 2784 1086 2849 άπαγε
1134 2781 1231 2836 τοῦ
1280 2782 1719 2853 ῑγχειρήματος·
1751 2782 1925 2849 δεῖξον

350 2870 506 2945 αὐτῷ
548 2876 784 2947 πρᾶγμα
817 2876 999 2930 ὁποῖόν
1031 2877 1203 2940 ἐστιν,
1243 2875 1319 2945 μὴ
1372 2874 1447 2937 ὡς
1497 2874 1761 2929 ἀδυνάτου
1806 2889 1925 2941 σου,

347 2965 577 3022 Ιτοιαῦτα
603 2967 1081 3038 καταψηφίσηται.
1124 2965 1186 3021 '0
1213 2962 1308 3023 οὖν
1336 2968 1622 3039 Μακάριος
1647 2965 1819 3038 Ιφησε
1845 2966 1927 3039 τῷ

2093 2137 2184 2196 οι.
2238 2137 2448 2197 interea
2502 2150 2632 2194 vero
2685 2133 3044 2207 Epiphanius,
3123 2131 3605 2189 animadvertetis.

2022 2228 2200 2287 subita
2225 2229 2424 2300 lingua
2444 2227 2747 2284 mutatione
2793 2225 3055 2283 famulum
3085 2238 3272 2290 suum,
3304 2237 3428 2291 qua:
3458 2234 3602 2276 nun-

2026 2335 2196 2392 quam
2244 2321 2535 2387 didicerat,
2599 2321 2652 2375 in
2707 2320 2948 2375 medium
2972 2315 3247 2388 proloqui,
3303 2312 3605 2383 impensius

2022 2430 2140 2474 rem
2198 2428 2384 2470 annuo
2409 2413 2691 2484 perpendit
2714 2410 3144 2479 exclamavitqne
3174 2425 3189 2463 :
3217 2407 3401 2478 Papzel
3430 2420 3607 2470 quan-

2029 2520 2145 2568 tum
2194 2507 2558 2565 miraculum!
2591 2507 2721 2579 quid
2783 2504 2967 2561 Sancti
2994 2517 3102 2560 non
3124 2499 3395 2558 emciantl
3442 2499 3606 2553 Beato

2025 2612 2207 2657 autem
2232 2601 2445 2657 Andrea
2508 2596 2797 2655 Dominum
2828 2598 3081 2670 precibus
3113 2609 3211 2667 pro
3245 2592 3476 2657 (anulo,
3507 2591 3603 2663 qui

2024 2708 2118 2753 eas
2144 2694 2304 2750 enixe
2325 2692 2614 2763 ﬂagitaret,
2637 2692 3030 2763 interrogante,
3048 2687 3176 2761 quid
3191 2684 3406 2743 tandem
3425 2685 3492 2741 de
3512 2684 3607 2740 illo

2025 2788 2272 2844 futurum
2338 2796 2501 2850 esset,
2575 2785 2782 2855 allapsa
2835 2798 2940 2839 vox
2998 2792 3104 2848 est,
3165 2780 3254 2863 ita
3293 2778 3602 2848 inquiens:

2026 2879 2354 2950 Neutiquam
2409 2878 2538 2933 illud
2575 2876 3017 2948 expedit,apage,
3043 2888 3168 2933 cum
3206 2871 3383 2927 istltoc
3406 2868 3599 2927 censi-

2026 2971 2143 3027 lio:
2175 2970 2402 3027 ostende
2443 2969 2548 3041 ipsi
2599 2979 2800 3037 quanta
2829 2982 2917 3024 res
2961 2967 3066 3031 sit,
3099 2965 3335 3037 impares
3384 2963 3432 3020 ei
3460 2962 3607 3017 vires

366 3058 616 3128 ἶΑγγάλῳ
667 3057 745 3129 τῷ
792 3060 1056 3126 ἐφεστῶτι
1080 3073 1097 3091 ο
1148 3058 1364 3129 Πλῆσον
1416 3059 1476 3113 τὸ
1518 3060 1779 3132 ποτήριον
1824 3059 1921 3131 τῆς

2025 3079 2151 3122 esse
2196 3063 2264 3121 ad
2324 3062 2448 3118 talia
2508 3061 2954 3132 aggredienduzn.
3005 3058 3249 3115 Andreas
3315 3057 3479 3129 igitur
3530 3051 3609 3109 ait

355 3149 654 3222 θυμηδίας,
684 3149 778 3219 ἀφ’
802 3145 869 3221 ἧς
898 3150 931 3221 ἡ
973 3153 1135 3221 χάρις
1167 3149 1262 3204 τοῦ
1304 3149 1426 3204 κατ’
1456 3151 1555 3221 ἐμὲ
1589 3150 1927 3221 χαρίσματος

352 3242 684 3315 ἑπήνθησεν.
726 3240 1012 3312 Ἐποίησέν
1049 3258 1109 3295 τε
1152 3245 1179 3296 ὀ
1230 3241 1495 3311 Ἀγγελος
1544 3241 1750 3312 Κυρίου
1778 3257 1794 3273 ο
1832 3241 1929 3296 καὶ

352 3332 503 3404 λέγει
542 3333 680 3405 πρὸς
711 3332 873 3387 αὐτὸν
901 3335 931 3388 ὸ
971 3335 1258 3406 Μακάριος
1286 3352 1302 3367 ·
1353 3337 1567 3397 Ποτιείς
1602 3336 1809 3390 ἐκεῖνον
1833 3333 1927 3389 τὸν

349 3427 446 3479 ἀντὶ
470 3424 579 3479 τῶν
601 3426 779 3481 ποδῶν
813 3443 916 3497 μου
943 3427 1273 3498 καθήμενον.
1314 3428 1374 3483 '0
1419 3429 1477 3485 δὲ
1513 3428 1720 3493 εὐθέως
1759 3428 1929 3500 ἀορά-

347 3533 457 3582 τως
483 3518 735 3573 ἀπότισεν
761 3518 946 3583 αὐτὸν,
977 3520 1073 3573 καὶ
1098 3521 1299 3592 ἧρξατο
1330 3520 1362 3575 ὀ
1391 3524 1524 3585 παῖς
1568 3520 1928 3594 παραπλήσια

352 3611 612 3681 σχήματα
635 3611 897 3680 πράττειν
922 3611 1138 3668 ἐοικότα
1163 3613 1237 3683 τῷ
1267 3612 1513 3685 θεοφόρῳ
1543 3614 1733 3684 πατρὶ,
1777 3616 1927 3678 ὅστις

350 3703 498 3778 δρῶν
520 3704 688 3761 αὑτὸν
709 3704 923 3776 ἐμειδία
952 3705 1403 3778 εὐφραινόμενος.
1436 3705 1494 3759 '0
1512 3707 1569 3760 δὲ
1610 3706 1927 3776 Ἐπιφάνιος

354 3800 501 3875 δρῶν
527 3799 589 3855 τὸ
614 3800 836 3870 γεγονὸς
862 3799 1160 3870 ἐταράχθη,
1181 3799 1439 3869 φοϐηθεὶς
1466 3802 1541 3871 μή
1573 3815 1703 3855 ποτε
1729 3802 1930 3856 ἐπανα-

358 3894 555 3967 δράμῃ
590 3895 740 3948 πᾶσα
776 3894 1150 3964 ἀγανάκτησις
1197 3892 1293 3948 τοῦ
1347 3894 1552 3964 πατρὸς
1591 3892 1779 3959 αὑτοῦ,
1834 3894 1931 3949 καὶ

358 3988 511 4057 λέγει
542 3988 681 4058 πρὸς
706 3987 801 4043 τὸν
827 3988 1114 4058 Μακάριον
1141 4002 1159 4020 ο
1201 3985 1409 4056 Δέομαί
1457 4002 1576 4051 σου,
1628 3985 1782 4041 δοῦλε
1831 3984 1928 4041 τοῦ

353 4076 514 4145 Θεοῦ,
553 4077 631 4148 μὴ
651 4077 885 4149 ποιήσῃς
907 4075 1156 4132 τοῦτοτὺ
1200 4077 1437 4147 πρᾶγμα
1480 4076 1573 4130 ιπι
1618 4075 1695 4147 τῷ
1741 4074 1928 4147 οἰκέτῃ

353 4172 454 4227 τοῦ
482 4170 694 4242 πατρός
721 4188 853 4242 μου,
885 4170 960 4241 μή
989 4186 1121 4225 ποτε
1150 4169 1244 4224 καὶ
1272 4169 1435 4234 αὐτὸς
1485 4168 1925 4240 ὲξουδενωθείσῃ,

358 4263 453 4319 καὶ
484 4260 516 4316 δ
542 4262 676 4328 Θεὸς
705 4261 827 4316 ἀντὶ
850 4259 1058 4330 ἀγαθοῦ
1089 4258 1644 4332 βλασφημηθήσεται,
1689 4262 1787 4313 καὶ
1826 4257 1928 4329 sps

2034 3158 2244 3229 Angela
2276 3155 2513 3213 adstanti
2537 3155 2643 3212 sibi
2674 3173 2690 3210 :
2726 3152 2893 3223 Imple
2921 3153 3147 3209 calicem
3171 3153 3329 3219 ,Itunc
3383 3147 3607 3218 liquida

2037 3250 2331 3319 voluptatis
2378 3262 2550 3315 ntere,
2608 3247 2765 3318 cujus
2797 3246 2941 3300 -olim
2988 3254 3149 3313 gustu
3182 3242 3382 3297 divinre
3419 3238 3609 3311 gratim

2031 3342 2192 3399 donis
2239 3340 2547 3398 cumulatus
2595 3354 2739 3395 sum.
2806 3336 3132 3407 Paremique
3190 3348 3317 3389 mox
3366 3330 3604 3402 angelo:

2031 3438 2105 3493 Da
2142 3473 2160 3501 ,
2231 3432 2431 3503 inquit,
2480 3431 2558 3487 illi
2593 3431 2659 3486 ad
2695 3430 2860 3500 pedes
2915 3442 3065 3484 meos
3100 3432 3374 3498 prostrato
3414 3435 3611 3495 potan-

2026 3528 2181 3582 dum.
2232 3522 2388 3591 Quod
2448 3522 2646 3579 factum
2699 3521 2974 3578 continuo
3006 3517 3605 3587 cstmodoitvisibiii;

2027 3619 2300 3689 coepitque
2328 3616 2563 3671 famulus
2598 3614 2807 3670 similes
2849 3615 3008 3683 plane
3070 3622 3257 3685 gestus
3297 3610 3610 3681 exprimere

2028 3711 2220 3769 deiferi
2274 3709 2442 3782 patris
2483 3708 2731 3773 Andreae,
2772 3709 2866 3779 qui
2911 3707 3063 3763 illum
3118 3706 3462 3777 conspiciens
3498 3719 3608 3760 non

2028 3818 2089 3859 se
2137 3800 2460 3871 temperavit
2514 3814 2545 3855 a
2576 3799 2715 3856 risu.
2775 3798 2845 3855 At
2884 3799 3225 3869 Epiphanius
3256 3798 3332 3854 rei
3367 3798 3611 3853 novitate

2029 3894 2301 3957 turbatus,
2337 3892 2671 3963 veritusque,
2728 3906 2797 3948 ne
2821 3890 2959 3960 patri
2992 3890 3120 3947 hinc
3151 3903 3253 3945 suo
3294 3903 3609 3945 commove-

2032 3995 2183 4041 retur
2208 3984 2352 4051 bilis,
2404 3984 2601 4039 talibus
2627 3983 2890 4039 Sanctum
2941 3981 3191 4053 precibus
3226 3980 3455 4038 adorsus
3479 3990 3605 4040 est:

2026 4079 2237 4135 Amabo
2308 4087 2381 4142 te,
2427 4076 2628 4133 lamule
2681 4076 2799 4144 Dei,
2848 4089 2917 4131 ne
2964 4076 3059 4131 tali
3094 4074 3259 4131 modo
3287 4073 3457 4144 patris
3500 4073 3609 4129 mel

2031 4170 2297 4226 famulum
2334 4168 2470 4226 allici
2513 4168 2775 4240 patiaris;
2811 4184 2877 4224 ne
2901 4167 3042 4223 forte
3070 4175 3127 4222 ct
3144 4175 3199 4223 tu
3248 4168 3363 4237 ipse
3402 4165 3608 4222 malum

2030 4262 2125 4319 tibi
2177 4276 2445 4327 accersas,
2476 4269 2529 4316 et
2581 4260 2722 4317 Deus
2751 4275 2849 4331 pro
2874 4259 3031 4315 bonis
3062 4257 3429 4329 blasphemiae
3459 4256 3607 4313 reci-

361 4354 740 4426 μεμισημένον
764 4354 863 4409 καὶ
893 4353 1169 4424 ἐπάρατον
1184 4350 1363 4422 δείξῃς
1386 4352 1467 4423 τῷ
1490 4354 1796 4424 γεννήτορι,
1831 4352 1922 4406 καὶ

2028 4357 2163 4427 piat,
2211 4364 2266 4411 et
2299 4370 2385 4411 me
2409 4354 2547 4425 patri
2582 4369 2703 4409 meo
2728 4352 2979 4409 odiosum
3006 4360 3170 4422 atque
3207 4349 3607 4409 exsecrandum

354 4418 455 4520 οὐχ
485 4418 595 4512 ἔξω
624 4444 717 4500 τοῦ
752 4418 1017 4500 ίντεῦθεν
1048 4418 1449 4514 εἰσαγαγέσθαι
1488 4418 1570 4498 σε.
1617 4418 1922 4516 [ίαρακαλῶ

2031 4418 2251 4512 reddas,
2284 4418 2458 4518 neque
2489 4446 2696 4503 audebo
2735 4444 2992 4515 deinceps
3026 4418 3219 4501 te—hue
3241 4443 3606 4526 introducere.

355 4528 449 4589 οὖν
501 4532 598 4587 καὶ
639 4530 832 4602 δέομαι
886 4533 963 4604 μὴ
1016 4531 1181 4604 κενὴν
1222 4530 1556 4603 ἀποπέμψῃς
1598 4532 1699 4604 τὴν
1746 4531 1922 4604 δέησίι

2032 4537 2145 4596 Oro
2194 4538 2357 4609 igitur
2403 4548 2564 4609 atque
2610 4538 2857 4602 obsecro,
2891 4544 2952 4591 ut
2999 4536 3192 4593 irritas
3225 4550 3295 4593 ne
3322 4534 3457 4593 velis
3484 4549 3608 4592 esse

358 4640 488 4695 μου.
522 4624 773 4697 μέμνησο
806 4624 939 4695 μιᾶς
973 4623 1189 4697 ἡμέρας
1231 4624 1458 4696 ἀγάπην
1495 4623 1629 4698 ἐμοῦ
1662 4624 1758 4680 τοῦ
1785 4623 1922 4681 olnt-

2032 4646 2224 4703 preces
2248 4646 2417 4696 meas,
2441 4646 2650 4687 memor
2681 4629 2883 4687 amoris
2908 4637 2966 4685 et
3012 4627 3259 4686 beneﬁcii
3280 4642 3316 4687 a
3343 4643 3431 4686 me
3451 4627 3609 4686 servo

352 4732 449 4777 του
480 4732 599 4772 σου.

430 4807 528 4880 ξβσ.
561 4806 623 4862 ⁸0
645 4805 705 4862 δδ
728 4806 1015 4882 Μακάριος
1038 4806 1117 4881 μὴ
1138 4807 1306 4864 θέλων
1322 4806 1417 4862 τὸν
1445 4806 1761 4878 Ἐπιφάνιον
1782 4807 1941 4863 κενὸν

2029 4736 2124 4782 tuo
2151 4724 2244 4779 tibi
2270 4723 2566 4795 aliquando
2588 4723 2836 4795 praestiti.

2104 4816 2191 4874 62.
2217 4816 2467 4874 Andreas
2505 4815 2671 4874 basee
2715 4832 2909 4891 preces
2968 4816 3026 4874 in
3054 4823 3275 4874 ventum
3305 4813 3456 4872 abire
3486 4826 3601 4870 non

357 4900 708 4972 ἀποπεμψαι,
736 4902 1051 4973 ὑπήκουσεν
1074 4900 1239 4956 αὐτοῦ
1262 4900 1364 4971 τῆς
1386 4900 1650 4971 δεήσεως,
1677 4898 1772 4955 καὶ
1804 4916 1922 4972 προ-

2026 4909 2232 4975 ferens.
2285 4908 2588 4982 Epiphanio
2620 4926 2826 4967 morem
2874 4912 3041 4985 gessit
3090 4910 3455 4982 pmcepitque
3483 4919 3611 4963 ruﬁ

360 4985 585 5055 σίταξεν
612 4986 776 5045 πάλιν
802 4986 883 5062 τῷ
909 4989 1127 5063 ἀγγέλῳ
1180 4989 1277 5045 τοῦ
1322 4988 1456 5063 ἆραι
1506 4990 1603 5046 ἀπ’
1659 4988 1828 5046 αὐτοῦ
1869 4990 1934 5047 τδ

358 5080 634 5153 καταχθδν
654 5080 808 5153 αὐτῷ
837 5080 1070 5154 δώρημα
1086 5099 1103 5115 ο
1133 5084 1229 5139 καὶ
1254 5082 1420 5138 πάλιν
1442 5077 1606 5154 ἦλθεν
1634 5081 1665 5137 ὁ
1692 5084 1822 5147 παῖς
1848 5082 1932 5148 εις

357 5173 458 5246 τὴν
486 5175 759 5247 προτέραν
785 5178 1138 5241 κατάστασιν,
1180 5173 1364 5242 καθὼς
1408 5173 1600 5248 πρώην
1637 5174 1937 5249 ιχρημάτι-

356 5265 473 5335 (su.
539 5269 631 5325 Ἐν
684 5268 833 5342 λύπη
884 5270 944 5326 δι
999 5269 1236 5345 μεγίστῃ
1283 5271 1573 5340 γενόμενος
1621 5272 1654 5325 ὁ
1689 5270 1931 5341 οίκέτης,

360 5360 667 5434 παρεκάλει
690 5363 785 5417 τὸν
814 5363 1005 5418 Ὅσιον
1038 5363 1265 5434 δοθῆναι
1299 5363 1449 5435 αὐτῷ
1475 5363 1640 5419 πάλιν
1669 5362 1731 5417 τὸ
1759 5362 1932 5433 δῶρον

358 5453 559 5512 helvo.
602 5454 665 5509 '0
688 5456 749 5510 δὲ
771 5455 908 5529 πρὸς
940 5457 1104 5514 αὐτὸν
1128 5455 1514 5527 ἀπεφθέγξατο
1543 5470 1559 5489 ⁸
1610 5455 1929 5527 Δελάληκάς

429 5596 778 5686 (Bullinum
799 5601 944 5670 quod
971 5617 1079 5686 non
1108 5602 1295 5686 potius
1330 5602 1405 5686 in,
1432 5600 1780 5686 ,b'cytbicam,
1806 5620 1928 5686 quae

359 5666 563 5744 Sancto
612 5666 857 5744 materna
909 5682 1046 5727 erat.
1108 5666 1213 5729 Sed
1248 5682 1301 5729 et
1330 5666 1633 5744 "Syriacam
1671 5666 1927 5732 didicisse

359 5740 542 5812 aliqua
608 5741 894 5801 occasione
940 5744 1134 5815 potuit,
1166 5753 1223 5803 ut
1249 5754 1363 5803 erat
1400 5740 1663 5818 perquam
1687 5745 1879 5804 docilis
1909 5765 1924 5803 ι

2036 5014 2158 5058 sum
2204 5002 2427 5083 angelo,
2448 5009 2507 5060 ut
2540 5003 2686 5074 quod
2734 5001 2939 5059 famulo
2995 5002 3217 5060 allatum
3239 5010 3359 5060 erat
3384 4998 3609 5065 donum,

2035 5096 2284 5165 protinus
2313 5094 2525 5151 tolleret
2556 5110 2572 5149 :
2599 5102 2653 5151 et
2682 5096 2968 5152 restitutus
3005 5104 3089 5153 est
3131 5095 3181 5152 ei
3212 5093 3473 5165 pristinus
3494 5090 3610 5149 oris

2034 5186 2395 5258 corporisque
2444 5186 2683 5244 babitus.
2713 5188 3075 5255 Quamobrem
3104 5204 3212 5244 non
3248 5186 3351 5242 levi
3377 5198 3610 5243 mmrore

2035 5277 2282 5345 aliectus,
2334 5279 2401 5334 ad
2456 5294 2642 5351 preces
2690 5280 2887 5336 iterum
2940 5277 3607 5351 conlugit,Sanctnmque

2035 5369 2270 5428 ablatum
2318 5371 2519 5427 donum
2562 5375 2885 5444 repoposcit.
2941 5373 3043 5430 Cui
3098 5371 3376 5429 Sanetus:
3413 5370 3608 5427 Dixisti

2036 5463 2196 5519 modo
2252 5462 2408 5528 mihi,
2439 5478 2547 5519 non
2579 5480 2738 5535 posse
2764 5481 2848 5520 me
2880 5480 2996 5522 rem
3050 5474 3252 5522 tantam
3277 5465 3330 5521 in
3364 5473 3418 5521 te
3441 5462 3605 5534 perli-

2034 5620 2088 5664 et
2133 5624 2256 5665 mox
2307 5609 2508 5681 dicitur
2566 5609 2712 5666 dono
2744 5608 3045 5680 linguarum
3083 5605 3361 5681 prmditus,
3412 5612 3473 5661 ut
3504 5617 3605 5660 sua

2034 5695 2307 5753 quemque
2330 5680 2512 5750 lingua
2542 5682 2743 5751 alloqui
2781 5690 2986 5750 posset.
