4092 6154
352 312 454 381 801

1536 313 1719 378 νιΤΑ
1761 317 1826 381 S.
1868 316 2202 380 ANDliE.E
2242 318 2440 383 ΒΑΜ.

3542 320 3656 387 802

368 428 515 501 ἐγὼ
543 428 602 484 δὲ
644 428 807 485 τοῦτο
854 430 1217 504 θεασάμενος,
1262 430 1454 487 τέκνον
1485 449 1614 502 μου,
1665 432 1936 505 ὠδυνήθης

2058 432 2271 490 libidini
2302 447 2409 490 tum
2460 434 2755 492 insatiabili
2784 450 2894 491 non
2917 434 3139 501 sulm-it,
3165 444 3226 491 ut
3272 448 3485 491 sacram
3516 451 3657 506 qun—

361 522 465 592 τὴν
495 520 728 592 καρδίαν
760 539 890 592 μου,
929 523 1026 577 καὶ
1072 521 1331 577 ὠιεξδιοα
1363 520 1549 589 αὐτὸν,
1582 521 1712 587 ἴσως
1743 538 1959 593 σωφροο

348 614 637 687 νισθῇ.οεί
663 614 721 669 δὲ
753 614 1136 689 δευτερὼσεις,
1166 616 1231 671 ού
1275 615 1592 688 τριτὼσεις,
1645 616 1952 680 τουτέστιν.

352 708 721 782 ἆξαιτήσομαι
784 707 1063 780 δρέπανον
1099 707 1245 763 κατά
1298 709 1397 763 σού
1423 746 1439 775 ,
1487 710 1585 763 καὶ
1627 706 1834 780 θερίσω
1874 724 1955 766 σε.

363 801 492 873 'Atp‘
550 796 621 875 ἧς
685 802 798 875 γὰρ
862 800 1112 876 ἀποθάνῃ
1165 802 1196 856 ὁ
1239 800 1555 873 ἄνθρωπος,
1602 800 1790 855 οὐκέτι
1846 800 1956 855 λοι-

2063 541 2171 597 quc
2223 525 2359 582 mihi
2397 526 2545 582 diem
2606 536 2809 583 temere
2868 538 2926 583 et
2978 527 3381 584 inconsiderate
3436 526 3658 583 violes?

2060 616 2164 675 Per
2201 634 2469 691 sponsum
2498 635 2679 678 meum
2716 621 2997 679 Christum
3038 622 3135 679 tibi
3165 622 3330 693 juro,
3367 623 3413 679 si
3459 622 3660 679 iterato

2062 708 2118 766 id
2176 723 2351 766 ausus
2409 709 2601 780 lueris,
2641 712 2768 769 laxo
2798 713 3159 784 nonadjicias
3194 711 3442 770 tertium.
3479 714 3659 782 Atque

2064 802 2181 859 hac
2209 803 2390 859 locuta
2418 803 2688 880 discessit.
2722 805 2836 877 Ego
2861 817 3071 872 autem,
3108 806 3202 878 qui
3238 816 3404 877 gestae
3440 805 3517 861 rei
3573 807 3657 861 in-

348 897 452 951 πδν
505 895 840 967 ἁμαρτάνει,
884 892 1009 949 οὔτε
1057 893 1287 959 δικαίως
1351 894 1584 963 πράττει
1615 911 1631 925 ·
1689 893 1936 965 λυθείσης

2055 904 2318 962 tereram,
2378 896 2453 953 illi
2522 899 2616 964 mi,
2678 913 2898 969 gravem
2950 900 3139 956 animo
3191 902 3441 956 dolorum
3508 901 3654 967 cepi,

344 988 456 1059 γὰρ
487 988 588 1060 τῆς
633 987 817 1060 ψυχῆς
854 985 950 1043 τοῦ
1000 989 1277 1059 σώματος,
1318 990 1415 1043 καὶ
1454 986 1805 1043 κατάπαυσιν
1852 991 1947 1042 δε-

344 1078 607 1150 ξάμενος.

2062 1001 2240 1059 eaque
2268 988 2437 1044 modo
2477 989 2681 1062 ingessi
2720 992 2964 1058 homini,
2996 993 3043 1047 si
3078 989 3219 1049 forte
3284 992 3650 1063 resipiscerct.

2046 1077 2205 1149 Quod
2239 1096 2373 1138 vero
2395 1082 2615 1139 dicebat
2653 1101 2669 1139 :
2697 1082 2757 1141 Si
2792 1087 2989 1141 iterare
3010 1085 3063 1142 id
3087 1100 3261 1142 ausus
3287 1084 3483 1149 fueris,
3514 1081 3640 1138 laxo

346 1194 460 1233 non
513 1178 748 1251 adiicias
802 1178 1064 1245 teru'um,
1102 1180 1444 1234 tantumdem
1492 1188 1576 1234 est
1616 1192 1684 1234 ac
1728 1177 1776 1235 si
1817 1176 2086 1237 dixisset:
2117 1177 2427 1249 Exposcam
2490 1190 2688 1239 contra
2752 1192 2807 1240 te
2834 1181 3068 1249 falcem,
3132 1182 3518 1253 demetamque
3555 1189 3632 1236 te.

343 1270 707 1343 Posteaquam
761 1271 906 1327 enim
967 1273 1134 1327 vitam
1192 1286 1319 1329 cum
1388 1280 1563 1328 morte
1628 1271 1985 1328 commutavit
2044 1272 2233 1343 homo,
2290 1274 2429 1331 nihil
2515 1285 2602 1332 est
2666 1277 2813 1346 quod
2889 1290 3076 1349 peccet
3114 1277 3397 1349 deinceps,
3422 1280 3499 1333 uti
3529 1290 3635 1332 nec

340 1362 489 1434 quod
544 1364 685 1422 bene
728 1372 1029 1436 operetur:
1066 1371 1255 1436 utpote
1302 1364 1400 1437 qui
1444 1365 1515 1420 ab
1565 1363 1716 1421 omni
1763 1373 1947 1421 cessat
1981 1364 2219 1435 actione,
2260 1367 2427 1424 simul
2472 1376 2637 1441 atque
2672 1370 2855 1426 anima
2894 1373 3146 1444 corporis
3178 1371 3412 1429 vinculis
3451 1370 3637 1428 soluta

340 1456 545 1625 “2:;
576 1548 724 1622 Ἐφ’]
749 1550 887 1622 πρὸς
925 1548 1094 1607 αὑτὸν
1130 1548 1450 1623 Ἐπιίίθάνως
1471 1568 1488 1585 ’
1513 1550 1719 1624 Δέομαί
1745 1567 1866 1617 Μ’
1892 1551 1944 1606 ει

342 1637 505 1717 εὖρον
531 1641 699 1713 χάριν
726 1641 976 1696 ιναντίον
1006 1658 1125 1708 σου,
1156 1641 1498 1713 ἀπάγγειλόν
1521 1659 1615 1716 μοι
1657 1644 1742 1711 τὸ,
1772 1659 1943 1700 ποτα·

2114 1546 2241 1604 154.
2298 1547 2379 1603 Ad
2428 1546 2546 1604 haec
2582 1544 2868 1604 :Obsecro
2891 1558 2977 1614 te,
3027 1548 3210 1621 inquit
3283 1548 3650 1623 Epiphanius.

2035 1640 2301 1705 edissere,
2349 1640 2395 1698 si
2454 1655 2563 1713 qua
2620 1641 2830 1696 valeam
2856 1641 2999 1713 apud
3030 1651 3087 1698 te
3132 1643 3330 1715 gratia,
3358 1648 3537 1715 qualis
3569 1652 3642 1703 si:

343 1736 423 1809 πη
452 1738 572 1790 ἑστι
621 1734 771 1808 ψυχὴ
796 1737 894 1789 τοῦ
933 1735 1250 1808 ἀνθρώπου.
1301 1735 1644 1808 Ἐπίσταμαι
1692 1736 1807 1809 γὰρ
1837 1735 1936 1790 αύ-

2042 1733 2282 1791 hominis
2330 1734 2513 1791 anima
2546 1732 2751 1805 :cujus
2802 1735 3056 1805 quamvis
3114 1736 3249 1791 mihi
3307 1747 3504 1793 natura
3538 1755 3648 1796 non

346 1829 436 1893 τδς
463 1828 643 1899 hom
674 1831 875 1901 μικρδν
902 1828 974 1883 τά
1003 1832 1135 1901 περὶ
1174 1830 1366 1900 αὐτῆς,
1402 1829 1522 1884 ἀλλ’
1551 1830 1616 1884 ού
1666 1830 1941 1902 πληροφο-

348 1918 559 1991 ροῦμαι
586 1919 682 1972 ἰπὶ
715 1920 831 1983 τοῐς
863 1920 1018 1990 εμοίς
1054 1922 1409 1992 στοχασμοῐς,
1442 1920 1570 1975 ὅσον
1596 1920 1707 1991 εχω
1737 1920 1942 1991 πληρο-

344 2012 661 2085 φορηθῆναι
700 2012 796 2067 επὶ
820 2013 935 2077 τοῖς
972 2012 1129 2086 παρά
1159 2013 1256 2068 σοῦ
1289 2029 1383 2085 μοι
1419 2013 1739 2085 λεγομένοις
1772 2012 1941 2077 θείοις

342 2103 611 2174 ῥήματιν.
643 2104 812 2173 Λέγει
846 2102 986 2176 πρὸς
1014 2103 1184 2160 αὐτὴν
1206 2106 1237 2159 ὀ
1276 2104 1549 2177 μακάριος
1574 2120 1592 2138 ο
1622 2104 1829 2159 Τέκνον
1854 2142 1872 2168 ,
1903 2103 1939 2173 ἡ

343 2197 492 2269 ψυχὴ
528 2196 624 2253 τοῦ
660 2196 961 2269 ἀνθρώπου
1002 2198 1066 2253 τὸ
1115 2199 1229 2253 πᾶν
1259 2198 1446 2272 ὶκείνη
1498 2197 1749 2269 περίεστι
1775 2214 1792 2230 ο
1837 2197 1939 2269 τῆς

345 2287 461 2362 γάρ
484 2289 690 2363 σαρκὸς
708 2290 919 2362 ταύτης
942 2291 1038 2346 τοῦ
1082 2292 1341 2364 σώματος
1384 2291 1548 2364 ημῶν
1575 2290 1674 2346 τοῦ
1702 2291 1937 2363 πηλίνου

341 2381 487 2454 αὕτη
518 2384 694 2451 ἐστὶν,
730 2384 844 2438 εἴτε
872 2382 1011 2455 ζωὴ,
1052 2386 1163 2439 εἴτε
1207 2384 1305 2439 καὶ
1338 2384 1480 2448 θεὸς,
1511 2383 1602 2438 ἵνα
1638 2381 1813 2446 οὕτως
1862 2382 1942 2435 εε-

346 2492 462 2542 πω,
519 2477 615 2531 καὶ
667 2476 799 2531 ἄλλο
840 2492 918 2533 τι.
968 2478 1158 2552 Ταύτῃ
1199 2478 1307 2550 γὰρ
1358 2476 1618 2531 ἔδωκενὸ
1652 2474 1785 2538 Θεδς
1836 2474 1937 2547 τὴν

341 2570 582 2643 δύναμιν
617 2568 906 2638 ζωοποιεῖν
935 2572 1068 2627 αὐτὸ
1103 2575 1197 2627 καὶ
1232 2573 1528 2643 κυδερνᾷν,
1572 2571 1670 2626 καὶ
1710 2570 1937 2627 θάλπειν

338 2666 499 2731 αὐτὸ,
547 2667 639 2719 καὶ
698 2666 1000 2738 ἀναψύχειν
1052 2666 1145 2721 διὰ
1206 2666 1309 2738 τῆς
1352 2666 1604 2740 θέρμης·
1650 2664 1783 2721 ἄνευ
1826 2662 1937 2735 γάρ

339 2758 548 2830 ταύτης
569 2760 637 2815 τὰ
661 2757 893 2830 σώματα
920 2759 1081 2831 ἡμῶν
1102 2758 1297 2830 πηλὸς,
1332 2758 1427 2812 καὶ
1455 2759 1626 2823 κόνις,
1642 2758 1736 2811 καὶ
1756 2756 1935 2826 τέφρα

340 2853 714 2926 καθεττηκεν.

410 3019 547 3095 ρνί.
589 3020 909 3091 Ἑπιφάνιος
953 3018 1110 3075 εἶπεν
1138 3035 1156 3053 ο
1207 3019 1544 3092 Ἐπίσταμαι
1593 3020 1664 3075 τά
1704 3019 1933 3075 τοιαῦτα

2045 1828 2271 1885 omnino
2313 1826 2593 1900 incognita
2652 1827 2745 1897 sit,
2800 1837 2885 1883 est
2915 1838 3096 1884 tamen
3124 1843 3224 1884 cur
3253 1830 3390 1886 meis
3413 1830 3533 1902 ipse
3558 1848 3651 1887 eo-

2045 1921 2231 1994 gitatis
2260 1932 2427 1990 atque
2450 1918 2991 1977 eonsiderationibus
3031 1922 3214 1977 minus
3273 1924 3646 1993 acquiescam,

2044 2011 2426 2070 certitudinem
2454 2011 2828 2083 acquisiturus
2856 2011 3121 2084 majorem
3152 2014 3197 2069 si
3242 2016 3465 2070 accedat
3508 2030 3647 2084 pon-

2042 2103 2149 2159 dus
2190 2104 2484 2160 verborum
2541 2112 2785 2161 tuorum.
2838 2104 2939 2160 Cui
3003 2105 3087 2163 sic
3143 2107 3392 2164 Andreas
3438 2126 3456 2163 :
3492 2107 3647 2166 Talis

2042 2190 2267 2245 omnino
2305 2201 2388 2247 est
2449 2190 2690 2248 hominis
2742 2193 2951 2260 anima,
3003 2195 3101 2261 iiii,
3140 2206 3198 2250 ut
3254 2198 3501 2269 corporis
3543 2215 3646 2254 no-

2044 2283 2145 2339 stri
2192 2285 2432 2340 carnalis
2482 2294 2536 2340 et
2576 2300 2612 2341 ο
2644 2284 2761 2342 Ιιιιο
2786 2289 3057 2359 compaeti
3115 2304 3212 2346 seu
3242 2290 3381 2356 vita,
3420 2295 3536 2347 sive
3562 2295 3648 2363 (ut

2043 2376 2116 2431 ita
2167 2374 2383 2448 loquar)
2419 2376 2578 2444 deus,
2610 2393 2709 2434 seu
2736 2379 2884 2436 aliud
2913 2380 3194 2452 quidpiam
3225 2397 3333 2439 non
3369 2385 3643 2451 absimile,

2040 2467 2362 2538 appellanda
2419 2470 2493 2525 sit
2531 2486 2547 2524 :
2576 2469 2654 2525 illi
2716 2482 2864 2528 certe
2897 2474 3059 2529 talem
3094 2475 3238 2531 Deus
3276 2478 3507 2532 contulit
3536 2479 3647 2533 vir-

2042 2568 2238 2627 tutem,
2266 2571 2325 2617 ut
2351 2566 2570 2633 corpori
2596 2566 2761 2621 vitam
2796 2567 3127 2638 suppeditet,
3159 2581 3217 2625 ut
3266 2571 3401 2626 illud
3433 2572 3647 2628 rati0ue

2038 2656 2332 2726 gubernet,
2400 2656 2584 2714 calore
2636 2668 2697 2714 ut
2750 2660 2951 2729 foveat,
3005 2661 3239 2719 fovendo
3300 2674 3362 2719 ut
3434 2677 3645 2722 recreet

2039 2759 2202 2819 atque
2226 2759 2537 2806 conservet.
2571 2752 2791 2824 Absque
2820 2754 3002 2810 anima
3037 2756 3240 2827 quippe
3264 2756 3424 2821 foret,
3453 2769 3511 2813 ut
3532 2760 3641 2828 iam

2039 2857 2267 2912 corpora
2303 2852 2486 2899 nostra
2506 2845 2562 2899 in
2601 2844 2798 2913 lutum,
2830 2847 2885 2901 in
2922 2846 3158 2916 cineres,
3190 2851 3244 2903 in
3275 2850 3466 2906 sordes
3494 2852 3638 2906 rela-

2040 2935 2321 2992 berentur.

2114 3024 2238 3079 155.
2268 3026 2575 3084 Resumens
2607 3026 2949 3100 Epiphanius
2987 3049 3001 3086 :
3039 3028 3228 3104 Neque
3260 3033 3375 3089 ha-c
3403 3034 3522 3107 ipsa
3554 3051 3643 3091 me

341 3117 438 3173 ui
468 3116 631 3181 αὑτός
657 3132 672 3149 ο
699 3116 817 3171 ἀλλ’
846 3114 1035 3186 nmo
1062 3115 1149 3180 τίς
1180 3115 1214 3189 η
1245 3117 1345 3185 τῆς
1373 3115 1558 3186 ψυχῆς
1592 3114 1757 3170 οὐσία
1783 3152 1800 3180 ,
1826 3129 1929 3168 πο-

2042 3118 2292 3188 iugiunt,
2349 3119 2573 3191 inquit;
2650 3121 2784 3177 illud
2858 3132 3041 3178 autem
3101 3127 3438 3195 quaerebam,
3520 3144 3644 3198 quae

336 3207 489 3278 ταπη
537 3206 598 3261 δὲ
645 3208 680 3279 η
714 3206 927 3277 ταύτης
958 3204 1164 3278 θεωρία
1212 3205 1323 3259 ἀπὸ
1360 3204 1457 3259 τοῦ
1488 3203 1729 3274 ἐξελθεῖν
1759 3203 1933 3275 αὐτὴν

336 3300 447 3354 ἀπὸ
508 3299 606 3355 τοῦ
646 3297 903 3371 σώματος
953 3296 1227 3371 [ποταπὸν
1270 3314 1331 3351 τε
1386 3298 1448 3352 τὸ
1501 3296 1792 3369 γνώρισμα
1832 3296 1936 3368 τῆς

340 3410 400 3448 τε
448 3394 668 3458 δικαίας
713 3393 814 3465 τῆς
865 3408 925 3447 τε
982 3388 1317 3463 ἀμαρτωλοῦ
1370 3390 1553 3464 (64)].
1612 3391 1759 3464 Ἔφη
1795 3392 1936 3464 πρὸς

336 3485 502 3541 αὑτὸν
524 3486 553 3539 ὁ
595 3486 870 3557 μακάριος
899 3500 918 3518 ο
958 3484 1024 3540 Ἦ
1053 3485 1215 3541 οὐσία
1242 3486 1344 3557 τῆς
1366 3484 1549 3555 ψυχῆς
1591 3485 1783 3556 νοερόν
1813 3486 1933 3538 ἐστι

343 3580 589 3651 πνεῦμα,
625 3578 863 3649 ὶλαφρόν
894 3594 955 3632 τε
985 3579 1083 3631 καὶ
1127 3574 1446 3647 σοφώτατον
1494 3575 1723 3648 σφόδρα,
1763 3572 1936 3645 γαλη-

338 3675 430 3729 νόν
466 3690 525 3726 τε
555 3674 650 3728 καὶ
682 3673 808 3743 ἡδὺ,
843 3670 1050 3742 ἥσυχον
1082 3672 1179 3725 καὶ
1208 3671 1539 3739 πραότατον,
1572 3666 1934 3739 τετορνευμὲ-

336 3784 430 3821 νον
457 3767 543 3832 είς
575 3750 786 3836 ἀόρατα
816 3780 939 3818 τινα
970 3762 1131 3834 μέλη,
1163 3762 1305 3833 ὑπὲρ
1334 3763 1594 3834 διήγησιν
1621 3761 1801 3832 ὡραῖα
1836 3758 1933 3814 καὶ

336 3860 560 3931 ἥδιστα,
590 3856 960 3930 πανευπρεπῆ
993 3858 1090 3910 καὶ
1119 3854 1445 3927 καταθύμια
1499 3856 1623 3910 λίαν
1670 3853 1792 3926 Θεῷ
1834 3855 1932 3909 καὶ

337 3955 461 4018 ταῖς
514 3952 761 4024 χορείαις
807 3950 917 4005 τῶν
964 3950 1142 4019 ἁγίων
1187 3948 1437 4018 ἀγγέλων
1490 3946 1928 4020 χρηματίζοντα.

338 4048 479 4103 Κατ’
505 4046 683 4116 ἀρχὰς
704 4045 763 4098 δὲ
792 4044 993 4107 πάντες
1020 4044 1303 4115 ἄνθρωποι
1331 4040 1477 4112 ὑπὲρ
1503 4040 1595 4094 τὸν
1617 4040 1771 4110 ἢὶιον
1796 4055 1935 4111 τρα-

337 4135 563 4203 νότερον
604 4134 1100 4205 ἀπαστράπτοναιν
1124 4148 1138 4163 °
1188 4131 1549 4205 αὐξανόμενοι
1588 4131 1670 4199 δὲ,
1722 4131 1820 4185 καὶ
1859 4133 1930 4202 τῇ

333 4226 531 4301 ἡλικία
559 4226 976 4300 προϐαίνοντες,
1003 4226 1150 4291 οἵαις
1194 4227 1389 4289 αύταῐς
1437 4222 1781 4298 χρησόμεθα.
1815 4225 1929 4278 υύκ

334 4320 445 4374 εἰσὶ
488 4317 549 4373 ει
598 4320 820 4374 πάντων
865 4316 973 4372 τῶν
1019 4318 1081 4372 εν
1132 4318 1307 4389 ἀρετῇ
1353 4317 1619 4389 βιούντων
1653 4317 1710 4371 nl
1760 4317 1931 4388 ςυχαὶ

336 4413 453 4468 ἴσαι
476 4416 543 4484 τῇ
573 4411 928 4485 λαμπρότητι
962 4426 976 4444 ·
1016 4410 1158 4466 ἀλλά
1208 4410 1394 4474 καθὼς
1422 4410 1655 4474 ἕκαστος
1686 4410 1925 4464 tonsus:

2040 3209 2389 3279 potissimum
2419 3212 2617 3269 animae
2645 3213 2952 3271 substantia
2987 3218 3100 3284 sit;
3132 3218 3309 3288 qualia
3330 3221 3637 3277 beatilicata

2038 3300 2177 3357 visio
2207 3302 2348 3372 ejus,
2373 3320 2495 3360 cum
2517 3308 2816 3363 excesserit
2842 3323 2874 3365 ο
2910 3322 3176 3380 corpore;
3226 3314 3373 3383 quod
3394 3314 3634 3385 denique

2042 3394 2361 3464 discrimen,
2425 3398 2570 3455 unde
2627 3400 2809 3457 anima
2860 3409 3162 3473 peccatrix,
3209 3408 3352 3462 unde
3368 3409 3518 3477 iusta
3541 3426 3638 3466 co-

2038 3488 2228 3558 gnosci
2283 3489 2476 3560 possit.
2526 3489 2930 3558 Quaestionibus
2987 3495 3077 3553 his
3119 3498 3202 3553 sic
3245 3503 3486 3558 octnrrit
3524 3506 3639 3559 An-

2035 3577 2197 3635 dreas
2232 3580 2588 3638 :Substantia
2617 3586 2835 3653 animm,
2877 3588 3102 3657 spiritus
3135 3604 3222 3648 est
3266 3594 3633 3661 rationabilis,

2034 3671 2243 3727 moveri
2297 3672 2619 3744 perfacilis,
2665 3680 2933 3750 sapientia
3002 3687 3265 3753 pra-ditus
3323 3689 3632 3761 singulari,

2034 3769 2218 3838 quiete
2272 3777 2329 3825 et
2381 3770 2771 3842 tranquillitate
2800 3774 3045 3846 gaudet,
3091 3778 3324 3835 blandus
3377 3793 3432 3837 et
3488 3784 3634 3838 mitis

2032 3872 2136 3927 est,
2168 3872 2219 3917 et
2255 3862 2520 3919 formatus
2564 3864 2891 3937 quibusdam
2921 3869 3086 3925 veluti
3132 3885 3164 3927 e
3216 3874 3481 3943 partibus,
3532 3877 3636 3929 sub

2034 3965 2312 4024 aspectum
2367 3967 2613 4013 nostrum
2676 3972 2787 4014 non
2837 3962 3178 4027 cadentibus,
3230 3974 3470 4020 attamen
3522 3976 3658 4027 tam.

2034 4046 2296 4116 pulchris,
2337 4047 2620 4119 iucundis.
2657 4048 2978 4106 decentibus
3019 4061 3185 4123 atque
3221 4053 3634 4113 delectabilibus

2033 4149 2095 4193 ut
2150 4139 2333 4194 verbis
2373 4137 2647 4209 explicare
2677 4156 2840 4197 nemo
2864 4143 3056 4213 possit,
3090 4144 3426 4215 rapientibus
3465 4148 3630 4201 etiam

2032 4224 2089 4285 in
2150 4231 2568 4287 admirationem
2639 4234 2724 4288 sui
2780 4233 2951 4289 Deum
3024 4236 3203 4306 ipsum
3280 4238 3632 4308 angelosque.

2033 4321 2292 4378 Omnimn
2319 4336 2500 4380 autent
2541 4326 2823 4382 hominum
2857 4330 3058 4384 animae
3099 4331 3366 4400 principio
3415 4330 3632 4401 fulgen-

2033 4415 2199 4471 tiores
2255 4414 2414 4487 longe
2452 4424 2581 4471 sunt
2618 4417 2738 4487 ipso
2764 4417 2921 4486 sole;
2967 4420 3291 4489 procedente
3329 4436 3456 4475 vero
3475 4432 3634 4477 tutare

334 4503 655 4576 λαμπρῦναι
707 4505 809 4574 τὴν
863 4500 1064 4557 ἑαυτοῦ
1096 4502 1300 4572 ψυχὴν,
1354 4499 1424 4553 δι’
1470 4500 1701 4568 ἀγώνων
1764 4500 1926 4554 θείων

2042 4508 2171 4564 tales
2230 4508 2492 4575 evadunt,
2533 4510 2722 4579 quales
2775 4510 2876 4581 ipsi
2907 4513 3166 4584 operibus
3209 4515 3409 4570 nostris
3437 4512 3631 4569 ieceri-

328 4600 433 4655 ααὶ
485 4600 784 4671 ιναρίτων.
819 4596 972 4659 Τέως
1020 4595 1101 4660 δὲ,
1135 4593 1322 4655 καθὼς
1351 4593 1571 4666 εἴρηκα,
1612 4592 1751 4665 πρὸς
1777 4593 1808 4647 ὅ
1841 4608 1926 4657 τις

332 4692 688 4765 ἀγωνίζεται,
750 4689 1109 4763 φλιδρύνεται
1138 4705 1153 4721 ο
1196 4687 1294 4743 καὶ
1348 4689 1476 4743 ὅσον
1529 4686 1738 4758 ἐγγίζει
1785 4684 1928 4757 Θεῷ,

331 4785 792 4855 ἀπαττρὰπτεται
814 4798 828 4812 ’
883 4784 1012 4839 δοον
1037 4799 1122 4848 τις
1156 4782 1420 4851 ὑπομένει
1451 4780 1662 4852 θλίψεις
1694 4778 1792 4835 καὶ
1830 4781 1931 4832 πό-

332 4896 459 4943 νους
490 4879 580 4934 8ιά
618 4876 851 4948 Κύριον,
880 4877 1144 4947 ἀνάγεται
1174 4861 1501 4945 πλησιάζειν
1522 4874 1663 4945 Θεῷ,
1691 4873 1927 4942 φωτίζε-

330 4991 447 5042 ται,
490 4971 899 5046 λαμπρύνεται,
960 4970 1177 5040 γίνεται
1230 4971 1301 5042 τῇ
1355 4968 1577 5042 μεθέξει
1624 4969 1743 5034 θεὸς
1783 4968 1931 5025 κατά

333 5072 498 5144 χάριν
520 5067 615 5123 τοῦ
643 5067 804 5138 ἁγίου
834 5065 1180 5138 Πνεύματος.

2039 4614 2184 4657 nius.
2244 4596 2433 4671 Neque
2486 4602 2631 4656 enim
2684 4604 2982 4673 putandum
3009 4612 3110 4668 est,
3162 4605 3406 4660 omnium
3439 4605 3490 4659 in
3519 4605 3631 4657 vir-

2029 4691 2166 4747 tutis
2196 4692 2376 4747 stadio
2404 4692 2815 4749 decurrentium
2840 4695 3052 4750 animas
3075 4694 3480 4764 pulchritudine
3509 4696 3630 4765 pari

2033 4788 2247 4853 nitere;
2286 4800 2635 4857 nequaquam
2674 4801 2689 4838 :
2722 4786 2815 4843 sed
2834 4788 3243 4859 proutquisque
3278 4789 3475 4843 minori
3508 4804 3629 4843 eam

2032 4875 2297 4948 majorive
2328 4878 2510 4933 Studio
2544 4878 2842 4933 excoluerit
2880 4888 2935 4934 et
2963 4881 3264 4935 exercuerit
3294 4880 3347 4935 in
3371 4882 3630 4950 operibus

2031 4971 2354 5034 sauctis,ita
2387 4978 2441 5025 et
2474 4970 2935 5042 pulchritudinem
2965 4972 3116 5028 illam
3164 4973 3376 5029 auxerit
3406 4974 3624 5028 minue-

2033 5064 2192 5120 ritvc.
2234 5061 2511 5131 Quantum
2570 5066 2740 5127 enim.
2772 5076 2831 5119 ut
2864 5067 3024 5122 modo
3052 5068 3186 5133 dixi,
3236 5067 3499 5123 laboravit
3528 5068 3630 5121 aii-

329 5162 480 5233 quis,
509 5170 661 5218 tanto
687 5159 1001 5216 cumulatur
1034 5158 1555 5229 gaudio;quantum
1622 5155 1734 5213 Deo
1790 5156 2215 5227 appropinquat,
2291 5165 2442 5211 tanto
2498 5157 2744 5226 splendet
2805 5158 3047 5228 lumine;
3102 5169 3310 5230 quanto
3392 5159 3626 5228 denique

328 5258 612 5327 graviores
643 5256 859 5311 labores
896 5269 962 5310 ac
992 5253 1372 5309 tribulationes
1400 5261 1624 5324 propter
1666 5254 1961 5309 Dominum
2000 5254 2260 5320 sustinet,
2320 5262 2476 5308 tanto
2516 5255 2741 5325 propius
2773 5271 2803 5310 a
2847 5255 2955 5311 Deo
3002 5257 3182 5321 abest,
3233 5265 3391 5312 tanto
3442 5258 3634 5326 eopio-

330 5355 463 5412 siori
498 5354 702 5409 lumine
731 5351 1054 5415 illustratur,
1077 5358 1133 5407 et
1164 5352 1221 5405 iit
1273 5352 1686 5422 participatione
1714 5352 1905 5423 gratia:
1942 5354 2118 5408 sancti
2156 5350 2394 5421 Spiritus
2422 5351 2831 5421 quodammodo
2873 5356 2987 5423 ipse
3035 5355 3190 5409 deus.

406 5454 552 5521 ρνς’.
584 5447 799 5517 Ὠσπερ
817 5445 873 5498 δέ
898 5446 1048 5500 ἐστιν
1068 5442 1097 5498 ὃ
1124 5445 1340 5519 σίδηρος
1374 5446 1547 5518 μέλας
1574 5446 1667 5498 καὶ
1694 5443 1927 5516 ψυχρὸς,

335 5540 594 5611 κείμενος
624 5537 683 5591 δὲ
720 5536 873 5591 ἔνδον
896 5535 991 5589 τοῦ
1034 5537 1208 5609 πυρὸς
1239 5537 1334 5590 καὶ
1367 5535 1637 5607 χρονίζων
1664 5534 1927 5606 λαμπρύο

335 5649 486 5687 νεται
534 5630 719 5685 πλεῖον
741 5646 757 5661 ο
796 5628 941 5683 οὕτω
973 5630 1069 5683 καὶ
1118 5630 1169 5683 oi
1199 5628 1500 5699 ἂνθρωποι.
1535 5626 1654 5699 Πῦρ
1682 5628 1830 5683 ἐστιν
1871 5631 1931 5682 τὸ

2117 5442 2243 5499 156.
2271 5444 2487 5498 Etenim
2527 5444 2687 5500 sicuti
2721 5442 2946 5508 ferrum,
2990 5446 3204 5516 nigrum
3235 5445 3627 5519 frigidiimque,

2039 5538 2085 5593 si
2116 5536 2173 5591 iu
2202 5537 2385 5607 ignem
2414 5536 2741 5607 conjiciatur
2772 5549 2825 5595 et
2862 5540 3199 5610 aliquamdiu
3229 5549 3468 5602 maneat,
3507 5557 3624 5595 ma-

2042 5633 2125 5704 gis
2194 5630 2474 5701 magisque
2518 5632 2747 5703 ignescit
2774 5648 2838 5688 ac
2897 5636 3083 5689 rutilat
3122 5654 3134 5691 :
3166 5635 3245 5691 ita
3279 5643 3331 5691 ct
3361 5648 3486 5689 cum
3521 5636 3623 5690 ho-

406 5796 519 5863 (66)
583 5793 684 5852 Ms.
742 5793 915 5853 Vatic.
984 5795 1203 5865 ποταπή
1247 5811 1309 5865 γε
1337 5794 1368 5867 ἡ
1398 5793 1722 5868 ἀμαρτωλδς
1750 5795 1840 5849 καῖ
1867 5796 1911 5847 εἰ
1957 5792 2031 5847 ἕν.
2071 5793 2168 5866 τῆς
2203 5794 2421 5859 δικαίας
2449 5792 2630 5867 ψυχῆς
2662 5793 2978 5865 γνῦρισμα.
