4068 6160
398 318 504 383 873
1560 318 1738 381 VITA
1776 320 1839 382 S.
1880 320 1980 383 AN

2082 319 2209 381 tEt‘E
2240 321 2433 385 ΒΑΗ.
3531 316 3636 381 874

394 432 804 502 ἀρπαγήσονται
836 437 892 488 ὲν
919 433 1165 501 νεφέλαις
1194 433 1273 495 είς
1303 432 1607 499 ἀπάντησιν
1630 431 1725 488 τοῦ
1758 432 1965 503 Κυρίου

2082 448 2158 485 air
2187 446 2313 486 cum
2354 429 2459 485 illis
2499 428 2554 483 in
2612 427 2848 485 nubibus
2882 428 3097 484 obviam
3132 427 3354 483 Christo
3402 431 3457 484 in
3489 446 3641 488 aera.

392 524 471 584 είς
503 524 658 592 ἀέρα.
692 524 865 580 Ὅταν
899 525 989 579 οὖν
1137 541 1219 587 τις
1250 523 1317 575 τὰ
1346 520 1575 595 βδελυρά
1602 522 1733 588 ἔθνη
1762 525 1842 585 είς
1872 523 1966 575 τὸν

2082 524 2207 578 [tum
2239 523 2364 591 quis
2390 536 2519 591 ergo
2547 521 2744 576 viderit
2763 561 2779 584 ,
2821 520 2895 577 illi
2927 519 3000 575 mi
3022 558 3038 584 ,
3066 521 3429 576 exsecrandas
3457 533 3647 590 gentes

393 614 596 682 κόσμον
630 616 949 686 ἐληλυθότα,
970 618 1204 678 τέκνον,
1259 617 1382 668 τότε
1419 614 1734 680 γινωσκέτω
1762 614 1844 668 ὅτι
1872 614 1966 666 ἐπὶ

2082 616 2198 670 illas
2230 614 2495 685 irrupisse
2523 614 2575 668 in
2606 612 2903 677 mundum,
2937 613 3075 668 sciat
3104 613 3152 668 is
3175 654 3189 678 ,
3230 627 3401 682 prope
3442 628 3563 670 esse
3594 616 3648 669 in

391 706 587 777 Θυραις
614 708 813 771 πάντα,
846 711 938 764 καὶ
968 711 1106 781 μετὰ
1148 707 1342 777 μικρὸν
1365 709 1392 762 6
1429 706 1638 778 Κριτής
1677 704 1968 759 ἐπελεύσε-

390 815 500 851 ται.
532 800 718 854 Ταῦτα
769 802 1032 870 ἐλάλησεν
1062 802 1092 854 6
1124 800 1411 871 Μακάριος
1455 801 1524 869 τῇ
1572 799 1730 853 νυκτὶ
1780 797 1969 869 εκείνη

389 888 471 961 τῷ
503 890 829 961 Ἐπιφανέῳ,
873 890 1292 963 ἀγρυπιούντων
1324 889 1507 944 αὐτῶν
1534 889 1632 946 καὶ
1675 888 1780 960 τῆς
1827 889 1970 960 ιμῆς

393 984 795 1054 ταπεινότητος.
822 983 931 1037 Teii
957 984 1011 1038 δὲ
1036 982 1198 1051 ξύλου
1221 982 1323 1052 τῆς
1351 980 1650 1052 ικκλησίας
1700 980 1970 1052 κρούσαν-

394 1089 507 1137 τος,
555 1073 827 1145 ἐπορεύθη
859 1077 887 1129 6
917 1073 1237 1143 Ἐπιφάνιος
1282 1074 1462 1128 ἐκεῖσε
1481 1089 1498 1105 ·
1527 1074 1558 1128 6
1582 1072 1641 1128 δὲ
1679 1072 1971 1145 Μακάριος

394 1166 454 1219 ιν
483 1165 564 1241 τῷ
594 1166 729 1238 οίκῳ
763 1165 888 1223 καθ’
918 1167 1110 1225 ἑαυτὸν
1134 1164 1501 1240 προσηύχετο.

2070 706 2276 776 ianuis,
2303 721 2425 776 qua:
2454 704 2593 773 dixi,
2620 707 2802 760 omnia
2826 723 2842 770 ;
2889 716 2944 761 et
2975 705 3122 759 brevi
3151 703 3396 759 Judicem
3428 707 3649 760 adfutu-

2077 814 2225 855 rum.
2271 800 2452 867 Atque
2496 797 2551 852 hi
2603 796 2755 851 fuere
2787 811 3066 853 sermones
3089 836 3105 863 ,
3135 810 3273 867 quos
3306 797 3372 849 ad
3416 795 3650 866 Epipha-

2078 894 2227 948 nium
2264 892 2453 947 habuit
2500 890 2747 946 Andreas
2785 898 2945 943 nocte
2990 888 3081 943 illa
3106 928 3122 954 ,
3158 896 3273 942 tum
3321 888 3453 957 ipsis
3476 930 3490 950 ,
3538 896 3652 941 tum

2081 982 2214 1036 mihi
2254 995 2474 1051 quoque
2514 978 2633 1033 sine
2666 992 2861 1034 somno
2904 984 3211 1045 transacta;
3261 977 3433 1031 donec
3465 977 3651 1030 datum

2080 1074 2296 1143 signum
2328 1073 2394 1125 ad
2424 1069 2711 1126 ecclesiam
2765 1079 3111 1132 convocaret,
3165 1081 3276 1137 quo
3314 1067 3656 1139 Epiphanius

2078 1165 2296 1235 quidem
2336 1177 2456 1217 sese
2481 1159 2747 1229 contulit,
2792 1159 3039 1216 Andreas
3078 1174 3207 1214 vero
3239 1159 3386 1217 domi
3424 1159 3652 1215 seorsim

2078 1257 2313 1313 orationi
2340 1271 2400 1311 se
2429 1252 2601 1311 dedit.

1797 1390 2031 1448 CAPUT
2087 1388 2299 1447 XXV".

400 1529 686 1588 Occasione
740 1527 963 1587 calcatis
994 1530 1348 1602 fragrantia,
1404 1529 1499 1587 sub
1533 1547 1687 1587 saera
1726 1532 1950 1586 lectione
1979 1535 2571 1674 percefpte,rnarratur
2613 1527 2837 1584 historia
2873 1525 3137 1584 Theodori
3171 1527 3237 1583 a6
3286 1527 3487 1599 angelis
3516 1529 3654 1584 inter

1721 1611 1984 1657 tormenta
2019 1618 2113 1655 con
2143 1611 2260 1655 arta
2288 1615 2328 1654 ι.

1721 1611 1984 1657 tormenta
2019 1611 2328 1657 conlartatt.

470 1731 567 1787 σλν.
594 1732 815 1802 Πρωῖας
842 1734 898 1789 δὲ
928 1732 1250 1805 γενομένης,
1270 1734 1439 1789 πάλιν
1465 1732 1586 1809 [ἐπὶ
1606 1735 1668 1790 τὸ
1688 1734 1823 1790 αὐτὸ
1849 1752 1973 1789 συν-

2144 1732 2273 1788 230.
2300 1731 2654 1790 lllucescente
2677 1741 2896 1805 postera
2920 1733 3033 1800 die,
3053 1732 3243 1787 eodem
3268 1732 3653 1800 convenientes

393 1822 641 1886 ιλθόντες
666 1823 783 1897 καὶ]
816 1825 1174 1889 καθεσθέντες
1202 1824 1446 1896 ὡμίλουν
1472 1829 1544 1883 τὰ
1593 1826 1691 1882 τοῦ
1722 1826 1980 1899 πνεύμα-

396 1928 523 1977 τοςο
577 1916 672 1968 καὶ
721 1914 786 1986 δὴ
823 1914 1005 1986 βίϐλου
1060 1917 1238 1969 ἐκεῖσε
1294 1915 1557 1990 κειμένης
1607 1915 1704 1970 τοῦ
1739 1919 1976 1988 μεγάλου

396 2003 704 2073 Daedalon,
750 2007 1100 2079 προτρέψατο
1124 2010 1154 2062 6
1184 2008 1371 2073 Ὀσιος
1420 2008 1500 2079 τῷ
1537 2009 1839 2079 Ἐπιιρανίῳ
1883 2008 1977 2062 τοῦ

397 2095 583 2151 λαϐεῖν
612 2099 705 2151 καὶ
754 2100 1152 2167 ἀναγινώσκειν
1171 2116 1186 2131 ο
1214 2096 1284 2172 ἦν
1320 2100 1376 2154 δὲ
1406 2103 1434 2154 6
1457 2101 1612 2172 λόγος
1645 2119 1979 2172 προτρεπτι-

398 2194 516 2258 κὸς,
546 2193 730 2263 ὁμιλία
762 2195 842 2258 είς
884 2192 944 2247 τι
997 2193 1298 2265 βάπτισμα,
1347 2196 1407 2247 'O
1458 2194 1558 2265 μὲν
1609 2197 1773 2265 σοφὸς
1819 2198 1979 2249 Σόλο-

400 2281 541 2349 μών.
579 2279 783 2336 Τούτου
810 2282 865 2335 δὲ
908 2283 1446 2353 ἀναγινωσκομένου,
1481 2286 1653 2354 ἡδέως
1691 2288 1928 2359 ἠκροᾶτο
1950 2288 1978 2340 6

398 2370 708 2443 Μακάριος,
766 2375 987 2445 μειδιῶν
1026 2376 1105 2442 τῷ
1141 2374 1421 2446 προσώπῳ
1474 2379 1569 2430 καὶ
1615 2378 1981 2451 εὐφραινόμε-

400 2479 489 2525 νος
510 2480 523 2494 ε
548 2467 576 2516 6
606 2465 661 2517 δὲ
688 2464 1005 2534 Ἐπιφάνιος
1033 2466 1149 2536 ἕχεε
1176 2467 1387 2537 δάκρυα
1415 2470 1478 2538 τῇ
1514 2468 1703 2538 βίϐλῳ,
1735 2470 1828 2522 καὶ
1856 2484 1979 2521 ars-

400 2555 644 2621 ναγμοὺς
671 2555 733 2607 ἐκ
770 2554 978 2624 βαθέων
1005 2557 1346 2628 ἀνέπεμπεν.
1376 2558 1519 2629 Ἔφη
1559 2557 1616 2615 δὲ
1651 2558 1789 2629 πρὸς
1818 2558 1981 2613 αὑτὸν

397 2642 427 2694 ὁ
467 2644 750 2715 Μακάριος
776 2662 789 2677 ·
821 2647 1024 2698 Τέκνον
1063 2664 1186 2716 μου,
1233 2647 1287 2699 τί
1335 2647 1635 2718 δακρύεις;
1687 2648 1980 2719 εὐφραίνου

395 2732 456 2785 δὲ
488 2735 689 2803 μᾶλλον
716 2742 858 2790 κατά
886 2737 977 2790 τὸν
1024 2739 1298 2809 μακάριον
1335 2738 1549 2793 Παῦλον
1588 2739 1681 2792 τὸν
1713 2740 1939 2808 λέγοντα
1965 2755 1978 2770 ⁸

406 2826 668 2906 ιΧαίρετε
689 2828 744 2881 ὲν
767 2830 956 2899 Κυρίῳ
974 2830 1225 2883 πάντοτε’
1240 2847 1261 2882 ι
1285 2831 1379 2884 καὶ
1391 2832 1504 2884 ὅσοι
1526 2830 1596 2885 τὰ
1619 2832 1712 2885 τοῦ
1734 2832 1982 2903 Πνεύμα-

400 2933 490 2979 τος
508 2921 826 2987 πράττουσι,
845 2922 951 2998 χρὴ
979 2922 1173 2984 αὐτοὺς
1196 2925 1423 2994 σκιρτᾷν
1446 2924 1540 2977 καὶ
1562 2925 1978 2995 εὐφραίνεσθαι·

395 3008 516 3067 ὅσοι
545 3010 601 3063 δὲ
660 3010 824 3064 πάλιν
863 3011 1077 3066 ποιοῦσι
1107 3011 1203 3066 τοῦ
1258 3012 1510 3069 διαϐόλου
1560 3014 1629 3072 τὰ
1677 3017 1979 3088 θελήματα,

403 3100 974 3171 σκυθρωπαζέτωσαν,
1005 3103 1196 3158 καθότι
1225 3104 1285 3158 τὸ
1324 3105 1439 3174 φῶς
1481 3106 1577 3159 τοῦ
1603 3105 1740 3161 Θεοῦ
1789 3110 1980 3179 ἐληλυ-

401 3190 495 3245 θεν
522 3192 604 3256 είς
625 3191 717 3245 τὸν
751 3193 980 3262 κόσμον,
1010 3196 1106 3245 καὶ
1140 3193 1436 3262 ἠγάπησαν
1462 3196 1511 3249 οί
1536 3195 1813 3267 ἄνθρωποι
1848 3198 1985 3267 μᾶλα

401 3284 494 3336 λον
524 3284 586 3336 τὸ
613 3286 806 3347 σκότος
837 3284 870 3351 ἢ
896 3285 957 3339 τὸ
991 3284 1125 3353 φῶς.
1172 3285 1315 3353 Ἔφη
1358 3285 1676 3355 Ἐπιφάνιος
1698 3302 1713 3318 ⁸
1748 3289 1861 3341 Οὐκ
1888 3288 1985 3343 οὖν

403 3375 560 3444 κάγὼ
594 3375 938 3446 ἁμαρτωλὸς,
973 3377 1069 3429 καὶ
1110 3375 1291 3446 Θρηνῶ
1325 3394 1430 3447 μου
1464 3379 1564 3442 τὰς
1611 3380 1839 3450 πράξεις
1883 3381 1984 3446 τάς

403 3469 665 3540 πονηρὰς,
693 3469 809 3532 πῶς
836 3468 1233 3538 ἀπολογίζομαι
1258 3486 1273 3534 ;
1295 3470 1461 3538 Λέγει
1488 3473 1596 3542 γάρ
1624 3489 1714 3542 μοι
1737 3478 1764 3527 6
1789 3475 1983 3540 ’Ἄγιος

400 3552 579 3622 οὗτος
613 3559 775 3625 Πότε,
803 3561 997 3629 φησιν,
1025 3558 1356 3632 θίκειωθήσῃ
1382 3560 1462 3631 τῷ
1486 3561 1627 3631 Θεῷ,
1646 3564 1743 3617 καὶ
1770 3565 1901 3617 πότε
1924 3564 1984 3618 σε

402 3650 747 3720 γνωρίσομεν
776 3650 851 3712 ὡς
884 3652 1181 3719 ήμέτερονς
1211 3649 1397 3705 Ταῦτα
1432 3652 1649 3708 ἀκούων
1679 3654 1749 3707 τὰ
1781 3654 1983 3726 ὀνείδη,

403 3744 484 3813 μὴ
527 3742 787 3813 θρηνήσω
825 3742 925 3813 τὴν
965 3742 1149 3814 δεινὴν
1187 3742 1484 3812 ἀπολογίαν
1522 3761 1664 3813 μους
1717 3745 1833 3808 πῶς
1855 3745 1983 3803 ἀνέ-

403 3849 575 3905 χοιτο,
619 3833 748 3903 accpi
776 3835 806 3887 ο
843 3833 1051 3904 μέγαςς
1085 3836 1230 3910 Ἔφη
1253 3836 1283 3888 ὸ
1305 3834 1492 3898 Ὅσιος
1520 3852 1534 3868 ·
1559 3830 1728 3897 Οὗτος
1752 3836 1783 3889 ὁ
1805 3834 1984 3903 λόγος.

401 3925 593 3979 τεκνον
622 3944 749 3996 μου,
777 3928 854 3997 μὴ
875 3928 984 3996 γὰρ
1013 3923 1183 3997 οἶδας,
1211 3930 1327 3993 τοῖς
1351 3929 1433 3984 ὄτι
1458 3928 1725 4002 ἀμυήτοις
1745 3920 1865 3980 οὖσι
1888 3924 1984 3982 τοῦ

404 4018 550 4071 Θείου
605 4018 983 4090 βαπτίσματος
1072 4019 1349 4085 ὀνειδίζων
1414 4019 1618 4088 ἔλεγεν.
1670 4018 1986 4086 Ἐπιφάνιος

403 4108 595 4180 λέγει·
619 4110 731 4163 Ναὶ
764 4110 915 4180 τίμιε
963 4109 1168 4182 Πάτερ,
1199 4112 1355 4179 κάγὼ
1381 4106 1501 4164 οἶδα
1528 4124 1546 4144 ’
1590 4110 1732 4181 πλὴν
1757 4112 1787 4163 6
1828 4109 1984 4177 λόγος

404 4194 582 4265 οὗτος,
610 4204 671 4256 ὃν
696 4219 861 4271 φασιν
882 4204 930 4255 oi
959 4202 1070 4257 τῶν
1096 4203 1372 4273 ἀγροίκων
1414 4201 1859 4272 αἰνιγματώδεις,
1902 4199 1985 4253 ὅτι

404 4293 520 4360 Σοὶ,
543 4289 590 4349 ὦ
610 4295 821 4368 νύμφη,
854 4294 1049 4364 ὀμιλῶ,
1091 4296 1175 4351 ἵνα
1210 4296 1307 4350 καὶ
1329 4296 1468 4365 αὐτὴ
1507 4297 1537 4365 ἡ
1568 4296 1806 4366 πενθερὰ
1851 4297 1984 4348 tvm-

404 4387 554 4459 τίζῃ.

2080 1826 2261 1882 denuo
2295 1826 2676 1898 sedentesque,
2698 1827 2764 1881 de
2800 1826 2964 1882 rebus
2998 1825 3065 1881 ad
3099 1826 3349 1896 spiritum
3374 1826 3653 1897 pertinen-

2082 1918 2231 1973 tibus
2283 1919 2538 1977 conlerre
2584 1926 2899 1988 creperum,
2949 1932 3189 1987 cumque
3237 1916 3375 1973 forte
3419 1917 3557 1987 istic:
3583 1916 3654 1973 ad

2083 2024 2307 2064 manum
2345 2018 2492 2066 esset
2538 2009 2721 2079 magni
2778 2008 2959 2063 Basilii
3015 2008 3266 2063 volumen
3314 2008 3652 2082 quodpiam,

2083 2104 2333 2159 hortatus
2361 2111 2444 2157 est
2470 2101 2833 2172 Epiphanium
2871 2100 3140 2167 Andreas,
3182 2111 3242 2155 ut
3277 2098 3413 2157 illud
3444 2099 3659 2171 accipe-

2083 2201 2165 2247 ret
2189 2191 2518 2262 legeretque.
2547 2190 2676 2243 Erat
2704 2199 2884 2242 autem
2917 2188 3094 2242 oratio
3128 2188 3458 2257 protrcptica
3487 2224 3503 2251 ,
3549 2189 3656 2241 ho-

2085 2283 2232 2338 milia
2267 2282 2383 2355 (44)
2405 2282 2657 2336 videlicet
2695 2279 2761 2336 ile
2796 2280 3091 2348 baptismo,
3134 2294 3258 2349 qum
3287 2278 3368 2334 sic
3406 2279 3654 2348 orditur;

2086 2378 2315 2446 Sapiens
2355 2376 2576 2444 quidem
2624 2372 2905 2428 Salomon.
2943 2371 3178 2442 Legente
3218 2370 3384 2439 igitur
3422 2370 3657 2443 Epiphav

2084 2470 2174 2523 nio
2199 2510 2215 2534 ,
2267 2468 2422 2522 suavi
2471 2481 2596 2529 cum
2633 2464 2994 2523 delectatione
3025 2464 3367 2519 auscultabat
3409 2465 3494 2517 vir
3528 2479 3660 2518 san-

2082 2570 2204 2618 etus
2227 2601 2243 2626 ,
2278 2560 2427 2616 vultu
2472 2557 2539 2613 ad
2572 2559 2740 2612 risum
2782 2566 2837 2611 et
2876 2556 3114 2611 laztitiam
3145 2555 3448 2625 composito
3481 2571 3497 2610 :
3526 2553 3658 2625 Epi~

2085 2654 2319 2727 phanius
2350 2667 2502 2715 vero,
2524 2651 2777 2721 laerymis
2805 2649 3002 2703 librum
3034 2648 3289 2717 irrigans,
3312 2646 3652 2702 continenter

2083 2762 2150 2801 ex
2198 2746 2308 2799 imo
2359 2755 2580 2813 pectore
2633 2742 2868 2811 suspiria
2926 2738 3176 2794 ducebat.
3228 2737 3327 2795 Cui
3374 2736 3656 2793 Sanctus:

2083 2834 2355 2903 Quorsum
2392 2834 2508 2889 ista:
2543 2834 2815 2903 lacrymaa,
2860 2830 2935 2884 lili
2975 2830 3092 2884 mi?
3132 2828 3263 2899 quin
3294 2827 3475 2898 potius
3505 2838 3562 2882 tu
3604 2834 3658 2880 ιο

2085 2927 2311 2981 hilarem
2357 2927 2574 2997 praebe,
2636 2939 2705 2978 ex
2766 2931 2946 2977 mente
2997 2921 3141 2976 beati
3182 2918 3337 2979 Pauli
3386 2915 3656 2975 dicentis:

2090 3038 2110 3072 ι
2144 3018 2392 3075 Gaudete
2445 3017 2499 3072 in
2547 3016 2777 3070 Domino
2834 3028 3047 3084 semper
3078 3012 3149 3065 ⁵⁸.
3186 3031 3207 3067 ι
3258 3010 3326 3067 Ει
3379 3028 3510 3068 sane
3563 3010 3657 3081 qui

2005 3089 2051 3148 (ἶ
2080 3126 2203 3180 qua:
2254 3118 2382 3165 sunt
2437 3107 2680 3178 Spiritus
2732 3113 2933 3176 agunt,
2993 3104 3115 3160 illos
3156 3102 3356 3174 gaudio
3382 3112 3438 3159 et
3471 3103 3658 3173 laetitia

2082 3202 2361 3258 exsultare
2408 3200 2716 3255 convenit:
2760 3198 2838 3252 illi
2889 3207 3078 3252 contra
3109 3196 3321 3265 deiecto
3367 3197 3420 3250 in
3455 3205 3657 3253 terram

2086 3296 2337 3365 tristique
2370 3293 2625 3348 incedant
2653 3290 2828 3355 vultu,
2858 3290 2953 3361 qui
2979 3290 3319 3349 voluntatem
3349 3302 3640 3358 exsequun

2086 3396 2174 3440 tur
2204 3385 2438 3445 diaboli;
2476 3383 2734 3455 quoniam
2768 3383 2862 3437 lux
2895 3380 3080 3438 divina
3110 3380 3259 3436 venit
3285 3382 3341 3435 in
3371 3379 3657 3451 mundum,

2083 3489 2138 3534 ct
2165 3478 2477 3531 dilexerunt
2504 3474 2752 3530 homines
2782 3474 3036 3529 tenebras
3064 3471 3236 3542 magis
3261 3486 3427 3541 quam
3455 3469 3654 3525 lucem.

2086 3567 2225 3625 Tum
2262 3567 2603 3639 Epiphanius
2641 3584 2655 3621 :
2692 3565 2858 3635 Atqui
2898 3565 3014 3625 haec
3051 3562 3169 3632 ipsa
3202 3577 3368 3618 causa
3400 3571 3517 3630 est,
3558 3574 3657 3618 cur

2084 3676 2217 3731 ego,
2264 3661 2358 3731 qui
2394 3667 2645 3730 peccator
2676 3672 2799 3711 sum
2824 3693 2841 3722 ,
2880 3670 3162 3725 perperam
3201 3670 3232 3710 ιι
3281 3670 3369 3711 me
3397 3663 3547 3725 gesta
3582 3655 3657 3709 la-

2085 3762 2328 3815 menter,
2378 3765 2545 3815 cum,
2596 3764 2705 3820 quo
2760 3761 2847 3802 me
2894 3762 3162 3819 purgem,
3208 3746 3341 3803 nihil
3396 3748 3655 3818 supersit.

2087 3844 2229 3899 Dicit
2280 3858 2517 3912 namque
2574 3841 2709 3896 mihi
2766 3848 2997 3895 sanctus
3047 3839 3135 3894 hic
3187 3837 3419 3895 Basilius
3466 3857 3483 3899 :
3539 3840 3656 3894 Ali-

2085 3934 2307 4005 quando
2338 3934 2393 3987 in
2435 3932 2528 3986 Dei
2558 3931 2982 3987 familiaritatem
3011 3929 3334 3998 admitteris,
3369 3931 3657 4001 aliquando

2086 4038 2139 4084 te
2157 4028 2231 4082 uti
2264 4035 2508 4082 nostrum
2538 4037 2954 4095 cognoscemus.
2980 4021 3153 4090 Quam
3184 4038 3286 4095 ego
3313 4037 3435 4078 cum
3460 4037 3657 4094 capro.

2083 4119 2388 4176 brationem
2414 4118 2655 4185 audiam,
2684 4116 2963 4188 quomodo
2987 4131 3018 4170 a
3048 4116 3307 4187 lacrymis
3335 4125 3656 4187 temperem,

2084 4210 2304 4265 domine
2335 4209 2405 4263 mi
2437 4224 2631 4276 magne
2655 4247 2669 4271 ,
2703 4222 2814 4277 quo
2844 4208 3026 4264 minus
3053 4207 3323 4265 diﬂicilem
3359 4209 3496 4263 adeo
3525 4208 3655 4276 mihi

2084 4300 2458 4357 defensionem
2498 4299 2765 4354 deﬂeam?
2820 4300 2921 4353 (lui
2956 4308 3179 4356 sanctus
3226 4318 3241 4355 :
3288 4301 3477 4356 Oratio
3520 4300 3608 4356 illa
3634 4338 3655 4372 ,

2086 4396 2159 4447 iili
2196 4396 2301 4459 mi,
2347 4394 2491 4462 quod
2524 4393 2778 4461 ignorare
2810 4392 3047 4455 videris,
3098 4392 3153 4446 in
3192 4392 3315 4448 illos
3360 4392 3656 4468 invehitur,

406 4484 502 4551 qui
533 4497 687 4538 sacra
758 4484 1101 4553 baptismatis
1158 4487 1299 4539 unda
1351 4483 1517 4537 abluti
1573 4484 1809 4541 nondum
1867 4497 2015 4553 sunt,
2095 4488 2154 4541 Et
2198 4489 2584 4559 Epiphanius:
2645 4485 2956 4551 Enimvero,
3008 4483 3167 4540 Pater
3219 4487 3544 4546 venerande.
3604 4484 3655 4539 id

412 4579 539 4634 novi
591 4580 796 4648 probe;
854 4587 1231 4633 verumtamen
1286 4581 1463 4633 oratio
1508 4579 1598 4631 illa
1652 4581 1847 4636 similis
1899 4592 1980 4637 est
2014 4582 2124 4647 isti,
2176 4600 2280 4652 qua
2330 4583 2668 4652 aenigmatice
2736 4582 2926 4637 dicunt
3001 4579 3240 4635 rustici:
3282 4576 3404 4635 Tibi
3436 4581 3653 4653 loquor,

408 4684 443 4724 ο
489 4686 727 4740 sponsa,
766 4678 826 4725 ut
865 4670 980 4739 ipsa
1029 4683 1248 4738 quoque
1281 4682 1472 4724 socrus
1500 4669 1706 4722 audiat.

482 4758 619 4814 σλα’.
651 4760 838 4812 Ταῦτα
864 4758 960 4811 τοῦ
1004 4758 1323 4826 Ἐπιφανίου
1369 4759 1722 4829 λαλήσαντος,
1753 4761 1980 4831 ὑπομει-

2173 4763 2300 4818 251.
2358 4763 2551 4818 lsthmc
2628 4754 2982 4831 reponentem
3054 4758 3413 4829 Epiphaniam
3474 4762 3657 4823 subri-

408 4854 597 4913 διάτας
641 4854 670 4904 6
713 4854 1021 4919 Μακάριος,
1068 4851 1404 4922 ἐπέστρεψεν
1452 4852 1615 4905 αὑτὸν
1682 4853 1844 4905 πάλιν
1887 4851 1981 4906 τοῦ

410 4942 824 5012 ἀναγινώσκειν.
889 4941 1377 5010 Ἀναγινὼσκοντος
1427 4943 1485 4996 δὲ
1540 4944 1727 5008 αὑτοῦ,
1784 4948 1983 5015 αἴφνης

411 5036 620 5103 διεδόθη
672 5036 792 5096 ταῖς
833 5036 1026 5102 φρεσὶν
1080 5034 1257 5087 αὐτῶν
1286 5033 1485 5088 εὐωδία
1534 5051 1617 5097 τις
1667 5038 1740 5099 ὼ,
1785 5037 1983 5107 τιμίων

410 5130 739 5199 ἀρωμάτων,
781 5126 922 5179 ὥστε
955 5127 1199 5197 φρίττειν
1250 5128 1340 5181 τὸν
1382 5129 1702 5197 Ἐπιφάνιον
1736 5133 1827 5187 ἐτίι
1861 5134 1984 5186 ἱκα-

410 5222 507 5292 νὴν
533 5220 685 5290 ὥραν
719 5220 813 5273 καὶ
842 5218 1171 5285 ξενίζεσθαι.
1212 5218 1389 5289 Ἐώρα
1427 5221 1484 5273 δὲ
1522 5223 1549 5273 ό
1579 5223 1861 5293 Μακάριος
1893 5224 1984 5278 τδν

410 5313 761 5382 τῇνέὑωδίαν
799 5310 1092 5379 κομίζοντα
1133 5311 1392 5374 ἀεννάως.
1431 5311 1562 5364 ὐτε
1611 5313 1667 5365 δὲ
1707 5315 1796 5367 τὸν
1829 5315 1982 5383 λόγον

414 5405 776 5469 κατέπαυσεν,
801 5402 1004 5465 εὐθέως
1029 5401 1121 5455 καὶ
1146 5402 1179 5471 ἠ
1210 5403 1406 5457 εὐωδία
1432 5404 1665 5475 ἀπέστη.
1684 5404 1980 5475 Θαυμάσας

480 5588 525 5620 ⁸⁸
570 5587 801 5657 Philipp.
832 5600 904 5648 IV,
936 5583 988 5637 ι.

2087 4856 2225 4913 dens
2252 4854 2497 4910 Andreas
2537 4854 2790 4907 hortatus
2817 4860 2921 4916 est,
2955 4858 3018 4906 ut
3054 4852 3233 4905 denuo
3268 4852 3485 4919 legeret.
3535 4852 3655 4921 Quo

2088 4949 2496 5017 obtemperante
2519 4986 2534 5010 ,
2570 4946 2773 5011 allapsa
2800 4952 2882 4999 est
2912 4942 3237 4998 suavissima
3273 4945 3503 5001 odorum
3544 4945 3655 5003 ira,

2091 5042 2325 5111 grantia,
2356 5037 2512 5108 quasi
2544 5036 2904 5106 pretiosorum
2938 5047 3267 5101 aromatum,
3311 5037 3377 5090 all
3418 5039 3655 5094 animam

2091 5146 2262 5200 usque
2292 5137 2606 5199 penetrans,
2640 5127 2774 5182 adeo
2811 5136 2870 5180 ut
2902 5127 3188 5198 perculsus
3217 5123 3557 5194 Epiphanius
3587 5133 3655 5184 ad

2090 5223 2311 5291 longum
2366 5231 2581 5289 tempus
2622 5234 2730 5288 pra:
2782 5228 3003 5286 stupore
3038 5233 3125 5271 vix
3172 5230 3314 5273 esset
3356 5218 3499 5289 apud
3548 5235 3652 5275 se:

2090 5315 2304 5368 vidente
2360 5312 2568 5366 interea
2616 5311 2774 5365 beato
2822 5310 3038 5365 Andrea
3075 5310 3265 5373 illum,
3311 5309 3404 5380 qui
3448 5326 3653 5367 mento:-

2089 5416 2261 5461 ratam
2295 5403 2649 5478 lragrantiam
2694 5402 3032 5457 incessanter
3068 5403 3374 5471 spargebat.
3410 5399 3513 5458 Ubi
3554 5417 3652 5461 au-

488 5746 598 5814 ιιι)
630 5743 723 5799 Est
753 5743 868 5798 ha-c
900 5745 1038 5796 inter
1064 5739 1239 5793 varias
1270 5736 1451 5793 Basilii
1479 5736 1792 5802 conciones,
1826 5739 1964 5807 apud
2007 5738 2350 5806 Cernarium,
2390 5737 2583 5798 concio
2624 5738 2705 5796 l5.

712 5837 979 5895 Ριτιιυι..
1021 5842 1133 5895 ιλιι.
1171 5832 1332 5902 CXI.
