4068 6160
397 234 497 298 887

1170 231 1591 295 NICEPHORI
1631 233 1896 297 PRESB.
1942 235 2049 297 (ΞΡ.
2088 236 2269 298 VITA
2307 238 2370 298 S.
2410 235 2742 298 ANDREAS
2778 236 2972 298 SALI.

3564 230 3683 294 888

393 334 670 407 discessit.
705 343 1038 401 Pervenicns
1076 345 1201 400 hinc
1246 349 1313 401 ad
1363 347 1806 413 ambulationes,
1861 363 1982 417 qua:

2091 346 2227 406 οῦτω
2253 352 2468 422 πικρῶς
2495 351 2803 424 θρηνοῦντα
2827 352 3013 421 ἀφεὶς,
3045 346 3382 421 ἀνεχώρησε.
3416 344 3684 400 Καταλαο

399 441 502 497 sub
530 439 826 511 porticibus
874 445 1037 499 sunt.
1075 445 1242 491 totam
1275 448 1489 493 noctem
1530 454 1628 509 pro
1669 439 1975 510 periclitan-

397 537 562 598 tihus,
610 548 709 602 pro
748 531 980 595 afflictis,
1025 547 1123 601 pro
1174 532 1501 586 necessitate
1535 532 1717 602 aliqua
1750 532 1975 602 pressis,

397 643 497 695 pru
528 640 748 679 carcere
788 626 1020 679 detentis
1048 665 1063 688 ,
1098 639 1195 692 pro
1223 626 1480 679 omnibus
1510 624 1747 695 denique
1789 626 1979 680 mundi

395 720 593 773 incolis
661 717 869 772 orando
931 718 1216 786 transegit.
1267 718 1447 785 Atque
1510 718 1583 773 ita
1640 729 1901 775 evocatus
1948 732 1979 773 e

402 812 583 874 terris,
623 811 815 865 videns
856 812 1173 865 universum
1209 820 1527 865 sanctorum
1564 824 1778 881 agmen,
1810 811 1978 866 veluti

396 902 719 959 familiarem
780 919 941 959 suum
991 902 1390 970 invisentium,
1455 904 1615 959 hilari
1672 902 1979 975 ridentique

393 996 549 1050 vultu
581 996 833 1066 spiritum
864 997 1069 1053 emisit.

468 1086 597 1143 244.
648 1085 855 1141 Interea
900 1090 1230 1161 paupercula
1273 1089 1523 1163 quaedam
1580 1088 1803 1155 mulier,
1856 1105 1979 1160 quae

396 1177 599 1233 ibidem
642 1180 697 1233 in
729 1181 1005 1251 tuguriolo
1031 1184 1289 1253 quopiam
1320 1183 1661 1246 morabatur,
1696 1183 1977 1252 cepiosam

394 1272 657 1340 unguenti
688 1272 1041 1343 fragrantiam
1068 1290 1131 1331 ac
1158 1275 1534 1347 thymiamatis
1559 1275 1800 1333 suaviter
1822 1274 1977 1331 olen-

397 1366 489 1427 tis,
536 1380 660 1419 cum
694 1366 846 1421 nullo
877 1368 1047 1422 altero
1077 1367 1430 1438 comparandi
1462 1407 1477 1430 .
1511 1375 1565 1423 et
1607 1376 1822 1437 captum
1856 1382 1978 1421 om-

393 1474 517 1513 nem
549 1459 832 1513 hominum
866 1459 1356 1528 snpergredientis,
1387 1458 1612 1514 odorem
1644 1458 1976 1529 percipiens,

391 1550 629 1620 prosiliit
655 1552 879 1615 subito;
930 1554 1209 1622 petituque
1238 1551 1467 1614 lumine,
1511 1561 1697 1607 secuta
1725 1551 1976 1616 odorem,

393 1642 463 1697 ad
515 1643 695 1697 locum
761 1648 902 1697 unde
949 1644 1312 1713 promanabat
1354 1642 1611 1710 devenit;
1671 1643 1981 1712 reperitque

394 1733 521 1789 istic
553 1736 774 1788 beatum
802 1734 1076 1790 Andream
1098 1734 1207 1789 vita
1236 1733 1511 1800 functum,
1543 1743 1596 1789 et
1620 1732 1982 1803 deprehendit

394 1824 639 1879 divinum
676 1826 837 1880 istum
872 1825 1097 1881 odorem
1131 1826 1306 1899 magis
1330 1827 1615 1896 magisque
1644 1824 1979 1894 fragrantem

396 1916 663 1985 aspirare,
706 1924 761 1969 et
792 1928 1195 1987 unguentorum
1236 1917 1631 1988 scaturiginem
1664 1917 1843 1970 instar
1874 1911 1982 1967 ilu-

393 2007 559 2062 minis
591 2009 972 2065 mirabilitere
1010 2010 1262 2081 reliquiis
1310 2010 1521 2079 egredi.
1552 2006 1772 2075 Qua'de
1816 2021 1982 2062 causa

396 2097 464 2151 ad
493 2101 628 2153 alios
660 2102 927 2169 quosdam
963 2100 1158 2158 festine
1188 2116 1505 2165 accurrens,
1529 2100 1677 2170 quod
1708 2098 1988 2152 acciderat

399 2193 752 2257 miraculum,
789 2190 899 2247 Deo
934 2194 1055 2262 ipso
1090 2192 1143 2246 in
1176 2202 1367 2247 testem
1392 2200 1610 2254 vocato,
1642 2189 1826 2258 jurata
1859 2202 1986 2241 nar-

396 2283 559 2336 rarit.
604 2280 742 2335 ilinc
771 2282 997 2337 excitati
1042 2283 1260 2353 plures,
1305 2283 1373 2337 ad
1421 2282 1605 2337 locum
1637 2280 1983 2349 designatum

396 2385 797 2430 concurrerunt
832 2392 846 2429 :
882 2390 993 2447 quo
1041 2376 1570 2447 appropinquantes,
1610 2372 1826 2427 nullum
1860 2386 1984 2426 om-

398 2454 529 2523 nino
558 2463 812 2520 viderunt
863 2467 1139 2522 hominem
1169 2507 1183 2532 ,
1227 2470 1324 2522 sed
1380 2466 1554 2522 solam
1617 2463 1880 2535 unguenti
1929 2471 1987 2518 et

398 2558 606 2612 incensi
660 2556 1017 2626 fragrantiam
1071 2566 1469 2630 perceperunt,
1519 2555 1781 2611 mirantes
1825 2553 1987 2609 vehe-

400 2660 653 2716 menter,
706 2650 889 2704 nullas
953 2648 1166 2719 uspiam
1222 2648 1327 2703 viri
1363 2648 1540 2703 sancti
1596 2646 1859 2716 reliquias
1890 2645 1986 2701 de-

400 2742 662 2811 prehendi
699 2758 714 2794 :
758 2743 1119 2796 transtulerat
1159 2741 1308 2796 enim
1346 2741 1466 2796 illas
1489 2741 1755 2795 Dominus
1784 2738 1892 2793 alio
1918 2751 1986 2792 ex

402 2835 611 2902 iudicio
652 2849 753 2889 suo
794 2834 983 2887 divino
1011 2872 1025 2900 ,
1067 2833 1211 2902 quod
1254 2833 1406 2888 illum
1444 2848 1553 2888 non
1586 2832 1738 2896 latet,
1774 2832 1868 2900 qui
1900 2844 1988 2883 ar-

403 2937 539 2979 cana
571 2925 829 2995 quaslibet
866 2925 1013 2980 illius
1046 2924 1289 2980 facinora
1328 2925 1493 2979 habet
1528 2934 1835 2997 perspecta.

474 3017 603 3071 245.
632 3015 830 3069 Beatus
861 3018 1043 3083 itaque
1074 3016 1346 3080 Andreas,
1373 3016 1455 3071 sol
1482 3017 1583 3071 iste
1604 3015 1983 3081 absconditus,

404 3120 459 3161 et
487 3108 738 3160 columna
790 3105 857 3160 ad
905 3108 1105 3161 caelum
1155 3122 1331 3177 usque
1382 3107 1738 3178 pertingens,
1789 3107 1886 3177 qui
1934 3118 1989 3162 et

408 3214 611 3266 pauper
656 3208 710 3250 et
755 3200 1076 3267 peregrinus
1121 3206 1176 3252 et
1209 3199 1411 3253 stultus
1451 3207 1507 3252 et
1547 3198 1791 3252 omnium
1841 3199 1994 3267 peri-

409 3307 594 3360 pscma
670 3289 851 3354 factus
931 3290 1110 3344 fuerat
1170 3299 1394 3359 propter
1454 3288 1784 3354 Dominum,
1830 3291 1993 3343 vitam

408 3384 551 3437 hanc
580 3382 1039 3451 duodetrigcsima
1078 3382 1165 3436 die
1210 3381 1337 3435 Maii
1387 3382 1695 3449 conclusit,
1749 3393 1903 3436 sexto
1943 3392 1996 3436 et

410 3476 755 3543 sexagesimo
784 3476 960 3530 :rtatis
992 3490 1106 3529 suae
1131 3490 1301 3539 anno,
1335 3475 1550 3531 occulte
1575 3490 1734 3529 suum
1766 3489 1993 3545 agonem

409 3566 807 3625 Consummans
867 3577 919 3622 et
976 3567 1084 3621 Deo
1147 3569 1249 3623 soli
1304 3570 1579 3639 cognitus.
1641 3565 1755 3636 Ego
1815 3577 1995 3621 autem

414 3663 779 3731 l‘licephorus,
828 3676 923 3731 per
956 3660 1387 3715 miscricordiam
1436 3660 1827 3729 omnipotentis
1875 3658 1995 3723 Dei,

413 3756 469 3809 in
500 3768 790 3807 numerum
832 3753 1281 3823 presbyterorum
1329 3749 1537 3820 Magna:
1577 3750 1847 3814 ecclesiae,
1877 3766 1999 3819 quae

416 3845 472 3901 in
508 3845 612 3900 hac
656 3844 871 3898 urbium
920 3846 1108 3913 regina
1150 3842 1244 3897 Dei
1296 3843 1499 3911 Sophia
1551 3844 1997 3912 cognominatur,

414 3938 659 4004 ascitus,
706 3937 1015 3991 mirabilem
1060 3937 1263 3991 hancce
1303 3945 1356 3990 et
1406 3935 1639 3991 celebris
1682 3934 1841 3989 fama:
1908 3932 2000 3988 fu-

412 4044 594 4086 turam
641 4031 1041 4101 religiosissimi
1084 4029 1533 4100 sanctissimique
1564 4028 1743 4083 Patris
1768 4026 2003 4083 Andreae

423 4122 598 4177 Vitam
626 4119 973 4191 conscripsi,
1010 4135 1070 4176 ea
1108 4123 1161 4176 in
1192 4122 1645 4176 commentarium
1678 4128 1999 4191 pra'sentcm

420 4216 687 4282 referens,
721 4231 842 4285 quae
874 4216 1067 4285 partim
1096 4216 1272 4270 oculis
1298 4216 1436 4269 meis
1475 4214 1592 4284 ipse
1639 4214 1772 4280 vidi,
1802 4214 2002 4284 partim

421 4309 588 4364 didici
616 4325 681 4365 οι
716 4308 1023 4379 Epiphanio
1051 4346 1066 4373 ,
1119 4307 1261 4362 facto
1292 4308 1381 4363 hic
1425 4306 1622 4362 deinde
1658 4305 2005 4361 rererendis-

2080 448 2192 499 ὖὼν
2220 446 2275 500 δὲ
2301 447 2359 499 ἐν
2383 446 2496 509 τοῖς
2522 443 2846 516 περιπάτοις
2875 444 3062 507 τόποις
3088 443 3201 506 τοῖς
3230 440 3489 495 ὑποκάτω
3516 433 3681 491 οὖσιν

2081 537 2352 607 ἐμϐόλοις,
2381 540 2476 591 καὶ
2505 537 2594 590 διὰ
2621 536 2804 605 πάσης
2825 535 3021 599 νυκτὸς
3052 531 3492 605 προσευχόμενος
3525 530 3681 599 ὑπὲρ

2079 628 2190 682 τῶν
2225 631 2282 682 ἐν
2328 626 2592 691 κινδύνοις
2624 629 2717 681 καὶ
2761 626 2997 695 θλίψεσι,
3038 625 3133 679 καὶ
3163 626 3451 692 ἀνάγκαις,
3482 624 3576 675 καὶ
3609 622 3682 676 ιν

2081 721 2506 792 αἰχμαλωσίαις,
2545 722 2641 776 καί
2666 720 2807 791 ὑπὲρ
2852 719 3057 782 παντὸς
3096 718 3191 772 τοῦ
3222 716 3453 786 κόσμου,
3492 712 3679 777 οὑτως

2082 817 2177 869 ἐπὶ
2205 815 2305 886 γῆς
2339 812 2690 885 ἀνακληθεὶς,
2723 811 2819 866 καὶ
2842 812 2987 883 δρῶν
3011 810 3259 873 ἅπαντας
3310 810 3438 872 τοὺς
3472 805 3675 873 ἁγίους

2081 905 2271 973 ὥσπερ
2302 905 2493 974 φίλους
2530 904 2667 974 πρὸς
2701 905 2864 958 αὑτὸν
2900 900 3407 972 παραγενομένους,
3445 894 3680 969 μειδιῶιο

2080 1002 2157 1072 τῷ
2190 1000 2493 1071 προσώπῳ,
2525 999 2707 1070 ἀφῆκε
2736 998 2798 1052 τὸ
2829 997 3069 1069 πνεῦμα.

2155 1096 2295 1165 σμδν.
2339 1095 2427 1148 Ἐν
2461 1087 2542 1156 οἷς
2589 1092 2813 1160 γύναιον
2862 1088 3121 1161 πενιχρὸν
3168 1086 3277 1141 τῶν
3321 1087 3525 1146 ἐκεῖσε,
3570 1083 3675 1137 ἐπι

2080 1188 2324 1259 καλύϐης
2375 1188 2475 1258 τὴν
2533 1186 2854 1255 κατοίκησιν
2907 1185 3051 1254 ἔχον,
3101 1182 3206 1251 τὴν
3251 1176 3521 1249 πολυτελῆ
3569 1170 3675 1231 τοῦ

2083 1280 2260 1351 μύρου
2294 1279 2524 1334 εὐωδίαν
2558 1280 2653 1333 καὶ
2699 1276 3065 1348 θυμιαμάτων
3100 1274 3345 1337 ἐκείνων,
3396 1270 3505 1325 τῶν
3534 1269 3677 1342 ήδυο

2082 1374 2263 1427 πνόων
2287 1372 2379 1426 καὶ
2408 1373 2778 1441 ἀσυγκρίτων,
2815 1372 2910 1424 καὶ
2942 1370 3123 1425 πάντα
3152 1366 3277 1421 νοῦν
3307 1362 3673 1435 ὑπερϐαινόν-

2080 1482 2191 1520 των
2243 1461 2736 1535 κατοσφρανθεῖσα,
2769 1460 2975 1533 σπουδῇ
3023 1459 3327 1521 ἀναστᾶσα,
3382 1454 3478 1508 καὶ
3513 1452 3675 1523 φῶτα

2082 1556 2451 1629 αἰτησαμένη,
2492 1556 2589 1610 καὶ
2643 1552 3123 1623 ὲξακολουθήσασα
3173 1554 3275 1619 τὴν
3327 1547 3561 1603 εὐωδίαν
3592 1544 3675 1617 τῷ

2084 1650 2235 1719 τόπῳ
2267 1648 2474 1720 ἐπέστη
2494 1662 2510 1679 ⁸
2538 1639 2669 1719 εῦρε
2706 1646 2763 1700 δὲ
2797 1646 2889 1699 τὸν
2919 1640 3204 1713 Μακάρων
3235 1642 3380 1696 τέλει
3423 1637 3519 1693 τοῦ
3554 1637 3673 1708 βίου

2085 1739 2453 1814 χρησάμενον,
2495 1739 2589 1793 καὶ
2615 1737 2713 1810 τὴν
2743 1736 2935 1808 θεῐκὴν
2971 1737 3190 1806 ἱκείνην
3235 1730 3465 1789 εὐωδίαν
3492 1729 3677 1802 πολλῷ

2088 1833 2273 1905 μεῖζον
2304 1833 2717 1903 ἀναδιδομένην,
2748 1833 2844 1885 καὶ
2893 1831 3083 1901 μύρων
3131 1826 3392 1883 ἐκσλυσιν
3430 1823 3676 1894 παραδόο

2086 1925 2191 1991 ξως
2221 1926 2286 1979 ὲκ
2306 1923 2401 1978 τοῦ
2423 1923 2679 1994 λειψάνου
2711 1922 3075 1993 ὲξερχομένην
3108 1918 3440 1990 ποταμηδόν.
3471 1917 3677 1988 Ἐδραο

2089 2032 2189 2088 μεν
2225 2015 2321 2073 οὖν
2358 2018 2452 2073 καί
2497 2030 2608 2069 τισι
2651 2016 2715 2070 τδ
2766 2014 2953 2084 θαῦμα
3000 2011 3303 2083 ἀπήγγειλε
3341 2009 3441 2063 σῦν
3499 2008 3674 2078 ὅρκῳ,

2088 2111 2343 2182 μάρτυρα
2385 2109 2476 2163 τδν
2509 2107 2643 2160 Θεὸν
2693 2105 3171 2176 προσκαλουμένη.
3213 2102 3325 2156 Καὶ
3356 2100 3424 2173 δὴ
3463 2099 3679 2155 πολλῶν

2087 2202 2633 2274 συνδεδραμηκότων,
2680 2198 2759 2263 ὡς
2794 2197 2852 2251 δὲ
2887 2196 3117 2267 πλησίον
3169 2193 3440 2263 ἐγένοντο,
3489 2192 3680 2247 οὑκὲτι

2084 2298 2205 2351 τινὰ
2239 2295 2573 2365 ἑωράκασιν,
2606 2292 2656 2346 εί
2691 2292 2769 2362 μὴ
2801 2290 2906 2344 ὑπὸ
2932 2289 3035 2359 τῆς
3075 2289 3337 2358 εὑοσμίας
3365 2287 3461 2341 τοῦ
3497 2286 3677 2358 μύρου

2087 2389 2184 2444 καὶ
2223 2386 2335 2441 τῶν
2369 2385 2738 2457 θυμιαμάτων
2782 2382 3220 2452 κατεπλήττοντο
3253 2379 3398 2447 λίαν,
3426 2380 3681 2450 οὐδαμῶς

2086 2482 2270 2554 εὑρεῖν
2291 2480 2617 2551 δυνηθέντες
2644 2476 2741 2532 τοῦ
2783 2477 2965 2545 ’Δγίου
2997 2475 3059 2529 τὸ
3087 2474 3362 2545 λείψανον.
3394 2475 3683 2545 Μετέθηκε

2089 2574 2201 2645 γὰρ
2231 2573 2363 2627 αὑτὸ
2390 2575 2421 2627 δ
2451 2572 2678 2644 Κύριος,
2716 2570 2982 2640 κρίμασιν
3018 2567 3170 2627 ἰδίοις
3202 2561 3283 2631 οἷς
3324 2570 3534 2632 ἐκεῖνος
3558 2568 3682 2620 tirio

2089 2680 2306 2733 σταται,
2360 2667 2390 2719 ὁ
2435 2665 2532 2718 καὶ
2582 2665 2653 2718 τὰ
2708 2664 3003 2734 ἀπόκρυφα
3059 2659 3227 2717 αὑτοῦ
3277 2658 3685 2731 κατορθώματα

2090 2756 2477 2828 ἐπιστάμενος.

2166 3026 2312 3097 σμε⁹.
2352 3022 2674 3094 Ἐτελειώθη
2707 3020 2765 3075 δὲ
2812 3023 2842 3077 ὁ
2879 3020 3121 3091 κρυπτὸς
3144 3019 3295 3089 ἣλιος
3332 3020 3428 3072 καὶ
3457 3017 3686 3089 ούρανο-

2099 3120 2284 3191 μήκης
2318 3116 2512 3179 στῦλος
2564 3114 2758 3185 πυρὸς,
2796 3113 2827 3167 δ
2874 3112 3148 3184 μακάριος
3207 3110 3487 3181 Ἀνδρέας,
3534 3112 3566 3163 δ
3598 3111 3689 3164 διὰ

2096 3205 2305 3276 Κύριον
2336 3203 2506 3273 πένης
2535 3202 2629 3256 καὶ
2660 3202 2809 3266 ξένος
2834 3203 2931 3255 καὶ
2978 3201 3560 3272 καταπεφρονημένος,
3589 3202 3689 3255 καὶ

2098 3298 2204 3350 ὑπὸ
2234 3295 2452 3350 πάντων
2476 3293 2926 3364 ἐξουθενημένος,
2953 3294 3087 3364 μηνὶ
3114 3293 3278 3363 Μαΐῳ
3304 3292 3477 3347 εἰκάδι
3501 3292 3685 3364 ὀγδόῃ,

2096 3388 2377 3460 ἑξηκοστῷ
2425 3386 2574 3456 ἕκτῳ
2618 3385 2730 3438 ἔτει
2777 3387 2870 3438 τὸν
2901 3386 3089 3455 ἀγῶνα
3132 3385 3381 3457 κρυπτὸς
3430 3384 3690 3454 διηγωνι-

2102 3481 2322 3548 σμένος,
2363 3476 2483 3547 Θεῷ
2515 3475 2574 3529 δὲ
2609 3476 3032 3546 διεγνωσμένος,
3068 3475 3143 3539 ὡς
3189 3474 3371 3537 καλῶς
3412 3476 3685 3543 ἀγωνισάο

2102 3589 2287 3642 μενος.
2333 3569 2475 3638 Ἐγὼ
2496 3569 2553 3622 δὲ
2583 3567 2924 3638 Νικηφόρος,
2955 3569 3097 3622 ἐλέει
3126 3568 3219 3622 τοῦ
3247 3566 3691 3637 παντοκράτορος

2099 3660 2239 3714 Θεοῦ
2278 3660 2546 3730 ὑπάρχων
2582 3658 3067 3731 κατηριθμημένος
3101 3662 3159 3711 ὲν
3186 3662 3295 3721 τοίς
3324 3656 3531 3730 ἱερεῦσι
3557 3656 3691 3711 ταύο

2100 3771 2200 3823 της
2229 3755 2328 3823 τῆς
2365 3752 2610 3823 μεγάλης
2672 3750 2969 3819 ἐκκλησίας
3006 3750 3103 3816 τῆς
3138 3748 3405 3818 βασιλίδος
3449 3749 3561 3803 τῶν
3594 3749 3689 3803 πό-

2102 3844 2241 3895 λεων
2288 3842 2388 3913 τῆς
2426 3841 2717 3911 ἐπωνύμου
2772 3840 2908 3893 Θεοῦ
2961 3840 3196 3907 Σοφίας,
3253 3838 3691 3912 συνεγραψὰμην

2102 3936 2195 3990 τὸν
2225 3934 2544 4004 θαυμαστὸν
2584 3951 2773 3988 τουτον
2824 3934 2939 4003 βίον
2970 3934 3065 3986 καὶ
3112 3933 3551 4004 πολυθρύλλητον
3591 3934 3687 3989 τοῦ

2105 4025 2406 4094 σεϐασμίου
2457 4027 2670 4097 Harpe;
2718 4026 2812 4079 τοῦ
2862 4029 2921 4080 ἐν
2987 4027 3165 4093 ἁγίοις
3208 4027 3483 4097 ’Λνδρέου,
3524 4027 3561 4081 ἃ
3596 4027 3689 4081 καὶ

2103 4119 2324 4182 οἰκείοις
2368 4118 2667 4189 ὀφθαλμοῖς
2700 4119 2943 4186 ἑώρακα,
2978 4120 3070 4170 καὶ
3122 4121 3276 4188 παρὰ
3323 4117 3416 4172 τοῦ
3458 4120 3689 4187 Ἐπιφα-

2105 4212 2221 4267 vico
2260 4211 2355 4265 τοῦ
2406 4210 2680 4280 ἀοιδίμου,
2714 4209 2807 4263 τοῦ
2841 4211 3122 4278 γεγονότος
3149 4211 3337 4264 ἐνθάδε
3387 4212 3689 4282 ἀρχιερέως

2109 4300 2434 4372 μεμάθηκα,
2490 4301 2584 4353 καὶ
2629 4298 2769 4369 τῷδε
2823 4298 2902 4370 τῷ
2957 4300 3350 4369 συγγράμματι
3406 4302 3690 4369 συνέταξα,

423 4404 564 4456 simo
594 4401 1005 4472 archiepiscopo
1033 4401 1334 4456 secundum
1383 4399 1788 4472 praedictionem
1830 4397 1987 4467 ipsiui

2109 4394 2295 4464 χάριτι
2344 4395 2437 4446 καὶ
2471 4390 2851 4463 φιλανθρωπίᾳ
2901 4389 2997 4442 τοῦ
3050 4392 3256 4460 Κυρίου
3313 4393 3471 4463 ἡμῶν
3513 4396 3691 4465 Ἰησοῦ

423 4494 597 4547 sancti
646 4509 661 4547 :
704 4494 862 4564 cujus
898 4495 1150 4564 precibus
1192 4508 1502 4547 mereamur
1531 4492 1792 4561 consequi
1835 4492 2003 4545 mise-

424 4586 723 4639 ricordiam
756 4587 810 4637 in
854 4586 944 4639 die
984 4585 1213 4655 iudicii,
1265 4600 1359 4654 per
1388 4583 1618 4654 gratiam
1661 4593 1714 4638 et
1754 4582 1993 4654 benigni-

428 4686 593 4730 tatem
629 4675 844 4732 Domini
878 4678 1048 4733 nostri
1093 4674 1222 4731 Jesu
1265 4676 1509 4742 Christi,
1548 4676 1635 4731 cui
1683 4690 1807 4730 cum
1839 4674 1999 4727 Putre

430 4777 731 4839 sanctoque
780 4769 986 4840 Spiritu
1038 4770 1241 4838 gloria,
1287 4785 1433 4824 nunc
1476 4778 1529 4823 ct
1582 4783 1792 4838 semper
1844 4778 1897 4821 et
1946 4768 1995 4819 in

431 4862 630 4917 secula
677 4863 1023 4919 saculorum.
1068 4865 1261 4918 Amen.

2107 4480 2369 4554 Χριστοῦ,
2404 4476 2447 4551 ᾧ
2478 4484 2617 4552 μετὰ
2642 4482 2721 4552 τῷ
2753 4481 2929 4551 Πατρὶ
2952 4480 3080 4547 δόξα
3113 4484 3228 4552 ἃμα
3250 4482 3329 4554 τῷ
3361 4483 3499 4553 ἁγίῳ
3528 4485 3689 4538 Πνεὺ-

2110 4592 2241 4647 ματι
2300 4575 2396 4629 νῦν
2434 4576 2527 4628 καὶ
2551 4575 2635 4628 ἀεὶ
2668 4574 2760 4626 xal.
2803 4574 2882 4636 εἰς
2915 4576 3042 4637 τοὺς
3091 4574 3294 4639 αἰῶνας
3320 4574 3427 4630 τῶν
3456 4574 3689 4629 αἰώνων.

2120 4669 2313 4739 Ἀμήν.
