4068 6160
349 404 3553 456 mm

1459 609 1643 656 CIBCA
1698 608 1948 654 »πεοιοω
2000 606 2301 653 ελεευιυΜ
2366 606 2433 650 Χ.

1075 801 2823 923 CONTEXTK)GEMMARUM

1861 1068 2021 1128 SIVE

327 1306 1125 1544 lill’i‘YCHlI
1218 1260 2360 1541 Pli’l‘iiiiiiilﬂli}
2438 1301 3581 1538 ALEXANDRINI

1368 1724 2530 1905 ANNALES

510 2051 829 2117 liiustriss.
889 2052 1135 2117 Joanne
1184 2054 1457 2118 Seldeno
1494 2056 1811 2136 chorago;
1867 2056 2214 2136 interprete
2267 2054 2572 2119 Edwardo
2630 2053 2971 2127 Pocockio,
3020 2053 3377 2132 linguarum

797 2182 1124 2248 Hebraicaa
1154 2192 1217 2248 et
1252 2188 1530 2252 Arabicae
1558 2189 1623 2251 in
1654 2184 1993 2250 Academia
2021 2183 2366 2247 Oxoniensi
2410 2180 2774 2261 professore
2819 2180 3103 2262 publico.

430 2353 699 2420 (Omnia:
726 2353 969 2422 impensis
989 2356 1294 2421 Humphredi
1326 2356 1586 2415 Robinson.
1618 2360 1667 2408 tn
1687 2355 1986 2408 Fameterlo
2017 2355 2129 2407 Divi
2163 2357 2332 2421 Pauli,
2368 2358 2427 2407 ad
2468 2359 2662 2422 insigne
2697 2360 2843 2409 trium
2884 2356 3248 2417 Columbamm,
3291 2354 3455 2418 1658)

1607 2669 1713 2731 EX
1776 2668 2284 2731 PREFATIONE

1301 2859 1900 2975 JOANNIS
1983 2860 2585 2973 SELDENI

1916 3102 1987 3143 AD

956 3245 1331 3313 EUTYCHII
1370 3249 1749 3312 ORIGINES
1833 3248 2221 3313 ECCLESI/E
2299 3247 2908 3320 ALEXANDRINXE,

375 3405 441 3467 In
488 3426 591 3483 qua
618 3412 681 3465 de
706 3409 937 3465 auctoris
962 3411 1188 3477 nomine,
1214 3411 1409 3476 patria,
1439 3409 1725 3471 natalibus,
1748 3422 1879 3470 alio,
1912 3407 2141 3475 scriptis,
2176 3408 2407 3479 adeoque
2433 3412 2507 3463 eis
2537 3409 2672 3462 unde
2697 3407 2942 3478 Origines
2976 3410 3096 3463 ista:
3126 3420 3370 3474 sumpta.

371 3516 704 3572 Patriarchae
733 3516 860 3574 huic
884 3531 914 3571 a
942 3516 1216 3571 natalibus
1261 3531 1460 3571 nomen
1495 3525 1614 3571 erat
1660 3515 1790 3570 Said
1840 3532 1965 3571 cum
2016 3515 2323 3585 adjectione
2367 3518 2739 3586 patronymica
2774 3515 2870 3569 lbn
2911 3516 3113 3582 Bntrik,
3151 3519 3203 3572 id
3238 3528 3341 3584 est,
3374 3518 3569 3575 Saidus

302 3603 481 3659 Filius
542 3603 749 3659 Batrici
799 3620 896 3660 seu
948 3600 1197 3668 Patricii,
1248 3613 1343 3659 aut
1400 3604 1721 3659 Batricides.
1783 3602 1920 3658 Cum
1970 3613 2150 3658 autem
2202 3603 2509 3673 patriarcha
2562 3604 2738 3658 facitis
2812 3613 2917 3665 est.
2969 3604 3160 3659 maluit
3211 3606 3314 3659 sibi
3367 3622 3566 3663 nomen

298 3704 615 3775 Mn,
665 3710 811 3778 quod
849 3717 905 3765 et
943 3718 1201 3765 exoratur
1230 3708 1465 3766 subinde
1500 3703 1784 3772 invniva
1821 3718 1876 3764 et

1964 3700 2186 3769 ντιὴῇιικ
2246 3723 2343 3777 pro
2405 3724 2471 3762 eo
2503 3708 2649 3777 quod
2705 3724 2736 3762 e
2794 3707 2982 3764 Graeco
3034 3718 3119 3765 est
3183 3710 3444 3783 Eutyche:
3475 3727 3570 3771 aut

304 3796 621 3867 Eutychius.
695 3796 1027 3852 Vocabulum
1084 3796 1217 3852 iilud
1268 3813 1302 3853 e
1364 3798 1554 3853 (ἰτεοο
1598 3800 1680 3853 sic
1739 3800 1793 3852 in
1828 3797 2063 3853 Arabica
2126 3796 2392 3850 elementa
2450 3795 2813 3849 deformatum
2858 3797 2958 3865 legi
2994 3797 3211 3868 quidem
3262 3800 3416 3862 olim,
3472 3803 3568 3856 sed

300 3899 411 3939 non
462 3886 584 3940 sine
637 3900 864 3951 errore,
935 3884 1312 3955 Aplithysius;
1371 3885 1451 3940 uti
1506 3895 1579 3944 et.
1633 3883 1793 3955 juxta
1845 3896 2080 3947 mecum,
2152 3882 2234 3936 vir
2274 3897 2522 3937 summus
2578 3879 2818 3935 Thomas
2868 3881 3141 3953 Erpenius
3207 3884 3564 3943 Orientalium

300 3970 634 4044 linguarum,
668 3975 905 4028 maxime
932 3974 1199 4037 Arabicae.
1234 3975 1289 4029 in
1315 3973 1611 4029 Occidente
1668 3986 1887 4041 parens,
1918 3969 2046 4024 dum
2076 3969 2229 4032 vixit,
2258 3970 2705 4025 coiendissimus.
2742 3970 2798 4025 id
2833 3971 2977 4041 quod
3015 3989 3077 4027 ex
3112 3973 3357 4044 ejusdem
3389 3990 3564 4030 anno.

301 4064 598 4117 tatiuncula
627 4062 697 4117 de
731 4070 955 4118 auctore
1011 4064 1135 4125 hoc,
1172 4060 1422 4115 codicum
1470 4061 1669 4129 quibus
1714 4068 1840 4114 utor
1891 4057 2071 4121 alteri,
2103 4072 2202 4113 sua
2252 4071 2439 4123 manu,
2488 4060 2616 4113 dum
2648 4061 2969 4128 aliquandiu
3026 4064 3421 4118 consuetudine
3446 4067 3565 4135 ejus

299 4145 531 4202 Londini
562 4148 724 4206 annis
752 4149 953 4203 abhinc
983 4148 1219 4218 amplius
1242 4147 1431 4216 viginti
1462 4146 1701 4211 fruebar,
1723 4144 1934 4215 adjecta
1958 4145 2151 4215 liquet.
2181 4143 2241 4199 Et
2256 4146 2560 4202 lectionum
2594 4148 2863 4215 ejusmodi
2883 4150 3019 4204 satis
3053 4150 3232 4205 ferunt
3256 4155 3373 4222 ipsa
3404 4169 3562 4209 voea-

299 4233 414 4289 buli
450 4236 743 4292 elementa.
783 4236 890 4291 Sed
922 4236 1142 4290 tandem
1171 4234 1277 4289 vidi
1302 4234 1551 4303 Eutycliis
1583 4241 1639 4287 et
1670 4230 1918 4302 Eutychii
1941 4232 2159 4285 nomina
2185 4233 2252 4287 ab
2279 4233 2398 4302 ipso
2422 4232 2590 4288 Saido
2616 4233 2822 4289 eisdem
2855 4236 3052 4291 litteris
3083 4237 3384 4310 designari,
3415 4242 3559 4297 unde

296 4332 351 4377 et
382 4323 636 4379 eumdem
664 4322 982 4392 Eutychium
1012 4331 1106 4376 aut
1138 4320 1409 4390 Eutychen
1436 4319 1728 4374 dicendum
1763 4319 1987 4375 minime
2014 4320 2280 4374 dubitavi.
2320 4318 2431 4376 Nec
2462 4334 2571 4374 tam
2612 4336 2813 4374 novum
2844 4322 2915 4377 ita
2947 4325 3183 4393 sumpsit
3214 4341 3409 4381 nomen
3437 4327 3560 4383 Sai-

296 4412 426 4477 tlus,
467 4427 629 4483 quam
677 4412 893 4481 pristini
924 4412 1449 4481 interpretationem,
1491 4417 1582 4462 aut
1633 4407 1738 4461 alia
1768 4421 1832 4461 ex
1867 4407 2048 4476 lingua
2082 4419 2473 4475 synonymum.
2517 4405 2653 4461 Nam
2694 4406 2828 4460 Said
2859 4409 3000 4464 idem
3029 4410 3265 4466 Arabico
3290 4413 3563 4485 signiﬁcat

298 4501 445 4569 quod
476 4500 665 4556 Graece
688 4498 979 4569 Eutychius
1007 4508 1101 4553 aut
1123 4496 1405 4566 Eutycius,
1435 4504 1523 4550 aut
1547 4493 1743 4550 Latine
1774 4491 2128 4546 Fortunatus.

369 4614 550 4669 Patria
583 4620 700 4668 erat
738 4608 1326 4683 Egyptus.Natalium
1376 4609 1530 4663 locus
1574 4608 1666 4677 (ut
1690 4612 1925 4663 testatur
1968 4604 2083 4672 ipse
2121 4604 2173 4657 in
2214 4605 2488 4660 Chalil'atu
2531 4604 2719 4659 Kalu'ri
2751 4604 2939 4677 Bitia)
2991 4606 3297 4671 FuSIatum.
3332 4612 3401 4668 de
3442 4631 3555 4684 quo

298 4702 419 4756 side
440 4742 454 4764 ,
486 4701 531 4756 si
564 4700 761 4770 placet,
790 4699 1174 4772 geographiam
1209 4697 1542 4752 Nubiensem
1571 4696 1623 4750 in
1664 4701 1816 4765 parte
1846 4707 1907 4747 ιη
1934 4695 2173 4751 climatis
2198 4697 2232 4752 3
2266 4708 2460 4767 praeter
2486 4697 2878 4753 Lennelavium
2913 4700 2966 4752 in
2993 4699 3279 4756 Pandectis
3312 4703 3551 4759 Turcicis

297 4806 422 4858 cap.
455 4788 519 4844 61
554 4799 609 4843 et
628 4787 755 4843 212.
787 4788 1029 4858 Tempus
1061 4789 1328 4842 natalium
1380 4787 1501 4857 ejus
1534 4786 1637 4842 fuit
1671 4799 1849 4840 annus
1877 4796 2102 4843 octavus
2144 4786 2467 4842 Mutemadis
2511 4789 2645 4845 Billa
2694 4788 2789 4845 lbn
2839 4789 3155 4847 Metwachal
3184 4794 3463 4863 Chaliphze
3497 4796 3549 4849 in

298 4876 475 4949 Syria,
507 4877 781 4931 Aclnnedc
808 4877 900 4929 lbn
938 4874 1107 4931 'i‘olon
1142 4875 1524 4945 Chaliphatum
1550 4874 1832 4927 obtinente
1862 4870 2103 4946 Egypti;
2137 4878 2252 4931 dies
2279 4891 2406 4931 vero
2438 4878 2752 4933 Doniiuicus
2780 4887 2836 4932 et
2880 4878 2951 4931 27
2980 4881 3184 4933 mensis
3235 4880 3554 4953 Dilhuggize.

299 4965 425 5019 anui
454 4966 652 5037 hegirae
680 4963 809 5030 265,
849 4974 903 5017 ut
933 4962 1237 5031 expressim
1270 4962 1324 5016 in
1355 4963 1606 5016 codicum
1638 4961 1836 5031 quibus
1886 4972 2013 5016 utor
2033 4962 2275 5029 ejusdem
2306 4964 2498 5030 altero,
2525 4966 2639 5019 sive
2685 4966 2754 5020 ab
2778 4968 2897 5034 ipso
2928 4964 3212 5037 Eutychin.
3245 4969 3361 5023 sive
3382 4985 3412 5023 a
3459 4986 3555 5024 ne-

298 5054 417 5106 scio
452 5067 561 5121 quo
590 5050 699 5104 alio
729 5048 986 5105 traditur.
1010 5049 1087 5103 De
1104 5063 1253 5104 anno
1282 5049 1443 5103 verba
1477 5057 1627 5103 sunt:
1656 5050 1819 5117 Atque
1848 5047 1949 5101 hoc
1972 5049 2140 5102 evenit
2174 5065 2311 5103 anno
2338 5050 2445 5104 263
2474 5052 2673 5104 lunari.
2705 5051 2775 5104 Et
2812 5052 2877 5103 ab
2905 5052 3085 5121 Iiegira
3110 5054 3178 5105 ad
3202 5055 3403 5113 natales
3440 5059 3554 5123 ejus

298 5144 425 5197 anui
478 5153 600 5198 sunt
651 5142 850 5198 salares
888 5143 1013 5197 256.
1043 5143 1175 5197 Dum
1231 5156 1361 5196 vero
1413 5149 1735 5195 numeratur
1767 5137 1839 5204 ibi
1876 5135 2341 5193 annusaChristi
2407 5139 2803 5204 incarnatione,
2849 5142 2905 5193 lit
2938 5141 3024 5194 ille
3077 5142 3343 5212 868;qui
3394 5145 3555 5213 plane

298 5233 438 5287 idem
508 5241 592 5287 est
665 5232 756 5303 qui
819 5232 980 5288 nobis
1036 5232 1092 5285 in
1162 5228 1515 5299 cbronologia
1580 5226 1957 5297 receptissima
2036 5226 2269 5281 habetur
2332 5226 2459 5281 876.
2514 5226 2780 5281 Nimirum
2865 5228 3168 5297 Eutychius
3237 5232 3439 5301 passim
3498 5235 3552 5287 in

297 5322 643 5392 chronologia
700 5334 797 5374 sua
858 5320 1068 5375 ChriSti
1128 5320 1339 5374 natales
1406 5318 1656 5373 octeunio
1712 5314 1843 5369 facit
1903 5314 2239 5369 recentiores
2294 5330 2454 5382 quam
2512 5317 2564 5369 in
2623 5331 2732 5370 aera
2782 5319 3016 5387 vulgari.
3066 5321 3323 5389 Adeoque
3374 5336 3437 5375 ex
3489 5337 3552 5376 ea

297 5410 507 5465 ratione
554 5409 794 5479 hegiram
844 5408 913 5462 ab
972 5422 1117 5462 anno
1160 5405 1361 5460 Clu-isti
1429 5404 1535 5459 614
1596 5405 1933 5472 auspicatur,
1962 5416 2122 5469 quam
2181 5404 2465 5457 unanimes
2515 5405 2764 5458 tribuunt
2823 5407 3142 5473 chronologi
3200 5408 3373 5461 nostri
3401 5426 3548 5464 anno

296 5497 499 5569 vulgari
559 5496 762 5552 Christi
819 5496 944 5554 622.
992 5495 1170 5564 Atque
1223 5508 1288 5548 ex
1350 5492 1456 5546 622
1507 5502 1561 5547 et
1604 5488 1710 5545 254
1759 5489 1916 5547 annis
1963 5489 2231 5543 solm-ibus
2284 5490 2575 5543 coniicitur
2614 5506 2795 5547 annus
2823 5492 2909 5549 ille
2941 5493 3065 5548 876.
3098 5493 3225 5550 Dies
3258 5506 3441 5551 autem
3480 5497 3560 5549 2T

298 5586 593 5656 Dilhuggim
640 5586 693 5641 in
743 5600 888 5639 anno
943 5583 1152 5654 Hegira:
1202 5582 1331 5645 263,
1378 5580 1668 5650 respondet
1704 5578 1812 5633 diei
1848 5579 1881 5633 8
1945 5575 2286 5646 Septembris
2340 5579 2393 5633 in
2449 5596 2591 5635 anno
2646 5581 2752 5635 876
2809 5580 3048 5640 Iuliano.
3088 5587 3278 5655 Acci-pi
3326 5598 3551 5649 wro,et

294 5673 609 5731 beneﬁcium
656 5672 1016 5730 libentissime
1057 5683 1334 5742 agnosco,
1367 5670 1433 5723 ab
1492 5668 1610 5722 viro
1659 5667 1853 5723 litteris
1892 5670 2110 5738 optimis
2154 5685 2214 5724 ac
2275 5671 2473 5725 virtute
2526 5672 2879 5729 ornatissimo
2927 5672 3195 5729 Edwardo
3239 5675 3537 5738 Pocoekio.
