  <div class='ocr_page' id='page_1' title='image "/cluster/home/n/w/nwhite01/storage/ocr_20150623/111/mdp.39015009379887/453.png"; bbox 0 0 4068 6160; ppageno 0'>
   <div class='ocr_carea' id='block_1_1' title="bbox 552 278 2158 355">
    <p class='ocr_par' dir='ltr' id='par_1_1' title="bbox 552 289 2158 355">
     <span class='ocr_line' id='line_1_1' title="bbox 552 289 2158 355; baseline -0.002 -2"><span class='ocrx_word' id='word_1_1' title='bbox 552 292 653 355; x_wconf 77' lang='grc'><strong>891</strong></span> <span class='ocrx_word' id='word_1_2' title='bbox 1990 289 2158 351; x_wconf 70' lang='grc' dir='ltr'><strong>ΛΝΝ⁴</strong></span> 
     </span>
    </p>
   </div>
   <div class='ocr_carea' id='block_1_2' title="bbox 2187 278 3793 355">
    <p class='ocr_par' dir='ltr' id='par_1_2' title="bbox 2187 278 3793 351">
     <span class='ocr_line' id='line_1_2' title="bbox 2187 278 3793 351; baseline 0 -4"><span class='ocrx_word' id='word_1_3' title='bbox 2187 287 2367 351; x_wconf 57' lang='grc' dir='ltr'><strong>λιες.</strong></span> <span class='ocrx_word' id='word_1_4' title='bbox 3689 278 3793 349; x_wconf 72' lang='grc'><strong>892</strong></span> 
     </span>
    </p>
   </div>
   <div class='ocr_carea' id='block_1_3' title="bbox 541 395 3796 476">
    <p class='ocr_par' dir='ltr' id='par_1_3' title="bbox 541 395 3796 476">
     <span class='ocr_line' id='line_1_3' title="bbox 541 395 3796 476; baseline -0.002 -14"><span class='ocrx_word' id='word_1_5' title='bbox 541 405 741 462; x_wconf 82' lang='lat' dir='ltr'><strong>Osanii</strong></span> <span class='ocrx_word' id='word_1_6' title='bbox 770 405 969 474; x_wconf 72' lang='lat' dir='ltr'><strong>lingua:</strong></span> <span class='ocrx_word' id='word_1_7' title='bbox 995 404 1243 460; x_wconf 75' lang='lat' dir='ltr'><strong>Arabicae</strong></span> <span class='ocrx_word' id='word_1_8' title='bbox 1271 403 1585 476; x_wconf 77' lang='lat' dir='ltr'><strong>proiessore</strong></span> <span class='ocrx_word' id='word_1_9' title='bbox 1618 404 1966 476; x_wconf 75' lang='lat' dir='ltr'><strong>dignissimo,</strong></span> <span class='ocrx_word' id='word_1_10' title='bbox 1995 403 2162 459; x_wconf 85' lang='lat' dir='ltr'><strong>vitam</strong></span> <span class='ocrx_word' id='word_1_11' title='bbox 2204 417 2310 459; x_wconf 88' lang='lat' dir='ltr'><strong>ms.</strong></span> <span class='ocrx_word' id='word_1_12' title='bbox 2350 399 2599 473; x_wconf 81' lang='lat' dir='ltr'><strong>Eutychii</strong></span> <span class='ocrx_word' id='word_1_13' title='bbox 2631 399 2803 455; x_wconf 88' lang='lat' dir='ltr'><strong>nostri</strong></span> <span class='ocrx_word' id='word_1_14' title='bbox 2835 399 2907 455; x_wconf 92' lang='lat' dir='ltr'><strong>ob</strong></span> <span class='ocrx_word' id='word_1_15' title='bbox 2934 397 3029 455; x_wconf 90' lang='lat' dir='ltr'><strong>lbn</strong></span> <span class='ocrx_word' id='word_1_16' title='bbox 3056 397 3157 455; x_wconf 86' lang='lat' dir='ltr'><strong>Abi</strong></span> <span class='ocrx_word' id='word_1_17' title='bbox 3186 396 3421 457; x_wconf 85' lang='lat' dir='ltr'><strong>Osaibea</strong></span> <span class='ocrx_word' id='word_1_18' title='bbox 3448 395 3796 456; x_wconf 57' lang='lat' dir='ltr'><strong>laboremla-</strong></span> 
     </span>
    </p>
   </div>
   <div class='ocr_carea' id='block_1_4' title="bbox 544 488 3795 565">
    <p class='ocr_par' dir='ltr' id='par_1_4' title="bbox 544 488 3795 565">
     <span class='ocr_line' id='line_1_4' title="bbox 544 488 3795 565; baseline -0.003 -13"><span class='ocrx_word' id='word_1_19' title='bbox 544 515 639 559; x_wconf 83' lang='lat' dir='ltr'><strong>no,</strong></span> <span class='ocrx_word' id='word_1_20' title='bbox 668 499 810 551; x_wconf 88' lang='lat' dir='ltr'><strong>inter</strong></span> <span class='ocrx_word' id='word_1_21' title='bbox 844 492 992 553; x_wconf 78' lang='lat' dir='ltr'><strong>Vitas</strong></span> <span class='ocrx_word' id='word_1_22' title='bbox 1022 496 1263 550; x_wconf 80' lang='lat' dir='ltr'><strong>Arabum</strong></span> <span class='ocrx_word' id='word_1_23' title='bbox 1295 496 1387 565; x_wconf 88' lang='lat' dir='ltr'><strong>qui</strong></span> <span class='ocrx_word' id='word_1_24' title='bbox 1414 494 1684 551; x_wconf 82' lang='lat' dir='ltr'><strong>medicina</strong></span> <span class='ocrx_word' id='word_1_25' title='bbox 1718 500 1875 560; x_wconf 86' lang='lat' dir='ltr'><strong>(nam</strong></span> <span class='ocrx_word' id='word_1_26' title='bbox 1916 502 1971 549; x_wconf 89' lang='lat' dir='ltr'><strong>et</strong></span> <span class='ocrx_word' id='word_1_27' title='bbox 2030 492 2277 549; x_wconf 87' lang='lat' dir='ltr'><strong>medicus</strong></span> <span class='ocrx_word' id='word_1_28' title='bbox 2315 500 2433 545; x_wconf 88' lang='lat' dir='ltr'><strong>erat</strong></span> <span class='ocrx_word' id='word_1_29' title='bbox 2470 490 2700 559; x_wconf 76' lang='lat' dir='ltr'><strong>insignis</strong></span> <span class='ocrx_word' id='word_1_30' title='bbox 2731 489 3065 562; x_wconf 74' lang='lat' dir='ltr'><strong>Eutychius)</strong></span> <span class='ocrx_word' id='word_1_31' title='bbox 3109 489 3359 544; x_wconf 84' lang='lat' dir='ltr'><strong>clarucre</strong></span> <span class='ocrx_word' id='word_1_32' title='bbox 3416 488 3701 557; x_wconf 84' lang='lat' dir='ltr'><strong>scriptam.</strong></span> <span class='ocrx_word' id='word_1_33' title='bbox 3740 492 3795 543; x_wconf 83' lang='lat' dir='ltr'><strong>In</strong></span> 
     </span>
    </p>
   </div>
   <div class='ocr_carea' id='block_1_5' title="bbox 542 577 3795 655">
    <p class='ocr_par' dir='ltr' id='par_1_5' title="bbox 542 577 3795 655">
     <span class='ocr_line' id='line_1_5' title="bbox 542 577 3795 655; baseline 0 -20"><span class='ocrx_word' id='word_1_34' title='bbox 542 601 606 639; x_wconf 79' lang='lat' dir='ltr'><strong>t-a</strong></span> <span class='ocrx_word' id='word_1_35' title='bbox 638 587 776 639; x_wconf 90' lang='lat' dir='ltr'><strong>idem</strong></span> <span class='ocrx_word' id='word_1_36' title='bbox 808 582 949 649; x_wconf 86' lang='lat' dir='ltr'><strong>dies,</strong></span> <span class='ocrx_word' id='word_1_37' title='bbox 982 584 1212 648; x_wconf 85' lang='lat' dir='ltr'><strong>mensis,</strong></span> <span class='ocrx_word' id='word_1_38' title='bbox 1242 599 1307 638; x_wconf 90' lang='lat' dir='ltr'><strong>ac</strong></span> <span class='ocrx_word' id='word_1_39' title='bbox 1339 583 1472 638; x_wconf 80' lang='lat' dir='ltr'><strong>feria</strong></span> <span class='ocrx_word' id='word_1_40' title='bbox 1503 585 1714 649; x_wconf 86' lang='lat' dir='ltr'><strong>eadem,</strong></span> <span class='ocrx_word' id='word_1_41' title='bbox 1750 585 2025 639; x_wconf 86' lang='lat' dir='ltr'><strong>natalibus</strong></span> <span class='ocrx_word' id='word_1_42' title='bbox 2054 582 2176 655; x_wconf 76' lang='lat' dir='ltr'><strong>ejus</strong></span> <span class='ocrx_word' id='word_1_43' title='bbox 2225 583 2509 640; x_wconf 73' lang='lat' dir='ltr'><strong>tribuitur.</strong></span> <span class='ocrx_word' id='word_1_44' title='bbox 2544 582 2735 638; x_wconf 87' lang='lat' dir='ltr'><strong>Annus</strong></span> <span class='ocrx_word' id='word_1_45' title='bbox 2772 597 2901 636; x_wconf 87' lang='lat' dir='ltr'><strong>vero</strong></span> <span class='ocrx_word' id='word_1_46' title='bbox 2935 583 3153 637; x_wconf 77' lang='lat' dir='ltr'><strong>interim</strong></span> <span class='ocrx_word' id='word_1_47' title='bbox 3199 581 3272 636; x_wconf 91' lang='lat' dir='ltr'><strong>ibi</strong></span> <span class='ocrx_word' id='word_1_48' title='bbox 3300 588 3384 636; x_wconf 88' lang='lat' dir='ltr'><strong>est</strong></span> <span class='ocrx_word' id='word_1_49' title='bbox 3415 580 3523 637; x_wconf 79' lang='lat'><strong>223</strong></span> <span class='ocrx_word' id='word_1_50' title='bbox 3570 577 3795 652; x_wconf 70' lang='lat' dir='ltr'><strong>Hegirc.</strong></span> 
     </span>
    </p>
   </div>
   <div class='ocr_carea' id='block_1_6' title="bbox 543 680 3797 779">
    <p class='ocr_par' dir='ltr' id='par_1_6' title="bbox 543 680 3797 779">
     <span class='ocr_line' id='line_1_6' title="bbox 543 680 3797 779; baseline -0 -36"><span class='ocrx_word' id='word_1_51' title='bbox 543 688 649 744; x_wconf 78' lang='lat' dir='ltr'><strong>Sed</strong></span> <span class='ocrx_word' id='word_1_52' title='bbox 703 689 908 746; x_wconf 74' lang='lat' dir='ltr'><strong>librarii</strong></span> <span class='ocrx_word' id='word_1_53' title='bbox 955 705 1112 745; x_wconf 90' lang='lat' dir='ltr'><strong>error</strong></span> <span class='ocrx_word' id='word_1_54' title='bbox 1164 698 1251 744; x_wconf 88' lang='lat' dir='ltr'><strong>est</strong></span> <span class='ocrx_word' id='word_1_55' title='bbox 1319 688 1668 744; x_wconf 79' lang='lat' dir='ltr'><strong>manifestus.</strong></span> <span class='ocrx_word' id='word_1_56' title='bbox 1727 687 1793 743; x_wconf 77' lang='lat' dir='ltr'><strong>Et</strong></span> <span class='ocrx_word' id='word_1_57' title='bbox 1860 705 1959 760; x_wconf 86' lang='lat' dir='ltr'><strong>pro</strong></span> <span class='ocrx_word' id='word_1_58' title='bbox 2254 694 2569 753; x_wconf 70' lang='lat' dir='ltr'><strong>uicesimus.</strong></span> <span class='ocrx_word' id='word_1_59' title='bbox 2630 692 2786 762; x_wconf 89' lang='lat' dir='ltr'><strong>plane</strong></span> <span class='ocrx_word' id='word_1_60' title='bbox 3069 692 3424 760; x_wconf 75' lang='lat' dir='ltr'><strong>sexagesimus</strong></span> <span class='ocrx_word' id='word_1_61' title='bbox 3491 686 3797 754; x_wconf 72' lang='lat' dir='ltr'><strong>legentium.</strong></span> 
     </span>
    </p>
   </div>
   <div class='ocr_carea' id='block_1_7' title="bbox 542 774 3800 851">
    <p class='ocr_par' dir='ltr' id='par_1_7' title="bbox 542 774 3800 851">
     <span class='ocr_line' id='line_1_7' title="bbox 542 774 3800 851; baseline 0.001 -21"><span class='ocrx_word' id='word_1_62' title='bbox 542 778 749 832; x_wconf 91' lang='lat' dir='ltr'><strong>Auctor</strong></span> <span class='ocrx_word' id='word_1_63' title='bbox 778 777 865 832; x_wconf 87' lang='lat' dir='ltr'><strong>ille</strong></span> <span class='ocrx_word' id='word_1_64' title='bbox 914 777 1051 831; x_wconf 86' lang='lat' dir='ltr'><strong>alias</strong></span> <span class='ocrx_word' id='word_1_65' title='bbox 1108 776 1313 831; x_wconf 84' lang='lat' dir='ltr'><strong>dicitur</strong></span> <span class='ocrx_word' id='word_1_66' title='bbox 1366 777 1485 832; x_wconf 92' lang='lat' dir='ltr'><strong>Abu</strong></span> <span class='ocrx_word' id='word_1_67' title='bbox 1539 774 1830 847; x_wconf 77' lang='lat' dir='ltr'><strong>Elaighbas</strong></span> <span class='ocrx_word' id='word_1_68' title='bbox 1882 774 2121 833; x_wconf 83' lang='lat' dir='ltr'><strong>Acltmed</strong></span> <span class='ocrx_word' id='word_1_69' title='bbox 2147 778 2258 835; x_wconf 86' lang='lat' dir='ltr'><strong>Ben</strong></span> <span class='ocrx_word' id='word_1_70' title='bbox 2283 780 2501 842; x_wconf 83' lang='lat' dir='ltr'><strong>Casem,</strong></span> <span class='ocrx_word' id='word_1_71' title='bbox 2522 795 2681 851; x_wconf 89' lang='lat' dir='ltr'><strong>quem</strong></span> <span class='ocrx_word' id='word_1_72' title='bbox 2711 774 2962 835; x_wconf 76' lang='lat' dir='ltr'><strong>eumdem</strong></span> <span class='ocrx_word' id='word_1_73' title='bbox 2982 779 3235 834; x_wconf 64' lang='lat' dir='ltr'><strong>existimo</strong></span> <span class='ocrx_word' id='word_1_74' title='bbox 3257 793 3380 833; x_wconf 87' lang='lat' dir='ltr'><strong>esse</strong></span> <span class='ocrx_word' id='word_1_75' title='bbox 3403 791 3529 835; x_wconf 86' lang='lat' dir='ltr'><strong>cum</strong></span> <span class='ocrx_word' id='word_1_76' title='bbox 3553 776 3664 831; x_wconf 85' lang='lat' dir='ltr'><strong>Ben</strong></span> <span class='ocrx_word' id='word_1_77' title='bbox 3693 774 3800 831; x_wconf 77' lang='lat' dir='ltr'><strong>Ca-</strong></span> 
     </span>
    </p>
   </div>
   <div class='ocr_carea' id='block_1_8' title="bbox 544 863 3801 935">
    <p class='ocr_par' dir='ltr' id='par_1_8' title="bbox 544 863 3801 935">
     <span class='ocr_line' id='line_1_8' title="bbox 544 863 3801 935; baseline -0 -14"><span class='ocrx_word' id='word_1_78' title='bbox 544 879 659 921; x_wconf 89' lang='lat' dir='ltr'><strong>sem</strong></span> <span class='ocrx_word' id='word_1_79' title='bbox 700 866 941 920; x_wconf 75' lang='lat' dir='ltr'><strong>virorum</strong></span> <span class='ocrx_word' id='word_1_80' title='bbox 977 866 1271 920; x_wconf 74' lang='lat' dir='ltr'><strong>illustrium</strong></span> <span class='ocrx_word' id='word_1_81' title='bbox 1295 865 1542 920; x_wconf 80' lang='lat' dir='ltr'><strong>Viturum</strong></span> <span class='ocrx_word' id='word_1_82' title='bbox 1576 878 1803 921; x_wconf 80' lang='lat' dir='ltr'><strong>auctore</strong></span> <span class='ocrx_word' id='word_1_83' title='bbox 1838 866 2130 935; x_wconf 74' lang='lat' dir='ltr'><strong>aliquoties</strong></span> <span class='ocrx_word' id='word_1_84' title='bbox 2154 867 2321 923; x_wconf 87' lang='lat' dir='ltr'><strong>citato</strong></span> <span class='ocrx_word' id='word_1_85' title='bbox 2371 882 2399 919; x_wconf 87' lang='lat' dir='ltr'><strong>a</strong></span> <span class='ocrx_word' id='word_1_86' title='bbox 2457 865 2708 922; x_wconf 70' lang='lat' dir='ltr'><strong>Gabriele</strong></span> <span class='ocrx_word' id='word_1_87' title='bbox 2766 878 2818 921; x_wconf 90' lang='lat' dir='ltr'><strong>et</strong></span> <span class='ocrx_word' id='word_1_88' title='bbox 2845 863 3056 922; x_wconf 77' lang='lat' dir='ltr'><strong>Joanne</strong></span> <span class='ocrx_word' id='word_1_89' title='bbox 3086 866 3373 921; x_wconf 70' lang='lat' dir='ltr'><strong>Maronitis</strong></span> <span class='ocrx_word' id='word_1_90' title='bbox 3397 866 3451 920; x_wconf 89' lang='lat' dir='ltr'><strong>in</strong></span> <span class='ocrx_word' id='word_1_91' title='bbox 3478 874 3711 921; x_wconf 84' lang='lat' dir='ltr'><strong>tractatu</strong></span> <span class='ocrx_word' id='word_1_92' title='bbox 3737 865 3801 922; x_wconf 80' lang='lat' dir='ltr'><strong>de</strong></span> 
     </span>
    </p>
   </div>
   <div class='ocr_carea' id='block_1_9' title="bbox 542 958 3802 1031">
    <p class='ocr_par' dir='ltr' id='par_1_9' title="bbox 542 958 3802 1031">
     <span class='ocr_line' id='line_1_9' title="bbox 542 958 3802 1031; baseline -0 -15"><span class='ocrx_word' id='word_1_93' title='bbox 542 961 707 1016; x_wconf 84' lang='lat' dir='ltr'><strong>rebus</strong></span> <span class='ocrx_word' id='word_1_94' title='bbox 738 958 1105 1014; x_wconf 82' lang='lat' dir='ltr'><strong>Orientalibus</strong></span> <span class='ocrx_word' id='word_1_95' title='bbox 1123 960 1478 1030; x_wconf 73' lang='lat' dir='ltr'><strong>Gcograpbim</strong></span> <span class='ocrx_word' id='word_1_96' title='bbox 1506 959 1768 1015; x_wconf 76' lang='lat' dir='ltr'><strong>Nubit-nsi</strong></span> <span class='ocrx_word' id='word_1_97' title='bbox 1802 960 2071 1016; x_wconf 80' lang='lat' dir='ltr'><strong>subuexo.</strong></span> <span class='ocrx_word' id='word_1_98' title='bbox 2117 958 2327 1017; x_wconf 82' lang='lat' dir='ltr'><strong>Floruit</strong></span> <span class='ocrx_word' id='word_1_99' title='bbox 2365 961 2451 1016; x_wconf 88' lang='lat' dir='ltr'><strong>hic</strong></span> <span class='ocrx_word' id='word_1_100' title='bbox 2493 960 2595 1015; x_wconf 88' lang='lat' dir='ltr'><strong>sub</strong></span> <span class='ocrx_word' id='word_1_101' title='bbox 2629 977 2831 1015; x_wconf 90' lang='lat' dir='ltr'><strong>annum</strong></span> <span class='ocrx_word' id='word_1_102' title='bbox 2854 961 3052 1031; x_wconf 79' lang='lat' dir='ltr'><strong>hegira:</strong></span> <span class='ocrx_word' id='word_1_103' title='bbox 3074 961 3203 1026; x_wconf 80' lang='lat' dir='ltr'><strong>(ilo,</strong></span> <span class='ocrx_word' id='word_1_104' title='bbox 3238 975 3336 1014; x_wconf 81' lang='lat' dir='ltr'><strong>seu</strong></span> <span class='ocrx_word' id='word_1_105' title='bbox 3360 975 3564 1016; x_wconf 85' lang='lat' dir='ltr'><strong>annum</strong></span> <span class='ocrx_word' id='word_1_106' title='bbox 3599 959 3802 1017; x_wconf 81' lang='lat' dir='ltr'><strong>Christi</strong></span> 
     </span>
    </p>
   </div>
   <div class='ocr_carea' id='block_1_10' title="bbox 545 1048 3802 1124">
    <p class='ocr_par' dir='ltr' id='par_1_10' title="bbox 545 1048 3802 1124">
     <span class='ocr_line' id='line_1_10' title="bbox 545 1048 3802 1124; baseline 0 -19"><span class='ocrx_word' id='word_1_107' title='bbox 545 1050 702 1105; x_wconf 82' lang='lat' dir='ltr'><strong>i2l2.</strong></span> <span class='ocrx_word' id='word_1_108' title='bbox 739 1051 898 1103; x_wconf 91' lang='lat' dir='ltr'><strong>Anno</strong></span> <span class='ocrx_word' id='word_1_109' title='bbox 932 1066 1127 1119; x_wconf 78' lang='lat' dir='ltr'><strong>nempe</strong></span> <span class='ocrx_word' id='word_1_110' title='bbox 1189 1051 1369 1103; x_wconf 79' lang='lat' dir='ltr'><strong>a-tatis</strong></span> <span class='ocrx_word' id='word_1_111' title='bbox 1404 1064 1515 1103; x_wconf 75' lang='lat' dir='ltr'><strong>sua:</strong></span> <span class='ocrx_word' id='word_1_112' title='bbox 1564 1050 1631 1102; x_wconf 80' lang='lat'><strong>37</strong></span> <span class='ocrx_word' id='word_1_113' title='bbox 1682 1058 1932 1104; x_wconf 83' lang='lat' dir='ltr'><strong>mortuus</strong></span> <span class='ocrx_word' id='word_1_114' title='bbox 1967 1066 2076 1116; x_wconf 82' lang='lat' dir='ltr'><strong>est,</strong></span> <span class='ocrx_word' id='word_1_115' title='bbox 2122 1065 2265 1107; x_wconf 86' lang='lat' dir='ltr'><strong>anno</strong></span> <span class='ocrx_word' id='word_1_116' title='bbox 2291 1052 2489 1119; x_wconf 73' lang='lat' dir='ltr'><strong>itegirze</strong></span> <span class='ocrx_word' id='word_1_117' title='bbox 2522 1050 2651 1114; x_wconf 78' lang='lat' dir='ltr'><strong>(illi,</strong></span> <span class='ocrx_word' id='word_1_118' title='bbox 2711 1052 2805 1120; x_wconf 88' lang='lat' dir='ltr'><strong>qui</strong></span> <span class='ocrx_word' id='word_1_119' title='bbox 2846 1051 3050 1105; x_wconf 83' lang='lat' dir='ltr'><strong>Citriin</strong></span> <span class='ocrx_word' id='word_1_120' title='bbox 3099 1060 3184 1105; x_wconf 90' lang='lat' dir='ltr'><strong>cst</strong></span> <span class='ocrx_word' id='word_1_121' title='bbox 3226 1050 3382 1105; x_wconf 70' lang='lat' dir='ltr'><strong>i220.</strong></span> <span class='ocrx_word' id='word_1_122' title='bbox 3440 1048 3609 1124; x_wconf 69' lang='lat' dir='ltr'><strong>Igitttr</strong></span> <span class='ocrx_word' id='word_1_123' title='bbox 3640 1059 3802 1107; x_wconf 84' lang='lat' dir='ltr'><strong>natus</strong></span> 
     </span>
    </p>
   </div>
   <div class='ocr_carea' id='block_1_11' title="bbox 539 1137 3800 1211">
    <p class='ocr_par' dir='ltr' id='par_1_11' title="bbox 539 1137 3800 1211">
     <span class='ocr_line' id='line_1_11' title="bbox 539 1137 3800 1211; baseline -0.001 -16"><span class='ocrx_word' id='word_1_124' title='bbox 539 1150 622 1196; x_wconf 85' lang='lat' dir='ltr'><strong>est</strong></span> <span class='ocrx_word' id='word_1_125' title='bbox 647 1138 946 1211; x_wconf 78' lang='lat' dir='ltr'><strong>Eutychius</strong></span> <span class='ocrx_word' id='word_1_126' title='bbox 984 1138 1183 1193; x_wconf 84' lang='lat' dir='ltr'><strong>Carolo</strong></span> <span class='ocrx_word' id='word_1_127' title='bbox 1208 1138 1378 1196; x_wconf 87' lang='lat' dir='ltr'><strong>Calvo</strong></span> <span class='ocrx_word' id='word_1_128' title='bbox 1402 1138 1741 1201; x_wconf 84' lang='lat' dir='ltr'><strong>Occidentis,</strong></span> <span class='ocrx_word' id='word_1_129' title='bbox 1774 1137 1976 1193; x_wconf 77' lang='lat' dir='ltr'><strong>Basilio</strong></span> <span class='ocrx_word' id='word_1_130' title='bbox 2010 1137 2251 1195; x_wconf 81' lang='lat' dir='ltr'><strong>Orientis</strong></span> <span class='ocrx_word' id='word_1_131' title='bbox 2282 1139 2727 1206; x_wconf 83' lang='lat' dir='ltr'><strong>imperatoribus,</strong></span> <span class='ocrx_word' id='word_1_132' title='bbox 2755 1146 2809 1193; x_wconf 85' lang='lat' dir='ltr'><strong>et</strong></span> <span class='ocrx_word' id='word_1_133' title='bbox 2834 1139 3057 1193; x_wconf 81' lang='lat' dir='ltr'><strong>Alfretlo</strong></span> <span class='ocrx_word' id='word_1_134' title='bbox 3082 1154 3206 1209; x_wconf 71' lang='lat' dir='ltr'><strong>rege</strong></span> <span class='ocrx_word' id='word_1_135' title='bbox 3239 1139 3466 1208; x_wconf 60' lang='lat' dir='ltr'><strong>Anglia.</strong></span> <span class='ocrx_word' id='word_1_136' title='bbox 3489 1139 3800 1210; x_wconf 80' lang='lat' dir='ltr'><strong>patriarcha</strong></span> 
     </span>
    </p>
   </div>
   <div class='ocr_carea' id='block_1_12' title="bbox 542 1224 3800 1298">
    <p class='ocr_par' dir='ltr' id='par_1_12' title="bbox 542 1224 3800 1298">
     <span class='ocr_line' id='line_1_12' title="bbox 542 1224 3800 1298; baseline -0.001 -15"><span class='ocrx_word' id='word_1_137' title='bbox 542 1228 912 1283; x_wconf 73' lang='lat' dir='ltr'><strong>Alexandrino</strong></span> <span class='ocrx_word' id='word_1_138' title='bbox 941 1235 1071 1281; x_wconf 89' lang='lat' dir='ltr'><strong>tunc</strong></span> <span class='ocrx_word' id='word_1_139' title='bbox 1097 1227 1379 1283; x_wconf 71' lang='lat' dir='ltr'><strong>iiichaele.</strong></span> <span class='ocrx_word' id='word_1_140' title='bbox 1420 1227 1556 1281; x_wconf 86' lang='lat' dir='ltr'><strong>Dum</strong></span> <span class='ocrx_word' id='word_1_141' title='bbox 1589 1238 1772 1281; x_wconf 80' lang='lat' dir='ltr'><strong>autem</strong></span> <span class='ocrx_word' id='word_1_142' title='bbox 1808 1228 2072 1298; x_wconf 74' lang='lat' dir='ltr'><strong>temporis</strong></span> <span class='ocrx_word' id='word_1_143' title='bbox 2109 1228 2254 1282; x_wconf 89' lang='lat' dir='ltr'><strong>hunc</strong></span> <span class='ocrx_word' id='word_1_144' title='bbox 2300 1229 2735 1297; x_wconf 79' lang='lat' dir='ltr'><strong>qualemcunque</strong></span> <span class='ocrx_word' id='word_1_145' title='bbox 2766 1225 3036 1282; x_wconf 87' lang='lat' dir='ltr'><strong>calculum</strong></span> <span class='ocrx_word' id='word_1_146' title='bbox 3061 1241 3125 1282; x_wconf 88' lang='lat' dir='ltr'><strong>ex</strong></span> <span class='ocrx_word' id='word_1_147' title='bbox 3158 1228 3449 1283; x_wconf 77' lang='lat' dir='ltr'><strong>Arabistno</strong></span> <span class='ocrx_word' id='word_1_148' title='bbox 3488 1224 3800 1297; x_wconf 75' lang='lat' dir='ltr'><strong>offerimus,</strong></span> 
     </span>
    </p>
   </div>
   <div class='ocr_carea' id='block_1_13' title="bbox 541 1314 3802 1386">
    <p class='ocr_par' dir='ltr' id='par_1_13' title="bbox 541 1314 3802 1386">
     <span class='ocr_line' id='line_1_13' title="bbox 541 1314 3802 1386; baseline -0.001 -15"><span class='ocrx_word' id='word_1_149' title='bbox 541 1316 687 1373; x_wconf 81' lang='lat' dir='ltr'><strong>subit</strong></span> <span class='ocrx_word' id='word_1_150' title='bbox 724 1316 777 1371; x_wconf 90' lang='lat' dir='ltr'><strong>in</strong></span> <span class='ocrx_word' id='word_1_151' title='bbox 813 1324 1051 1370; x_wconf 79' lang='lat' dir='ltr'><strong>mentem</strong></span> <span class='ocrx_word' id='word_1_152' title='bbox 1088 1314 1219 1370; x_wconf 84' lang='lat' dir='ltr'><strong>illud</strong></span> <span class='ocrx_word' id='word_1_153' title='bbox 1249 1314 1553 1382; x_wconf 85' lang='lat' dir='ltr'><strong>Landuiphi</strong></span> <span class='ocrx_word' id='word_1_154' title='bbox 1576 1315 1799 1380; x_wconf 75' lang='lat' dir='ltr'><strong>Sagaris</strong></span> <span class='ocrx_word' id='word_1_155' title='bbox 1828 1315 1895 1368; x_wconf 80' lang='lat' dir='ltr'><strong>de</strong></span> <span class='ocrx_word' id='word_1_156' title='bbox 1937 1330 2153 1370; x_wconf 83' lang='lat' dir='ltr'><strong>summa</strong></span> <span class='ocrx_word' id='word_1_157' title='bbox 2186 1326 2352 1384; x_wconf 84' lang='lat' dir='ltr'><strong>atque</strong></span> <span class='ocrx_word' id='word_1_158' title='bbox 2388 1314 2633 1369; x_wconf 85' lang='lat' dir='ltr'><strong>inaudita</strong></span> <span class='ocrx_word' id='word_1_159' title='bbox 2671 1314 2993 1370; x_wconf 82' lang='lat' dir='ltr'><strong>numerandi</strong></span> <span class='ocrx_word' id='word_1_160' title='bbox 3035 1314 3277 1380; x_wconf 85' lang='lat' dir='ltr'><strong>inscitia,</strong></span> <span class='ocrx_word' id='word_1_161' title='bbox 3307 1328 3469 1386; x_wconf 87' lang='lat' dir='ltr'><strong>quam</strong></span> <span class='ocrx_word' id='word_1_162' title='bbox 3509 1314 3802 1381; x_wconf 80' lang='lat' dir='ltr'><strong>Arabibus,</strong></span> 
     </span>
    </p>
   </div>
   <div class='ocr_carea' id='block_1_14' title="bbox 538 1392 3804 1474">
    <p class='ocr_par' dir='ltr' id='par_1_14' title="bbox 538 1392 3804 1474">
     <span class='ocr_line' id='line_1_14' title="bbox 538 1392 3804 1474; baseline -0.001 -14"><span class='ocrx_word' id='word_1_163' title='bbox 538 1418 763 1460; x_wconf 86' lang='lat' dir='ltr'><strong>auctore</strong></span> <span class='ocrx_word' id='word_1_164' title='bbox 786 1403 1038 1460; x_wconf 66' lang='lat' dir='ltr'><strong>Gra&#39;culo</strong></span> <span class='ocrx_word' id='word_1_165' title='bbox 1062 1402 1269 1473; x_wconf 86' lang='lat' dir='ltr'><strong>aliquo,</strong></span> <span class='ocrx_word' id='word_1_166' title='bbox 1310 1402 1560 1471; x_wconf 81' lang='lat' dir='ltr'><strong>imputat.</strong></span> <span class='ocrx_word' id='word_1_167' title='bbox 1590 1405 1680 1459; x_wconf 82' lang='lat' dir='ltr'><strong>Ait</strong></span> <span class='ocrx_word' id='word_1_168' title='bbox 1710 1419 1927 1473; x_wconf 83' lang='lat' dir='ltr'><strong>nempe,</strong></span> <span class='ocrx_word' id='word_1_169' title='bbox 1965 1404 2108 1460; x_wconf 88' lang='lat' dir='ltr'><strong>libro</strong></span> <span class='ocrx_word' id='word_1_170' title='bbox 2134 1402 2207 1460; x_wconf 88' lang='lat'><strong>20</strong></span> <span class='ocrx_word' id='word_1_171' title='bbox 2253 1401 2395 1467; x_wconf 85' lang='lat' dir='ltr'><strong>Ulid,</strong></span> <span class='ocrx_word' id='word_1_172' title='bbox 2426 1417 2523 1457; x_wconf 87' lang='lat' dir='ltr'><strong>seu</strong></span> <span class='ocrx_word' id='word_1_173' title='bbox 2564 1392 2744 1458; x_wconf 79' lang='lat' dir='ltr'><strong>Walid</strong></span> <span class='ocrx_word' id='word_1_174' title='bbox 2780 1401 3049 1471; x_wconf 73' lang='lat' dir='ltr'><strong>Chalifom</strong></span> <span class='ocrx_word' id='word_1_175' title='bbox 3079 1400 3251 1474; x_wconf 69' lang='lat' dir='ltr'><strong>Syria</strong></span> <span class='ocrx_word' id='word_1_176' title='bbox 3288 1403 3619 1472; x_wconf 71' lang='lat' dir='ltr'><strong>prohibuisse</strong></span> <span class='ocrx_word' id='word_1_177' title='bbox 3641 1400 3804 1457; x_wconf 74' lang='lat' dir='ltr'><strong>scribi</strong></span> 
     </span>
    </p>
   </div>
   <div class='ocr_carea' id='block_1_15' title="bbox 542 1489 3803 1564">
    <p class='ocr_par' dir='ltr' id='par_1_15' title="bbox 542 1489 3803 1564">
     <span class='ocr_line' id='line_1_15' title="bbox 542 1489 3803 1564; baseline -0.001 -14"><span class='ocrx_word' id='word_1_178' title='bbox 542 1494 720 1550; x_wconf 67' lang='grc' dir='ltr'><strong>(ἔνατα</strong></span> <span class='ocrx_word' id='word_1_179' title='bbox 748 1493 980 1562; x_wconf 80' lang='lat' dir='ltr'><strong>publicos</strong></span> <span class='ocrx_word' id='word_1_180' title='bbox 1009 1493 1284 1564; x_wconf 71' lang='lat' dir='ltr'><strong>logothesii</strong></span> <span class='ocrx_word' id='word_1_181' title='bbox 1319 1494 1543 1559; x_wconf 82' lang='lat' dir='ltr'><strong>codices,</strong></span> <span class='ocrx_word' id='word_1_182' title='bbox 1592 1495 1683 1549; x_wconf 85' lang='lat' dir='ltr'><strong>sed</strong></span> <span class='ocrx_word' id='word_1_183' title='bbox 1718 1496 1768 1549; x_wconf 88' lang='lat' dir='ltr'><strong>in</strong></span> <span class='ocrx_word' id='word_1_184' title='bbox 1804 1494 2043 1549; x_wconf 77' lang='lat' dir='ltr'><strong>Arabicis</strong></span> <span class='ocrx_word' id='word_1_185' title='bbox 2074 1491 2324 1548; x_wconf 88' lang='lat' dir='ltr'><strong>annotari</strong></span> <span class='ocrx_word' id='word_1_186' title='bbox 2365 1489 2475 1545; x_wconf 87' lang='lat' dir='ltr'><strong>sine</strong></span> <span class='ocrx_word' id='word_1_187' title='bbox 2504 1501 2774 1557; x_wconf 86' lang='lat' dir='ltr'><strong>computo:</strong></span> <span class='ocrx_word' id='word_1_188' title='bbox 2816 1493 3087 1559; x_wconf 81' lang='lat' dir='ltr'><strong>quoniam.</strong></span> <span class='ocrx_word' id='word_1_189' title='bbox 3137 1491 3223 1548; x_wconf 86' lang='lat' dir='ltr'><strong>sic</strong></span> <span class='ocrx_word' id='word_1_190' title='bbox 3251 1490 3359 1558; x_wconf 87' lang='lat' dir='ltr'><strong>ille,</strong></span> <span class='ocrx_word' id='word_1_191' title='bbox 3395 1489 3722 1561; x_wconf 71' lang='lat' dir='ltr'><strong>impossibile</strong></span> <span class='ocrx_word' id='word_1_192' title='bbox 3746 1505 3803 1546; x_wconf 81' lang='lat' dir='ltr'><strong>ss</strong></span> 
     </span>
    </p>
   </div>
   <div class='ocr_carea' id='block_1_16' title="bbox 540 1578 3805 1653">
    <p class='ocr_par' dir='ltr' id='par_1_16' title="bbox 540 1578 3805 1653">
     <span class='ocr_line' id='line_1_16' title="bbox 540 1578 3805 1653; baseline -0.002 -14"><span class='ocrx_word' id='word_1_193' title='bbox 540 1586 754 1640; x_wconf 87' lang='lat' dir='ltr'><strong>il&#39;orum</strong></span> <span class='ocrx_word' id='word_1_194' title='bbox 786 1584 968 1653; x_wconf 83' lang='lat' dir='ltr'><strong>lingua</strong></span> <span class='ocrx_word' id='word_1_195' title='bbox 998 1583 1296 1649; x_wconf 82' lang='lat' dir='ltr'><strong>monadem,</strong></span> <span class='ocrx_word' id='word_1_196' title='bbox 1330 1585 1407 1637; x_wconf 80' lang='lat' dir='ltr'><strong>vel</strong></span> <span class='ocrx_word' id='word_1_197' title='bbox 1429 1583 1764 1648; x_wconf 85' lang='lat' dir='ltr'><strong>dualitatem,</strong></span> <span class='ocrx_word' id='word_1_198' title='bbox 1789 1594 1881 1637; x_wconf 85' lang='lat' dir='ltr'><strong>unt</strong></span> <span class='ocrx_word' id='word_1_199' title='bbox 1912 1586 2222 1648; x_wconf 85' lang='lat' dir='ltr'><strong>trinitatem,</strong></span> <span class='ocrx_word' id='word_1_200' title='bbox 2253 1589 2344 1634; x_wconf 86' lang='lat' dir='ltr'><strong>aut</strong></span> <span class='ocrx_word' id='word_1_201' title='bbox 2370 1589 2488 1634; x_wconf 87' lang='lat' dir='ltr'><strong>octo</strong></span> <span class='ocrx_word' id='word_1_202' title='bbox 2509 1589 2559 1634; x_wconf 84' lang='lat' dir='ltr'><strong>et</strong></span> <span class='ocrx_word' id='word_1_203' title='bbox 2595 1578 2899 1644; x_wconf 84' lang='lat' dir='ltr'><strong>dimidium,</strong></span> <span class='ocrx_word' id='word_1_204' title='bbox 2958 1589 3051 1633; x_wconf 90' lang='lat' dir='ltr'><strong>aut</strong></span> <span class='ocrx_word' id='word_1_205' title='bbox 3075 1583 3177 1636; x_wconf 90' lang='lat' dir='ltr'><strong>tria</strong></span> <span class='ocrx_word' id='word_1_206' title='bbox 3209 1580 3393 1648; x_wconf 81' lang='lat' dir='ltr'><strong>scribi,</strong></span> <span class='ocrx_word' id='word_1_207' title='bbox 3424 1590 3636 1651; x_wconf 76' lang='lat' dir='ltr'><strong>propter</strong></span> <span class='ocrx_word' id='word_1_208' title='bbox 3659 1580 3805 1650; x_wconf 76' lang='lat' dir='ltr'><strong>quod</strong></span> 
     </span>
    </p>
   </div>
   <div class='ocr_carea' id='block_1_17' title="bbox 536 1668 3807 1743">
    <p class='ocr_par' dir='ltr' id='par_1_17' title="bbox 536 1668 3807 1743">
     <span class='ocr_line' id='line_1_17' title="bbox 536 1668 3807 1743; baseline -0.001 -15"><span class='ocrx_word' id='word_1_209' title='bbox 536 1686 587 1729; x_wconf 85' lang='lat' dir='ltr'><strong>et</strong></span> <span class='ocrx_word' id='word_1_210' title='bbox 611 1689 775 1743; x_wconf 81' lang='lat' dir='ltr'><strong>usque</strong></span> <span class='ocrx_word' id='word_1_211' title='bbox 823 1673 978 1725; x_wconf 77' lang='lat' dir='ltr'><strong>hodie</strong></span> <span class='ocrx_word' id='word_1_212' title='bbox 1024 1681 1143 1726; x_wconf 85' lang='lat' dir='ltr'><strong>sunt</strong></span> <span class='ocrx_word' id='word_1_213' title='bbox 1183 1673 1381 1726; x_wconf 86' lang='lat' dir='ltr'><strong>notarii</strong></span> <span class='ocrx_word' id='word_1_214' title='bbox 1406 1670 1714 1727; x_wconf 85' lang='lat' dir='ltr'><strong>Christiani.</strong></span> <span class='ocrx_word' id='word_1_215' title='bbox 1756 1670 1835 1728; x_wconf 85' lang='lat' dir='ltr'><strong>Ita</strong></span> <span class='ocrx_word' id='word_1_216' title='bbox 1860 1673 1911 1726; x_wconf 94' lang='lat' dir='ltr'><strong>in</strong></span> <span class='ocrx_word' id='word_1_217' title='bbox 1954 1674 2115 1728; x_wconf 80' lang='lat' dir='ltr'><strong>rebus</strong></span> <span class='ocrx_word' id='word_1_218' title='bbox 2164 1669 2459 1727; x_wconf 77' lang='lat' dir='ltr'><strong>Justiniani</strong></span> <span class='ocrx_word' id='word_1_219' title='bbox 2493 1668 2831 1728; x_wconf 74' lang='lat' dir='ltr'><strong>Rhinotmeti</strong></span> <span class='ocrx_word' id='word_1_220' title='bbox 2890 1685 2988 1727; x_wconf 85' lang='lat' dir='ltr'><strong>seu</strong></span> <span class='ocrx_word' id='word_1_221' title='bbox 3034 1670 3138 1726; x_wconf 87' lang='lat' dir='ltr'><strong>sub</strong></span> <span class='ocrx_word' id='word_1_222' title='bbox 3171 1686 3375 1727; x_wconf 85' lang='lat' dir='ltr'><strong>annum</strong></span> <span class='ocrx_word' id='word_1_223' title='bbox 3441 1670 3647 1727; x_wconf 80' lang='lat' dir='ltr'><strong>Christi</strong></span> <span class='ocrx_word' id='word_1_224' title='bbox 3696 1669 3807 1724; x_wconf 84' lang='lat'><strong>700</strong></span> 
     </span>
    </p>
   </div>
   <div class='ocr_carea' id='block_1_18' title="bbox 538 1758 3803 1831">
    <p class='ocr_par' dir='ltr' id='par_1_18' title="bbox 538 1758 3803 1831">
     <span class='ocr_line' id='line_1_18' title="bbox 538 1758 3803 1831; baseline 0 -15"><span class='ocrx_word' id='word_1_225' title='bbox 538 1759 918 1829; x_wconf 62' lang='lat' dir='ltr'><strong>Landulphus.</strong></span> <span class='ocrx_word' id='word_1_226' title='bbox 952 1758 1056 1815; x_wconf 82' lang='lat' dir='ltr'><strong>Sed</strong></span> <span class='ocrx_word' id='word_1_227' title='bbox 1096 1760 1283 1815; x_wconf 81' lang='lat' dir='ltr'><strong>mirari</strong></span> <span class='ocrx_word' id='word_1_228' title='bbox 1326 1760 1462 1815; x_wconf 85' lang='lat' dir='ltr'><strong>satis</strong></span> <span class='ocrx_word' id='word_1_229' title='bbox 1497 1774 1731 1831; x_wconf 81' lang='lat' dir='ltr'><strong>nequeo,</strong></span> <span class='ocrx_word' id='word_1_230' title='bbox 1780 1760 2054 1827; x_wconf 63' lang='lat' dir='ltr'><strong>uade-nam</strong></span> <span class='ocrx_word' id='word_1_231' title='bbox 2100 1759 2206 1816; x_wconf 92' lang='lat' dir='ltr'><strong>hoc</strong></span> <span class='ocrx_word' id='word_1_232' title='bbox 2252 1772 2630 1818; x_wconf 88' lang='lat' dir='ltr'><strong>commentum</strong></span> <span class='ocrx_word' id='word_1_233' title='bbox 2659 1760 2838 1829; x_wconf 84' lang='lat' dir='ltr'><strong>primo</strong></span> <span class='ocrx_word' id='word_1_234' title='bbox 2884 1769 3096 1815; x_wconf 89' lang='lat' dir='ltr'><strong>natum.</strong></span> <span class='ocrx_word' id='word_1_235' title='bbox 3148 1760 3494 1817; x_wconf 79' lang='lat' dir='ltr'><strong>Manifestius</strong></span> <span class='ocrx_word' id='word_1_236' title='bbox 3549 1760 3686 1817; x_wconf 87' lang='lat' dir='ltr'><strong>nihil</strong></span> <span class='ocrx_word' id='word_1_237' title='bbox 3716 1772 3803 1817; x_wconf 85' lang='lat' dir='ltr'><strong>est</strong></span> 
     </span>
    </p>
   </div>
   <div class='ocr_carea' id='block_1_19' title="bbox 538 1847 3808 1920">
    <p class='ocr_par' dir='ltr' id='par_1_19' title="bbox 538 1847 3808 1920">
     <span class='ocr_line' id='line_1_19' title="bbox 538 1847 3808 1920; baseline 0.001 -19"><span class='ocrx_word' id='word_1_238' title='bbox 538 1867 702 1919; x_wconf 84' lang='lat' dir='ltr'><strong>quam</strong></span> <span class='ocrx_word' id='word_1_239' title='bbox 736 1866 844 1904; x_wconf 90' lang='lat' dir='ltr'><strong>non</strong></span> <span class='ocrx_word' id='word_1_240' title='bbox 869 1851 1045 1905; x_wconf 87' lang='lat' dir='ltr'><strong>solum</strong></span> <span class='ocrx_word' id='word_1_241' title='bbox 1079 1849 1131 1904; x_wconf 90' lang='lat' dir='ltr'><strong>in</strong></span> <span class='ocrx_word' id='word_1_242' title='bbox 1164 1849 1400 1905; x_wconf 81' lang='lat' dir='ltr'><strong>Arabum</strong></span> <span class='ocrx_word' id='word_1_243' title='bbox 1434 1849 1613 1920; x_wconf 79' lang='lat' dir='ltr'><strong>lingua</strong></span> <span class='ocrx_word' id='word_1_244' title='bbox 1638 1847 1853 1905; x_wconf 85' lang='lat' dir='ltr'><strong>Walide</strong></span> <span class='ocrx_word' id='word_1_245' title='bbox 1915 1849 2017 1905; x_wconf 81' lang='lat' dir='ltr'><strong>huc</strong></span> <span class='ocrx_word' id='word_1_246' title='bbox 2078 1850 2397 1916; x_wconf 85' lang='lat' dir='ltr'><strong>vetustiore,</strong></span> <span class='ocrx_word' id='word_1_247' title='bbox 2431 1859 2593 1920; x_wconf 87' lang='lat' dir='ltr'><strong>upotc</strong></span> <span class='ocrx_word' id='word_1_248' title='bbox 2624 1852 2789 1905; x_wconf 88' lang='lat' dir='ltr'><strong>etiam</strong></span> <span class='ocrx_word' id='word_1_249' title='bbox 2827 1851 2881 1905; x_wconf 94' lang='lat' dir='ltr'><strong>in</strong></span> <span class='ocrx_word' id='word_1_250' title='bbox 2910 1849 3258 1914; x_wconf 84' lang='lat' dir='ltr'><strong>Alcoranica,</strong></span> <span class='ocrx_word' id='word_1_251' title='bbox 3285 1849 3610 1906; x_wconf 86' lang='lat' dir='ltr'><strong>numerandi</strong></span> <span class='ocrx_word' id='word_1_252' title='bbox 3636 1850 3808 1904; x_wconf 86' lang='lat' dir='ltr'><strong>ratio-</strong></span> 
     </span>
    </p>
   </div>
   <div class='ocr_carea' id='block_1_20' title="bbox 540 1937 3808 2009">
    <p class='ocr_par' dir='ltr' id='par_1_20' title="bbox 540 1937 3808 2009">
     <span class='ocr_line' id='line_1_20' title="bbox 540 1937 3808 2009; baseline -0 -15"><span class='ocrx_word' id='word_1_253' title='bbox 540 1956 662 1994; x_wconf 75' lang='grc' dir='ltr'>ιιι-ιιι</span> <span class='ocrx_word' id='word_1_254' title='bbox 696 1940 921 2009; x_wconf 84' lang='lat' dir='ltr'><strong>pariter,</strong></span> <span class='ocrx_word' id='word_1_255' title='bbox 944 1946 1002 1994; x_wconf 88' lang='lat' dir='ltr'><strong>ut</strong></span> <span class='ocrx_word' id='word_1_256' title='bbox 1032 1939 1233 2007; x_wconf 75' lang='lat' dir='ltr'><strong>linguis</strong></span> <span class='ocrx_word' id='word_1_257' title='bbox 1257 1939 1310 1993; x_wconf 90' lang='lat' dir='ltr'><strong>in</strong></span> <span class='ocrx_word' id='word_1_258' title='bbox 1344 1939 1487 1999; x_wconf 86' lang='lat' dir='ltr'><strong>aliis.</strong></span> <span class='ocrx_word' id='word_1_259' title='bbox 1518 1940 1772 2009; x_wconf 70' lang='lat' dir='ltr'><strong>caprimi.</strong></span> <span class='ocrx_word' id='word_1_260' title='bbox 1802 1955 1990 1995; x_wconf 78' lang='lat' dir='ltr'><strong>verum</strong></span> <span class='ocrx_word' id='word_1_261' title='bbox 2024 1940 2187 1994; x_wconf 89' lang='lat' dir='ltr'><strong>etiam</strong></span> <span class='ocrx_word' id='word_1_262' title='bbox 2243 1939 2409 2007; x_wconf 87' lang='lat' dir='ltr'><strong>ipsas.</strong></span> <span class='ocrx_word' id='word_1_263' title='bbox 2441 1938 2645 2009; x_wconf 89' lang='lat' dir='ltr'><strong>quibus</strong></span> <span class='ocrx_word' id='word_1_264' title='bbox 2691 1939 2897 1992; x_wconf 89' lang='lat' dir='ltr'><strong>utimur</strong></span> <span class='ocrx_word' id='word_1_265' title='bbox 2938 1938 3210 2008; x_wconf 65' lang='lat' dir='ltr'><strong>Europaei,</strong></span> <span class='ocrx_word' id='word_1_266' title='bbox 3246 1937 3447 2008; x_wconf 77' lang='lat' dir='ltr'><strong>ilguras</strong></span> <span class='ocrx_word' id='word_1_267' title='bbox 3492 1937 3808 1995; x_wconf 83' lang='lat' dir='ltr'><strong>ttumerales</strong></span> 
     </span>
    </p>
   </div>
   <div class='ocr_carea' id='block_1_21' title="bbox 538 2025 3803 2098">
    <p class='ocr_par' dir='ltr' id='par_1_21' title="bbox 538 2025 3803 2098">
     <span class='ocr_line' id='line_1_21' title="bbox 538 2025 3803 2098; baseline 0 -17"><span class='ocrx_word' id='word_1_268' title='bbox 538 2027 947 2097; x_wconf 77' lang='lat' dir='ltr'><strong>operationibus</strong></span> <span class='ocrx_word' id='word_1_269' title='bbox 968 2027 1325 2082; x_wconf 87' lang='lat' dir='ltr'><strong>aritluueticis</strong></span> <span class='ocrx_word' id='word_1_270' title='bbox 1353 2026 1491 2084; x_wconf 87' lang='lat' dir='ltr'><strong>adeo</strong></span> <span class='ocrx_word' id='word_1_271' title='bbox 1517 2026 1923 2091; x_wconf 83' lang='lat' dir='ltr'><strong>accounuodas.</strong></span> <span class='ocrx_word' id='word_1_272' title='bbox 1959 2043 2099 2098; x_wconf 86' lang='lat' dir='ltr'><strong>quas</strong></span> <span class='ocrx_word' id='word_1_273' title='bbox 2129 2028 2443 2084; x_wconf 84' lang='lat' dir='ltr'><strong>barbaricas</strong></span> <span class='ocrx_word' id='word_1_274' title='bbox 2472 2027 2879 2097; x_wconf 87' lang='lat' dir='ltr'><strong>appellitamus,</strong></span> <span class='ocrx_word' id='word_1_275' title='bbox 2915 2027 2985 2083; x_wconf 91' lang='lat' dir='ltr'><strong>ab</strong></span> <span class='ocrx_word' id='word_1_276' title='bbox 3004 2027 3248 2083; x_wconf 82' lang='lat' dir='ltr'><strong>eis&#39;olitu</strong></span> <span class='ocrx_word' id='word_1_277' title='bbox 3286 2036 3474 2082; x_wconf 81' lang='lat' dir='ltr'><strong>mutuo</strong></span> <span class='ocrx_word' id='word_1_278' title='bbox 3504 2025 3803 2098; x_wconf 56' lang='lat' dir='ltr'><strong>Europaeos</strong></span> 
     </span>
    </p>
   </div>
   <div class='ocr_carea' id='block_1_22' title="bbox 539 2114 3814 2189">
    <p class='ocr_par' dir='ltr' id='par_1_22' title="bbox 539 2114 3814 2189">
     <span class='ocr_line' id='line_1_22' title="bbox 539 2114 3814 2189; baseline 0 -19"><span class='ocrx_word' id='word_1_279' title='bbox 539 2120 840 2188; x_wconf 71' lang='lat' dir='ltr'><strong>accepisse,</strong></span> <span class='ocrx_word' id='word_1_280' title='bbox 868 2134 966 2172; x_wconf 82' lang='lat' dir='ltr'><strong>nec</strong></span> <span class='ocrx_word' id='word_1_281' title='bbox 990 2116 1064 2173; x_wconf 87' lang='lat' dir='ltr'><strong>ita</strong></span> <span class='ocrx_word' id='word_1_282' title='bbox 1092 2116 1261 2171; x_wconf 91' lang='lat' dir='ltr'><strong>multo</strong></span> <span class='ocrx_word' id='word_1_283' title='bbox 1286 2116 1445 2171; x_wconf 83' lang='lat' dir='ltr'><strong>aliter</strong></span> <span class='ocrx_word' id='word_1_284' title='bbox 1474 2130 1502 2171; x_wconf 89' lang='lat' dir='ltr'><strong>a</strong></span> <span class='ocrx_word' id='word_1_285' title='bbox 1536 2117 1703 2173; x_wconf 74' lang='lat' dir='ltr'><strong>nobis</strong></span> <span class='ocrx_word' id='word_1_286' title='bbox 1720 2118 2018 2172; x_wconf 88' lang='lat' dir='ltr'><strong>etiamnum</strong></span> <span class='ocrx_word' id='word_1_287' title='bbox 2046 2132 2209 2189; x_wconf 83' lang='lat' dir='ltr'><strong>quain</strong></span> <span class='ocrx_word' id='word_1_288' title='bbox 2241 2117 2308 2171; x_wconf 87' lang='lat' dir='ltr'><strong>ab</strong></span> <span class='ocrx_word' id='word_1_289' title='bbox 2354 2116 2462 2172; x_wconf 89' lang='lat' dir='ltr'><strong>illis</strong></span> <span class='ocrx_word' id='word_1_290' title='bbox 2492 2115 2775 2173; x_wconf 79' lang='lat' dir='ltr'><strong>formatas.</strong></span> <span class='ocrx_word' id='word_1_291' title='bbox 2804 2116 2869 2171; x_wconf 81' lang='lat' dir='ltr'><strong>Et</strong></span> <span class='ocrx_word' id='word_1_292' title='bbox 2914 2114 3241 2174; x_wconf 85' lang='lat' dir='ltr'><strong>Guiiielnius</strong></span> <span class='ocrx_word' id='word_1_293' title='bbox 3302 2115 3814 2172; x_wconf 63' lang='lat' dir='ltr'><strong>lialtuesburiensis</strong></span> 
     </span>
    </p>
   </div>
   <div class='ocr_carea' id='block_1_23' title="bbox 540 2206 3805 2283">
    <p class='ocr_par' dir='ltr' id='par_1_23' title="bbox 540 2206 3805 2283">
     <span class='ocr_line' id='line_1_23' title="bbox 540 2206 3805 2283; baseline 0.001 -20"><span class='ocrx_word' id='word_1_294' title='bbox 540 2206 635 2267; x_wconf 88' lang='lat' dir='ltr'><strong>lib.</strong></span> <span class='ocrx_word' id='word_1_295' title='bbox 655 2228 691 2267; x_wconf 91' lang='lat' dir='ltr'><strong>tt</strong></span> <span class='ocrx_word' id='word_1_296' title='bbox 727 2212 800 2267; x_wconf 82' lang='lat' dir='ltr'><strong>De</strong></span> <span class='ocrx_word' id='word_1_297' title='bbox 821 2210 993 2269; x_wconf 83' lang='lat' dir='ltr'><strong>Grstis</strong></span> <span class='ocrx_word' id='word_1_298' title='bbox 1015 2228 1191 2283; x_wconf 82' lang='lat' dir='ltr'><strong>regunt</strong></span> <span class='ocrx_word' id='word_1_299' title='bbox 1216 2210 1442 2283; x_wconf 69' lang='lat' dir='ltr'><strong>Anglia,</strong></span> <span class='ocrx_word' id='word_1_300' title='bbox 1466 2226 1586 2283; x_wconf 85' lang='lat' dir='ltr'><strong>cap.</strong></span> <span class='ocrx_word' id='word_1_301' title='bbox 1621 2210 1709 2277; x_wconf 86' lang='lat' dir='ltr'><strong>i0,</strong></span> <span class='ocrx_word' id='word_1_302' title='bbox 1750 2212 1837 2267; x_wconf 88' lang='lat' dir='ltr'><strong>ubi</strong></span> <span class='ocrx_word' id='word_1_303' title='bbox 1868 2210 2138 2283; x_wconf 78' lang='lat' dir='ltr'><strong>Cerberti,</strong></span> <span class='ocrx_word' id='word_1_304' title='bbox 2172 2220 2357 2283; x_wconf 87' lang='lat' dir='ltr'><strong>postca</strong></span> <span class='ocrx_word' id='word_1_305' title='bbox 2404 2210 2654 2268; x_wconf 83' lang='lat' dir='ltr'><strong>Silvestri</strong></span> <span class='ocrx_word' id='word_1_306' title='bbox 2684 2227 2834 2281; x_wconf 64' lang='lat' dir='ltr'><strong>papr</strong></span> <span class='ocrx_word' id='word_1_307' title='bbox 2862 2209 3056 2282; x_wconf 86' lang='lat' dir='ltr'><strong>(quem</strong></span> <span class='ocrx_word' id='word_1_308' title='bbox 3084 2223 3263 2268; x_wconf 78' lang='lat' dir='ltr'><strong>tamen</strong></span> <span class='ocrx_word' id='word_1_309' title='bbox 3296 2211 3386 2267; x_wconf 82' lang='lat' dir='ltr'><strong>ille</strong></span> <span class='ocrx_word' id='word_1_310' title='bbox 3410 2212 3676 2268; x_wconf 80' lang='lat' dir='ltr'><strong>Joannem</strong></span> <span class='ocrx_word' id='word_1_311' title='bbox 3704 2207 3805 2267; x_wconf 69' lang='lat' dir='ltr'><strong>XV</strong></span> 
     </span>
    </p>
   </div>
   <div class='ocr_carea' id='block_1_24' title="bbox 541 2298 3806 2373">
    <p class='ocr_par' dir='ltr' id='par_1_24' title="bbox 541 2298 3806 2373">
     <span class='ocr_line' id='line_1_24' title="bbox 541 2298 3806 2373; baseline 0.001 -20"><span class='ocrx_word' id='word_1_312' title='bbox 541 2314 823 2370; x_wconf 82' lang='lat' dir='ltr'><strong>perperam</strong></span> <span class='ocrx_word' id='word_1_313' title='bbox 872 2300 1034 2366; x_wconf 74' lang='lat' dir='ltr'><strong>facit)</strong></span> <span class='ocrx_word' id='word_1_314' title='bbox 1071 2299 1350 2355; x_wconf 76' lang='lat' dir='ltr'><strong>historiam</strong></span> <span class='ocrx_word' id='word_1_315' title='bbox 1400 2299 1699 2362; x_wconf 62' lang='lat' dir='ltr'><strong>interierit,</strong></span> <span class='ocrx_word' id='word_1_316' title='bbox 1731 2316 1854 2354; x_wconf 88' lang='lat' dir='ltr'><strong>eum</strong></span> <span class='ocrx_word' id='word_1_317' title='bbox 1904 2300 1979 2355; x_wconf 91' lang='lat' dir='ltr'><strong>ait</strong></span> <span class='ocrx_word' id='word_1_318' title='bbox 2012 2301 2242 2370; x_wconf 78' lang='lat' dir='ltr'><strong>primum</strong></span> <span class='ocrx_word' id='word_1_319' title='bbox 2276 2317 2310 2355; x_wconf 88' lang='lat' dir='ltr'><strong>a</strong></span> <span class='ocrx_word' id='word_1_320' title='bbox 2343 2298 2625 2356; x_wconf 83' lang='lat' dir='ltr'><strong>Saracenis</strong></span> <span class='ocrx_word' id='word_1_321' title='bbox 2677 2300 2915 2355; x_wconf 77' lang='lat' dir='ltr'><strong>Abucuns</strong></span> <span class='ocrx_word' id='word_1_322' title='bbox 2972 2301 3289 2372; x_wconf 74' lang='lat' dir='ltr'><strong>rapientem,</strong></span> <span class='ocrx_word' id='word_1_323' title='bbox 3331 2301 3543 2373; x_wconf 83' lang='lat' dir='ltr'><strong>regulas</strong></span> <span class='ocrx_word' id='word_1_324' title='bbox 3593 2298 3806 2357; x_wconf 70' lang='lat' dir='ltr'><strong>dedisse</strong></span> 
     </span>
    </p>
   </div>
   <div class='ocr_carea' id='block_1_25' title="bbox 540 2386 2430 2459">
    <p class='ocr_par' dir='ltr' id='par_1_25' title="bbox 540 2386 2430 2459">
     <span class='ocr_line' id='line_1_25' title="bbox 540 2386 2430 2459; baseline 0.002 -19"><span class='ocrx_word' id='word_1_325' title='bbox 540 2404 658 2459; x_wconf 81' lang='lat' dir='ltr'><strong>quat</strong></span> <span class='ocrx_word' id='word_1_326' title='bbox 693 2404 727 2443; x_wconf 83' lang='lat' dir='ltr'><strong>tt</strong></span> <span class='ocrx_word' id='word_1_327' title='bbox 757 2386 1073 2445; x_wconf 83' lang='lat' dir='ltr'><strong>sudantibus</strong></span> <span class='ocrx_word' id='word_1_328' title='bbox 1108 2387 1357 2442; x_wconf 76' lang='lat' dir='ltr'><strong>abacistis</strong></span> <span class='ocrx_word' id='word_1_329' title='bbox 1394 2388 1479 2442; x_wconf 72' lang='lat' dir='ltr'><strong>eis</strong></span> <span class='ocrx_word' id='word_1_330' title='bbox 1520 2386 1899 2459; x_wconf 73' lang='lat' dir='ltr'><strong>intelligantur.</strong></span> <span class='ocrx_word' id='word_1_331' title='bbox 1954 2386 2059 2443; x_wconf 88' lang='lat' dir='ltr'><strong>Sed</strong></span> <span class='ocrx_word' id='word_1_332' title='bbox 2092 2390 2206 2446; x_wconf 46' lang='lat' dir='ltr'><strong>haec</strong></span> <span class='ocrx_word' id='word_1_333' title='bbox 2234 2390 2430 2446; x_wconf 87' lang='lat' dir='ltr'><strong>obiter.</strong></span> 
     </span>
    </p>
   </div>
   <div class='ocr_carea' id='block_1_26' title="bbox 613 2531 3806 2608">
    <p class='ocr_par' dir='ltr' id='par_1_26' title="bbox 613 2531 3806 2608">
     <span class='ocr_line' id='line_1_26' title="bbox 613 2531 3806 2608; baseline 0 -17"><span class='ocrx_word' id='word_1_334' title='bbox 613 2536 861 2606; x_wconf 83' lang='lat' dir='ltr'><strong>Dignitas</strong></span> <span class='ocrx_word' id='word_1_335' title='bbox 887 2533 1140 2606; x_wconf 77' lang='lat' dir='ltr'><strong>Eutychii</strong></span> <span class='ocrx_word' id='word_1_336' title='bbox 1174 2531 1348 2587; x_wconf 84' lang='lat' dir='ltr'><strong>nostri</strong></span> <span class='ocrx_word' id='word_1_337' title='bbox 1381 2534 1629 2587; x_wconf 87' lang='lat' dir='ltr'><strong>cernitur</strong></span> <span class='ocrx_word' id='word_1_338' title='bbox 1656 2541 1772 2586; x_wconf 80' lang='lat' dir='ltr'><strong>tuzn</strong></span> <span class='ocrx_word' id='word_1_339' title='bbox 1822 2533 1874 2586; x_wconf 91' lang='lat' dir='ltr'><strong>in</strong></span> <span class='ocrx_word' id='word_1_340' title='bbox 1926 2537 2063 2590; x_wconf 87' lang='lat' dir='ltr'><strong>artis</strong></span> <span class='ocrx_word' id='word_1_341' title='bbox 2098 2535 2387 2591; x_wconf 72' lang='lat' dir='ltr'><strong>medicina:</strong></span> <span class='ocrx_word' id='word_1_342' title='bbox 2418 2535 2683 2608; x_wconf 88' lang='lat' dir='ltr'><strong>singulari</strong></span> <span class='ocrx_word' id='word_1_343' title='bbox 2715 2551 2821 2608; x_wconf 84' lang='lat' dir='ltr'><strong>qua</strong></span> <span class='ocrx_word' id='word_1_344' title='bbox 2855 2535 3061 2592; x_wconf 88' lang='lat' dir='ltr'><strong>claruit</strong></span> <span class='ocrx_word' id='word_1_345' title='bbox 3092 2536 3259 2603; x_wconf 80' lang='lat' dir='ltr'><strong>fama,</strong></span> <span class='ocrx_word' id='word_1_346' title='bbox 3302 2543 3421 2592; x_wconf 89' lang='lat' dir='ltr'><strong>tum</strong></span> <span class='ocrx_word' id='word_1_347' title='bbox 3456 2537 3509 2589; x_wconf 91' lang='lat' dir='ltr'><strong>in</strong></span> <span class='ocrx_word' id='word_1_348' title='bbox 3553 2535 3717 2591; x_wconf 81' lang='lat' dir='ltr'><strong>rebus</strong></span> <span class='ocrx_word' id='word_1_349' title='bbox 3746 2543 3806 2591; x_wconf 86' lang='lat' dir='ltr'><strong>et</strong></span> 
     </span>
    </p>
   </div>
   <div class='ocr_carea' id='block_1_27' title="bbox 538 2621 3802 2696">
    <p class='ocr_par' dir='ltr' id='par_1_27' title="bbox 538 2621 3802 2696">
     <span class='ocr_line' id='line_1_27' title="bbox 538 2621 3802 2696; baseline -0 -16"><span class='ocrx_word' id='word_1_350' title='bbox 538 2624 823 2684; x_wconf 82' lang='lat' dir='ltr'><strong>historicis</strong></span> <span class='ocrx_word' id='word_1_351' title='bbox 856 2634 907 2680; x_wconf 92' lang='lat' dir='ltr'><strong>et</strong></span> <span class='ocrx_word' id='word_1_352' title='bbox 939 2622 1267 2692; x_wconf 77' lang='lat' dir='ltr'><strong>tbcologicis</strong></span> <span class='ocrx_word' id='word_1_353' title='bbox 1299 2621 1504 2692; x_wconf 90' lang='lat' dir='ltr'><strong>quibus</strong></span> <span class='ocrx_word' id='word_1_354' title='bbox 1538 2623 1829 2677; x_wconf 82' lang='lat' dir='ltr'><strong>adumdum</strong></span> <span class='ocrx_word' id='word_1_355' title='bbox 1863 2624 2075 2695; x_wconf 90' lang='lat' dir='ltr'><strong>polluit.</strong></span> <span class='ocrx_word' id='word_1_356' title='bbox 2114 2624 2363 2694; x_wconf 75' lang='lat' dir='ltr'><strong>adeoque</strong></span> <span class='ocrx_word' id='word_1_357' title='bbox 2393 2624 2447 2679; x_wconf 87' lang='lat' dir='ltr'><strong>iu</strong></span> <span class='ocrx_word' id='word_1_358' title='bbox 2485 2622 2708 2694; x_wconf 82' lang='lat' dir='ltr'><strong>fastigio</strong></span> <span class='ocrx_word' id='word_1_359' title='bbox 2747 2623 2817 2681; x_wconf 89' lang='lat' dir='ltr'><strong>ad</strong></span> <span class='ocrx_word' id='word_1_360' title='bbox 2852 2625 3002 2696; x_wconf 88' lang='lat' dir='ltr'><strong>quod</strong></span> <span class='ocrx_word' id='word_1_361' title='bbox 3029 2634 3260 2681; x_wconf 85' lang='lat' dir='ltr'><strong>evectus</strong></span> <span class='ocrx_word' id='word_1_362' title='bbox 3299 2633 3383 2681; x_wconf 81' lang='lat' dir='ltr'><strong>est</strong></span> <span class='ocrx_word' id='word_1_363' title='bbox 3419 2623 3802 2694; x_wconf 84' lang='lat' dir='ltr'><strong>patriarchali.</strong></span> 
     </span>
    </p>
   </div>
   <div class='ocr_carea' id='block_1_28' title="bbox 545 2710 3795 2784">
    <p class='ocr_par' dir='ltr' id='par_1_28' title="bbox 545 2710 3795 2784">
     <span class='ocr_line' id='line_1_28' title="bbox 545 2710 3795 2784; baseline -0.001 -14"><span class='ocrx_word' id='word_1_364' title='bbox 545 2715 815 2770; x_wconf 77' lang='lat' dir='ltr'><strong>Medicum</strong></span> <span class='ocrx_word' id='word_1_365' title='bbox 848 2712 1072 2783; x_wconf 82' lang='lat' dir='ltr'><strong>quidem</strong></span> <span class='ocrx_word' id='word_1_366' title='bbox 1105 2712 1226 2780; x_wconf 89' lang='lat' dir='ltr'><strong>ipse</strong></span> <span class='ocrx_word' id='word_1_367' title='bbox 1257 2726 1316 2764; x_wconf 84' lang='lat' dir='ltr'><strong>se</strong></span> <span class='ocrx_word' id='word_1_368' title='bbox 1349 2710 1402 2764; x_wconf 90' lang='lat' dir='ltr'><strong>in</strong></span> <span class='ocrx_word' id='word_1_369' title='bbox 1446 2710 1672 2781; x_wconf 82' lang='lat' dir='ltr'><strong>scriptis</strong></span> <span class='ocrx_word' id='word_1_370' title='bbox 1704 2710 1821 2764; x_wconf 88' lang='lat' dir='ltr'><strong>suis</strong></span> <span class='ocrx_word' id='word_1_371' title='bbox 1846 2726 1954 2764; x_wconf 87' lang='lat' dir='ltr'><strong>non</strong></span> <span class='ocrx_word' id='word_1_372' title='bbox 1990 2711 2062 2763; x_wconf 91' lang='lat' dir='ltr'><strong>ita</strong></span> <span class='ocrx_word' id='word_1_373' title='bbox 2090 2724 2216 2765; x_wconf 86' lang='lat' dir='ltr'><strong>raro</strong></span> <span class='ocrx_word' id='word_1_374' title='bbox 2248 2712 2510 2781; x_wconf 88' lang='lat' dir='ltr'><strong>appellat,</strong></span> <span class='ocrx_word' id='word_1_375' title='bbox 2542 2712 2765 2784; x_wconf 85' lang='lat' dir='ltr'><strong>adjecto</strong></span> <span class='ocrx_word' id='word_1_376' title='bbox 2801 2714 3008 2769; x_wconf 90' lang='lat' dir='ltr'><strong>nomini</strong></span> <span class='ocrx_word' id='word_1_377' title='bbox 3044 2728 3168 2779; x_wconf 84' lang='lat' dir='ltr'><strong>suo,</strong></span> <span class='ocrx_word' id='word_1_378' title='bbox 3203 2714 3374 2784; x_wconf 89' lang='lat' dir='ltr'><strong>quod.</strong></span> <span class='ocrx_word' id='word_1_379' title='bbox 3412 2714 3564 2778; x_wconf 79' lang='lat' dir='ltr'><strong>iuxta</strong></span> <span class='ocrx_word' id='word_1_380' title='bbox 3596 2712 3795 2769; x_wconf 78' lang='lat' dir='ltr'><strong>Orien-</strong></span> 
     </span>
    </p>
   </div>
   <div class='ocr_carea' id='block_1_29' title="bbox 544 2791 3807 2871">
    <p class='ocr_par' dir='ltr' id='par_1_29' title="bbox 544 2791 3807 2871">
     <span class='ocr_line' id='line_1_29' title="bbox 544 2791 3807 2871; baseline 0 -16"><span class='ocrx_word' id='word_1_381' title='bbox 544 2791 735 2857; x_wconf 76' lang='lat' dir='ltr'><strong>taliuin</strong></span> <span class='ocrx_word' id='word_1_382' title='bbox 768 2814 998 2862; x_wconf 87' lang='lat' dir='ltr'><strong>morem.</strong></span> <span class='ocrx_word' id='word_1_383' title='bbox 1029 2799 1264 2854; x_wconf 83' lang='lat' dir='ltr'><strong>subinde</strong></span> <span class='ocrx_word' id='word_1_384' title='bbox 1290 2798 1505 2862; x_wconf 88' lang='lat' dir='ltr'><strong>inserit,</strong></span> <span class='ocrx_word' id='word_1_385' title='bbox 1545 2797 1812 2851; x_wconf 82' lang='lat' dir='ltr'><strong>vocabulo</strong></span> <span class='ocrx_word' id='word_1_386' title='bbox 1840 2796 2098 2852; x_wconf 68' lang='lat' dir='ltr'><strong>medicus.</strong></span> <span class='ocrx_word' id='word_1_387' title='bbox 2130 2800 2197 2853; x_wconf 84' lang='lat' dir='ltr'><strong>Et</strong></span> <span class='ocrx_word' id='word_1_388' title='bbox 2228 2800 2473 2858; x_wconf 86' lang='lat' dir='ltr'><strong>Achuted</strong></span> <span class='ocrx_word' id='word_1_389' title='bbox 2498 2800 2608 2858; x_wconf 90' lang='lat' dir='ltr'><strong>Ben</strong></span> <span class='ocrx_word' id='word_1_390' title='bbox 2636 2804 2829 2859; x_wconf 86' lang='lat' dir='ltr'><strong>Casem</strong></span> <span class='ocrx_word' id='word_1_391' title='bbox 2870 2802 2927 2857; x_wconf 88' lang='lat' dir='ltr'><strong>in</strong></span> <span class='ocrx_word' id='word_1_392' title='bbox 2957 2801 3077 2856; x_wconf 88' lang='lat' dir='ltr'><strong>Vita</strong></span> <span class='ocrx_word' id='word_1_393' title='bbox 3109 2803 3231 2871; x_wconf 74' lang='lat' dir='ltr'><strong>eius</strong></span> <span class='ocrx_word' id='word_1_394' title='bbox 3267 2820 3282 2857; x_wconf 90' lang='lat'><strong>:</strong></span> <span class='ocrx_word' id='word_1_395' title='bbox 3324 2800 3392 2855; x_wconf 83' lang='lat' dir='ltr'><strong>Et</strong></span> <span class='ocrx_word' id='word_1_396' title='bbox 3437 2801 3670 2856; x_wconf 84' lang='lat' dir='ltr'><strong>medicus</strong></span> <span class='ocrx_word' id='word_1_397' title='bbox 3696 2800 3807 2869; x_wconf 75' lang='lat' dir='ltr'><strong>fuit</strong></span> 
     </span>
    </p>
   </div>
   <div class='ocr_carea' id='block_1_30' title="bbox 541 2885 3803 2961">
    <p class='ocr_par' dir='ltr' id='par_1_30' title="bbox 541 2885 3803 2961">
     <span class='ocr_line' id='line_1_30' title="bbox 541 2885 3803 2961; baseline 0 -16"><span class='ocrx_word' id='word_1_398' title='bbox 541 2889 767 2960; x_wconf 76' lang='lat' dir='ltr'><strong>insignis</strong></span> <span class='ocrx_word' id='word_1_399' title='bbox 789 2926 804 2951; x_wconf 88' lang='lat'><strong>,</strong></span> <span class='ocrx_word' id='word_1_400' title='bbox 840 2897 952 2942; x_wconf 80' lang='lat' dir='ltr'><strong>tum</strong></span> <span class='ocrx_word' id='word_1_401' title='bbox 984 2888 1228 2943; x_wconf 78' lang='lat' dir='ltr'><strong>theorica:</strong></span> <span class='ocrx_word' id='word_1_402' title='bbox 1270 2895 1384 2940; x_wconf 83' lang='lat' dir='ltr'><strong>tum</strong></span> <span class='ocrx_word' id='word_1_403' title='bbox 1426 2888 1671 2957; x_wconf 69' lang='lat' dir='ltr'><strong>practicae</strong></span> <span class='ocrx_word' id='word_1_404' title='bbox 1705 2885 1945 2954; x_wconf 70' lang='lat' dir='ltr'><strong>ejusdem</strong></span> <span class='ocrx_word' id='word_1_405' title='bbox 1971 2888 2143 2956; x_wconf 86' lang='lat' dir='ltr'><strong>partis</strong></span> <span class='ocrx_word' id='word_1_406' title='bbox 2176 2904 2403 2960; x_wconf 84' lang='lat' dir='ltr'><strong>gnarus,</strong></span> <span class='ocrx_word' id='word_1_407' title='bbox 2435 2906 2503 2945; x_wconf 85' lang='lat' dir='ltr'><strong>ac</strong></span> <span class='ocrx_word' id='word_1_408' title='bbox 2545 2900 2781 2960; x_wconf 71' lang='lat' dir='ltr'><strong>tempore</strong></span> <span class='ocrx_word' id='word_1_409' title='bbox 2820 2906 2917 2945; x_wconf 89' lang='lat' dir='ltr'><strong>suo</strong></span> <span class='ocrx_word' id='word_1_410' title='bbox 2947 2890 3302 2961; x_wconf 79' lang='lat' dir='ltr'><strong>prtrcellens;</strong></span> <span class='ocrx_word' id='word_1_411' title='bbox 3336 2888 3803 2961; x_wconf 74' lang='lat' dir='ltr'><strong>quemadmodum</strong></span> 
     </span>
    </p>
   </div>
   <div class='ocr_carea' id='block_1_31' title="bbox 551 2973 3805 3049">
    <p class='ocr_par' dir='ltr' id='par_1_31' title="bbox 551 2973 3805 3049">
     <span class='ocr_line' id='line_1_31' title="bbox 551 2973 3805 3049; baseline 0.001 -16"><span class='ocrx_word' id='word_1_412' title='bbox 551 2979 678 3033; x_wconf 86' lang='lat' dir='ltr'><strong>item</strong></span> <span class='ocrx_word' id='word_1_413' title='bbox 710 2985 831 3032; x_wconf 87' lang='lat' dir='ltr'><strong>erat</strong></span> <span class='ocrx_word' id='word_1_414' title='bbox 880 2977 1051 3031; x_wconf 77' lang='lat' dir='ltr'><strong>frater</strong></span> <span class='ocrx_word' id='word_1_415' title='bbox 1074 2975 1193 3041; x_wconf 77' lang='lat' dir='ltr'><strong>eius</strong></span> <span class='ocrx_word' id='word_1_416' title='bbox 1240 2975 1310 3033; x_wconf 86' lang='lat' dir='ltr'><strong>lsi</strong></span> <span class='ocrx_word' id='word_1_417' title='bbox 1336 2974 1430 3031; x_wconf 90' lang='lat' dir='ltr'><strong>lbn</strong></span> <span class='ocrx_word' id='word_1_418' title='bbox 1466 2973 1651 3029; x_wconf 80' lang='lat' dir='ltr'><strong>Batrik</strong></span> <span class='ocrx_word' id='word_1_419' title='bbox 1700 2976 1905 3030; x_wconf 85' lang='lat' dir='ltr'><strong>dictus.</strong></span> <span class='ocrx_word' id='word_1_420' title='bbox 1966 2974 2265 3031; x_wconf 85' lang='lat' dir='ltr'><strong>Scientiatn</strong></span> <span class='ocrx_word' id='word_1_421' title='bbox 2300 2980 2764 3049; x_wconf 76' lang='lat' dir='ltr'><strong>rjushistoricam</strong></span> <span class='ocrx_word' id='word_1_422' title='bbox 2805 2980 3014 3037; x_wconf 86' lang='lat' dir='ltr'><strong>scimus</strong></span> <span class='ocrx_word' id='word_1_423' title='bbox 3061 2998 3127 3037; x_wconf 76' lang='lat' dir='ltr'><strong>ex</strong></span> <span class='ocrx_word' id='word_1_424' title='bbox 3188 2981 3499 3038; x_wconf 88' lang='lat' dir='ltr'><strong>Annalibus</strong></span> <span class='ocrx_word' id='word_1_425' title='bbox 3539 2979 3686 3049; x_wconf 80' lang='lat' dir='ltr'><strong>ejus.</strong></span> <span class='ocrx_word' id='word_1_426' title='bbox 3728 2980 3805 3037; x_wconf 85' lang='lat' dir='ltr'><strong>de</strong></span> 
     </span>
    </p>
   </div>
   <div class='ocr_carea' id='block_1_32' title="bbox 544 3066 3802 3142">
    <p class='ocr_par' dir='ltr' id='par_1_32' title="bbox 544 3066 3802 3142">
     <span class='ocr_line' id='line_1_32' title="bbox 544 3066 3802 3142; baseline 0 -19"><span class='ocrx_word' id='word_1_427' title='bbox 544 3073 746 3139; x_wconf 81' lang='lat' dir='ltr'><strong>quibus</strong></span> <span class='ocrx_word' id='word_1_428' title='bbox 786 3085 934 3123; x_wconf 78' lang='lat' dir='ltr'><strong>mox.</strong></span> <span class='ocrx_word' id='word_1_429' title='bbox 976 3066 1313 3135; x_wconf 79' lang='lat' dir='ltr'><strong>Thealogum</strong></span> <span class='ocrx_word' id='word_1_430' title='bbox 1343 3076 1527 3121; x_wconf 85' lang='lat' dir='ltr'><strong>autem</strong></span> <span class='ocrx_word' id='word_1_431' title='bbox 1564 3067 1800 3121; x_wconf 84' lang='lat' dir='ltr'><strong>subinde</strong></span> <span class='ocrx_word' id='word_1_432' title='bbox 1838 3068 1892 3121; x_wconf 93' lang='lat' dir='ltr'><strong>in</strong></span> <span class='ocrx_word' id='word_1_433' title='bbox 1925 3066 2232 3125; x_wconf 81' lang='lat' dir='ltr'><strong>Annalibus</strong></span> <span class='ocrx_word' id='word_1_434' title='bbox 2263 3068 2373 3123; x_wconf 69' lang='lat' dir='ltr'><strong>illL-s</strong></span> <span class='ocrx_word' id='word_1_435' title='bbox 2407 3070 2518 3142; x_wconf 85' lang='lat' dir='ltr'><strong>agit</strong></span> <span class='ocrx_word' id='word_1_436' title='bbox 2551 3078 2797 3135; x_wconf 87' lang='lat' dir='ltr'><strong>acutum,</strong></span> <span class='ocrx_word' id='word_1_437' title='bbox 2827 3068 2961 3125; x_wconf 89' lang='lat' dir='ltr'><strong>dum</strong></span> <span class='ocrx_word' id='word_1_438' title='bbox 3012 3069 3070 3124; x_wconf 92' lang='lat' dir='ltr'><strong>in</strong></span> <span class='ocrx_word' id='word_1_439' title='bbox 3104 3070 3361 3134; x_wconf 85' lang='lat' dir='ltr'><strong>Arianos,</strong></span> <span class='ocrx_word' id='word_1_440' title='bbox 3410 3067 3802 3134; x_wconf 82' lang='lat' dir='ltr'><strong>Nestorianos,</strong></span> 
     </span>
    </p>
   </div>
   <div class='ocr_carea' id='block_1_33' title="bbox 547 3154 3803 3237">
    <p class='ocr_par' dir='ltr' id='par_1_33' title="bbox 547 3154 3803 3237">
     <span class='ocr_line' id='line_1_33' title="bbox 547 3154 3803 3237; baseline -0.001 -24"><span class='ocrx_word' id='word_1_441' title='bbox 547 3160 601 3214; x_wconf 87' lang='lat' dir='ltr'><strong>id</strong></span> <span class='ocrx_word' id='word_1_442' title='bbox 635 3174 806 3227; x_wconf 82' lang='lat' dir='ltr'><strong>genus</strong></span> <span class='ocrx_word' id='word_1_443' title='bbox 841 3156 995 3217; x_wconf 85' lang='lat' dir='ltr'><strong>alios.</strong></span> <span class='ocrx_word' id='word_1_444' title='bbox 1026 3166 1134 3210; x_wconf 87' lang='lat' dir='ltr'><strong>tam</strong></span> <span class='ocrx_word' id='word_1_445' title='bbox 1164 3156 1362 3218; x_wconf 86' lang='lat' dir='ltr'><strong>obiter.</strong></span> <span class='ocrx_word' id='word_1_446' title='bbox 1391 3156 1484 3209; x_wconf 88' lang='lat' dir='ltr'><strong>sed</strong></span> <span class='ocrx_word' id='word_1_447' title='bbox 1514 3154 1893 3237; x_wconf 40' lang='lat' dir='ltr'><strong>&#39;breviusculc,</strong></span> <span class='ocrx_word' id='word_1_448' title='bbox 1925 3155 2205 3224; x_wconf 82' lang='lat' dir='ltr'><strong>disputare</strong></span> <span class='ocrx_word' id='word_1_449' title='bbox 2243 3156 2360 3210; x_wconf 91' lang='lat' dir='ltr'><strong>vult</strong></span> <span class='ocrx_word' id='word_1_450' title='bbox 2394 3170 2556 3227; x_wconf 82' lang='lat' dir='ltr'><strong>quam</strong></span> <span class='ocrx_word' id='word_1_451' title='bbox 2589 3173 2676 3213; x_wconf 91' lang='lat' dir='ltr'><strong>res</strong></span> <span class='ocrx_word' id='word_1_452' title='bbox 2702 3172 2892 3212; x_wconf 90' lang='lat' dir='ltr'><strong>eorum</strong></span> <span class='ocrx_word' id='word_1_453' title='bbox 2938 3172 3186 3214; x_wconf 89' lang='lat' dir='ltr'><strong>narrare.</strong></span> <span class='ocrx_word' id='word_1_454' title='bbox 3240 3156 3302 3212; x_wconf 87' lang='lat' dir='ltr'><strong>In</strong></span> <span class='ocrx_word' id='word_1_455' title='bbox 3346 3158 3667 3229; x_wconf 81' lang='lat' dir='ltr'><strong>dignitatem</strong></span> <span class='ocrx_word' id='word_1_456' title='bbox 3702 3172 3803 3231; x_wconf 87' lang='lat' dir='ltr'><strong>pa-</strong></span> 
     </span>
    </p>
   </div>
   <div class='ocr_carea' id='block_1_34' title="bbox 548 3241 3801 3315">
    <p class='ocr_par' dir='ltr' id='par_1_34' title="bbox 548 3241 3801 3315">
     <span class='ocr_line' id='line_1_34' title="bbox 548 3241 3801 3315; baseline -0.001 -12"><span class='ocrx_word' id='word_1_457' title='bbox 548 3247 898 3303; x_wconf 70' lang='lat' dir='ltr'><strong>triareltali&#39;m</strong></span> <span class='ocrx_word' id='word_1_458' title='bbox 930 3259 1152 3301; x_wconf 74' lang='lat' dir='ltr'><strong>evectus</strong></span> <span class='ocrx_word' id='word_1_459' title='bbox 1183 3252 1291 3309; x_wconf 86' lang='lat' dir='ltr'><strong>est,</strong></span> <span class='ocrx_word' id='word_1_460' title='bbox 1320 3252 1444 3315; x_wconf 84' lang='lat' dir='ltr'><strong>post</strong></span> <span class='ocrx_word' id='word_1_461' title='bbox 1488 3245 1702 3297; x_wconf 88' lang='lat' dir='ltr'><strong>obitum</strong></span> <span class='ocrx_word' id='word_1_462' title='bbox 1755 3241 2099 3298; x_wconf 90' lang='lat' dir='ltr'><strong>Christoduli</strong></span> <span class='ocrx_word' id='word_1_463' title='bbox 2157 3247 2490 3315; x_wconf 79' lang='lat' dir='ltr'><strong>patriarchae</strong></span> <span class='ocrx_word' id='word_1_464' title='bbox 2524 3245 2908 3313; x_wconf 80' lang='lat' dir='ltr'><strong>Alexandrini,</strong></span> <span class='ocrx_word' id='word_1_465' title='bbox 2943 3260 3127 3302; x_wconf 85' lang='lat' dir='ltr'><strong>anuos</strong></span> <span class='ocrx_word' id='word_1_466' title='bbox 3173 3253 3337 3303; x_wconf 81' lang='lat' dir='ltr'><strong>natus</strong></span> <span class='ocrx_word' id='word_1_467' title='bbox 3385 3248 3597 3302; x_wconf 88' lang='lat' dir='ltr'><strong>solarcs</strong></span> <span class='ocrx_word' id='word_1_468' title='bbox 3648 3246 3801 3301; x_wconf 87' lang='lat' dir='ltr'><strong>circa</strong></span> 
     </span>
    </p>
   </div>
   <div class='ocr_carea' id='block_1_35' title="bbox 545 3330 3799 3409">
    <p class='ocr_par' dir='ltr' id='par_1_35' title="bbox 545 3330 3799 3409">
     <span class='ocr_line' id='line_1_35' title="bbox 545 3330 3799 3409; baseline -0 -20"><span class='ocrx_word' id='word_1_469' title='bbox 545 3337 944 3409; x_wconf 80' lang='lat' dir='ltr'><strong>quinquaginta</strong></span> <span class='ocrx_word' id='word_1_470' title='bbox 978 3347 1124 3389; x_wconf 81' lang='lat' dir='ltr'><strong>octo.</strong></span> <span class='ocrx_word' id='word_1_471' title='bbox 1152 3330 1419 3387; x_wconf 71' lang='lat' dir='ltr'><strong>Nimirum</strong></span> <span class='ocrx_word' id='word_1_472' title='bbox 1450 3346 1596 3386; x_wconf 87' lang='lat' dir='ltr'><strong>anno</strong></span> <span class='ocrx_word' id='word_1_473' title='bbox 1644 3331 1849 3400; x_wconf 70' lang='lat' dir='ltr'><strong>hegirai</strong></span> <span class='ocrx_word' id='word_1_474' title='bbox 1875 3330 2002 3394; x_wconf 73' lang='lat' dir='ltr'><strong>3M,</strong></span> <span class='ocrx_word' id='word_1_475' title='bbox 2035 3346 2129 3387; x_wconf 91' lang='lat' dir='ltr'><strong>seu</strong></span> <span class='ocrx_word' id='word_1_476' title='bbox 2155 3333 2333 3404; x_wconf 86' lang='lat' dir='ltr'><strong>primo</strong></span> <span class='ocrx_word' id='word_1_477' title='bbox 2364 3333 2673 3392; x_wconf 83' lang='lat' dir='ltr'><strong>Cltalilatus</strong></span> <span class='ocrx_word' id='word_1_478' title='bbox 2707 3335 2900 3390; x_wconf 82' lang='lat' dir='ltr'><strong>Kahiri</strong></span> <span class='ocrx_word' id='word_1_479' title='bbox 2946 3334 3106 3401; x_wconf 85' lang='lat' dir='ltr'><strong>Bilis,</strong></span> <span class='ocrx_word' id='word_1_480' title='bbox 3139 3336 3317 3391; x_wconf 81' lang='lat' dir='ltr'><strong>iactus</strong></span> <span class='ocrx_word' id='word_1_481' title='bbox 3344 3346 3431 3391; x_wconf 89' lang='lat' dir='ltr'><strong>est</strong></span> <span class='ocrx_word' id='word_1_482' title='bbox 3458 3335 3799 3406; x_wconf 85' lang='lat' dir='ltr'><strong>patriarcha,</strong></span> 
     </span>
    </p>
   </div>
   <div class='ocr_carea' id='block_1_36' title="bbox 546 3419 3800 3495">
    <p class='ocr_par' dir='ltr' id='par_1_36' title="bbox 546 3419 3800 3495">
     <span class='ocr_line' id='line_1_36' title="bbox 546 3419 3800 3495; baseline -0 -16"><span class='ocrx_word' id='word_1_483' title='bbox 546 3426 637 3479; x_wconf 81' lang='lat' dir='ltr'><strong>die</strong></span> <span class='ocrx_word' id='word_1_484' title='bbox 681 3424 715 3478; x_wconf 86' lang='lat'><strong><em>8</em></strong></span> <span class='ocrx_word' id='word_1_485' title='bbox 754 3423 959 3480; x_wconf 82' lang='lat' dir='ltr'><strong>mensis</strong></span> <span class='ocrx_word' id='word_1_486' title='bbox 996 3420 1289 3492; x_wconf 81' lang='lat' dir='ltr'><strong>Tchhari,</strong></span> <span class='ocrx_word' id='word_1_487' title='bbox 1335 3428 1394 3474; x_wconf 93' lang='lat' dir='ltr'><strong>ut</strong></span> <span class='ocrx_word' id='word_1_488' title='bbox 1442 3421 1747 3488; x_wconf 80' lang='lat' dir='ltr'><strong>expressitu</strong></span> <span class='ocrx_word' id='word_1_489' title='bbox 1802 3426 1917 3474; x_wconf 90' lang='lat' dir='ltr'><strong>tum</strong></span> <span class='ocrx_word' id='word_1_490' title='bbox 1965 3419 2077 3475; x_wconf 86' lang='lat' dir='ltr'><strong>Ben</strong></span> <span class='ocrx_word' id='word_1_491' title='bbox 2105 3421 2323 3489; x_wconf 90' lang='lat' dir='ltr'><strong>Casem,</strong></span> <span class='ocrx_word' id='word_1_492' title='bbox 2359 3432 2475 3477; x_wconf 88' lang='lat' dir='ltr'><strong>tum</strong></span> <span class='ocrx_word' id='word_1_493' title='bbox 2520 3422 2825 3494; x_wconf 83' lang='lat' dir='ltr'><strong>Eutychius</strong></span> <span class='ocrx_word' id='word_1_494' title='bbox 2868 3423 3013 3495; x_wconf 88' lang='lat' dir='ltr'><strong>ipse.</strong></span> <span class='ocrx_word' id='word_1_495' title='bbox 3062 3421 3171 3479; x_wconf 89' lang='lat' dir='ltr'><strong>Sed</strong></span> <span class='ocrx_word' id='word_1_496' title='bbox 3203 3423 3379 3478; x_wconf 88' lang='lat' dir='ltr'><strong>altero</strong></span> <span class='ocrx_word' id='word_1_497' title='bbox 3411 3424 3466 3477; x_wconf 91' lang='lat' dir='ltr'><strong>in</strong></span> <span class='ocrx_word' id='word_1_498' title='bbox 3492 3424 3800 3494; x_wconf 77' lang='lat' dir='ltr'><strong>exemplari</strong></span> 
     </span>
    </p>
   </div>
   <div class='ocr_carea' id='block_1_37' title="bbox 548 3506 3799 3583">
    <p class='ocr_par' dir='ltr' id='par_1_37' title="bbox 548 3506 3799 3583">
     <span class='ocr_line' id='line_1_37' title="bbox 548 3506 3799 3583; baseline -0 -15"><span class='ocrx_word' id='word_1_499' title='bbox 548 3511 796 3579; x_wconf 69' lang='lat' dir='ltr'><strong>Eutyebii</strong></span> <span class='ocrx_word' id='word_1_500' title='bbox 826 3514 975 3579; x_wconf 86' lang='lat' dir='ltr'><strong>(nam</strong></span> <span class='ocrx_word' id='word_1_501' title='bbox 1007 3509 1151 3563; x_wconf 90' lang='lat' dir='ltr'><strong>binis</strong></span> <span class='ocrx_word' id='word_1_502' title='bbox 1183 3509 1265 3563; x_wconf 89' lang='lat' dir='ltr'><strong>usi</strong></span> <span class='ocrx_word' id='word_1_503' title='bbox 1297 3522 1512 3571; x_wconf 84' lang='lat' dir='ltr'><strong>sumus,</strong></span> <span class='ocrx_word' id='word_1_504' title='bbox 1552 3514 1611 3561; x_wconf 93' lang='lat' dir='ltr'><strong>ut</strong></span> <span class='ocrx_word' id='word_1_505' title='bbox 1642 3506 1825 3561; x_wconf 87' lang='lat' dir='ltr'><strong>statim</strong></span> <span class='ocrx_word' id='word_1_506' title='bbox 1854 3507 2125 3578; x_wconf 84' lang='lat' dir='ltr'><strong>dicemus)</strong></span> <span class='ocrx_word' id='word_1_507' title='bbox 2164 3511 2456 3566; x_wconf 75' lang='lat' dir='ltr'><strong>manifesta</strong></span> <span class='ocrx_word' id='word_1_508' title='bbox 2498 3518 2583 3566; x_wconf 87' lang='lat' dir='ltr'><strong>est</strong></span> <span class='ocrx_word' id='word_1_509' title='bbox 2622 3511 2677 3566; x_wconf 89' lang='lat' dir='ltr'><strong>in</strong></span> <span class='ocrx_word' id='word_1_510' title='bbox 2724 3514 2972 3569; x_wconf 87' lang='lat' dir='ltr'><strong>numeris</strong></span> <span class='ocrx_word' id='word_1_511' title='bbox 3004 3514 3107 3568; x_wconf 87' lang='lat' dir='ltr'><strong>hac</strong></span> <span class='ocrx_word' id='word_1_512' title='bbox 3152 3512 3222 3567; x_wconf 86' lang='lat' dir='ltr'><strong>de</strong></span> <span class='ocrx_word' id='word_1_513' title='bbox 3256 3527 3315 3567; x_wconf 87' lang='lat' dir='ltr'><strong>re</strong></span> <span class='ocrx_word' id='word_1_514' title='bbox 3362 3512 3710 3583; x_wconf 75' lang='lat' dir='ltr'><strong>depravatio.</strong></span> <span class='ocrx_word' id='word_1_515' title='bbox 3743 3510 3799 3567; x_wconf 86' lang='lat' dir='ltr'><strong>in</strong></span> 
     </span>
    </p>
   </div>
   <div class='ocr_carea' id='block_1_38' title="bbox 546 3594 3805 3671">
    <p class='ocr_par' dir='ltr' id='par_1_38' title="bbox 546 3594 3805 3671">
     <span class='ocr_line' id='line_1_38' title="bbox 546 3594 3805 3671; baseline -0.002 -12"><span class='ocrx_word' id='word_1_516' title='bbox 546 3603 758 3659; x_wconf 88' lang='lat' dir='ltr'><strong>calculo</strong></span> <span class='ocrx_word' id='word_1_517' title='bbox 789 3600 1011 3661; x_wconf 72' lang='lat' dir='ltr'><strong>Juliano</strong></span> <span class='ocrx_word' id='word_1_518' title='bbox 1046 3598 1339 3669; x_wconf 86' lang='lat' dir='ltr'><strong>respondet</strong></span> <span class='ocrx_word' id='word_1_519' title='bbox 1373 3613 1551 3652; x_wconf 87' lang='lat' dir='ltr'><strong>annus</strong></span> <span class='ocrx_word' id='word_1_520' title='bbox 1592 3594 1794 3651; x_wconf 88' lang='lat' dir='ltr'><strong>Christi</strong></span> <span class='ocrx_word' id='word_1_521' title='bbox 1820 3596 1927 3654; x_wconf 77' lang='lat'><strong>935</strong></span> <span class='ocrx_word' id='word_1_522' title='bbox 1957 3612 2022 3653; x_wconf 82' lang='lat' dir='ltr'><strong>ac</strong></span> <span class='ocrx_word' id='word_1_523' title='bbox 2052 3598 2174 3658; x_wconf 86' lang='lat' dir='ltr'><strong>dies</strong></span> <span class='ocrx_word' id='word_1_524' title='bbox 2201 3596 2490 3655; x_wconf 79' lang='lat' dir='ltr'><strong>Februarii</strong></span> <span class='ocrx_word' id='word_1_525' title='bbox 2523 3607 2779 3655; x_wconf 80' lang='lat' dir='ltr'><strong>octavus.</strong></span> <span class='ocrx_word' id='word_1_526' title='bbox 2812 3599 2968 3655; x_wconf 84' lang='lat' dir='ltr'><strong>Sedit</strong></span> <span class='ocrx_word' id='word_1_527' title='bbox 3006 3600 3169 3655; x_wconf 87' lang='lat' dir='ltr'><strong>annis</strong></span> <span class='ocrx_word' id='word_1_528' title='bbox 3216 3599 3507 3656; x_wconf 89' lang='lat' dir='ltr'><strong>lunaribus</strong></span> <span class='ocrx_word' id='word_1_529' title='bbox 3534 3600 3566 3651; x_wconf 86' lang='lat'><strong>7</strong></span> <span class='ocrx_word' id='word_1_530' title='bbox 3599 3608 3805 3671; x_wconf 65' lang='lat' dir='ltr'><strong>praeter</strong></span> 
     </span>
    </p>
   </div>
   <div class='ocr_carea' id='block_1_39' title="bbox 545 3683 3805 3760">
    <p class='ocr_par' dir='ltr' id='par_1_39' title="bbox 545 3683 3805 3760">
     <span class='ocr_line' id='line_1_39' title="bbox 545 3683 3805 3760; baseline -0.002 -13"><span class='ocrx_word' id='word_1_531' title='bbox 545 3694 582 3747; x_wconf 79' lang='lat'><strong>6</strong></span> <span class='ocrx_word' id='word_1_532' title='bbox 614 3705 848 3756; x_wconf 85' lang='lat' dir='ltr'><strong>nienses,</strong></span> <span class='ocrx_word' id='word_1_533' title='bbox 882 3688 1029 3760; x_wconf 81' lang='lat' dir='ltr'><strong>quod</strong></span> <span class='ocrx_word' id='word_1_534' title='bbox 1065 3695 1299 3745; x_wconf 83' lang='lat' dir='ltr'><strong>testatur</strong></span> <span class='ocrx_word' id='word_1_535' title='bbox 1331 3696 1440 3740; x_wconf 84' lang='lat' dir='ltr'><strong>tam</strong></span> <span class='ocrx_word' id='word_1_536' title='bbox 1472 3684 1741 3755; x_wconf 78' lang='lat' dir='ltr'><strong>Georgius</strong></span> <span class='ocrx_word' id='word_1_537' title='bbox 1769 3683 2108 3751; x_wconf 84' lang='lat' dir='ltr'><strong>Eltnacinus,</strong></span> <span class='ocrx_word' id='word_1_538' title='bbox 2148 3694 2242 3739; x_wconf 88' lang='lat' dir='ltr'><strong>aut</strong></span> <span class='ocrx_word' id='word_1_539' title='bbox 2268 3686 2559 3742; x_wconf 81' lang='lat' dir='ltr'><strong>adnotatio</strong></span> <span class='ocrx_word' id='word_1_540' title='bbox 2584 3688 2635 3742; x_wconf 88' lang='lat' dir='ltr'><strong>ei</strong></span> <span class='ocrx_word' id='word_1_541' title='bbox 2669 3687 2883 3757; x_wconf 84' lang='lat' dir='ltr'><strong>adjecta</strong></span> <span class='ocrx_word' id='word_1_542' title='bbox 2919 3686 2956 3742; x_wconf 93' lang='grc' dir='ltr'><strong>Ι.</strong></span> <span class='ocrx_word' id='word_1_543' title='bbox 2996 3702 3081 3753; x_wconf 88' lang='lat' dir='ltr'><strong>ttt,</strong></span> <span class='ocrx_word' id='word_1_544' title='bbox 3112 3701 3163 3744; x_wconf 81' lang='grc' dir='ltr'>ε.</span> <span class='ocrx_word' id='word_1_545' title='bbox 3209 3689 3262 3750; x_wconf 86' lang='lat' dir='ltr'><strong>i.</strong></span> <span class='ocrx_word' id='word_1_546' title='bbox 3292 3702 3458 3755; x_wconf 87' lang='lat' dir='ltr'><strong>quam</strong></span> <span class='ocrx_word' id='word_1_547' title='bbox 3510 3686 3647 3743; x_wconf 71' lang='lat' dir='ltr'><strong>Vitae</strong></span> <span class='ocrx_word' id='word_1_548' title='bbox 3676 3687 3805 3757; x_wconf 82' lang='lat' dir='ltr'><strong>ejus</strong></span> 
     </span>
    </p>
   </div>
   <div class='ocr_carea' id='block_1_40' title="bbox 547 3772 3801 3849">
    <p class='ocr_par' dir='ltr' id='par_1_40' title="bbox 547 3772 3801 3849">
     <span class='ocr_line' id='line_1_40' title="bbox 547 3772 3801 3849; baseline -0.002 -14"><span class='ocrx_word' id='word_1_549' title='bbox 547 3790 741 3835; x_wconf 77' lang='lat' dir='ltr'><strong>auctor</strong></span> <span class='ocrx_word' id='word_1_550' title='bbox 766 3779 877 3849; x_wconf 80' lang='lat' dir='ltr'><strong>jam</strong></span> <span class='ocrx_word' id='word_1_551' title='bbox 902 3786 1030 3833; x_wconf 84' lang='lat' dir='ltr'><strong>ante</strong></span> <span class='ocrx_word' id='word_1_552' title='bbox 1060 3778 1264 3832; x_wconf 91' lang='lat' dir='ltr'><strong>dictus.</strong></span> <span class='ocrx_word' id='word_1_553' title='bbox 1291 3774 1558 3832; x_wconf 72' lang='lat' dir='ltr'><strong>Macarius</strong></span> <span class='ocrx_word' id='word_1_554' title='bbox 1595 3784 1715 3829; x_wconf 88' lang='lat' dir='ltr'><strong>erat</strong></span> <span class='ocrx_word' id='word_1_555' title='bbox 1738 3781 1872 3830; x_wconf 88' lang='lat' dir='ltr'><strong>tunc</strong></span> <span class='ocrx_word' id='word_1_556' title='bbox 1903 3774 2172 3845; x_wconf 88' lang='lat' dir='ltr'><strong>temporis</strong></span> <span class='ocrx_word' id='word_1_557' title='bbox 2200 3772 2576 3830; x_wconf 75' lang='lat' dir='ltr'><strong>lacobitarum</strong></span> <span class='ocrx_word' id='word_1_558' title='bbox 2612 3788 2709 3830; x_wconf 87' lang='lat' dir='ltr'><strong>seu</strong></span> <span class='ocrx_word' id='word_1_559' title='bbox 2746 3773 3220 3846; x_wconf 80' lang='lat' dir='ltr'><strong>Eutycbianorum</strong></span> <span class='ocrx_word' id='word_1_560' title='bbox 3248 3775 3323 3829; x_wconf 92' lang='lat' dir='ltr'><strong>ibi</strong></span> <span class='ocrx_word' id='word_1_561' title='bbox 3352 3773 3691 3845; x_wconf 82' lang='lat' dir='ltr'><strong>patriarcha,</strong></span> <span class='ocrx_word' id='word_1_562' title='bbox 3720 3775 3801 3831; x_wconf 82' lang='lat' dir='ltr'><strong>uti</strong></span> 
     </span>
    </p>
   </div>
   <div class='ocr_carea' id='block_1_41' title="bbox 552 3860 3801 3929">
    <p class='ocr_par' dir='ltr' id='par_1_41' title="bbox 552 3860 3801 3929">
     <span class='ocr_line' id='line_1_41' title="bbox 552 3860 3801 3929; baseline -0.001 -7"><span class='ocrx_word' id='word_1_563' title='bbox 552 3867 643 3923; x_wconf 83' lang='lat' dir='ltr'><strong>hic</strong></span> <span class='ocrx_word' id='word_1_564' title='bbox 673 3864 1119 3924; x_wconf 73' lang='lat' dir='ltr'><strong>Ortnodoxoruat.</strong></span> <span class='ocrx_word' id='word_1_565' title='bbox 1158 3865 1251 3919; x_wconf 85' lang='lat' dir='ltr'><strong>Sic</strong></span> <span class='ocrx_word' id='word_1_566' title='bbox 1276 3865 1422 3920; x_wconf 88' lang='lat' dir='ltr'><strong>enim</strong></span> <span class='ocrx_word' id='word_1_567' title='bbox 1450 3860 1523 3918; x_wconf 69' lang='grc' dir='ltr'>Μ</span> <span class='ocrx_word' id='word_1_568' title='bbox 1568 3864 1705 3918; x_wconf 87' lang='lat' dir='ltr'><strong>urbe</strong></span> <span class='ocrx_word' id='word_1_569' title='bbox 1741 3860 1859 3925; x_wconf 85' lang='lat' dir='ltr'><strong>illa.</strong></span> <span class='ocrx_word' id='word_1_570' title='bbox 1891 3862 2261 3919; x_wconf 86' lang='lat' dir='ltr'><strong>seditionibus</strong></span> <span class='ocrx_word' id='word_1_571' title='bbox 2290 3862 2663 3929; x_wconf 88' lang='lat' dir='ltr'><strong>deditissinta,</strong></span> <span class='ocrx_word' id='word_1_572' title='bbox 2705 3862 2802 3919; x_wconf 88' lang='lat' dir='ltr'><strong>diu</strong></span> <span class='ocrx_word' id='word_1_573' title='bbox 2833 3864 2998 3919; x_wconf 87' lang='lat' dir='ltr'><strong>etiam</strong></span> <span class='ocrx_word' id='word_1_574' title='bbox 3031 3876 3191 3919; x_wconf 81' lang='lat' dir='ltr'><strong>antea</strong></span> <span class='ocrx_word' id='word_1_575' title='bbox 3218 3864 3561 3929; x_wconf 86' lang='lat' dir='ltr'><strong>obtinuerat,</strong></span> <span class='ocrx_word' id='word_1_576' title='bbox 3595 3872 3655 3919; x_wconf 92' lang='lat' dir='ltr'><strong>ut</strong></span> <span class='ocrx_word' id='word_1_577' title='bbox 3686 3872 3801 3921; x_wconf 79' lang='lat' dir='ltr'><strong>tatu</strong></span> 
     </span>
    </p>
   </div>
   <div class='ocr_carea' id='block_1_42' title="bbox 554 3947 3805 4025">
    <p class='ocr_par' dir='ltr' id='par_1_42' title="bbox 554 3947 3805 4025">
     <span class='ocr_line' id='line_1_42' title="bbox 554 3947 3805 4025; baseline -0.002 -13"><span class='ocrx_word' id='word_1_578' title='bbox 554 3956 827 4012; x_wconf 82' lang='lat' dir='ltr'><strong>ba-reticis</strong></span> <span class='ocrx_word' id='word_1_579' title='bbox 878 3967 1046 4025; x_wconf 90' lang='lat' dir='ltr'><strong>quam</strong></span> <span class='ocrx_word' id='word_1_580' title='bbox 1096 3953 1417 4009; x_wconf 80' lang='lat' dir='ltr'><strong>urthodoxis</strong></span> <span class='ocrx_word' id='word_1_581' title='bbox 1473 3967 1612 4008; x_wconf 87' lang='lat' dir='ltr'><strong>suus</strong></span> <span class='ocrx_word' id='word_1_582' title='bbox 1659 3961 1805 4009; x_wconf 83' lang='lat' dir='ltr'><strong>esset</strong></span> <span class='ocrx_word' id='word_1_583' title='bbox 1838 3955 1913 4009; x_wconf 92' lang='lat' dir='ltr'><strong>ibi</strong></span> <span class='ocrx_word' id='word_1_584' title='bbox 1980 3952 2300 4021; x_wconf 79' lang='lat' dir='ltr'><strong>episcopus.</strong></span> <span class='ocrx_word' id='word_1_585' title='bbox 2334 3947 2472 4005; x_wconf 81' lang='lat' dir='ltr'><strong>Vide</strong></span> <span class='ocrx_word' id='word_1_586' title='bbox 2533 3947 2905 4021; x_wconf 84' lang='lat' dir='ltr'><strong>Nicephorum</strong></span> <span class='ocrx_word' id='word_1_587' title='bbox 2932 3949 3082 4007; x_wconf 80' lang='lat' dir='ltr'><strong>Hist.</strong></span> <span class='ocrx_word' id='word_1_588' title='bbox 3120 3968 3212 4016; x_wconf 82' lang='lat' dir='ltr'><strong>sv.</strong></span> <span class='ocrx_word' id='word_1_589' title='bbox 3243 3965 3295 4006; x_wconf 81' lang='grc' dir='ltr'>ε.</span> <span class='ocrx_word' id='word_1_590' title='bbox 3327 3950 3418 4007; x_wconf 79' lang='grc'><strong>16.</strong></span> <span class='ocrx_word' id='word_1_591' title='bbox 3454 3949 3519 4007; x_wconf 83' lang='grc' dir='ltr'>ει</span> <span class='ocrx_word' id='word_1_592' title='bbox 3542 3949 3805 4010; x_wconf 72' lang='grc' dir='ltr'><strong>Βιενίει·</strong></span> 
     </span>
    </p>
   </div>
   <div class='ocr_carea' id='block_1_43' title="bbox 550 4038 3802 4111">
    <p class='ocr_par' dir='ltr' id='par_1_43' title="bbox 550 4038 3802 4111">
     <span class='ocr_line' id='line_1_43' title="bbox 550 4038 3802 4111; baseline -0.002 -11"><span class='ocrx_word' id='word_1_593' title='bbox 550 4046 661 4101; x_wconf 83' lang='lat' dir='ltr'><strong>lum</strong></span> <span class='ocrx_word' id='word_1_594' title='bbox 702 4042 948 4101; x_wconf 70' lang='lat' dir='ltr'><strong>historia</strong></span> <span class='ocrx_word' id='word_1_595' title='bbox 998 4041 1559 4111; x_wconf 80' lang='lat' dir='ltr'><strong>Eutychiauistarum.</strong></span> <span class='ocrx_word' id='word_1_596' title='bbox 1605 4056 1703 4098; x_wconf 90' lang='lat' dir='ltr'><strong>seu</strong></span> <span class='ocrx_word' id='word_1_597' title='bbox 1748 4040 1907 4097; x_wconf 78' lang='lat' dir='ltr'><strong>Gesta</strong></span> <span class='ocrx_word' id='word_1_598' title='bbox 1949 4042 2015 4096; x_wconf 87' lang='lat' dir='ltr'><strong>de</strong></span> <span class='ocrx_word' id='word_1_599' title='bbox 2064 4038 2279 4094; x_wconf 80' lang='lat' dir='ltr'><strong>nomine</strong></span> <span class='ocrx_word' id='word_1_600' title='bbox 2326 4038 2531 4103; x_wconf 79' lang='lat' dir='ltr'><strong>Acacis‘.</strong></span> <span class='ocrx_word' id='word_1_601' title='bbox 2576 4052 2702 4094; x_wconf 88' lang='lat' dir='ltr'><strong>cum</strong></span> <span class='ocrx_word' id='word_1_602' title='bbox 2753 4039 3081 4109; x_wconf 73' lang='lat' dir='ltr'><strong>pontiﬁcum</strong></span> <span class='ocrx_word' id='word_1_603' title='bbox 3123 4039 3502 4094; x_wconf 75' lang='lat' dir='ltr'><strong>Romanorum</strong></span> <span class='ocrx_word' id='word_1_604' title='bbox 3545 4041 3802 4110; x_wconf 84' lang='lat' dir='ltr'><strong>epistolis</strong></span> 
     </span>
    </p>
   </div>
   <div class='ocr_carea' id='block_1_44' title="bbox 551 4125 3797 4204">
    <p class='ocr_par' dir='ltr' id='par_1_44' title="bbox 551 4125 3797 4204">
     <span class='ocr_line' id='line_1_44' title="bbox 551 4125 3797 4204; baseline -0.002 -14"><span class='ocrx_word' id='word_1_605' title='bbox 551 4136 761 4204; x_wconf 84' lang='lat' dir='ltr'><strong>aliquot</strong></span> <span class='ocrx_word' id='word_1_606' title='bbox 790 4134 858 4187; x_wconf 87' lang='lat' dir='ltr'><strong>ab</strong></span> <span class='ocrx_word' id='word_1_607' title='bbox 884 4132 1095 4188; x_wconf 49' lang='lat' dir='ltr'><strong>Jacoliu</strong></span> <span class='ocrx_word' id='word_1_608' title='bbox 1128 4128 1424 4184; x_wconf 86' lang='lat' dir='ltr'><strong>Sirtnondo</strong></span> <span class='ocrx_word' id='word_1_609' title='bbox 1457 4130 1663 4184; x_wconf 89' lang='lat' dir='ltr'><strong>dudum</strong></span> <span class='ocrx_word' id='word_1_610' title='bbox 1706 4130 1876 4192; x_wconf 88' lang='lat' dir='ltr'><strong>edita,</strong></span> <span class='ocrx_word' id='word_1_611' title='bbox 1908 4144 2033 4199; x_wconf 86' lang='lat' dir='ltr'><strong>pag.</strong></span> <span class='ocrx_word' id='word_1_612' title='bbox 2070 4126 2136 4182; x_wconf 85' lang='lat' dir='ltr'><strong>i6</strong></span> <span class='ocrx_word' id='word_1_613' title='bbox 2165 4146 2179 4181; x_wconf 91' lang='lat'><strong>:</strong></span> <span class='ocrx_word' id='word_1_614' title='bbox 2220 4125 2438 4182; x_wconf 67' lang='lat' dir='ltr'><strong>Mortuo</strong></span> <span class='ocrx_word' id='word_1_615' title='bbox 2482 4125 2719 4195; x_wconf 79' lang='lat' dir='ltr'><strong>principe</strong></span> <span class='ocrx_word' id='word_1_616' title='bbox 2755 4126 3062 4188; x_wconf 65' lang='lat' dir='ltr'><strong>Marciano.</strong></span> <span class='ocrx_word' id='word_1_617' title='bbox 3104 4126 3341 4182; x_wconf 74' lang='lat' dir='ltr'><strong>collectis</strong></span> <span class='ocrx_word' id='word_1_618' title='bbox 3376 4125 3547 4181; x_wconf 73' lang='lat' dir='ltr'><strong>turbis</strong></span> <span class='ocrx_word' id='word_1_619' title='bbox 3574 4130 3797 4185; x_wconf 68' lang='lat' dir='ltr'><strong>ureti-</strong></span> 
     </span>
    </p>
   </div>
   <div class='ocr_carea' id='block_1_45' title="bbox 551 4213 3800 4287">
    <p class='ocr_par' dir='ltr' id='par_1_45' title="bbox 551 4213 3800 4287">
     <span class='ocr_line' id='line_1_45' title="bbox 551 4213 3800 4287; baseline -0.002 -10"><span class='ocrx_word' id='word_1_620' title='bbox 551 4240 755 4287; x_wconf 82' lang='lat' dir='ltr'><strong>corum,</strong></span> <span class='ocrx_word' id='word_1_621' title='bbox 790 4220 1096 4275; x_wconf 69' lang='lat' dir='ltr'><strong>Timotheus</strong></span> <span class='ocrx_word' id='word_1_622' title='bbox 1142 4228 1192 4272; x_wconf 87' lang='lat' dir='ltr'><strong>et</strong></span> <span class='ocrx_word' id='word_1_623' title='bbox 1243 4217 1428 4273; x_wconf 82' lang='lat' dir='ltr'><strong>Petrus</strong></span> <span class='ocrx_word' id='word_1_624' title='bbox 1461 4219 1670 4273; x_wconf 75' lang='lat' dir='ltr'><strong>veniunt</strong></span> <span class='ocrx_word' id='word_1_625' title='bbox 1713 4215 2122 4279; x_wconf 70' lang='lat' dir='ltr'><strong>Alexandriam,</strong></span> <span class='ocrx_word' id='word_1_626' title='bbox 2173 4224 2223 4271; x_wconf 90' lang='lat' dir='ltr'><strong>et</strong></span> <span class='ocrx_word' id='word_1_627' title='bbox 2248 4216 2535 4269; x_wconf 80' lang='lat' dir='ltr'><strong>ordinatur</strong></span> <span class='ocrx_word' id='word_1_628' title='bbox 2591 4215 2659 4270; x_wconf 72' lang='lat' dir='ltr'><strong>ab</strong></span> <span class='ocrx_word' id='word_1_629' title='bbox 2706 4216 2967 4270; x_wconf 64' lang='lat' dir='ltr'><strong>nauticis</strong></span> <span class='ocrx_word' id='word_1_630' title='bbox 3015 4213 3321 4271; x_wconf 75' lang='lat' dir='ltr'><strong>Timotheus</strong></span> <span class='ocrx_word' id='word_1_631' title='bbox 3357 4217 3656 4287; x_wconf 75' lang='lat' dir='ltr'><strong>episcopus.</strong></span> <span class='ocrx_word' id='word_1_632' title='bbox 3695 4216 3800 4273; x_wconf 79' lang='lat' dir='ltr'><strong>duo</strong></span> 
     </span>
    </p>
   </div>
   <div class='ocr_carea' id='block_1_46' title="bbox 552 4302 3802 4381">
    <p class='ocr_par' dir='ltr' id='par_1_46' title="bbox 552 4302 3802 4381">
     <span class='ocr_line' id='line_1_46' title="bbox 552 4302 3802 4381; baseline -0.001 -15"><span class='ocrx_word' id='word_1_633' title='bbox 552 4312 717 4381; x_wconf 73' lang='lat' dir='ltr'><strong>igitur</strong></span> <span class='ocrx_word' id='word_1_634' title='bbox 744 4310 887 4381; x_wconf 81' lang='lat' dir='ltr'><strong>apud</strong></span> <span class='ocrx_word' id='word_1_635' title='bbox 920 4308 1302 4363; x_wconf 66' lang='lat' dir='ltr'><strong>Alexandrinus</strong></span> <span class='ocrx_word' id='word_1_636' title='bbox 1330 4308 1556 4376; x_wconf 79' lang='lat' dir='ltr'><strong>episcopi</strong></span> <span class='ocrx_word' id='word_1_637' title='bbox 1588 4322 1701 4362; x_wconf 81' lang='lat' dir='ltr'><strong>esse</strong></span> <span class='ocrx_word' id='word_1_638' title='bbox 1729 4314 2019 4376; x_wconf 66' lang='lat' dir='ltr'><strong>creperum.</strong></span> <span class='ocrx_word' id='word_1_639' title='bbox 2066 4304 2516 4361; x_wconf 77' lang='lat' dir='ltr'><strong>Ortbodoxorum</strong></span> <span class='ocrx_word' id='word_1_640' title='bbox 2546 4312 2678 4363; x_wconf 88' lang='lat' dir='ltr'><strong>tunc</strong></span> <span class='ocrx_word' id='word_1_641' title='bbox 2700 4312 2819 4358; x_wconf 81' lang='lat' dir='ltr'><strong>erat</strong></span> <span class='ocrx_word' id='word_1_642' title='bbox 2848 4304 3152 4361; x_wconf 81' lang='lat' dir='ltr'><strong>Preterius.</strong></span> <span class='ocrx_word' id='word_1_643' title='bbox 3186 4302 3323 4359; x_wconf 82' lang='lat' dir='ltr'><strong>Tam</strong></span> <span class='ocrx_word' id='word_1_644' title='bbox 3358 4319 3490 4363; x_wconf 87' lang='lat' dir='ltr'><strong>vero</strong></span> <span class='ocrx_word' id='word_1_645' title='bbox 3532 4304 3802 4376; x_wconf 78' lang='lat' dir='ltr'><strong>Georgius</strong></span> 
     </span>
    </p>
   </div>
   <div class='ocr_carea' id='block_1_47' title="bbox 556 4392 3800 4468">
    <p class='ocr_par' dir='ltr' id='par_1_47' title="bbox 556 4392 3800 4468">
     <span class='ocr_line' id='line_1_47' title="bbox 556 4392 3800 4468; baseline -0.001 -13"><span class='ocrx_word' id='word_1_646' title='bbox 556 4398 871 4456; x_wconf 75' lang='lat' dir='ltr'><strong>Elmacinus</strong></span> <span class='ocrx_word' id='word_1_647' title='bbox 901 4412 1065 4468; x_wconf 81' lang='lat' dir='ltr'><strong>quam</strong></span> <span class='ocrx_word' id='word_1_648' title='bbox 1101 4393 1210 4449; x_wconf 83' lang='lat' dir='ltr'><strong>Ben</strong></span> <span class='ocrx_word' id='word_1_649' title='bbox 1234 4393 1430 4450; x_wconf 86' lang='lat' dir='ltr'><strong>Casem</strong></span> <span class='ocrx_word' id='word_1_650' title='bbox 1462 4393 1539 4447; x_wconf 87' lang='lat' dir='ltr'><strong>ait</strong></span> <span class='ocrx_word' id='word_1_651' title='bbox 1572 4392 1806 4448; x_wconf 84' lang='lat' dir='ltr'><strong>dissidia</strong></span> <span class='ocrx_word' id='word_1_652' title='bbox 1838 4392 2080 4462; x_wconf 83' lang='lat' dir='ltr'><strong>viguisse</strong></span> <span class='ocrx_word' id='word_1_653' title='bbox 2106 4408 2217 4448; x_wconf 90' lang='lat' dir='ltr'><strong>non</strong></span> <span class='ocrx_word' id='word_1_654' title='bbox 2252 4392 2389 4448; x_wconf 86' lang='lat' dir='ltr'><strong>levia</strong></span> <span class='ocrx_word' id='word_1_655' title='bbox 2423 4394 2564 4448; x_wconf 82' lang='lat' dir='ltr'><strong>inter</strong></span> <span class='ocrx_word' id='word_1_656' title='bbox 2598 4392 2920 4464; x_wconf 82' lang='lat' dir='ltr'><strong>Eutychiutn</strong></span> <span class='ocrx_word' id='word_1_657' title='bbox 2949 4403 3005 4449; x_wconf 91' lang='lat' dir='ltr'><strong>et</strong></span> <span class='ocrx_word' id='word_1_658' title='bbox 3030 4395 3244 4463; x_wconf 82' lang='lat' dir='ltr'><strong>plebem</strong></span> <span class='ocrx_word' id='word_1_659' title='bbox 3292 4409 3477 4451; x_wconf 92' lang='lat' dir='ltr'><strong>suam.</strong></span> <span class='ocrx_word' id='word_1_660' title='bbox 3520 4394 3800 4451; x_wconf 74' lang='lat' dir='ltr'><strong>Diarrhaea</strong></span> 
     </span>
    </p>
   </div>
   <div class='ocr_carea' id='block_1_48' title="bbox 555 4479 3799 4552">
    <p class='ocr_par' dir='ltr' id='par_1_48' title="bbox 555 4479 3799 4552">
     <span class='ocr_line' id='line_1_48' title="bbox 555 4479 3799 4552; baseline -0.006 -8"><span class='ocrx_word' id='word_1_661' title='bbox 555 4486 774 4544; x_wconf 83' lang='lat' dir='ltr'><strong>tandem</strong></span> <span class='ocrx_word' id='word_1_662' title='bbox 809 4485 1145 4542; x_wconf 79' lang='lat' dir='ltr'><strong>laborantem</strong></span> <span class='ocrx_word' id='word_1_663' title='bbox 1176 4481 1520 4537; x_wconf 72' lang='lat' dir='ltr'><strong>Alexandria:</strong></span> <span class='ocrx_word' id='word_1_664' title='bbox 1546 4498 1669 4536; x_wconf 83' lang='lat' dir='ltr'><strong>eum</strong></span> <span class='ocrx_word' id='word_1_665' title='bbox 1704 4480 1911 4537; x_wconf 78' lang='lat' dir='ltr'><strong>abiisse</strong></span> <span class='ocrx_word' id='word_1_666' title='bbox 1942 4494 2089 4536; x_wconf 90' lang='lat' dir='ltr'><strong>anno</strong></span> <span class='ocrx_word' id='word_1_667' title='bbox 2123 4479 2326 4552; x_wconf 77' lang='lat' dir='ltr'><strong>begira:</strong></span> <span class='ocrx_word' id='word_1_668' title='bbox 2351 4481 2482 4546; x_wconf 78' lang='lat'><strong>528,</strong></span> <span class='ocrx_word' id='word_1_669' title='bbox 2515 4481 2605 4539; x_wconf 91' lang='lat' dir='ltr'><strong>die</strong></span> <span class='ocrx_word' id='word_1_670' title='bbox 2649 4480 2795 4537; x_wconf 71' lang='lat' dir='ltr'><strong>lunae</strong></span> <span class='ocrx_word' id='word_1_671' title='bbox 2828 4481 2923 4550; x_wconf 89' lang='lat' dir='ltr'><strong>qui</strong></span> <span class='ocrx_word' id='word_1_672' title='bbox 2963 4491 3280 4551; x_wconf 78' lang='lat' dir='ltr'><strong>postremus</strong></span> <span class='ocrx_word' id='word_1_673' title='bbox 3306 4493 3426 4540; x_wconf 74' lang='lat' dir='ltr'><strong>erat</strong></span> <span class='ocrx_word' id='word_1_674' title='bbox 3453 4485 3662 4541; x_wconf 62' lang='lat' dir='ltr'><strong>meum</strong></span> <span class='ocrx_word' id='word_1_675' title='bbox 3692 4483 3799 4540; x_wconf 61' lang='grc' dir='ltr'><strong>ηε.</strong></span> 
     </span>
    </p>
   </div>
   <div class='ocr_carea' id='block_1_49' title="bbox 552 4568 3800 4648">
    <p class='ocr_par' dir='ltr' id='par_1_49' title="bbox 552 4568 3800 4648">
     <span class='ocr_line' id='line_1_49' title="bbox 552 4568 3800 4648; baseline -0.001 -16"><span class='ocrx_word' id='word_1_676' title='bbox 552 4574 698 4648; x_wconf 81' lang='lat' dir='ltr'><strong>gebi.</strong></span> <span class='ocrx_word' id='word_1_677' title='bbox 726 4574 947 4632; x_wconf 85' lang='lat' dir='ltr'><strong>Initium</strong></span> <span class='ocrx_word' id='word_1_678' title='bbox 979 4571 1109 4627; x_wconf 87' lang='lat' dir='ltr'><strong>anni</strong></span> <span class='ocrx_word' id='word_1_679' title='bbox 1144 4570 1290 4626; x_wconf 89' lang='lat' dir='ltr'><strong>illius</strong></span> <span class='ocrx_word' id='word_1_680' title='bbox 1318 4577 1437 4625; x_wconf 87' lang='lat' dir='ltr'><strong>erat</strong></span> <span class='ocrx_word' id='word_1_681' title='bbox 1468 4570 1533 4626; x_wconf 87' lang='lat' dir='ltr'><strong>i8</strong></span> <span class='ocrx_word' id='word_1_682' title='bbox 1562 4568 1815 4625; x_wconf 84' lang='lat' dir='ltr'><strong>Octobris</strong></span> <span class='ocrx_word' id='word_1_683' title='bbox 1858 4568 1987 4623; x_wconf 90' lang='lat' dir='ltr'><strong>anni</strong></span> <span class='ocrx_word' id='word_1_684' title='bbox 2020 4568 2223 4625; x_wconf 82' lang='lat' dir='ltr'><strong>Christi</strong></span> <span class='ocrx_word' id='word_1_685' title='bbox 2256 4570 2383 4634; x_wconf 73' lang='lat'><strong>930.</strong></span> <span class='ocrx_word' id='word_1_686' title='bbox 2424 4568 2561 4624; x_wconf 77' lang='lat' dir='ltr'><strong>feria</strong></span> <span class='ocrx_word' id='word_1_687' title='bbox 2611 4577 2768 4625; x_wconf 78' lang='lat' dir='ltr'><strong>sexta</strong></span> <span class='ocrx_word' id='word_1_688' title='bbox 2802 4584 2906 4637; x_wconf 78' lang='lat' dir='ltr'><strong>seu</strong></span> <span class='ocrx_word' id='word_1_689' title='bbox 2959 4570 3049 4626; x_wconf 88' lang='lat' dir='ltr'><strong>die</strong></span> <span class='ocrx_word' id='word_1_690' title='bbox 3096 4568 3346 4627; x_wconf 81' lang='lat' dir='ltr'><strong>Veneris.</strong></span> <span class='ocrx_word' id='word_1_691' title='bbox 3389 4570 3470 4627; x_wconf 89' lang='lat' dir='ltr'><strong>ita</strong></span> <span class='ocrx_word' id='word_1_692' title='bbox 3507 4572 3562 4627; x_wconf 91' lang='lat' dir='ltr'><strong>in</strong></span> <span class='ocrx_word' id='word_1_693' title='bbox 3586 4573 3800 4630; x_wconf 81' lang='lat' dir='ltr'><strong>calculo</strong></span> 
     </span>
    </p>
   </div>
   <div class='ocr_carea' id='block_1_50' title="bbox 552 4655 3795 4726">
    <p class='ocr_par' dir='ltr' id='par_1_50' title="bbox 552 4655 3795 4726">
     <span class='ocr_line' id='line_1_50' title="bbox 552 4655 3795 4726; baseline -0.002 -3"><span class='ocrx_word' id='word_1_694' title='bbox 552 4664 772 4723; x_wconf 78' lang='lat' dir='ltr'><strong>Juliauo</strong></span> <span class='ocrx_word' id='word_1_695' title='bbox 798 4670 1051 4717; x_wconf 84' lang='lat' dir='ltr'><strong>mortuus</strong></span> <span class='ocrx_word' id='word_1_696' title='bbox 1078 4669 1166 4715; x_wconf 83' lang='lat' dir='ltr'><strong>est</strong></span> <span class='ocrx_word' id='word_1_697' title='bbox 1197 4659 1285 4714; x_wconf 88' lang='lat' dir='ltr'><strong>die</strong></span> <span class='ocrx_word' id='word_1_698' title='bbox 1340 4657 1462 4713; x_wconf 74' lang='lat' dir='ltr'><strong>Maii</strong></span> <span class='ocrx_word' id='word_1_699' title='bbox 1501 4657 1856 4723; x_wconf 83' lang='lat' dir='ltr'><strong>duodecimo,</strong></span> <span class='ocrx_word' id='word_1_700' title='bbox 1888 4657 2019 4712; x_wconf 81' lang='lat' dir='ltr'><strong>anni</strong></span> <span class='ocrx_word' id='word_1_701' title='bbox 2058 4655 2263 4712; x_wconf 84' lang='lat' dir='ltr'><strong>Christi</strong></span> <span class='ocrx_word' id='word_1_702' title='bbox 2299 4655 2436 4723; x_wconf 63' lang='grc' dir='ltr'><strong>ΜΟ,</strong></span> <span class='ocrx_word' id='word_1_703' title='bbox 2482 4664 2773 4726; x_wconf 84' lang='lat' dir='ltr'><strong>postquam</strong></span> <span class='ocrx_word' id='word_1_704' title='bbox 2811 4672 2988 4714; x_wconf 84' lang='lat' dir='ltr'><strong>annos</strong></span> <span class='ocrx_word' id='word_1_705' title='bbox 3034 4655 3106 4712; x_wconf 74' lang='lat'><strong>63</strong></span> <span class='ocrx_word' id='word_1_706' title='bbox 3147 4665 3242 4713; x_wconf 89' lang='lat' dir='ltr'><strong>aut</strong></span> <span class='ocrx_word' id='word_1_707' title='bbox 3280 4658 3506 4714; x_wconf 81' lang='lat' dir='ltr'><strong>circiter</strong></span> <span class='ocrx_word' id='word_1_708' title='bbox 3546 4660 3795 4719; x_wconf 85' lang='lat' dir='ltr'><strong>vixisset.</strong></span> 
     </span>
    </p>
   </div>
   <div class='ocr_carea' id='block_1_51' title="bbox 555 4743 3795 4823">
    <p class='ocr_par' dir='ltr' id='par_1_51' title="bbox 555 4743 3795 4823">
     <span class='ocr_line' id='line_1_51' title="bbox 555 4743 3795 4823; baseline -0.001 -16"><span class='ocrx_word' id='word_1_709' title='bbox 555 4752 905 4823; x_wconf 86' lang='lat' dir='ltr'><strong>Caiiphatum</strong></span> <span class='ocrx_word' id='word_1_710' title='bbox 947 4748 1121 4820; x_wconf 64' lang='lat' dir='ltr'><strong>Syriae</strong></span> <span class='ocrx_word' id='word_1_711' title='bbox 1168 4755 1393 4803; x_wconf 86' lang='lat' dir='ltr'><strong>tenente</strong></span> <span class='ocrx_word' id='word_1_712' title='bbox 1436 4744 1612 4801; x_wconf 79' lang='lat' dir='ltr'><strong>Arado</strong></span> <span class='ocrx_word' id='word_1_713' title='bbox 1655 4744 1828 4801; x_wconf 88' lang='lat' dir='ltr'><strong>Dilla:</strong></span> <span class='ocrx_word' id='word_1_714' title='bbox 1865 4743 2111 4801; x_wconf 81' lang='lat' dir='ltr'><strong>Romano</strong></span> <span class='ocrx_word' id='word_1_715' title='bbox 2156 4743 2435 4807; x_wconf 79' lang='lat' dir='ltr'><strong>Orientis.</strong></span> <span class='ocrx_word' id='word_1_716' title='bbox 2491 4745 2690 4801; x_wconf 88' lang='lat' dir='ltr'><strong>Ottone</strong></span> <span class='ocrx_word' id='word_1_717' title='bbox 2730 4743 2929 4816; x_wconf 69' lang='lat' dir='ltr'><strong>Magno</strong></span> <span class='ocrx_word' id='word_1_718' title='bbox 2981 4749 3295 4803; x_wconf 84' lang='lat' dir='ltr'><strong>Occidentis</strong></span> <span class='ocrx_word' id='word_1_719' title='bbox 3348 4750 3795 4820; x_wconf 77' lang='lat' dir='ltr'><strong>imperatoribus.</strong></span> 
     </span>
    </p>
   </div>
   <div class='ocr_carea' id='block_1_52' title="bbox 556 4831 3796 4911">
    <p class='ocr_par' dir='ltr' id='par_1_52' title="bbox 556 4831 3796 4911">
     <span class='ocr_line' id='line_1_52' title="bbox 556 4831 3796 4911; baseline -0 -17"><span class='ocrx_word' id='word_1_720' title='bbox 556 4850 722 4910; x_wconf 82' lang='lat' dir='ltr'><strong>atque</strong></span> <span class='ocrx_word' id='word_1_721' title='bbox 746 4839 1071 4896; x_wconf 85' lang='lat' dir='ltr'><strong>Atitelstauo</strong></span> <span class='ocrx_word' id='word_1_722' title='bbox 1105 4852 1232 4907; x_wconf 80' lang='lat' dir='ltr'><strong>rege</strong></span> <span class='ocrx_word' id='word_1_723' title='bbox 1272 4835 1499 4906; x_wconf 65' lang='lat' dir='ltr'><strong>Anglis.</strong></span> <span class='ocrx_word' id='word_1_724' title='bbox 1530 4833 1756 4893; x_wconf 55' lang='lat' dir='ltr'><strong>Coastes</strong></span> <span class='ocrx_word' id='word_1_725' title='bbox 1782 4834 1856 4888; x_wconf 85' lang='lat' dir='ltr'><strong>ita</strong></span> <span class='ocrx_word' id='word_1_726' title='bbox 1892 4833 2085 4889; x_wconf 91' lang='lat' dir='ltr'><strong>habuit</strong></span> <span class='ocrx_word' id='word_1_727' title='bbox 2112 4832 2213 4888; x_wconf 76' lang='lat' dir='ltr'><strong>Abi</strong></span> <span class='ocrx_word' id='word_1_728' title='bbox 2258 4831 2375 4889; x_wconf 88' lang='lat' dir='ltr'><strong>Hali</strong></span> <span class='ocrx_word' id='word_1_729' title='bbox 2421 4832 2532 4890; x_wconf 83' lang='lat' dir='ltr'><strong>Ben</strong></span> <span class='ocrx_word' id='word_1_730' title='bbox 2582 4831 2783 4897; x_wconf 78' lang='lat' dir='ltr'><strong>Mucia,</strong></span> <span class='ocrx_word' id='word_1_731' title='bbox 2834 4834 2929 4904; x_wconf 90' lang='lat' dir='ltr'><strong>qui</strong></span> <span class='ocrx_word' id='word_1_732' title='bbox 2985 4836 3198 4907; x_wconf 87' lang='lat' dir='ltr'><strong>primus</strong></span> <span class='ocrx_word' id='word_1_733' title='bbox 3243 4837 3602 4907; x_wconf 83' lang='lat' dir='ltr'><strong>elegantioris</strong></span> <span class='ocrx_word' id='word_1_734' title='bbox 3652 4837 3796 4911; x_wconf 84' lang='lat' dir='ltr'><strong>apud</strong></span> 
     </span>
    </p>
   </div>
   <div class='ocr_carea' id='block_1_53' title="bbox 558 4922 3796 4995">
    <p class='ocr_par' dir='ltr' id='par_1_53' title="bbox 558 4922 3796 4995">
     <span class='ocr_line' id='line_1_53' title="bbox 558 4922 3796 4995; baseline 0.001 -14"><span class='ocrx_word' id='word_1_735' title='bbox 558 4929 766 4985; x_wconf 82' lang='lat' dir='ltr'><strong>Arabas</strong></span> <span class='ocrx_word' id='word_1_736' title='bbox 792 4928 1067 4984; x_wconf 76' lang='lat' dir='ltr'><strong>scribendi</strong></span> <span class='ocrx_word' id='word_1_737' title='bbox 1097 4926 1314 4995; x_wconf 69' lang='lat' dir='ltr'><strong>geni-ris</strong></span> <span class='ocrx_word' id='word_1_738' title='bbox 1341 4936 1532 4979; x_wconf 84' lang='lat' dir='ltr'><strong>auctor</strong></span> <span class='ocrx_word' id='word_1_739' title='bbox 1578 4922 1811 4982; x_wconf 81' lang='lat' dir='ltr'><strong>exstitit.</strong></span> <span class='ocrx_word' id='word_1_740' title='bbox 1852 4930 2019 4990; x_wconf 85' lang='lat' dir='ltr'><strong>atque</strong></span> <span class='ocrx_word' id='word_1_741' title='bbox 2066 4922 2417 4977; x_wconf 81' lang='lat' dir='ltr'><strong>Albateuium</strong></span> <span class='ocrx_word' id='word_1_742' title='bbox 2447 4938 2547 4979; x_wconf 87' lang='lat' dir='ltr'><strong>seu</strong></span> <span class='ocrx_word' id='word_1_743' title='bbox 2597 4925 3003 4995; x_wconf 87' lang='lat' dir='ltr'><strong>Alhateguium,</strong></span> <span class='ocrx_word' id='word_1_744' title='bbox 3037 4925 3089 4980; x_wconf 86' lang='lat' dir='ltr'><strong>id</strong></span> <span class='ocrx_word' id='word_1_745' title='bbox 3123 4936 3209 4983; x_wconf 90' lang='lat' dir='ltr'><strong>est</strong></span> <span class='ocrx_word' id='word_1_746' title='bbox 3238 4925 3622 4984; x_wconf 73' lang='lat' dir='ltr'><strong>Nabataedem</strong></span> <span class='ocrx_word' id='word_1_747' title='bbox 3661 4932 3796 4985; x_wconf 82' lang='lat' dir='ltr'><strong>Ara-</strong></span> 
     </span>
    </p>
   </div>
   <div class='ocr_carea' id='block_1_54' title="bbox 556 5010 3769 5081">
    <p class='ocr_par' dir='ltr' id='par_1_54' title="bbox 556 5010 3769 5081">
     <span class='ocr_line' id='line_1_54' title="bbox 556 5010 3769 5081; baseline -0 -8"><span class='ocrx_word' id='word_1_748' title='bbox 556 5030 825 5078; x_wconf 77' lang='lat' dir='ltr'><strong>etensem,</strong></span> <span class='ocrx_word' id='word_1_749' title='bbox 847 5016 1165 5069; x_wconf 79' lang='lat' dir='ltr'><strong>Aratensetu</strong></span> <span class='ocrx_word' id='word_1_750' title='bbox 1192 5011 1499 5081; x_wconf 82' lang='lat' dir='ltr'><strong>Copernico</strong></span> <span class='ocrx_word' id='word_1_751' title='bbox 1526 5010 1764 5080; x_wconf 72' lang='lat' dir='ltr'><strong>aliisque</strong></span> <span class='ocrx_word' id='word_1_752' title='bbox 1793 5011 1998 5065; x_wconf 90' lang='lat' dir='ltr'><strong>dictum</strong></span> <span class='ocrx_word' id='word_1_753' title='bbox 2045 5018 2099 5064; x_wconf 81' lang='lat' dir='ltr'><strong>et</strong></span> <span class='ocrx_word' id='word_1_754' title='bbox 2133 5011 2367 5067; x_wconf 87' lang='lat' dir='ltr'><strong>subtnde</strong></span> <span class='ocrx_word' id='word_1_755' title='bbox 2387 5012 2742 5076; x_wconf 81' lang='lat' dir='ltr'><strong>Aracensctn,</strong></span> <span class='ocrx_word' id='word_1_756' title='bbox 2768 5014 3188 5071; x_wconf 81' lang='lat' dir='ltr'><strong>celeberrimum</strong></span> <span class='ocrx_word' id='word_1_757' title='bbox 3214 5015 3367 5070; x_wconf 85' lang='lat' dir='ltr'><strong>illum</strong></span> <span class='ocrx_word' id='word_1_758' title='bbox 3388 5026 3769 5073; x_wconf 84' lang='lat' dir='ltr'><strong>astronomtttn</strong></span> 
     </span>
    </p>
   </div>
   <div class='ocr_carea' id='block_1_55' title="bbox 556 5095 3789 5174">
    <p class='ocr_par' dir='ltr' id='par_1_55' title="bbox 556 5095 3789 5174">
     <span class='ocr_line' id='line_1_55' title="bbox 556 5095 3789 5174; baseline -0.001 -14"><span class='ocrx_word' id='word_1_759' title='bbox 556 5106 625 5160; x_wconf 87' lang='lat' dir='ltr'><strong>de</strong></span> <span class='ocrx_word' id='word_1_760' title='bbox 650 5120 761 5174; x_wconf 85' lang='lat' dir='ltr'><strong>quo</strong></span> <span class='ocrx_word' id='word_1_761' title='bbox 787 5105 980 5174; x_wconf 78' lang='lat' dir='ltr'><strong>legitur</strong></span> <span class='ocrx_word' id='word_1_762' title='bbox 1012 5104 1067 5156; x_wconf 88' lang='lat' dir='ltr'><strong>iu</strong></span> <span class='ocrx_word' id='word_1_763' title='bbox 1086 5099 1355 5156; x_wconf 76' lang='lat' dir='ltr'><strong>Tacmach</strong></span> <span class='ocrx_word' id='word_1_764' title='bbox 1388 5099 1553 5154; x_wconf 82' lang='lat' dir='ltr'><strong>David</strong></span> <span class='ocrx_word' id='word_1_765' title='bbox 1591 5114 1605 5152; x_wconf 86' lang='lat'><strong>:</strong></span> <span class='ocrx_word' id='word_1_766' title='bbox 1633 5096 1689 5153; x_wconf 86' lang='lat' dir='ltr'><strong>Is</strong></span> <span class='ocrx_word' id='word_1_767' title='bbox 1722 5098 1913 5154; x_wconf 75' lang='lat' dir='ltr'><strong>invertit</strong></span> <span class='ocrx_word' id='word_1_768' title='bbox 1942 5095 2102 5151; x_wconf 81' lang='lat' dir='ltr'><strong>simul</strong></span> <span class='ocrx_word' id='word_1_769' title='bbox 2131 5107 2182 5153; x_wconf 88' lang='lat' dir='ltr'><strong>et</strong></span> <span class='ocrx_word' id='word_1_770' title='bbox 2208 5098 2527 5154; x_wconf 73' lang='lat' dir='ltr'><strong>instauravit</strong></span> <span class='ocrx_word' id='word_1_771' title='bbox 2555 5100 2821 5154; x_wconf 77' lang='lat' dir='ltr'><strong>calculum</strong></span> <span class='ocrx_word' id='word_1_772' title='bbox 2850 5112 3096 5157; x_wconf 69' lang='lat' dir='ltr'><strong>estactum</strong></span> <span class='ocrx_word' id='word_1_773' title='bbox 3115 5111 3166 5157; x_wconf 80' lang='lat' dir='ltr'><strong>et</strong></span> <span class='ocrx_word' id='word_1_774' title='bbox 3200 5102 3413 5157; x_wconf 72' lang='lat' dir='ltr'><strong>tabulas</strong></span> <span class='ocrx_word' id='word_1_775' title='bbox 3442 5105 3789 5171; x_wconf 77' lang='lat' dir='ltr'><strong>astroa&#39;oatt&#39;s,</strong></span> 
     </span>
    </p>
   </div>
   <div class='ocr_carea' id='block_1_56' title="bbox 552 5182 3794 5263">
    <p class='ocr_par' dir='ltr' id='par_1_56' title="bbox 552 5182 3794 5263">
     <span class='ocr_line' id='line_1_56' title="bbox 552 5182 3794 5263; baseline -0.001 -14"><span class='ocrx_word' id='word_1_776' title='bbox 552 5191 1092 5263; x_wconf 77' lang='lat' dir='ltr'><strong>quibusutuaturiusi</strong></span> <span class='ocrx_word' id='word_1_777' title='bbox 1114 5205 1276 5261; x_wconf 82' lang='lat' dir='ltr'><strong>usque</strong></span> <span class='ocrx_word' id='word_1_778' title='bbox 1317 5188 1372 5244; x_wconf 88' lang='lat' dir='ltr'><strong>in</strong></span> <span class='ocrx_word' id='word_1_779' title='bbox 1399 5188 1537 5243; x_wconf 79' lang='lat' dir='ltr'><strong>hunc</strong></span> <span class='ocrx_word' id='word_1_780' title='bbox 1559 5187 1701 5242; x_wconf 74' lang='lat' dir='ltr'><strong>diem</strong></span> <span class='ocrx_word' id='word_1_781' title='bbox 1729 5188 1783 5241; x_wconf 85' lang='lat' dir='ltr'><strong>in</strong></span> <span class='ocrx_word' id='word_1_782' title='bbox 1818 5197 1964 5241; x_wconf 80' lang='lat' dir='ltr'><strong>motu</strong></span> <span class='ocrx_word' id='word_1_783' title='bbox 2011 5202 2129 5240; x_wconf 76' lang='lat' dir='ltr'><strong>vero</strong></span> <span class='ocrx_word' id='word_1_784' title='bbox 2170 5186 2526 5256; x_wconf 83' lang='lat' dir='ltr'><strong>supputondo.</strong></span> <span class='ocrx_word' id='word_1_785' title='bbox 2577 5185 2670 5242; x_wconf 87' lang='lat' dir='ltr'><strong>Sic</strong></span> <span class='ocrx_word' id='word_1_786' title='bbox 2714 5187 2885 5244; x_wconf 85' lang='lat' dir='ltr'><strong>David</strong></span> <span class='ocrx_word' id='word_1_787' title='bbox 2934 5188 3025 5255; x_wconf 77' lang='lat' dir='ltr'><strong>ille</strong></span> <span class='ocrx_word' id='word_1_788' title='bbox 3075 5197 3219 5260; x_wconf 89' lang='lat' dir='ltr'><strong>part.</strong></span> <span class='ocrx_word' id='word_1_789' title='bbox 3268 5204 3326 5247; x_wconf 88' lang='lat' dir='ltr'><strong>tt.</strong></span> <span class='ocrx_word' id='word_1_790' title='bbox 3359 5182 3519 5246; x_wconf 77' lang='lat' dir='ltr'><strong>anno</strong></span> <span class='ocrx_word' id='word_1_791' title='bbox 3546 5190 3794 5247; x_wconf 82' lang='lat' dir='ltr'><strong>cbiliadis</strong></span> 
     </span>
    </p>
   </div>
   <div class='ocr_carea' id='block_1_57' title="bbox 555 5273 3789 5352">
    <p class='ocr_par' dir='ltr' id='par_1_57' title="bbox 555 5273 3789 5352">
     <span class='ocr_line' id='line_1_57' title="bbox 555 5273 3789 5352; baseline -0 -17"><span class='ocrx_word' id='word_1_792' title='bbox 555 5284 761 5352; x_wconf 68' lang='lat' dir='ltr'><strong>quinta</strong></span> <span class='ocrx_word' id='word_1_793' title='bbox 808 5279 931 5341; x_wconf 74' lang='lat'><strong>635.</strong></span> <span class='ocrx_word' id='word_1_794' title='bbox 980 5294 1076 5336; x_wconf 84' lang='lat' dir='ltr'><strong>seu</strong></span> <span class='ocrx_word' id='word_1_795' title='bbox 1127 5275 1333 5334; x_wconf 79' lang='lat' dir='ltr'><strong>Christi</strong></span> <span class='ocrx_word' id='word_1_796' title='bbox 1366 5276 1491 5335; x_wconf 66' lang='grc' dir='ltr'><strong>διε.</strong></span> <span class='ocrx_word' id='word_1_797' title='bbox 1524 5275 1921 5346; x_wconf 87' lang='lat' dir='ltr'><strong>Alphonsiuas.</strong></span> <span class='ocrx_word' id='word_1_798' title='bbox 1956 5283 2016 5329; x_wconf 92' lang='lat' dir='ltr'><strong>ut</strong></span> <span class='ocrx_word' id='word_1_799' title='bbox 2050 5275 2287 5339; x_wconf 81' lang='lat' dir='ltr'><strong>videtur,</strong></span> <span class='ocrx_word' id='word_1_800' title='bbox 2323 5273 2437 5328; x_wconf 84' lang='lat' dir='ltr'><strong>vult</strong></span> <span class='ocrx_word' id='word_1_801' title='bbox 2491 5289 2559 5329; x_wconf 78' lang='lat' dir='ltr'><strong>es</strong></span> <span class='ocrx_word' id='word_1_802' title='bbox 2606 5275 2879 5330; x_wconf 86' lang='lat' dir='ltr'><strong>Albateuii</strong></span> <span class='ocrx_word' id='word_1_803' title='bbox 2910 5274 3056 5331; x_wconf 90' lang='lat' dir='ltr'><strong>libro</strong></span> <span class='ocrx_word' id='word_1_804' title='bbox 3088 5278 3155 5333; x_wconf 84' lang='lat' dir='ltr'><strong>de</strong></span> <span class='ocrx_word' id='word_1_805' title='bbox 3208 5275 3477 5338; x_wconf 78' lang='lat' dir='ltr'><strong>Scientiis</strong></span> <span class='ocrx_word' id='word_1_806' title='bbox 3511 5280 3789 5335; x_wconf 85' lang='lat' dir='ltr'><strong>stellarum</strong></span> 
     </span>
    </p>
   </div>
   <div class='ocr_carea' id='block_1_58' title="bbox 558 5355 3795 5441">
    <p class='ocr_par' dir='ltr' id='par_1_58' title="bbox 558 5355 3795 5441">
     <span class='ocr_line' id='line_1_58' title="bbox 558 5355 3795 5441; baseline -0.001 -15"><span class='ocrx_word' id='word_1_807' title='bbox 558 5376 747 5441; x_wconf 78' lang='lat' dir='ltr'><strong>(quem</strong></span> <span class='ocrx_word' id='word_1_808' title='bbox 781 5384 847 5425; x_wconf 83' lang='lat' dir='ltr'><strong>ex</strong></span> <span class='ocrx_word' id='word_1_809' title='bbox 883 5366 1124 5425; x_wconf 82' lang='lat' dir='ltr'><strong>Arabico</strong></span> <span class='ocrx_word' id='word_1_810' title='bbox 1168 5366 1331 5422; x_wconf 90' lang='lat' dir='ltr'><strong>vertit</strong></span> <span class='ocrx_word' id='word_1_811' title='bbox 1384 5366 1516 5425; x_wconf 86' lang='lat' dir='ltr'><strong>olim</strong></span> <span class='ocrx_word' id='word_1_812' title='bbox 1578 5366 1733 5421; x_wconf 85' lang='lat' dir='ltr'><strong>Plato</strong></span> <span class='ocrx_word' id='word_1_813' title='bbox 1778 5363 2126 5434; x_wconf 83' lang='lat' dir='ltr'><strong>Tiburtinus)</strong></span> <span class='ocrx_word' id='word_1_814' title='bbox 2157 5371 2524 5419; x_wconf 89' lang='lat' dir='ltr'><strong>constructas.</strong></span> <span class='ocrx_word' id='word_1_815' title='bbox 2560 5358 2883 5418; x_wconf 64' lang='lat' dir='ltr'><strong>Coeianeus</strong></span> <span class='ocrx_word' id='word_1_816' title='bbox 2932 5362 3063 5419; x_wconf 86' lang='lat' dir='ltr'><strong>item</strong></span> <span class='ocrx_word' id='word_1_817' title='bbox 3110 5360 3378 5436; x_wconf 79' lang='lat' dir='ltr'><strong>Eutychio</strong></span> <span class='ocrx_word' id='word_1_818' title='bbox 3404 5355 3524 5423; x_wconf 66' lang='lat' dir='ltr'><strong>eral</strong></span> <span class='ocrx_word' id='word_1_819' title='bbox 3568 5367 3795 5423; x_wconf 82' lang='lat' dir='ltr'><strong>Photius</strong></span> 
     </span>
    </p>
   </div>
   <div class='ocr_carea' id='block_1_59' title="bbox 561 5449 3790 5528">
    <p class='ocr_par' dir='ltr' id='par_1_59' title="bbox 561 5449 3790 5528">
     <span class='ocr_line' id='line_1_59' title="bbox 561 5449 3790 5528; baseline -0.001 -14"><span class='ocrx_word' id='word_1_820' title='bbox 561 5460 1011 5528; x_wconf 76' lang='lat' dir='ltr'><strong>archiepiscopus</strong></span> <span class='ocrx_word' id='word_1_821' title='bbox 1050 5454 1731 5526; x_wconf 86' lang='lat' dir='ltr'><strong>Constantinopolitanus,</strong></span> <span class='ocrx_word' id='word_1_822' title='bbox 1779 5464 1971 5523; x_wconf 78' lang='lat' dir='ltr'><strong>atque,</strong></span> <span class='ocrx_word' id='word_1_823' title='bbox 2018 5453 2095 5507; x_wconf 88' lang='lat' dir='ltr'><strong>uti</strong></span> <span class='ocrx_word' id='word_1_824' title='bbox 2139 5453 2331 5507; x_wconf 87' lang='lat' dir='ltr'><strong>volunt</strong></span> <span class='ocrx_word' id='word_1_825' title='bbox 2388 5449 2581 5521; x_wconf 89' lang='lat' dir='ltr'><strong>aliqui,</strong></span> <span class='ocrx_word' id='word_1_826' title='bbox 2630 5449 3085 5522; x_wconf 83' lang='lat' dir='ltr'><strong>Theopbylactus</strong></span> <span class='ocrx_word' id='word_1_827' title='bbox 3126 5453 3423 5525; x_wconf 65' lang='lat' dir='ltr'><strong>Bulgaria,</strong></span> <span class='ocrx_word' id='word_1_828' title='bbox 3469 5466 3527 5513; x_wconf 85' lang='lat' dir='ltr'><strong>et</strong></span> <span class='ocrx_word' id='word_1_829' title='bbox 3583 5454 3790 5512; x_wconf 76' lang='lat' dir='ltr'><strong>Vitellio</strong></span> 
     </span>
    </p>
   </div>
   <div class='ocr_carea' id='block_1_60' title="bbox 556 5535 3791 5618">
    <p class='ocr_par' dir='ltr' id='par_1_60' title="bbox 556 5535 3791 5618">
     <span class='ocr_line' id='line_1_60' title="bbox 556 5535 3791 5618; baseline -0.002 -13"><span class='ocrx_word' id='word_1_830' title='bbox 556 5546 805 5618; x_wconf 78' lang='lat' dir='ltr'><strong>Opticus.</strong></span> <span class='ocrx_word' id='word_1_831' title='bbox 864 5546 1011 5601; x_wconf 85' lang='lat' dir='ltr'><strong>Libri</strong></span> <span class='ocrx_word' id='word_1_832' title='bbox 1070 5545 1139 5601; x_wconf 90' lang='lat' dir='ltr'><strong>ab</strong></span> <span class='ocrx_word' id='word_1_833' title='bbox 1190 5542 1457 5615; x_wconf 82' lang='lat' dir='ltr'><strong>Eutychio</strong></span> <span class='ocrx_word' id='word_1_834' title='bbox 1517 5544 1705 5611; x_wconf 88' lang='lat' dir='ltr'><strong>scripti</strong></span> <span class='ocrx_word' id='word_1_835' title='bbox 1776 5551 1907 5599; x_wconf 87' lang='lat' dir='ltr'><strong>sunt</strong></span> <span class='ocrx_word' id='word_1_836' title='bbox 1974 5554 2216 5610; x_wconf 86' lang='lat' dir='ltr'><strong>quatuor</strong></span> <span class='ocrx_word' id='word_1_837' title='bbox 2266 5556 2280 5593; x_wconf 91' lang='lat'><strong>:</strong></span> <span class='ocrx_word' id='word_1_838' title='bbox 2330 5536 2486 5594; x_wconf 79' lang='lat' dir='ltr'><strong>Liber</strong></span> <span class='ocrx_word' id='word_1_839' title='bbox 2542 5538 2606 5593; x_wconf 90' lang='lat' dir='ltr'><strong>de</strong></span> <span class='ocrx_word' id='word_1_840' title='bbox 2649 5540 2960 5605; x_wconf 77' lang='lat' dir='ltr'><strong>medicina;</strong></span> <span class='ocrx_word' id='word_1_841' title='bbox 3008 5538 3164 5596; x_wconf 73' lang='lat' dir='ltr'><strong>Liber</strong></span> <span class='ocrx_word' id='word_1_842' title='bbox 3225 5535 3613 5612; x_wconf 77' lang='lat' dir='ltr'><strong>Disputatioitis</strong></span> <span class='ocrx_word' id='word_1_843' title='bbox 3664 5543 3791 5596; x_wconf 78' lang='lat' dir='ltr'><strong>iam</strong></span> 
     </span>
    </p>
   </div>
   <div class='ocr_carea' id='block_1_61' title="bbox 559 5623 3789 5699">
    <p class='ocr_par' dir='ltr' id='par_1_61' title="bbox 559 5623 3789 5699">
     <span class='ocr_line' id='line_1_61' title="bbox 559 5623 3789 5699; baseline -0.001 -13"><span class='ocrx_word' id='word_1_844' title='bbox 559 5635 860 5688; x_wconf 62' lang='lat' dir='ltr'><strong>Itamirum</strong></span> <span class='ocrx_word' id='word_1_845' title='bbox 891 5643 939 5686; x_wconf 84' lang='lat' dir='ltr'><strong>et</strong></span> <span class='ocrx_word' id='word_1_846' title='bbox 973 5632 1355 5696; x_wconf 74' lang='lat' dir='ltr'><strong>Christianum,</strong></span> <span class='ocrx_word' id='word_1_847' title='bbox 1389 5631 1675 5685; x_wconf 83' lang='lat' dir='ltr'><strong>Ordinatio</strong></span> <span class='ocrx_word' id='word_1_848' title='bbox 1703 5637 1796 5684; x_wconf 90' lang='lat' dir='ltr'><strong>aut</strong></span> <span class='ocrx_word' id='word_1_849' title='bbox 1824 5627 2086 5699; x_wconf 82' lang='lat' dir='ltr'><strong>Ordinata</strong></span> <span class='ocrx_word' id='word_1_850' title='bbox 2108 5625 2389 5695; x_wconf 84' lang='lat' dir='ltr'><strong>dispositio</strong></span> <span class='ocrx_word' id='word_1_851' title='bbox 2417 5623 2672 5691; x_wconf 67' lang='lat' dir='ltr'><strong>Gemma,</strong></span> <span class='ocrx_word' id='word_1_852' title='bbox 2717 5642 2814 5681; x_wconf 86' lang='lat' dir='ltr'><strong>seu</strong></span> <span class='ocrx_word' id='word_1_853' title='bbox 2866 5626 3155 5684; x_wconf 86' lang='lat' dir='ltr'><strong>Ordinatio</strong></span> <span class='ocrx_word' id='word_1_854' title='bbox 3184 5640 3282 5693; x_wconf 84' lang='lat' dir='ltr'><strong>aut</strong></span> <span class='ocrx_word' id='word_1_855' title='bbox 3326 5627 3593 5685; x_wconf 85' lang='lat' dir='ltr'><strong>Ordinata</strong></span> <span class='ocrx_word' id='word_1_856' title='bbox 3618 5628 3789 5696; x_wconf 81' lang='lat' dir='ltr'><strong>dispo-</strong></span> 
     </span>
    </p>
   </div>
   <div class='ocr_carea' id='block_1_62' title="bbox 557 5712 3790 5790">
    <p class='ocr_par' dir='ltr' id='par_1_62' title="bbox 557 5712 3790 5790">
     <span class='ocr_line' id='line_1_62' title="bbox 557 5712 3790 5790; baseline -0 -17"><span class='ocrx_word' id='word_1_857' title='bbox 557 5721 679 5773; x_wconf 83' lang='lat' dir='ltr'><strong>sitio</strong></span> <span class='ocrx_word' id='word_1_858' title='bbox 708 5732 797 5773; x_wconf 88' lang='lat' dir='ltr'><strong>aut</strong></span> <span class='ocrx_word' id='word_1_859' title='bbox 827 5719 1118 5789; x_wconf 72' lang='lat' dir='ltr'><strong>Syntagma</strong></span> <span class='ocrx_word' id='word_1_860' title='bbox 1154 5718 1469 5773; x_wconf 75' lang='lat' dir='ltr'><strong>substantia:</strong></span> <span class='ocrx_word' id='word_1_861' title='bbox 1504 5718 1586 5789; x_wconf 90' lang='lat' dir='ltr'><strong>(ut</strong></span> <span class='ocrx_word' id='word_1_862' title='bbox 1613 5716 1817 5787; x_wconf 83' lang='lat' dir='ltr'><strong>pariter</strong></span> <span class='ocrx_word' id='word_1_863' title='bbox 1853 5714 1955 5770; x_wconf 79' lang='lat' dir='ltr'><strong>fert</strong></span> <span class='ocrx_word' id='word_1_864' title='bbox 1989 5731 2090 5771; x_wconf 76' lang='lat' dir='ltr'><strong>vos</strong></span> <span class='ocrx_word' id='word_1_865' title='bbox 2130 5715 2383 5783; x_wconf 80' lang='lat' dir='ltr'><strong>Arabica)</strong></span> <span class='ocrx_word' id='word_1_866' title='bbox 2414 5728 2507 5770; x_wconf 86' lang='lat' dir='ltr'><strong>seu</strong></span> <span class='ocrx_word' id='word_1_867' title='bbox 2551 5712 2846 5785; x_wconf 82' lang='lat' dir='ltr'><strong>Syntagma</strong></span> <span class='ocrx_word' id='word_1_868' title='bbox 2885 5717 3353 5786; x_wconf 79' lang='lat' dir='ltr'><strong>compendiosum;</strong></span> <span class='ocrx_word' id='word_1_869' title='bbox 3391 5721 3547 5790; x_wconf 84' lang='lat' dir='ltr'><strong>quasi</strong></span> <span class='ocrx_word' id='word_1_870' title='bbox 3591 5714 3790 5773; x_wconf 66' lang='lat' dir='ltr'><strong>Medul-</strong></span> 
     </span>
    </p>
   </div>
  </div>
