4070 6152
409 306 520 375 893
1828 312 2016 374 ANN.‘

2066 310 2202 374 LES.
3570 304 3673 369 894

416 422 527 477 fam
581 418 897 486 historicum
938 433 1338 495 nuncupassct.
1379 422 1570 495 Neque
1592 424 1741 480 enim
1776 425 1973 480 eodem
2003 423 2276 482 vocabulo
2310 438 2412 496 pro
2442 438 2658 495 gemma
2705 439 2770 481 ac
2797 422 3112 481 substantia
3137 421 3376 491 (scilicet
3403 416 3669 487 Giaul‘m)

412 508 592 566 solum
624 518 856 565 utuntur
888 509 1128 580 Arabes;
1163 512 1525 568 verumetiam
1572 512 1699 570 ideo
1724 522 1982 577 utuntur,
2007 514 2138 584 quia
2172 522 2230 569 ut
2279 529 2513 584 gemma:
2564 512 2709 569 inter
2755 513 2973 583 reliqua
3018 510 3186 573 bona.
3232 510 3307 564 ita
3351 504 3674 563 substantia:

413 602 561 659 inter
594 589 792 658 cetera
816 600 1240 668 praedicamenta
1271 600 1516 672 dignitas
1538 610 1626 656 est
1660 601 2127 658 eminentissima.
2169 600 2307 657 Nam
2333 602 2463 658 inde
2494 601 2738 657 nominis
2768 601 2885 657 haec
2911 599 3250 662 communio,
3276 603 3337 651 ut
3361 594 3673 665 expressius

413 689 689 748 Averroes
720 689 777 744 in
806 687 1057 757 Epitome
1086 688 1142 743 in
1180 687 1353 745 libros
1384 686 1809 761 Metapliysiccs.
1856 699 2093 746 tractatu
2142 690 2341 760 primo.
2387 688 2629 756 Quartus
2700 690 2841 745 liber
2893 687 3168 762 Eutyclrio
3202 686 3466 747 tributus,
3497 689 3583 738 est
3613 682 3679 735 de

411 781 570 837 rebus
594 775 792 835 Sicilire
825 787 1104 850 postquam
1129 792 1164 832 a
1195 773 1478 837 Saracenis
1526 789 1683 847 capta
1707 789 1808 842 est,
1838 780 1933 851 qui
1960 780 2014 834 in
2044 777 2307 848 Catalogo
2341 777 2697 834 Bibliotheca:
2734 776 3037 833 Orientalis
3090 775 3192 830 viri
3228 769 3677 846 praestantissimi

411 864 644 925 Thema
671 865 917 937 Erpenii,
949 880 1203 920 annexus
1228 879 1354 922 esse
1381 863 1588 922 dicitur
1615 865 1869 923 Historiae
1891 869 2016 937 eius
2040 866 2453 927 ecclesiasticas.
2489 866 2543 921 id
2571 876 2678 928 est.
2716 865 2966 921 Medulla
3012 879 3178 933 quam
3229 862 3472 918 diximus
3507 860 3680 914 histo-

413 957 563 1013 rica.
596 953 887 1012 Librorum
923 968 1069 1023 quos
1119 953 1553 1010 memoravimus
1586 962 1703 1010 tres
1734 956 1952 1026 priores
2002 954 2254 1010 meminit
2286 954 2530 1010 Acbmed
2581 952 2694 1010 Ben
2734 952 2932 1009 Casem
2994 953 3108 1009 ille.
3144 950 3321 1006 Etiam
3365 950 3422 1006 iu
3451 947 3672 1004 illorum

414 1045 607 1108 tertio.
642 1058 740 1100 seu
770 1040 1004 1099 Medulla
1040 1041 1323 1107 historica,
1349 1040 1658 1103 secundum
1692 1049 1963 1098 memorat
2007 1042 2124 1114 ipse
2160 1040 2488 1113 Eutycltius.
2531 1043 2756 1099 Tertius
2784 1052 2969 1097 autem
3014 1039 3260 1096 Annales
3289 1037 3677 1110 complectitur

414 1146 449 1186 a
479 1147 664 1188 rerum
694 1132 920 1197 conditu
954 1146 1129 1201 usque
1160 1130 1214 1187 in
1250 1147 1349 1188 sua
1383 1139 1629 1201 tempora
1668 1131 1975 1194 deductos;
2012 1131 2070 1186 in
2101 1131 2305 1202 quibus
2340 1131 2749 1201 quamplurima
2801 1128 2871 1185 ad
2923 1129 3213 1185 historian:
3275 1139 3393 1181 tum
3455 1138 3675 1182 sacram

418 1228 537 1277 tum
569 1217 857 1291 profanam
886 1219 1178 1274 attinentia
1209 1228 1512 1275 occurrunt
1536 1225 1728 1273 notata
1756 1217 2106 1287 dignissima,
2134 1233 2258 1289 qute
2281 1219 2475 1274 nullibi
2508 1218 2736 1273 omnino
2763 1216 2906 1289 apud
2946 1216 3248 1287 scriptores
3277 1213 3373 1297 qui
3406 1221 3682 1284 prostant,

424 1310 654 1373 aliosve.
691 1322 831 1376 quos
868 1306 1001 1362 mibi
1040 1306 1227 1361 videre
1261 1307 1512 1378 contigit,
1543 1307 1662 1362 sive
1690 1304 1937 1369 Graecos,
1970 1306 2091 1363 sive
2119 1302 2369 1372 Latinos.
2399 1307 2518 1364 sive
2549 1304 2870 1370 Iiebraicos,
2899 1307 3016 1362 sive
3041 1303 3309 1360 Arabicos
3338 1305 3498 1358 lecta.
3529 1300 3680 1357 Cou-

420 1399 613 1469 srripti
648 1408 780 1454 sunt
832 1397 908 1452 illi
941 1397 1006 1451 ad
1041 1393 1111 1452 lsi
1147 1396 1240 1450 Itin
1288 1392 1477 1451 Batrtk
1518 1393 1745 1451 fratrem
1793 1408 1981 1451 suum.
2037 1391 2298 1450 Citantur
2338 1396 2620 1451 multoties
2658 1408 2690 1448 a
2723 1391 2969 1465 Georgio
3017 1391 3303 1449 Eimacino
3332 1392 3387 1445 in
3438 1387 3682 1445 Iltstoria

423 1484 777 1544 Saracenica.
835 1483 901 1538 Et
944 1494 1301 1540 recensentur
1328 1480 1695 1552 proculdubio
1733 1481 1881 1538 inter
1918 1479 2143 1542 codices
2187 1482 2458 1543 Arabicos
2504 1481 2745 1541 Orientis
2793 1498 2884 1540 res
2929 1481 3274 1554 complexos,
3308 1479 3511 1551 quibus
3552 1478 3684 1533 olim

423 1572 777 1631 Guilielmum
810 1572 1289 1642 archiepiscopum
1326 1570 1551 1644 Tyrium
1586 1570 1855 1627 instruxit
1885 1570 2205 1649 Almarieus
2236 1589 2333 1630 res
2357 1571 2916 1646 Hierosolymitanus,
2955 1581 3019 1627 ut
3044 1571 3171 1626 inde
3199 1584 3339 1642 opus
3369 1569 3436 1625 de
3475 1568 3685 1640 princi-

423 1663 591 1736 pibus
620 1660 993 1719 Orientalibus
1023 1660 1354 1727 conﬁceret;
1387 1674 1489 1715 nec
1523 1667 1584 1714 ut
1611 1659 1888 1730 vulgares,
1916 1658 2013 1717 sed
2045 1662 2318 1734 primarii.
2351 1661 2500 1720 Scitis
2547 1660 2697 1733 ﬁlius
2732 1660 2956 1717 Patricii
2986 1668 3043 1716 et
3068 1659 3151 1715 sir
3174 1657 3486 1716 venerabilis
3516 1671 3685 1711 voca-

425 1762 520 1809 tur
550 1752 677 1807 huic
710 1750 908 1823 Tyrio;
944 1763 1045 1806 nec
1071 1748 1204 1805 alibi
1240 1747 1385 1819 apud
1414 1748 1721 1817 scriptores
1766 1746 2000 1817 Eurous
2030 1758 2269 1817 veteres,
2314 1758 2585 1822 quantum
2638 1750 2953 1814 observavi,
3008 1756 3370 1805 memoratur.
3407 1745 3690 1801 Almarico

427 1856 579 1916 rege,
616 1841 793 1913 inquit
822 1839 1048 1912 Tyrius,
1080 1840 1136 1896 in
1169 1841 1395 1913 prologo
1417 1840 1485 1894 ad
1519 1839 1817 1899 Historiam
1844 1878 1861 1903 .
1891 1840 2122 1897 Arabica
2163 1840 2494 1908 sumpturis
2542 1839 2889 1895 ministrante
2931 1836 3441 1903 afiam'historiam,
3477 1852 3512 1890 ο
3556 1845 3691 1891 tem-

421 1948 551 2001 pore
573 1931 865 1987 sedactoris
901 1930 1207 1986 Monumeth
1237 1945 1405 2000 usque
1449 1927 1510 1983 in
1543 1928 1686 1984 hunc
1712 1924 1939 1998 annum,
1979 1930 2075 1999 qui
2117 1937 2199 1986 est
2228 1930 2385 1986 nobis
2432 1928 2500 1983 ab
2530 1928 2909 1985 incarnatione
2935 1926 3152 1984 Domini
3182 1927 3348 1994 “8i,
3380 1940 3477 1995 per
3520 1940 3691 1980 annos

420 2022 736 2093 quingentos
759 2020 1093 2091 septuaginta
1114 2028 1411 2076 canentem
1439 2017 1849 2088 conscripsimus
1866 2031 1888 2073 :
1915 2027 2185 2073 auctorem
2209 2019 2439 2073 maxime
2459 2018 2626 2073 secuti
2651 2018 2823 2073 cirum
2844 2016 3185 2074 csnerobilcm
3209 2014 3355 2073 Ssith
3373 2014 3454 2085 μ.
3489 2012 3694 2069 Potrici

421 2108 848 2171 Alexandrinum
876 2108 1264 2179 patrianham.
1289 2104 1450 2176 Quod
1480 2121 1610 2163 vero
1637 2106 1715 2163 ait
1735 2122 1797 2164 se
1820 2108 2058 2163 maxime
2092 2108 2237 2173 hunc
2266 2118 2519 2165 secutum
2579 2108 2742 2179 plane
2770 2107 3185 2175 intelligendum
3224 2114 3312 2161 est
3343 2102 3411 2159 de
3445 2112 3694 2170 tempore

422 2199 692 2258 duntaxat
721 2213 927 2254 annum
953 2194 1162 2255 Cliiisti
1191 2194 1425 2256 931-seu
1462 2190 1666 2270 begin:
1696 2194 1805 2254 ὃὲϐ
1861 2204 2260 2255 antevertents.
2290 2193 2447 2254 Tunc
2475 2198 2621 2253 enim
2665 2210 2799 2255 suos
2835 2192 3043 2253 claudit
3092 2193 3337 2251 Annales
3386 2190 3693 2265 Eutycbius

422 2288 573 2345 circa
606 2287 887 2343 biennium
921 2295 1044 2358 post
1068 2294 1344 2342 mortuus.

1431 2649 1780 2717 LECTORI
1815 2652 2365 2717 PATROLOGIIE
2401 2654 2723 2719 EDITOR.

2038 2852 2110 2869 ῃ

508 2986 811 3073 Eutychii
845 2989 1055 3073 nostri
1102 2991 1474 3073 periochsm
1515 3011 1595 3057 ex
1631 2994 1774 3073 ejus
1840 2994 2208 3059 Annalibus
2238 2996 2335 3072 (p.
2370 2992 2527 3073 328)
2589 3002 2953 3071 excerptsm
3003 2996 3275 3057 seorsim
3322 3008 3495 3073 anno
3549 2988 3705 3073 1653

426 3066 727 3153 ediderat
749 3066 1033 3153 Joannes
1061 3066 1378 3153 Seldenus
1404 3116 1421 3147 ,
1451 3089 1598 3135 cum
1630 3066 2519 3153 magnocommentariorum'
2550 3066 2883 3152 apparatu,
2929 3074 3278 3153 subgtitulo
3323 3097 3339 3135 :
3398 3069 3705 3153 Eutycht't'

428 3145 764 3232 ﬁgyptit',
806 3152 1204 3232 patriarcha
1246 3145 1769 3232 orthodoxam";
1798 3151 2414 3217 Alexandrini.......
2477 3145 2779 3215 Ecclesia
2847 3145 2978 3214 suo;
3032 3150 3354 3232 Origines.
3436 3145 3696 3232 Seldepi

430 3227 667 3313 placita
728 3230 1458 3313 de_t)rdinehhieratico
1516 3231 1903 3295 confulanda
1962 3234 2027 3297 in
2091 3250 2162 3296 se
2208 3232 2496 3313 suscepit
2566 3237 2750 3296 Pater
2801 3227 3700 3313 Abraham'Ecltellensis__in

428 3321 554 3393 suo
578 3306 924 3393 _E_utycltt'o
976 3308 1618 3393 oiqdicatotltomm
1684 3328 1856 3374 anno
1898 3314 2045 3376 1661
2112 3312 2284 3393 typis
2329 3306 2751 3393 S.'Cortgreg.
2780 3314 2861 3374 de
2894 3311 3304 3393 propaganda
3350 3306 3472 3393 fide
3504 3309 3703 3373 edito.

434 3386 880 3471 i‘rmfatiouem
909 3390 1138 3471 operis
1162 3389 1534 3471 recudimus
1568 3390 1633 3450 in
1669 3408 1793 3468 qua
1830 3395 2013 3454 Pater
2045 3386 2363 3455 Abraham
2418 3386 2788 3471 periochim
2841 3386 3133 3471 eamdem
3185 3407 3349 3455 nova
3380 3391 3703 3471 interpre-

437 3464 680 3552 tatione
709 3464 1008 3552 donatam
1041 3468 1332 3552 esliibet,
1369 3477 1437 3529 ut
1473 3464 1828 3552 _m_onslrct,
1863 3471 2251 3552 Eutychium
2287 3464 2432 3533 non"
2454 3471 2811 3544 lubentem,
2837 3470 2948 3533 sed
2984 3469 3258 3533 invitum
3289 3488 3361 3534 ac
3392 3470 3709 3533 reluctan-

437 3549 562 3607 tem
598 3561 716 3625 per
744 3563 817 3609 os
856 3547 1109 3608 Seldeni
1151 3547 1435 3609 locutum
1468 3544 1694 3610 fuisse.

1262 3926 1719 3993 ABRAHAMI
1770 3926 2369 3994 ECHELLENSIS
2426 3930 2908 3996 PREFATIO.

511 4098 783 4154 Docuetat
811 4098 943 4155 olim
974 4100 1195 4166 Acrius,
1234 4102 1315 4157 uti
1358 4101 1525 4159 refert
1555 4102 1617 4157 D.
1650 4105 2012 4176 Augustinus,
2059 4106 2425 4180 Epiphanius,
2478 4109 2671 4173 Patres
2715 4109 2833 4177 alii,
2877 4119 2934 4167 et
2980 4111 3335 4170 ecclesiastici
3374 4115 3697 4187 scriptores,

440 4191 820 4262 presbyterum
858 4198 913 4246 et
946 4192 1265 4267 episcopum
1304 4197 1455 4267 paris
1483 4208 1608 4250 esse
1652 4195 1889 4261 ordinis,
1937 4196 2226 4266 dignitatis
2260 4206 2426 4268 atque
2473 4201 2787 4265 potestatis.
2838 4198 3176 4256 Seutentiam
3224 4202 3367 4258 banc
3412 4219 3699 4263 sacrorum

438 4279 798 4334 conciliorum
830 4279 1145 4333 damnatam
1176 4280 1414 4335 decretis
1434 4319 1449 4344 ,
1480 4290 1800 4337 sanctorum
1840 4281 2062 4339 Patrum
2094 4285 2149 4341 in
2182 4292 2388 4341 tartara
2438 4286 2723 4349 detrusam
2752 4289 3106 4355 auctoritate,
3154 4303 3220 4347 ac
3255 4294 3453 4350 merita
3481 4294 3703 4351 demum

442 4364 721 4421 oblivione
751 4367 1053 4435 sepultam,
1086 4366 1353 4435 infausto,
1387 4369 1576 4424 nescio
1606 4385 1720 4451 quo
1744 4370 2016 4438 carmine,
2043 4387 2272 4431 avorum
2306 4384 2626 4431 nostrorum
2661 4377 2928 4433 memoria
2953 4379 3006 4431 in
3039 4380 3356 4435 mortalium
3386 4380 3514 4438 inde
3546 4398 3703 4440 revo-

440 4463 639 4508 carunt
678 4454 853 4510 lucem
887 4451 1164 4512 Lutberus
1196 4464 1250 4510 et
1285 4457 1569 4525 Calvinus;
1603 4473 1840 4530 eamque
1872 4460 2136 4534 deinceps
2165 4473 2258 4518 aut
2288 4478 2392 4520 suo
2428 4461 2685 4520 foverunt
2738 4465 2863 4521 sinu
2890 4507 2905 4529 .
2944 4476 3039 4523 aut
3069 4470 3189 4525 suis
3222 4469 3513 4540 perediose
3546 4473 3704 4534 refri.

442 4554 680 4598 ruerunt
708 4542 933 4613 scriptis
966 4543 1041 4598 illi
1075 4544 1172 4616 qui
1222 4546 1276 4600 in
1310 4546 1559 4616 ipsorum
1587 4546 1848 4617 jurarunt
1885 4549 2072 4605 \crba.
2108 4553 2308 4609 Acrius
2362 4561 2547 4609 tamen
2591 4568 2656 4608 ac
2696 4553 3042 4611 virulentiori
3084 4557 3300 4612 calamo
3344 4560 3701 4628 quaestionem

437 4637 734 4704 exagitavit
764 4635 907 4693 banc
938 4651 1113 4708 nuper
1145 4638 1406 4695 Claudius
1438 4639 1767 4705 Salmasius.
1821 4641 2170 4714 pra-cipitata:
2223 4639 2550 4697 eruditionis
2578 4642 2741 4713 homo
2769 4632 3072 4702 Calviuista
3100 4684 3118 4708 ,
3160 4646 3217 4701 in
3244 4662 3412 4716 opere
3443 4647 3591 4718 quod
3625 4648 3703 4703 De

442 4725 961 4795 [enoretrspsaltico
1010 4726 1390 4796 inscripscrat.
1427 4726 1847 4800 Quamprimum
1898 4737 2009 4784 tam
2044 4728 2352 4786 detestabili
2407 4744 2472 4785 ac
2522 4731 2847 4801 perniciosa:
2879 4734 3022 4806 pesti
3072 4748 3139 4790 ex
3177 4734 3413 4791 adverso
3458 4739 3704 4793 occurrit

440 4810 803 4869 doctissimus
835 4811 1134 4883 Dionysius
1165 4813 1447 4882 Petavius,
1478 4830 1546 4871 es
1572 4831 1731 4873 sacra
1765 4816 2061 4873 Societatis
2094 4814 2224 4873 Jesu
2259 4817 2544 4889 religione,
2559 4833 2725 4890 opere
2757 4820 3022 4893 inscripto
3048 4838 3063 4876 :
3096 4820 3506 4878 Dissertatioan
3533 4827 3700 4878 eccle-

442 4899 676 4956 ιὲωἱτω
707 4900 773 4955 de
798 4902 1167 4972 episcoporum
1205 4904 1462 4975 dignitate
1496 4914 1545 4960 et
1575 4905 1993 4977 iurisdictione;
2019 4920 2083 4962 ac
2118 4906 2316 4962 malam
2353 4906 2585 4962 bestiam
2617 4920 2705 4973 eo,
2744 4907 2888 4964 unde
2917 4896 3202 4981 prodierat
3225 4949 3242 4975 ,
3274 4914 3560 4966 retrudere
3596 4916 3699 4967 ob.

445 4990 597 5047 uisus
628 5002 714 5048 est
744 5001 1037 5049 veteranus
1074 5009 1136 5049 ac
1164 4994 1471 5051 acerrimus
1502 4996 1628 5052 fidei
1676 4995 1965 5052 catholica:
1998 5004 2395 5067 pr0puguator.

485 5105 594 5163 'Ad
633 5114 847 5162 tantum
880 5121 1159 5163 rumorem
1211 5124 1277 5165 ac
1316 5110 1639 5181 quastiouis
1676 5110 2113 5166 recrudescentis
2142 5108 2345 5164 famam
2377 5123 2440 5162 ex
2473 5108 2662 5162 ultima
2694 5108 2917 5164 excitus
2937 5106 3220 5166 Britannia
3244 5106 3486 5167 Joannes
3509 5109 3697 5166 Selde-

448 5209 553 5251 ttua
583 5208 651 5248 eo
681 5194 923 5251 accurrit
952 5211 1111 5267 opem
1146 5196 1330 5253 ferens
1360 5211 1678 5269 symmysta:
1706 5213 1771 5251 ac
1807 5199 2104 5267 suppetias.
2139 5196 2594 5252 Animadverteus
2624 5210 2754 5252 vero
2788 5211 2920 5253 suas
2951 5196 3269 5269 sodalisque
3302 5198 3509 5269 copias
3538 5196 3701 5253 Occi-

445 5284 694 5341 dentales
715 5283 877 5357 longe
909 5292 963 5341 et
995 5300 1229 5342 numero
1256 5294 1313 5342 et
1343 5288 1554 5342 viribus
1585 5287 1822 5357 impares
1856 5301 2002 5352 esse,
2033 5284 2363 5358 Eutycbium
2395 5283 2765 5354 patriarcliam
2818 5283 3248 5342 Alexandrinum
3268 5324 3287 5349 .
3320 5301 3419 5341 ceu
3469 5285 3695 5343 militem

446 5373 805 5438 auxiliarem.
835 5380 893 5428 et
931 5373 1180 5430 Arabicis
1214 5376 1543 5430 instructum
1579 5376 1746 5429 armis
1778 5375 1844 5428 ad
1883 5378 2023 5431 hanc
2057 5386 2292 5445 pugnam
2328 5371 2397 5431 ab
2437 5372 2556 5442 ipso
2589 5370 2813 5427 Oriente
2867 5386 2972 5429 suo
2997 5373 3269 5429 c'ouduxit
3307 5388 3437 5428 are.
3496 5371 3695 5443 Operis

450 5461 705 5517 vexillum
741 5461 844 5515 hoc
869 5464 1128 5530 specioso
1148 5465 1437 5518 exornavit
1468 5458 1629 5519 titulo
1656 5462 1937 5533 πείρινεήἱὲ
1958 5459 2202 5533 ιερυριϋ
2223 5461 2548 5529 patriarcha!
2575 5460 2993 5516 ortltodoxorurn
3017 5460 3396 5524 Alexandrini,
3416 5461 3694 5531 scriptoris

448 5557 508 5605 ιιι
538 5550 593 5603 in
626 5545 845 5604 Oriente
873 5550 1159 5604 admodum
1196 5554 1385 5606 uetusti
1418 5568 1479 5605 ac
1511 5552 1756 5611 illustris.
1787 5554 1864 5605 ita
1894 5552 1947 5605 in
1980 5547 2255 5604 Occidente
2286 5559 2394 5601 tum
2426 5548 2766 5618 paucissimis
2794 5549 2888 5602 sisi
2908 5587 2927 5613 ,
2960 5557 3070 5602 tum
3100 5565 3319 5619 perraro
3347 5550 3545 5615 auditi,
3591 5547 3696 5605 Ec-

458 5638 639 5693 clesia:
667 5653 778 5693 stuc
811 5636 1080 5711 Origines.
1110 5640 1404 5694 Auctorem
1440 5654 1607 5709 porro
1633 5654 1695 5693 cx
1723 5641 1985 5709 dignitate
2007 5676 2024 5702 ,
2051 5640 2397 5711 antiquitate,
2426 5641 2622 5711 patria,
2670 5641 2897 5696 raritate
2929 5640 3134 5711 operis,
3169 5650 3222 5696 et
3254 5642 3650 5713 exemplarium
3677 5680 3694 5703 ,

455 5726 715 5792 materia,
747 5739 857 5797 qua
894 5728 963 5783 de
991 5727 1195 5798 agitur,
1225 5728 1499 5793 claritate,
1534 5728 1768 5797 aliisque
1797 5727 2140 5783 ornamentis
2170 5727 2251 5783 sic
2274 5726 2418 5797 apud
2452 5742 2583 5783 suos
2623 5728 2853 5785 lectores
2887 5729 2942 5783 iu
2976 5744 3072 5784 sua
3108 5731 3457 5785 commendat
3491 5728 3693 5800 prafe-

457 5818 604 5873 tione
634 5830 649 5871 :
687 5813 816 5871 lam
844 5830 983 5887 vero,
1019 5814 1215 5887 inquit,
1246 5831 1366 5871 cum
1399 5818 1463 5874 ds
1497 5817 1698 5871 ordinis
1725 5816 2038 5871 hieran-[tiri
2070 5815 2121 5868 in
2150 5813 2385 5870 Ecclesia
2422 5815 2814 5878 Alexandrina.
2848 5816 2903 5871 id
2944 5827 3018 5871 est
3051 5816 3113 5871 de
3146 5816 3593 5878 presbyterorum.
3644 5825 3695 5872 st
