4068 6160
401 312 506 374 805
1418 308 1786 372 EUTYCHII
1816 303 2353 367 ALEXANDRINI
2395 301 2614 363 PATR.
3574 292 3684 354 896

405 426 773 492 epist-operuit:
820 424 979 476 etiam
1011 433 1059 477 et
1099 425 1451 493 deipsissimo
1479 427 1593 487 hoc,
1632 439 1781 495 quem
1816 430 2073 476 memorat
2118 418 2473 487 Hieronymus
2528 431 2671 469 more
2712 412 3070 469 testimonium
3126 409 3299 495 multo
3354 405 3678 495 lutulentius

410 511 847 579 explicatiusque,
888 513 1112 563 habetur
1152 492 1292 581 apud
1324 515 1628 582 scriptorem
1644 492 1790 563 satis
1820 518 2116 569 vetustum,
2152 506 2472 564 Arabicunt,
2506 502 2817 572 [Egyptium
2843 544 2855 563 ,
2891 512 3112 565 euntque
3146 492 3382 565 ejusdem
3422 492 3677 547 Ecclesia:

405 599 768 667 patriarcham
801 600 1222 653 orthodoxorum
1266 602 1411 669 (nam
1444 603 1584 655 alius
1636 608 1754 653 erat
1803 597 1873 652 ibi
1909 611 2015 650 non
2055 608 2180 647 raro
2215 591 2609 658 Jacobitarum)
2643 604 2736 642 nec
2766 590 2890 640 dum
2923 588 3057 656 typis
3093 584 3313 643 editum.
3344 584 3401 635 ἐι
3449 597 3677 650 perpau-

406 689 657 750 cissimis,
692 688 795 740 nisi
825 688 991 756 [allor
1021 690 1267 751 nimium,
1301 699 1391 741 aut
1426 690 1614 742 lectum
1646 696 1738 739 aut
1770 687 1961 738 risum.

490 802 754 871 Equidem
784 816 846 856 ex
878 812 985 857 tam
1020 802 1229 859 fastos»
1272 805 1452 864 titulo.
1485 820 1549 857 ex
1592 812 1701 856 tam
1745 800 2121 855 immoderatis
2162 796 2437 859 laudibus,
2471 805 2635 866 atque
2687 794 2994 864 praeconiis,
3027 791 3354 861 tandemque
3400 808 3467 845 ex
3523 799 3676 845 tanta

421 905 601 957 operis
635 899 687 943 ct
727 891 1119 959 exeinplarinm
1156 894 1379 946 raritate
1410 891 1613 959 aliquid
1649 890 1822 944 multo
1857 886 2079 956 majoris
2112 885 2366 955 ponderis
2401 892 2455 937 et
2489 883 2750 938 momenti
2801 882 2944 951 apud
2995 894 3082 935 me
3112 893 3476 949 conceperam
3508 877 3676 945 olim,

420 977 546 1028 dum
580 978 650 1030 de
686 978 837 1031 hisce
866 975 1183 1047 Originibus
1217 995 1304 1033 me
1341 994 1435 1047 per
1471 979 1681 1033 litteras
1710 977 1987 1031 consuluit
2026 974 2109 1028 vir
2137 973 2512 1031 doctissimus.
2544 982 2600 1026 et
2627 971 2695 1025 de
2721 969 2993 1023 catholica
3029 967 3279 1023 Eetzlesia
3318 967 3527 1037 optime
3557 980 3677 1021 tne-

421 1067 558 1119 ritus
588 1064 911 1120 Bartboldus
940 1064 1238 1132 Niliusius;
1274 1082 1373 1119 nec
1414 1066 1571 1121 aliter
1608 1065 1740 1119 mihi
1779 1065 1831 1118 in
1861 1064 1965 1117 hoc
1991 1061 2214 1127 accidit,
2252 1075 2415 1129 quam
2449 1059 2526 1115 illi
2558 1060 2652 1128 qui
2693 1073 2761 1112 ex
2791 1056 2999 1111 bullato
3034 1056 3258 1110 nomine
3297 1054 3673 1110 cbammleon-

414 1164 521 1206 tem
553 1154 729 1207 adhuc
763 1153 863 1208 sibi
900 1169 1004 1206 non
1042 1154 1220 1207 visum
1254 1154 1545 1223 elephanto
1579 1152 1739 1221 longe
1774 1153 1916 1204 mole
1948 1150 2300 1219 grandiorem
2333 1149 2787 1208 existimaverat;
2822 1153 2914 1198 aut
2949 1144 3046 1206 illi,
3070 1144 3165 1214 qui
3190 1158 3254 1199 ex
3283 1158 3420 1198 voce
3454 1144 3670 1199 asinum

414 1250 468 1294 et
506 1240 774 1296 cicadam.
838 1242 1319 1297 Verutnenimvero
1352 1256 1478 1295 eum
1504 1242 1625 1310 ejus
1661 1241 1850 1309 operis
1877 1238 2009 1291 milii
2050 1238 2203 1307 copia
2237 1235 2376 1291 facta
2415 1245 2565 1291 esset
2596 1244 2724 1289 ante
2754 1248 2973 1289 menses
3000 1232 3229 1302 aliquot,
3263 1231 3530 1287 continuo
3556 1239 3670 1285 tota

416 1330 578 1385 desiit
618 1329 947 1396 admiratio;
985 1332 1094 1383 imo
1147 1331 1442 1400 plurimum
1477 1329 1784 1383 admiratus
1816 1343 1937 1383 sum
1971 1324 2123 1380 tituli
2164 1326 2460 1379 vanitatem
2496 1323 2947 1391 futilitatemquc,
2984 1334 3109 1375 cum
3148 1317 3391 1374 viderem
3424 1324 3534 1371 tam
3566 1317 3679 1372 vile

418 1419 774 1486 pliarmaeum
812 1434 873 1473 ac
906 1418 1152 1487 vulgare,
1201 1418 1560 1484 omniumque
1591 1418 1779 1470 tritum
1819 1415 2095 1476 manibus,
2124 1414 2293 1468 tantis
2323 1412 2485 1467 vendi
2529 1412 2583 1466 in
2622 1410 2980 1466 Calvinistico
3024 1407 3142 1463 foro
3187 1405 3678 1463 vociferationibus

415 1506 874 1576 Quandoquidem
911 1507 1222 1562 Chronieon
1279 1500 1723 1577 illudEutycbii,
1754 1496 1973 1572 exque
2018 1500 2335 1572 periocham
2381 1500 2525 1554 hanc
2565 1498 2632 1554 de
2668 1496 2929 1553 Ecclesiae
2959 1495 3342 1552 Alexandrina:
3374 1494 3688 1566 originibus

414 1596 711 1666 excerpsit,
752 1610 846 1651 seu
886 1596 1069 1665 potius
1098 1593 1332 1648 extorsit
1368 1591 1663 1658 Seldenus,
1702 1591 1869 1646 nullis
1899 1590 2013 1644 fere
2040 1604 2147 1645 non
2194 1595 2377 1644 exstat
2403 1587 2461 1641 in
2488 1585 2882 1641 eclebrioribus
2914 1593 3009 1639 aut
3029 1582 3218 1648 Italite,
3256 1591 3351 1638 aut
3379 1582 3568 1639 Gallia!
3598 1581 3687 1638 bi-

417 1683 741 1739 bliothecis:
779 1684 1005 1746 nemini,
1037 1682 1129 1752 qui
1170 1682 1435 1737 Arabicas
1463 1680 1677 1734 litteras
1706 1678 1787 1733 vel
1823 1677 2159 1749 primoribus
2188 1675 2499 1745 degustavit
2525 1674 2705 1737 labiis,
2741 1674 2934 1727 tritum
2966 1686 3075 1727 non
3107 1680 3211 1737 est,
3240 1672 3442 1728 nedum
3474 1669 3683 1740 duplici

418 1770 753 1839 superlativo
801 1769 1229 1840 perpaucissimis
1283 1780 1373 1823 aut
1437 1769 1626 1833 visum,
1668 1778 1760 1821 aut
1825 1766 2047 1830 lectum,
2081 1777 2139 1820 ut
2188 1765 2303 1820 suis
2356 1762 2789 1832 protestantibus
2846 1762 3093 1816 venditat
3146 1760 3325 1816 bonus
3387 1762 3686 1817 Seldenus.

417 1860 499 1913 Ad
533 1874 646 1914 rem
682 1869 860 1914 autem
922 1860 1096 1929 ipsam
1150 1856 1299 1928 quod
1360 1856 1580 1920 attinet,
1612 1854 1867 1927 Eutycliii
1901 1855 2042 1909 lianc
2070 1854 2383 1923 periocham
2423 1867 2547 1906 cum
2582 1850 2801 1906 Seldeni
2849 1849 3106 1906 versione
3153 1860 3209 1905 ct
3265 1857 3681 1916 commentariis

420 1947 608 2002 statim
653 1956 816 2016 atque
848 1948 1115 2016 percurri,
1144 1944 1385 2001 hominis
1412 1944 1715 1999 admiratus
1748 1958 1869 1999 sum
1903 1943 2253 2008 modestiam,
2288 1940 2383 1996 sed
2416 1954 2601 2011 parem
2633 1940 2686 1994 in
2731 1941 2825 1995 illo
2850 1940 3157 1996 desideravi
3194 1939 3377 1997 ﬁdem.
3409 1941 3678 2009 Quando-

418 2034 639 2103 quidem
675 2051 789 2091 sua:
825 2037 1082 2091 factionis
1112 2044 1168 2089 et
1206 2035 1442 2104 partium
1476 2034 1736 2102 abreptus
1772 2033 1971 2088 studiis
2016 2031 2343 2103 Eutycltium
2394 2044 2504 2084 non
2554 2029 2834 2084 lubentem
2862 2068 2879 2094 ,
2917 2028 3014 2084 sed
3046 2029 3309 2093 invitum,
3353 2044 3420 2085 ac
3452 2032 3689 2089 nimium

422 2125 777 2179 reluctantem
811 2125 862 2179 in
892 2141 1118 2182 suorum
1152 2124 1416 2180 conduxit
1448 2131 1652 2187 castra,
1686 2132 1741 2178 et
1769 2124 1872 2177 sub
1902 2119 2184 2177 modestia!
2209 2118 2553 2174 ornamentis
2581 2116 2928 2172 mortiferum
2957 2116 3247 2172 miscuisse
3275 2118 3492 2174 videtur
3522 2134 3690 2175 vene-

423 2229 573 2266 num.
603 2212 737 2273 litin,
762 2213 805 2266 si
844 2214 1081 2282 peuittus
1112 2211 1555 2283 perspiciendum
1584 2220 1688 2276 est,
1719 2224 2065 2279 nequaquam
2098 2206 2428 2277 Eutychiqu
2454 2206 2909 2271 Alexandrinum,
2937 2206 3032 2260 sed
3067 2214 3421 2276 personatum
3453 2209 3688 2279 Anglum

421 2302 524 2355 sub
564 2298 811 2371 Eutychii
843 2304 1063 2356 nomine
1096 2313 1149 2357 et
1190 2302 1339 2356 larva
1381 2301 1433 2354 in
1483 2316 1703 2357 scenam
1750 2298 2106 2368 prodeuntem
2160 2297 2487 2364 comperies.
2539 2295 2754 2349 Etenim
2811 2296 3119 2365 prmcipuos
3159 2294 3333 2362 locos,
3382 2311 3449 2352 ex
3485 2299 3688 2367 quibus

421 2391 809 2443 controversize
841 2390 1005 2459 hujus
1038 2389 1238 2461 pendet
1266 2400 1624 2454 momentum,
1657 2397 1751 2441 aut
1780 2389 2034 2442 versione
2064 2383 2392 2440 adulteravit
2417 2381 2710 2449 Seldcnus,
2745 2393 2841 2437 aut
2878 2384 3298 2439 commentariis
3328 2398 3515 2440 verum
3563 2401 3690 2443 sen-

421 2492 540 2530 sum
573 2489 628 2530 et
663 2479 840 2531 lucem
875 2480 953 2532 eis
982 2482 1195 2548 eripere
1229 2485 1462 2533 conatus
1489 2487 1594 2533 est.
1624 2478 1797 2542 Quam
1822 2477 2043 2546 quidem
2075 2471 2391 2545 periocbam
2416 2471 2496 2524 sic
2520 2472 2588 2524 ab
2611 2486 2676 2525 eo
2705 2480 3021 2541 corruptam
3051 2484 3107 2526 et
3141 2472 3409 2536 vitiatam,
3437 2470 3689 2545 Eutychii

422 2564 662 2635 Afgyptii
704 2569 1025 2633 patriarcha:
1071 2568 1486 2621 orthodoxorum
1531 2565 1908 2629 Alexandrini,
1958 2574 2090 2631 etc.,
2128 2563 2382 2618 Ecclesia:
2445 2580 2557 2618 sua:
2614 2561 2880 2634 Origines,
2920 2563 3194 2633 appellare
3249 2568 3302 2622 ei
3338 2567 3582 2638 placuit,
3617 2564 3688 2619 ad

423 2654 729 2720 captandas
762 2656 814 2708 in
854 2654 973 2725 ipso
1008 2657 1239 2711 exordio
1270 2657 1535 2710 lectorum
1567 2655 1806 2719 animos,
1855 2654 2013 2725 quasi
2068 2668 2198 2709 vero
2233 2650 2539 2722 Eutycbins
2568 2659 2859 2706 tractatum
2900 2651 3132 2721 aliquem
3169 2652 3463 2723 insignem,
3496 2669 3561 2710 ae
3592 2670 3690 2724 pe-

423 2746 709 2808 culiarem,
744 2755 797 2799 et
825 2760 892 2797 ex
929 2745 1178 2814 professo
1204 2761 1267 2799 ea
1295 2746 1361 2799 de
1396 2745 1621 2799 materia
1646 2745 1986 2811 scripsisset,
2018 2759 2142 2799 cum
2176 2758 2298 2799 eam
2327 2744 2487 2813 quasi
2513 2741 2835 2813 praeteriens
2860 2741 3101 2811 tetigerit
3130 2744 3530 2799 tantummodo.
3554 2743 3689 2809 Quae

426 2836 604 2887 omnia
645 2833 887 2901 proiecto
913 2834 1030 2887 sine.
1067 2834 1353 2889 stomacho
1385 2848 1545 2886 nemo
1572 2834 1819 2887 veritatis
1848 2832 2152 2897 studiosus,
2194 2842 2247 2887 et
2284 2832 2619 2901 linguarum,
2649 2846 2715 2886 ac
2744 2845 2926 2885 rerum
2958 2829 3391 2902 dogmatumque
3428 2832 3688 2887 Orienta-

425 2923 556 2976 lium
592 2927 800 2990 peritus
830 2937 1155 2991 percurrere
1186 2929 1388 2991 potest.
1421 2920 1559 2974 Hinc
1592 2922 1799 2990 patriai,
1845 2922 2108 2988 muneris,
2139 2922 2297 2977 avitae
2329 2921 2637 2991 religionis,
2686 2918 2781 2973 sed
2811 2918 3057 2974 veritatis
3093 2920 3440 2989 potissimum
3475 2921 3686 2976 inducti

427 3012 639 3064 ratione
670 3020 722 3062 et
756 3011 1011 3074 stimulis,
1061 3011 1274 3080 singula
1303 3010 1573 3063 catholica
1605 3008 1732 3073 ﬁde,
1780 3024 1974 3078 nempe
2003 3009 2379 3065 sincerissime
2408 3012 2528 3064 sine
2557 3008 2706 3074 fuco,
2738 3008 2858 3062 sine
2898 3007 3086 3073 larvis,
3114 3008 3236 3065 sine
3258 3009 3686 3073 adulteratione,

426 3098 546 3151 sine
582 3098 923 3151 mutilatione
964 3100 1377 3161 auctoritatum,
1409 3106 1503 3151 aut
1546 3097 1901 3167 corruptione
1929 3098 2245 3151 examinare
2271 3098 2640 3152 decrevimus.
2669 3096 2726 3149 In
2756 3110 2868 3164 quo
2895 3096 3118 3165 quidem
3162 3094 3474 3165 praestando
3503 3096 3687 3165 lydius

426 3186 565 3255 lapis
594 3186 750 3241 nobis
785 3187 887 3239 erit
926 3188 1101 3256 ipsum
1137 3184 1386 3257 Eutychii
1422 3185 1762 3251 Cbrouicon,
1798 3186 2078 3254 ipsissima
2105 3188 2383 3257 periocha,
2418 3189 2807 3258 antiquissima
2847 3187 3108 3243 Ecclesiae
3151 3188 3538 3244 Alexandrina:
3567 3206 3688 3245 mo-

429 3286 709 3342 numenta,
737 3279 1080 3344 aliorumque
1112 3276 1473 3332 Orientalium
1507 3279 1679 3332 mirus
1707 3292 2034 3333 consensus.
2083 3274 2513 3330 Observabimus
2563 3283 2825 3345 presteres
2857 3275 3133 3346 imprimis
3164 3275 3303 3333 illud
3330 3278 3457 3333 Auli
3511 3276 3683 3335 Persii

425 3362 633 3431 Flacci,
664 3365 811 3436 quod
848 3382 947 3436 pro
976 3366 1234 3421 lemmate
1269 3368 1354 3422 sui
1395 3368 1583 3437 operis
1610 3366 1780 3420 fronti
1810 3380 1874 3419 ac
1916 3363 2092 3418 limini
2125 3363 2292 3420 atlixit
2322 3364 2905 3433 Seldenus,._nimirum

1946 3497 2068 3552 Non
2109 3496 2746 3565 siquidturbidaRoma

1340 3570 1540 3633 Elevet,
1571 3572 1815 3632 accedas,
1845 3585 2127 3623 exatttenve
2158 3567 2393 3629 improba
2430 3570 2482 3621 in
2523 3569 2619 3622 illa

1333 3640 2733 3711 Castigcstrutina..................

427 3774 568 3839 Non,
604 3789 710 3828 non
740 3774 1090 3840 accedemus,
1120 3772 1374 3839 Seldene,
1406 3774 1652 3831 Romana
1686 3773 1965 3829 defensuri
1996 3774 2145 3839 vitia,
2180 3772 2276 3829 sed
2302 3774 2484 3836 tidem,
2517 3791 2639 3845 quae
2672 3776 2823 3828 omni
2864 3775 3038 3831 caruit
3072 3783 3234 3847 atque
3270 3788 3419 3833 caret
3460 3778 3616 3841 vitio,
3652 3792 3684 3833 a

425 3865 596 3927 vitiis,
625 3878 746 3934 qua:
781 3862 856 3918 illi
909 3862 1205 3919 falsissime
1243 3880 1369 3918 eum
1408 3864 1517 3919 tuis
1562 3864 1801 3932 imponis
1857 3862 2164 3926 sodalibus,
2194 3861 2539 3915 vindicaturi.
2580 3863 2713 3917 Eam
2750 3879 2942 3932 nempe
2983 3863 3140 3918 [idem
3186 3865 3253 3920 de
3293 3881 3401 3934 qua
3446 3865 3510 3919 ad
3543 3868 3688 3935 ipsos

428 3951 704 4006 [loniauos
732 3952 813 4004 sic
847 3951 1145 4018 Apostolus
1176 3967 1189 4002 :
1218 3949 1461 4004 Primum
1492 3950 1702 4022 quidem
1733 3950 1935 4022 gratias
1969 3965 2069 4019 ago
2102 3949 2209 4003 Deo
2252 3967 2363 4003 meo
2412 3964 2506 4017 per
2547 3950 2730 4005 Iesum
2777 3948 3049 4005 Christum
3086 3968 3179 4021 pro
3213 3955 3453 4007 omnibus
3500 3954 3640 4011 vobis
3664 3994 3681 4020 ,

427 4040 551 4111 quia
582 4038 712 4108 ﬁdes
742 4049 909 4092 vestra
948 4040 1301 4091 annuntiatur
1331 4041 1386 4091 in
1422 4041 1663 4093 uniuerso
1693 4040 1909 4093 mutulo.

499 4151 581 4205 An
607 4151 758 4205 dices
787 4151 1037 4214 forsitan,
1074 4152 1215 4205 bane
1249 4150 1409 4206 iidem
1447 4160 1713 4207 mutatam
1749 4152 1909 4206 csso?
1952 4150 2057 4205 Sed
2096 4149 2155 4202 υ.
2190 4148 2556 4222 Hieronymus
2603 4152 2800 4207 mutari
2849 4166 2957 4205 non
2996 4167 3156 4221 posse
3189 4152 3283 4206 lib.
3335 4170 3396 4209 ιιι
3449 4155 3682 4225 Apolog.

430 4252 620 4296 contra
658 4239 915 4293 ﬂulinum
974 4240 1245 4295 ailirtnat:
1285 4241 1454 4307 Scito,
1488 4243 1684 4311 inquit,
1720 4240 2018 4295 Romanam
2052 4239 2209 4306 ﬁdem
2253 4242 2550 4307 apostolica
2598 4254 2720 4293 voce
2767 4242 3044 4295 laudatam
3089 4242 3353 4310 ejusmodi
3384 4248 3683 4313 praestigiis

431 4346 532 4383 non
563 4330 817 4396 accipere.
863 4328 1093 4381 [Etiamsi
1134 4328 1350 4397 angelus
1382 4329 1593 4399 (quidni
1632 4333 1676 4383 si
1709 4328 1957 4397 Anglus?
1988 4328 2167 4396 )alitcr
2214 4330 2511 4387 annuntiat,
2556 4345 2717 4400 quam
2766 4330 2923 4384 semel
2973 4331 3320 4397 prwdicatum
3373 4342 3471 4390 est.
3523 4333 3684 4389 Pauli

433 4420 748 4470 auctoritate
802 4418 1055 4471 munitam
1124 4434 1227 4470 non
1291 4434 1444 4486 posse
1499 4420 1713 4472 mutari.
1766 4416 1829 4471 Et
1862 4427 1987 4471 ante
2020 4414 2440 4488 Hieronymum,
2482 4418 2544 4472 ι).
2580 4416 2891 4489 Cyprianus
2924 4418 3021 4473 lib.
3062 4437 3099 4483 t,
3132 4422 3291 4491 epist.
3328 4420 3384 4486 3,
3413 4418 3680 4477 Romanos

430 4517 561 4563 esse,
608 4500 801 4567 inquit,
838 4501 907 4554 ad
940 4518 1065 4568 quos
1096 4501 1319 4568 perﬁdia
1348 4502 1535 4554 habere
1572 4518 1673 4555 non
1700 4503 1864 4570 possit
1899 4519 2191 4557 accessum.

504 4591 616 4646 Hoc
647 4592 786 4644 idem
820 4590 973 4645 inviti
1007 4591 1247 4645 fatentur
1280 4592 1604 4657 adversarii,
1638 4602 1691 4647 et
1720 4593 1939 4663 quidem
1972 4593 2415 4649 adversariorum
2458 4596 2782 4666 coryphreus
2830 4597 3103 4654 Martinus
3158 4598 3434 4656 Lutberus
3485 4610 3621 4656 tom.
3650 4597 3673 4657 ζ

433 4683 614 4738 Germ.
661 4680 796 4735 Wit.
826 4683 919 4734 fol.
948 4681 1072 4743 561,
1106 4682 1236 4737 ubi:
1266 4681 1527 4746 Ecclesia,
1550 4685 1747 4754 inquit,
1776 4700 1865 4738 nec
1893 4684 2035 4737 debet
2066 4699 2155 4735 nec
2176 4696 2340 4747 potest
2369 4685 2600 4751 mentiri,
2625 4700 2716 4737 nec
2742 4686 2942 4749 falsum
2965 4688 3170 4749 docere,
3188 4704 3259 4753 Ine
3281 4690 3333 4742 in
3362 4689 3517 4743 unico
3563 4693 3686 4761 qui-

434 4773 551 4825 dem
589 4772 778 4838 capite.
818 4770 995 4836 Hujus
1038 4769 1297 4825 Ecclesia:
1346 4770 1750 4827 infallibilitatis
1782 4772 2048 4827 rationem
2079 4772 2278 4827 ibidem
2312 4772 2384 4827 ita
2419 4773 2598 4827 reddit
2635 4791 2650 4828 ς
2682 4772 2818 4828 Cum
2843 4774 2939 4830 Dei
2967 4792 3023 4829 os
3052 4776 3121 4830 sit
3149 4792 3207 4830 os
3239 4775 3515 4845 Ecclesiae,
3540 4778 3685 4834 Deus

436 4872 569 4914 certe
592 4860 803 4913 mentiri
836 4875 937 4912 non
968 4870 1156 4926 potest,
1188 4876 1310 4928 ergo
1337 4877 1425 4914 nec
1456 4860 1713 4915 Ecclesia.

510 4946 699 5001 Posita
731 4956 909 5001 autem
946 4949 1045 5002 hac
1079 4949 1479 5018 propositione,
1520 4964 1639 5017 quin
1668 4948 1956 5004 verissima
1988 4961 2091 5014 eat,
2128 4949 2233 5007 etsi
2262 4966 2359 5021 per
2392 4964 2455 5004 os
2490 4949 2711 5003 Balaam
2743 4953 2980 5020 prolata,
3038 4952 3349 5009 rectissime
3381 4958 3630 5022 sequitur
3665 4971 3681 5010 :

438 5050 571 5105 ergo
600 5034 849 5090 Ecclesia
887 5035 1133 5089 Humana
1170 5046 1254 5091 est
1279 5052 1404 5091 vera
1440 5035 1707 5103 Ecclesia,
1744 5048 1795 5089 et
1829 5036 2075 5092 Romana
2111 5039 2244 5093 ﬁdes
2280 5053 2627 5108 nequaquam
2664 5048 2871 5093 mutata
2904 5050 3011 5105 est,
3057 5049 3150 5093 aut
3202 5044 3404 5096 mutari
3462 5046 3681 5109 potuit;

439 5124 533 5179 sed
570 5125 760 5177 eadem
794 5139 938 5177 nunc
971 5140 1202 5194 prorsus
1233 5133 1336 5186 est,
1378 5126 1560 5196 qualis
1584 5125 1885 5194 apostolica
1922 5141 2053 5181 voce
2079 5127 2183 5181 fuit
2207 5126 2452 5180 laudata.

508 5237 663 5304 Quod
696 5252 828 5291 vero
858 5252 919 5291 ea
955 5238 1224 5304 Ecclesia,
1258 5255 1379 5310 qua:
1417 5256 1522 5294 non
1555 5241 1736 5303 debet,
1775 5257 1872 5296 nec
1901 5250 2083 5310 potest
2122 5243 2363 5306 mentiri,
2396 5259 2499 5299 nec
2533 5243 2733 5299 lalsum
2766 5246 2987 5311 docere,
3022 5260 3123 5299 nec
3171 5247 3225 5302 in
3260 5247 3424 5301 unico
3460 5246 3679 5318 quidem

436 5329 637 5397 capite,
672 5325 745 5378 sit
780 5323 1022 5379 Ecclesia
1062 5325 1329 5392 Romana,
1363 5344 1429 5383 ex
1468 5331 1601 5398 ipsis
1627 5346 1843 5398 quoque
1878 5329 2210 5386 adversariis
2237 5333 2529 5389 evincitur.
2563 5333 2858 5397 Lutlterus,
2893 5345 3026 5389 tom.
3067 5333 3156 5399 iV,
3187 5335 3323 5391 edit.
3352 5333 3680 5393 Witember.

436 5414 531 5469 iul.
558 5412 664 5466 9.25
710 5430 722 5465 :
763 5410 877 5467 Nos
903 5414 1159 5481 fatemur,
1191 5417 1393 5484 inquit,
1444 5419 1539 5470 sub
1584 5427 1785 5485 paputu
1822 5418 1995 5471 multa
2034 5434 2146 5472 esse
2178 5420 2315 5473 bona
2355 5420 2683 5485 Christiana,
2732 5424 2837 5474 into
2868 5438 3022 5475 omne
3057 5421 3247 5477 bonum
3285 5424 3678 5487 Christianum,

437 5518 593 5571 atque
630 5501 750 5556 inde
782 5503 945 5557 etiam
979 5504 1047 5555 ad
1071 5521 1163 5555 nos
1191 5506 1507 5573 provenisse.
1543 5506 1605 5559 Et
1636 5506 1799 5575 paulo
1839 5515 1960 5575 post
2004 5523 2017 5558 :
2064 5505 2181 5561 lmo
2214 5510 2330 5562 dicit
2371 5510 2424 5561 in
2450 5520 2647 5578 papatu
2695 5526 2870 5563 ueram
2905 5526 3019 5564 esse
3050 5508 3529 5574 Christianitatem,
3569 5513 3676 5565 imo

436 5604 614 5643 rerum
646 5591 889 5644 nucleum
927 5590 1381 5647 Christianitatis.
1416 5590 1631 5647 Rutsns
1661 5612 1673 5647 :
1709 5592 1773 5648 In
1803 5605 2000 5663 papam
2034 5594 2230 5650 scilicet
2263 5612 2376 5650 esse
2405 5596 2501 5651 Dei
2533 5598 2775 5660 Verbum,
2820 5599 3206 5665 apostolatum,
3241 5614 3436 5668 nosque
3466 5615 3678 5654 sacram

439 5669 799 5757 δςτίριυναηιι
836 5672 1182 5740 ὺαριέευυληι.
1215 5686 1576 5739 “tramenta.
1605 5688 1653 5730 εί
1687 5679 2017 5743 pra'dicandi
2048 5682 2271 5750 ofﬁcium
2298 5685 2363 5738 ab
2388 5686 2520 5755 ipsis
2552 5687 2863 5753 sumpsisse.
2905 5687 3144 5741 Bucerus
3186 5687 3240 5741 in
3272 5686 3681 5757 Prmparatioue

440 5755 505 5808 ad
536 5757 821 5813 concilium
859 5778 872 5813 :
908 5758 1075 5817 Plane
1112 5763 1440 5828 proﬁtemur,
1500 5765 1635 5817 inter
1662 5766 1867 5831 priscos
1897 5764 2155 5825 Ecclesia:
2186 5772 2377 5829 Patres
2411 5764 2704 5841 convenire,
2762 5778 3045 5842 primatum
3090 5778 3335 5834 habuisse
3380 5755 3671 5833 Romanam
