4068 6160
385 246 485 307 897
1817 248 1991 310 ANNt

2030 250 2189 321 LE5,
3522 258 3627 319 808

400 356 689 410 Ecclesium
712 372 870 423 super
908 359 1141 428 reliquas
1175 358 1460 413 Ecclesius.
1493 357 1732 415 Jacobus
1765 360 1818 413 in
1852 360 2163 416 rationibus
2188 364 2493 433 dcsumptis
2530 378 2593 419 ex
2646 364 2825 421 Verbo
2877 366 2991 431 Dei,
3046 378 3170 435 pag.
3223 364 3311 429 24,
3359 366 3561 419 relatus
3598 383 3627 419 a

399 441 465 497 ll.
504 441 563 498 P.
600 443 839 500 llenrico
886 444 1003 498 Fitz
1040 445 1228 500 Simon
1271 446 1328 501 in
1364 446 1841 500 Britannomachia
1872 448 2248 503 ministrorum
2283 450 2375 505 lib.
2410 466 2449 515 ι,
2472 466 2593 522 cap.
2635 454 2721 515 l0,
2755 469 2873 524 pag.
2916 454 2990 507 ὃς
3026 452 3245 506 Nullum
3267 470 3397 515 esse,
3430 455 3626 522 inquit,

398 532 451 583 in
482 539 592 585 toto
633 533 828 585 mundo
861 536 1034 586 locum
1064 541 1168 585 tam
1192 534 1556 602 probabiliter,
1596 552 1658 587 ac
1690 533 1905 588 Romam
1938 538 2098 590 totius
2136 538 2404 606 regiminis
2463 540 2736 596 catholica:
2794 542 3045 595 Ecclesia:
3096 540 3291 610 fontem
3355 560 3415 594 ac
3468 544 3631 611 origi-

395 634 532 671 nem.
568 615 807 673 Jacobus
837 635 927 671 rex
976 620 1267 674 Britannia!
1317 622 1370 674 in
1433 620 1595 674 domo
1658 621 2083 691 parlatuentaria
2146 627 2371 693 prmcise
2426 629 2479 681 in
2539 630 2713 684 medio
2766 631 2957 685 litterae
3015 628 3077 683 Ι).
3119 649 3135 684 :
3171 628 3284 697 Ego
3334 628 3629 682 Romanam

400 702 694 758 Ecclesium
727 706 979 773 profiteor
996 722 1109 759 esse
1145 718 1379 760 nostram
1420 709 1695 789 matricem
1734 711 2053 765 Ecclesium.
2112 713 2174 765 Et
2208 715 2260 767 in
2303 716 2597 785 colloquiis
2633 717 2855 789 llampt.
2896 719 3023 773 "(cc
3062 735 3177 772 mea
3231 726 3311 773 est
3374 730 3620 771 constans

396 807 461 845 ac
487 792 598 851 ﬁxa
627 795 921 859 persuasio,
949 794 1149 846 nullam
1181 794 1364 848 debere
1400 794 1697 851 Ecclesium
1730 800 1984 854 remotius
2012 817 2048 853 a
2082 799 2325 858 Romana
2355 804 2598 861 Ecclesia
2621 810 2882 875 secedere,
2914 824 3069 879 quam
3099 810 3214 874 ipsa
3245 824 3276 859 a
3309 822 3362 861 se
3385 808 3498 875 ipsa
3530 807 3631 875 ﬂo-

397 888 543 932 rente
579 879 819 948 digressa
843 882 937 936 sit.

469 966 526 1021 Si
557 968 742 1037 itaque
776 966 1020 1024 Ecclesia
1056 969 1305 1024 Romana
1343 970 1445 1025 fuit
1485 972 1783 1041 aliquando
1815 988 1910 1043 per
1959 974 2307 1033 adversarios
2369 980 2567 1034 matrix
2614 979 2859 1033 onmium
2933 978 3325 1043 Ecclesiarum,
3384 980 3505 1036 fons
3575 990 3629 1035 at

396 1053 551 1124 origo
568 1057 737 1109 totius
770 1056 1054 1125 regiminis
1077 1057 1359 1110 catholica:
1394 1056 1677 1121 Ecclesiae,
1708 1058 1855 1113 undu
1881 1074 2044 1115 omne
2073 1063 2276 1120 bonum
2300 1065 2674 1121 Christianum
2702 1068 2754 1121 in
2772 1070 2908 1121 alias
2936 1070 3276 1137 promanavit
3311 1068 3584 1124 Ecclesias
3612 1086 3625 1128 ;

360 1142 452 1195 'iu
484 1156 659 1210 eaque
684 1140 785 1196 fuit
819 1157 949 1195 vera
979 1144 1393 1209 Christianitas,
1428 1146 1538 1198 imo
1567 1161 1728 1201 verus
1783 1149 2017 1203 nucleus
2061 1150 2517 1218 Christianitatis,
2583 1154 2673 1208 Dei
2732 1153 2995 1220 Verbum,
3042 1156 3407 1223 apostolatus,
3472 1171 3629 1213 sacra

400 1226 703 1298 Scriptum,
736 1229 1064 1298 baptistnus,
1093 1244 1465 1295 sacramenta,
1494 1241 1549 1287 et
1581 1233 1917 1302 pradicandi
1948 1234 2219 1306 cilicium,
2251 1242 2326 1296 ita
2364 1250 2423 1295 ut
2456 1256 2561 1295 non
2597 1241 2819 1296 licuerit
2858 1243 3008 1296 ab‘ea
3046 1249 3304 1297 remotius
3350 1245 3627 1307 secedere,

398 1332 561 1386 quam
589 1318 705 1387 ipsa
738 1332 855 1374 sse
890 1320 1006 1388 ipsa
1037 1317 1266 1374 ﬂorente
1294 1319 1539 1388 digressa
1569 1321 1639 1374 sit
1689 1336 1704 1373 :
1742 1323 1788 1375 si
1828 1337 1926 1375 nec
1982 1322 2166 1389 debet,
2221 1342 2323 1381 nec
2380 1336 2559 1393 potest
2614 1328 2882 1396 ejusmodi
2936 1325 3177 1381 Ecclesia
3234 1331 3475 1391 mentiri.
3531 1344 3631 1385 nec

401 1403 602 1459 falsum
631 1412 852 1470 docere,
894 1421 995 1461 nec
1025 1406 1081 1459 in
1110 1409 1278 1461 unico
1308 1406 1528 1474 quidem
1551 1407 1751 1476 capite,
1785 1424 1909 1461 cum
1943 1408 2035 1463 Dei
2075 1425 2137 1464 os
2171 1412 2241 1465 sit
2267 1426 2328 1467 os
2362 1413 2524 1481 hujus
2556 1412 2832 1480 Ecclesim,
2864 1415 2958 1482 qui
3007 1415 3226 1468 mentiri
3260 1431 3366 1469 non
3403 1427 3621 1487 potest;

399 1493 527 1562 quis
559 1505 666 1547 tam
696 1494 1001 1548 manifestae
1030 1492 1405 1561 impudentiae.
1441 1501 1495 1547 et
1528 1494 1853 1549 exsecrandi
1910 1499 2156 1567 stuporis
2185 1500 2311 1562 erit,
2345 1500 2438 1555 oui
2470 1500 2743 1555 allirmare
2803 1501 3048 1567 audebit,
3108 1500 3410 1557 Romanam
3467 1504 3629 1561 (idem

400 1581 645 1650 Apostoli
678 1582 941 1634 munitam
972 1580 1298 1635 auctoritate
1327 1587 1590 1634 mutatam
1626 1578 1837 1635 fuisse?

473 1668 542 1721 At
570 1667 793 1735 objiciet
825 1669 913 1723 hic
961 1666 1100 1723 forte
1131 1667 1576 1722 adversariorum
1606 1681 1879 1722 nonnemo
1912 1683 1927 1731 ;
1964 1667 2093 1722 Haec
2139 1668 2502 1724 infallibilitas
2534 1670 2824 1725 tribuenda
2870 1680 2956 1724 est
2992 1670 3253 1727 Ecclesie
3312 1673 3630 1739 universali,

400 1755 487 1811 cui
523 1756 573 1808 id
603 1758 934 1823 promissum
969 1768 1073 1820 est,
1112 1773 1218 1809 non
1250 1765 1432 1810 autem
1461 1755 1623 1809 alicui
1658 1756 1947 1825 singulari.

471 1841 552 1895 Ad
572 1843 710 1897 hanc
733 1843 1093 1912 objectionem
1120 1843 1446 1910 respondeat
1467 1840 1797 1896 adversariis
1824 1855 1962 1895 uitus
1985 1855 2048 1894 ex
2075 1840 2512 1896 adversariorum
2534 1857 2698 1913 grege
2737 1842 3071 1918 Witakerus,
3096 1852 3272 1899 contr.
3296 1846 3351 1912 2,
3376 1857 3574 1918 qumst.
3596 1852 3629 1904 4

402 1945 526 2000 cap.
560 1931 616 1995 3,
659 1946 782 2000 pag.
821 1929 948 1995 489,
984 1932 1074 1985 ubi
1109 1929 1301 1983 :Niltil
1337 1939 1436 1995 est,
1477 1930 1669 1999 inquit,
1702 1928 1985 1983 nnircrsali
2021 1926 2272 1983 Ecclesia:
2302 1928 2643 1997 promissum,
2674 1916 2814 2000 quod
2848 1949 2950 1987 non
2992 1934 3239 1988 similiter
3268 1916 3632 2004 singularibus

404 2018 660 2072 Ecclesiis
691 2021 1040 2086 promittitur.

474 2103 581 2158 Fac
618 2107 689 2157 ita
722 2107 813 2165 sit,
842 2104 1038 2160 deznus
1067 2104 1229 2159 modo
1272 2105 1377 2159 hoc
1406 2103 1686 2157 Witakero
1714 2112 1764 2158 et
1798 2100 2110 2175 sytnmystis
2162 2100 2445 2169 (quamvis
2474 2101 2821 2171 erroneum),
2893 2104 3037 2172 quod
3090 2104 3298 2159 scilicet
3336 2103 3472 2160 nihil
3534 2106 3637 2161 fuit

404 2193 740 2262 promissum
772 2190 1032 2246 Ecclesia:
1067 2192 1384 2254 universali,
1415 2190 1561 2259 quod
1596 2191 1971 2260 singularibus
2013 2188 2280 2244 Ecclesiis
2316 2204 2424 2244 non
2459 2189 2623 2245 fuerit
2650 2196 3004 2258 promissum.
3062 2192 3194 2248 lure
3244 2209 3374 2263 ergo
3422 2212 3487 2251 ex
3527 2197 3629 2250 hac

402 2279 654 2333 doctrina
687 2277 891 2333 inferre
920 2280 1049 2332 licet
1089 2281 1155 2332 ad
1183 2279 1486 2340 hominem,
1516 2276 1814 2332 Ecclesium
1848 2275 2153 2331 Romanam
2188 2292 2467 2346 nunquam
2492 2280 2876 2343 succubuisse,
2907 2296 3086 2349 neque
3126 2283 3489 2338 succumbere
3539 2301 3636 2356 po-

405 2368 598 2431 tuisse,
631 2365 760 2436 quia
794 2366 1090 2435 aliquando
1125 2364 1225 2419 fuit
1258 2379 1381 2419 vera
1413 2362 1662 2419 Ecclesia
1694 2379 1791 2432 per
1828 2366 1977 2433 ipsos
2007 2366 2376 2428 adversarios,
2413 2374 2468 2421 et
2503 2381 2565 2421 os
2604 2367 2722 2431 Dei,
2762 2369 2847 2423 vel
2888 2384 2995 2438 qua
3032 2370 3383 2433 universalis,
3419 2373 3498 2426 vel
3527 2389 3636 2443 qua

404 2454 721 2524 singularis.
750 2469 873 2507 cum
906 2453 1040 2507 nihil
1074 2469 1169 2523 per
1199 2454 1347 2522 ipsos
1377 2454 1450 2508 sit
1490 2455 1830 2522 promissum
1863 2450 2122 2508 Ecclesia:
2162 2455 2487 2518 universali,
2521 2455 2669 2524 quod
2698 2456 3071 2524 singularibus
3120 2474 3228 2511 non
3280 2457 3445 2512 fuerit
3506 2477 3633 2530 pro-

406 2543 659 2597 missum.
687 2541 802 2607 Qua
843 2541 1013 2611 igitur
1037 2540 1216 2595 fronte
1252 2555 1372 2594 eam
1401 2540 1722 2595 insimulare
1750 2539 1952 2594 audent
1981 2543 2186 2596 erroris
2234 2551 2288 2595 et
2339 2541 2569 2610 lapsus?
2604 2542 2731 2599 Suis
2765 2559 2824 2598 se
2874 2544 3205 2598 confodiunt
3260 2548 3452 2611 armis,
3506 2548 3637 2603 dum

406 2630 699 2683 incurrunt
734 2642 883 2682 casco
917 2628 1122 2697 impetu
1160 2627 1212 2681 in
1248 2624 1550 2680 Romanam
1585 2626 1909 2688 Ecclesium,
1939 2624 2170 2694 ejuSque
2196 2639 2419 2678 causam
2470 2626 2525 2678 in
2573 2625 2751 2679 lucem
2806 2628 3055 2681 veritatis
3115 2628 3271 2682 inviti
3329 2628 3634 2696 proferunt,

406 2730 474 2770 ac
509 2716 628 2770 suis
661 2729 720 2767 se
749 2714 1033 2783 implicant
1068 2713 1468 2783 paralOgismis.
1495 2713 1669 2766 Nemo
1702 2715 1848 2767 cnim
1876 2726 2025 2766 same
2048 2713 2244 2765 tuentis
2274 2710 2433 2765 facile
2467 2712 2744 2776 concedit,
2792 2716 2938 2782 quod
2989 2714 3090 2782 ipsi
3118 2755 3131 2778 ,
3194 2716 3449 2769 nimirum
3503 2716 3640 2770 nihil

409 2803 670 2859 Ecclesiae
700 2801 995 2856 universali
1034 2801 1367 2869 promissum
1402 2799 1594 2866 fuisse,
1629 2800 1771 2870 quod
1804 2800 2177 2869 singularibus
2207 2798 2465 2855 Ecclesiis
2510 2814 2617 2853 non
2651 2798 2818 2853 fuerit
2865 2800 3198 2869 promissum
3228 2819 3244 2867 ;
3285 2818 3409 2856 cum
3444 2805 3639 2858 certis-

408 2891 608 2947 simum
641 2889 733 2955 sit,
766 2888 1024 2943 Ecclesia:
1055 2887 1353 2943 universali
1384 2888 1712 2958 promissam
1739 2887 1912 2942 fuisse
1961 2885 2422 2949 iniallibilitatcm,
2459 2887 2827 2955 singularibus
2882 2902 3011 2941 vero
3043 2904 3149 2941 non
3187 2891 3342 2943 item.
3381 2890 3454 2945 De
3483 2891 3643 2946 inlat-

408 2981 660 3035 libilitate
692 2978 1018 3033 universalis
1046 2977 1306 3033 Ecclesia:
1334 2973 1544 3032 dictum
1578 2990 1665 3033 est
1699 2995 1712 3032 :
1752 2976 1830 3032 Tu
1856 2994 1910 3031 es
1949 2976 2160 3036 Petrus,
2218 2984 2267 3027 et
2311 2990 2467 3040 super
2522 2976 2660 3027 lianc
2737 2987 2941 3041 petram
3001 2977 3273 3045 aedificabo
3347 2977 3643 3033 Ecclesium

409 3084 607 3134 meum,
632 3077 680 3122 et
707 3075 877 3136 portte
898 3066 1059 3133 inferi
1098 3073 1202 3120 non
1230 3068 1588 3134 prmalebunt
1681 3068 1928 3121 adversus
1953 3080 2067 3118 eam
2101 3061 2319 3123 (Matth.
2352 3079 2464 3129 xvt,
2498 3061 2607 3133 l8).
2640 3060 2749 3117 Nec
2782 3080 2889 3118 non
2929 3082 2942 3118 :
2975 3066 3107 3131 Qui:
3152 3076 3228 3120 est
3268 3062 3507 3122 Ecclesia
3543 3070 3641 3123 Dei

408 3158 531 3221 viri,
553 3156 797 3209 columna
824 3163 873 3209 et
908 3156 1303 3224 ﬁrmamentum
1331 3155 1593 3209 veritatis.
1618 3152 1671 3224 (1
1710 3153 1848 3207 'l‘im.
1878 3168 1962 3217 nt,
1994 3150 2105 3221 i5).
2141 3149 2293 3206 Unde
2325 3152 2584 3219 praclare
2613 3150 2986 3221 Stapletouus,
3013 3163 3259 3207 controv.
3283 3157 3337 3218 4,
3357 3166 3550 3225 quzcst.
3583 3157 3640 3220 2.

410 3243 646 3297 articulo
675 3243 836 3295 unico
875 3260 889 3295 :
928 3239 1195 3303 Ecclesia,
1225 3242 1418 3309 inquit,
1451 3243 1505 3296 in
1535 3242 1875 3296 conclusione
1909 3239 2033 3309 ﬁdei
2091 3253 2294 3301 semper
2348 3251 2422 3292 est
2474 3240 2773 3292 certissima
2836 3250 2885 3294 et
2947 3242 3267 3311 infallibilis.
3324 3243 3643 3313 Singulares

416 3330 693 3387 Ecclesias
725 3330 794 3385 de
827 3328 973 3384 facto
1007 3329 1301 3390 defecisse,
1330 3341 1495 3399 atque
1527 3331 1893 3385 succubuisse
1925 3325 2336 3382 evidentissima
2368 3335 2604 3380 constat.
2658 3325 2796 3381 Nam
2830 3328 2953 3397 quis
2990 3331 3187 3394 nescit,
3249 3327 3643 3386 Constantino—

417 3418 710 3485 politanatn
740 3416 1101 3471 succubuisse
1140 3418 1434 3486 aliquando
1474 3417 1528 3470 in
1560 3416 1899 3481 Macedonio,
1931 3425 1985 3468 et
2017 3412 2306 3476 Nestorio;
2333 3413 2753 3467 Alexandrinam
2782 3413 2833 3467 in
2866 3414 3163 3484 Dioscoro;
3194 3417 3249 3473 in
3281 3418 3516 3475 Macario
3533 3423 3646 3477 An-

416 3505 747 3568 tiocheuam,
778 3511 834 3558 et
871 3505 953 3559 sic
992 3504 1059 3558 de
1088 3503 1257 3558 aliis?
1288 3506 1474 3560 lic-stat
1507 3519 1661 3573 ergo,
1694 3516 1752 3558 ut
1796 3504 2067 3566 dicamus,
2106 3498 2549 3555 inlallibilitalem
2602 3502 2914 3556 necessario
2964 3505 3204 3559 residere
3257 3521 3424 3577 penes
3456 3509 3647 3565 Ecclu-

416 3594 556 3647 siam
596 3592 982 3656 uuivcrsalem,
1016 3591 1177 3660 cujus
1206 3603 1371 3662 caput
1398 3601 1484 3647 est
1519 3590 1800 3646 llomanus
1829 3590 2091 3661 pontifex,
2120 3590 2207 3643 cui
2229 3590 2280 3640 in
2308 3589 2490 3650 Petro.
2522 3588 2679 3659 cujus
2712 3598 2799 3642 est
2829 3603 3139 3657 successor,
3166 3596 3234 3649 ab
3264 3610 3359 3649 ore
3387 3594 3646 3653 Veritatis

415 3680 623 3734 dictum
651 3679 753 3731 luit
797 3694 811 3731 :
856 3675 968 3747 Ego
994 3687 1169 3732 autent
1198 3680 1381 3749 rogavi
1407 3696 1502 3748 pro
1540 3690 1607 3744 te,
1633 3689 1691 3732 ut
1717 3696 1817 3733 non
1846 3678 2059 3744 deﬁciat
2086 3675 2218 3744 ﬁdes
2244 3684 2337 3727 tua
2365 3672 2520 3742 (Luc.
2552 3690 2684 3737 xw,
2720 3674 2835 3745 32).
2894 3677 3048 3744 Quod
3106 3693 3237 3733 vero
3285 3683 3468 3736 statim
3512 3685 3645 3740 sub-

410 3766 659 3837 iungitur
689 3781 704 3818 :
741 3762 806 3817 Et
833 3776 890 3818 tu
922 3764 1208 3834 aliquando
1240 3783 1519 3822 conversus
1549 3770 1804 3835 conﬁrma
1831 3767 2028 3835 fratres
2064 3773 2180 3815 tuos
2233 3760 2426 3830 (ibid.),
2451 3759 2519 3815 de
2548 3762 2920 3831 singularibus
2947 3761 3208 3821 Ecclesiis
3232 3766 3644 3837 intelligendum

414 3863 525 3917 est,
554 3869 675 3924 qtne
716 3853 771 3906 in
813 3852 917 3906 tida
952 3852 1272 3923 dirigendae,
1303 3867 1358 3911 et
1386 3856 1776 3911 conﬁrmanda:
1802 3864 1931 3909 sunt
1956 3868 1985 3906 a
2014 3850 2168 3925 Petri
2194 3862 2537 3911 successore,
2584 3848 2639 3901 in
2676 3863 2838 3918 quem
2889 3851 3250 3906 conﬁrmandi
3302 3854 3500 3912 fratres
3548 3873 3647 3913 au-

415 3941 645 3997 ctoritas
669 3941 913 3993 deriVata
946 3948 1049 3993 est.
1081 3942 1236 4011 Apud
1265 3941 1567 3996 Rotuanam
1604 3943 1767 4011 igitur
1797 3941 2100 3996 Ecclesiam
2128 3936 2325 3992 residet
2371 3938 2484 3989 base
2534 3934 2921 3996 inlallibilitas.
2992 3939 3322 4011 Quanquam
3371 3944 3512 4000 haud
3559 3961 3646 4004 me

417 4029 571 4093 latet,
600 4028 963 4100 Witakerum,
1001 4046 1152 4086 more
1177 4033 1427 4083 omnium
1460 4031 1841 4083 hazreticorum
1870 4042 1901 4081 a
1941 4043 2001 4083 se
2027 4027 2147 4096 ipso
2179 4024 2513 4083 desciscere.
2549 4036 2717 4093 atque
2742 4025 2872 4079 alibi
2904 4040 3176 4093 asserere,
3210 4038 3319 4083 tam
3340 4031 3641 4093 Ecclesiam

419 4117 811 4184 universaletn,
840 4136 1003 4188 quam
1026 4119 1337 4187 singulares
1378 4117 1655 4172 Ecclesias
1681 4131 1872 4171 errare
1908 4128 2090 4186 posse.
2116 4112 2192 4165 Et
2225 4125 2335 4180 quo
2368 4111 2528 4179 plaue
2560 4103 2709 4179 patet
2753 4112 2853 4167 hos
2886 4114 2939 4167 in
2970 4116 3135 4168 Deum
3163 4114 3345 4185 ipsum
3386 4118 3646 4189 blasphe-

419 4217 541 4258 mos
573 4218 719 4267 esse,
759 4205 889 4274 quia
912 4204 959 4260 si
987 4220 1051 4261 os
1077 4204 1358 4268 Ecclesim,
1389 4208 1535 4274 quod
1573 4219 1670 4273 per
1700 4204 1847 4273 ipsos
1876 4209 1962 4257 est
1992 4199 2086 4254 Dei
2122 4214 2208 4262 os,
2254 4197 2501 4261 mentiri,
2541 4207 2593 4251 et
2632 4213 2820 4253 errare
2850 4211 3057 4269 potest,
3105 4206 3353 4273 sequitur
3394 4206 3520 4260 inde
3550 4223 3649 4263 ne-

418 4293 683 4356 cessario,
723 4291 893 4347 Deum
920 4302 977 4346 et
1010 4293 1249 4357 mentiri,
1280 4304 1332 4346 et
1368 4306 1552 4345 errare
1582 4305 1762 4360 posse,
1791 4289 1942 4361 quod
1977 4289 2058 4345 vel
2107 4284 2289 4343 verbis
2322 4286 2587 4357 Proferre,
2625 4296 2721 4342 aut
2751 4299 2932 4345 tuente
2977 4293 3271 4362 concipere
3321 4294 3391 4349 ad
3439 4295 3639 4355 horum

418 4377 847 4434 convincendam
876 4378 1339 4448 pervicacitatem,
1371 4381 1591 4433 animus
1618 4381 1802 4434 horret
1847 4380 2107 4447 luctuque
2139 4378 2362 4446 refugit.

494 4462 571 4517 'l‘u
635 4477 854 4529 autem,
924 4461 1193 4529 Seldene,
1267 4468 1381 4522 haec
1440 4467 1648 4523 interea
1724 4465 1922 4536 reliqui
1995 4465 2195 4522 versus
2257 4464 2312 4518 in
2390 4461 2670 4521 Romanos
2734 4468 2983 4539 usurpati
3048 4477 3260 4527 attento
3325 4473 3648 4545 perpendito

424 4567 628 4609 animo.

813 4668 924 4726 Nec
959 4679 1006 4725 te
1038 4671 1343 4741 quaesiveris
1378 4684 1552 4727 castra.

422 4788 625 4843 'l‘ecum
660 4787 868 4849 habita,
897 4795 950 4841 te
982 4801 1172 4852 nosce,
1199 4801 1300 4841 nec
1324 4787 1394 4841 de
1425 4786 1667 4842 Romana
1698 4787 1961 4858 religione
1984 4785 2058 4840 ita
2080 4796 2286 4840 temere
2316 4782 2665 4854 pronunties,
2689 4797 2814 4839 cum
2848 4798 3078 4853 prorsus
3105 4784 3225 4853 ipse
3253 4785 3493 4850 nescias,
3523 4800 3645 4856 qua

422 4879 498 4934 sit
539 4876 701 4933 hodie
732 4876 786 4930 in
821 4882 913 4930 tua
944 4891 1068 4931 vero
1101 4876 1388 4947 plusquam
1418 4877 1789 4932 turbidissima
1818 4876 2014 4947 Anglia
2039 4873 2247 4943 religio,
2281 4887 2383 4926 nec
2411 4887 2532 4942 quae
2566 4871 2640 4926 sit
2667 4886 2792 4926 cras
2824 4871 3030 4939 futura,
3078 4888 3189 4926 non
3240 4876 3510 4941 omnium,
3560 4880 3649 4932 in-

424 4978 611 5036 quam,
645 4966 739 5018 sed
774 4963 1155 5032 singulorum;
1195 4973 1274 5017 tot
1307 4963 1453 5019 enim
1479 4965 1619 5032 apud
1651 4979 1747 5020 vos
1782 4972 1911 5018 sunt
1936 4961 2248 5032 religiones,
2277 4967 2413 5031 quot
2468 4961 2669 5030 capita.
2727 4958 2836 5013 Res
2887 4959 3004 5030 ipsa
3051 4959 3107 5015 in
3166 4958 3302 5015 foris
3366 4971 3420 5015 ct
3448 4964 3647 5033 plateis

425 5050 746 5123 proclamat.
775 5050 999 5104 Decreta
1032 5050 1201 5104 vestri
1235 5060 1483 5115 senatus,
1520 5066 1616 5105 seu
1649 5049 1975 5119 parlamenti
2010 5059 2137 5104 ante
2161 5038 2400 5118 Quatuor
2445 5046 2614 5102 let-tne
2669 5060 2845 5101 annos
2906 5048 3052 5103 edita
3106 5047 3175 5105 de
3214 5050 3478 5121 religione
3536 5061 3652 5106 sta-

426 5137 626 5191 tuenda
653 5152 683 5189 a
710 5136 909 5190 vestris
939 5136 1205 5206 theologis
1235 5144 1291 5191 et
1321 5137 1585 5193 ministris
1618 5137 1719 5191 hoc
1775 5139 1909 5194 satis
1954 5153 2232 5208 superque
2273 5144 2565 5191 testantur.
2612 5132 2943 5190 Iamdudum
3006 5137 3107 5191 hac
3157 5137 3227 5192 de
3280 5152 3341 5193 re
3388 5138 3649 5208 gravibus

425 5234 764 5295 conquestus
794 5232 876 5278 est
904 5222 1088 5279 verbis
1113 5224 1436 5279 Theodorus
1472 5224 1607 5280 Beza
1645 5226 1698 5279 in
1729 5226 1904 5294 Epist.
1928 5223 2191 5297 Theolog.
2225 5227 2387 5294 epist.
2420 5241 2458 5291 ι,
2485 5224 2551 5279 ad
2590 5224 2864 5280 Andream
2891 5223 3172 5280 Duditiutn
3220 5242 3234 5279 :
3275 5225 3649 5282 Exercuerunt

428 5337 506 5375 me
537 5321 653 5381 diu,
689 5330 739 5373 et
779 5320 1002 5373 multum
1026 5319 1134 5373 illa:
1166 5320 1314 5387 ἔρδω.
1338 5335 1474 5387 quas
1509 5319 1766 5375 describis
1797 5321 2163 5392 cogitationes,
2196 5320 2395 5373 scilicet
2434 5327 2643 5374 nostros
2676 5318 2921 5387 palantes
2967 5318 3109 5373 omni
3162 5318 3420 5373 doctrina:
3470 5327 3646 5384 vento,

429 5420 475 5464 et
509 5411 563 5461 in
599 5408 768 5462 altum
806 5408 1066 5473 sublatos,
1099 5408 1339 5462 modoad
1364 5408 1524 5470 hanc,
1553 5410 1706 5463 modo
1734 5411 1803 5463 ad
1831 5390 1982 5463 illam
2015 5390 2216 5477 paitem
2246 5408 2463 5475 deferri.
2496 5406 2696 5462 [lorum
2718 5422 2836 5476 qua
2862 5408 2930 5461 sit
2958 5408 3114 5462 hodie
3151 5407 3213 5461 de
3247 5407 3495 5477 religione
3522 5424 3653 5462 sen-

432 5498 615 5557 tentia,
655 5495 789 5549 scire
818 5494 1045 5564 fortasse
1072 5498 1262 5561 possis,
1290 5497 1379 5549 sed
1402 5512 1518 5566 quae
1551 5514 1674 5550 cras
1712 5497 1775 5551 de
1804 5498 1986 5552 cadent
2025 5501 2208 5565 futura
2237 5498 2307 5551 sit
2338 5498 2538 5567 opinio,
2591 5513 2750 5563 neque
2778 5506 2921 5549 certo
2954 5498 3216 5567 affirmare
3241 5513 3425 5565 queas.
3458 5496 3524 5550 In
3551 5512 3654 5551 ouo

434 5587 642 5639 tandem
672 5583 941 5655 religionis
966 5587 1137 5653 capite
1177 5596 1472 5656 congruunt
1498 5588 1637 5639 inter
1661 5603 1715 5641 se
1752 5584 2025 5653 Ecclesiw,
2055 5603 2174 5656 quae
2207 5585 2443 5641 Romano
2488 5582 2738 5651 Ponti/ici
2782 5584 2974 5638 bellum
3024 5585 3366 5640 indixerunt?
3405 5584 3445 5637 Α
3480 5586 3651 5652 capite

435 5675 504 5728 ad
537 5676 731 5729 calcem
758 5674 802 5729 si
827 5691 1103 5743 percurras
1137 5676 1335 5742 omnia,
1378 5675 1509 5729 nihil
1539 5674 1917 5741 propemodum
1947 5677 2175 5739 reperias
2202 5677 2267 5729 ab
2301 5691 2404 5729 uno
2458 5672 2732 5739 offirmari,
2758 5671 2896 5739 quod
2927 5672 3063 5728 alter
3089 5673 3269 5727 statim
3303 5688 3403 5726 non
3433 5674 3656 5735 impium
