4068 6160
483 294 587 354 899
1498 294 1863 356 EUTYCIIH
1916 296 2454 359 ALEXANDRINI
2508 296 2726 358 PATR.
3623 301 3734 364 900

483 420 597 458 esse
632 405 881 459 rlamitel.
916 409 1019 460 Sed
1058 409 1314 462 atnliutur
1347 410 1512 462 ctiam
1553 410 1829 465 Lutherns
1856 411 1910 465 in
1938 410 2112 478 Epist.
2156 407 2221 462 ad
2254 408 2685 479 Antverpicnses
2716 427 2731 464 :
2767 409 2866 465 Tot
2915 412 3053 464 inter
3088 426 3183 465 nos
3229 410 3512 478 religiones
3566 419 3718 475 sunt,

484 503 608 561 quot
640 491 893 559 homines,
921 511 1083 562 neque
1116 499 1389 549 asinorum
1424 498 1701 564 quicquam
1727 507 1805 552 est
1836 506 1946 551 tam
1976 496 2129 551 hebes
2149 539 2163 562 ,
2190 507 2242 552 et
2273 514 2489 557 vecors.
2537 500 2629 569 qui
2695 500 2960 554 insomnia
3005 499 3211 569 proprii
3261 499 3474 568 capitis,
3517 508 3569 556 et
3607 514 3732 571 pro-

484 579 656 648 priam
690 583 981 653 opinionem
1013 599 1109 652 pro
1129 584 1376 636 instinctu
1406 582 1632 651 Spiritus
1660 587 1853 651 sancti,
1882 596 1931 639 et
1963 601 2018 638 se
2048 588 2217 655 ipsum
2256 589 2560 655 prophetam
2580 587 2762 641 haberi
2793 588 2942 644 nolit.

559 667 757 733 Velim,
790 687 932 725 nunc.
973 672 1355 741 regrediantur
1384 688 1451 727 es
1476 672 1666 727 inferis
1700 673 1841 730 Besa
1881 674 1992 735 illo,
2032 684 2087 729 et
2119 672 2419 738 Lutbrrus,
2455 684 2510 729 ut
2538 689 2789 743 quasnam
2831 674 2899 729 de
2928 690 3033 729 una
3060 674 3178 731 sola
3209 674 3400 746 Anglia
3430 689 3623 728 eorum
3657 676 3731 730 sit

484 758 651 811 modo
690 759 985 818 sententia.
1024 760 1233 814 dicant.
1274 758 1409 825 Nam
1441 761 1486 815 si
1517 768 1654 815 tunc
1691 763 1747 817 in
1777 762 1897 818 dies
1930 763 2279 833 singulorum
2335 762 2659 817 mutabatur
2711 761 2779 817 de
2821 764 3085 833 religione
3148 763 3358 835 opinio.
3402 778 3548 818 nunc
3600 779 3732 818 sane

486 845 543 899 in
575 846 758 912 ituras,
787 855 843 900 et
869 855 1163 903 momenta.
1188 847 1435 911 Turbida
1485 851 1705 918 quidem
1743 861 1828 905 est
1871 850 2115 907 omnium
2155 849 2584 906 Protestantium
2630 850 2834 920 ubique
2909 860 3179 906 terrarum
3265 865 3579 925 synagoga;
3633 851 3731 909 seti

486 934 733 987 onmium
802 934 1179 989 turbidissima
1242 943 1351 1002 est,
1406 952 1569 1006 quinm
1615 938 1974 1007 Anglicanam
2035 946 2258 994 vocant.
2315 936 2373 993 In
2429 938 2826 1003 densissimis.
2886 949 2943 995 et
3016 940 3309 1010 plusquam
3384 937 3730 1010 Egyptiacis

482 1022 628 1090 jacet
664 1022 781 1076 haec
809 1021 1072 1091 tenebris,
1103 1021 1196 1079 ubi
1227 1037 1349 1079 eam
1398 1025 1673 1096 palpando
1702 1041 1768 1081 es
1815 1035 2046 1101 senatus
2105 1027 2328 1083 decreto
2372 1026 2667 1096 quaritant
2695 1026 2930 1081 ministri
2988 1041 3053 1081 ac
3086 1025 3346 1097 theologi,
3401 1037 3457 1083 et
3516 1040 3723 1095 nequa-

486 1125 652 1179 quam
706 1111 951 1167 invenire
1012 1112 1281 1167 hactenus
1346 1124 1665 1182 potuerunt,
1713 1116 1810 1170 sed
1859 1114 2090 1172 cantusa
2168 1130 2295 1172 vera
2355 1130 2501 1171 verat
2558 1112 2821 1170 Ecclesia
2878 1114 3090 1185 lingua,
3143 1114 3379 1184 lapides,
3432 1122 3495 1169 ut
3551 1114 3726 1176 aiunt,

487 1212 587 1266 pro
645 1207 931 1266 caumate,
984 1209 1039 1254 cl.
1100 1200 1203 1255 hoc
1265 1216 1365 1271 pro
1423 1201 1693 1272 lapidibus
1754 1203 1805 1256 in
1855 1201 1994 1256 turri
2051 1200 2152 1259 hac
2208 1202 2505 1272 Anglicana
2568 1202 2702 1258 alter
2742 1202 2898 1259 alteri
2940 1202 3187 1275 porrigit.
3238 1200 3727 1274 Quamobremlmi

486 1285 721 1345 Sttldcne

961 1408 1071 1464 Nec
1103 1419 1149 1466 te
1175 1412 1479 1479 qua'siveris
1505 1422 1679 1468 extra.

484 1515 617 1572 Nam
652 1540 663 1573 ε
698 1519 759 1575 Si
787 1524 953 1583 potui!
978 1524 1198 1578 evadere
1225 1527 1527 1593 quicquam,
1559 1527 1735 1586 inquit
1767 1524 1807 1578 D
1835 1524 2142 1596 Cyprianus
2172 1522 2244 1578 De
2281 1525 2415 1577 unit.
2439 1523 2635 1580 Eccles.
2672 1525 2831 1590 libro,
2862 1525 2951 1599 qui
2984 1535 3138 1579 extra
3165 1539 3345 1577 arcam
3383 1518 3497 1576 Noe
3527 1519 3649 1589 (uit,
3670 1522 3726 1576 ei

482 1610 574 1677 qui
597 1620 747 1663 extra
780 1608 1068 1665 Ecclesium
1104 1612 1235 1680 foris
1269 1612 1450 1681 fuerit.
1478 1613 1692 1676 evadit;
1733 1626 1877 1666 stare
1920 1622 1977 1667 tu
2001 1613 2279 1687 (Seidene)
2309 1625 2362 1670 et
2398 1616 2567 1672 uiuere
2602 1624 2761 1684 putas
2805 1632 2959 1681 posse
2986 1618 3051 1670 de
3079 1612 3321 1669 Ecclesia
3378 1613 3723 1677 recedentem,

484 1697 635 1751 sedes
664 1698 757 1753 tibi
787 1699 950 1764 alios,
982 1710 1031 1753 et
1056 1701 1265 1755 diuerso
1306 1701 1582 1755 domicilia
1613 1703 1923 1756 condentem
1949 1701 1976 1756 2

558 1783 731 1843 Porro
752 1788 975 1857 quinam
1000 1788 1445 1845 adversariorum
1479 1805 1682 1858 scopus
1739 1799 1845 1851 est,
1902 1791 2030 1844 dum
2072 1789 2139 1843 de
2200 1791 2646 1865 presbyterorum
2698 1802 2756 1849 et
2808 1793 3195 1862 episcoporum
3246 1791 3579 1861 aequalitate.
3629 1796 3724 1845 aut

485 1875 874 1944 tumqualitate,
909 1875 993 1929 vel
1020 1876 1341 1932 discrimine
1370 1876 1659 1931 nobiscum
1694 1877 2104 1949 digladientur?
2130 1887 2186 1933 et
2219 1878 2486 1949 quorsdm
2530 1882 2859 1938 collimant?
2896 1880 3133 1936 fortasse
3169 1880 3588 1947 percontabitur
3618 1877 3713 1934 hic

484 1976 799 2028 nonnemo;
829 1977 954 2019 cum
985 1960 1087 2034 ipsi
1126 1980 1224 2019 nec
1246 1966 1595 2038 presbyteros
1628 1967 1892 2033 habeant,
1925 1980 2028 2022 nec
2073 1967 2386 2041 episcopos,
2438 1971 2700 2040 :equates,
2751 1968 2838 2026 vel
2889 1968 3215 2041 Inaequales,
3270 1975 3369 2023 aut
3416 1968 3722 2024 secundum

484 2066 869 2122 quamcunque
895 2052 1057 2107 aliam
1094 2054 1324 2124 ﬁguram
1353 2055 1765 2123 geometricam.

558 2138 703 2196 Sane
733 2142 915 2197 uultus
951 2141 1094 2198 alios
1116 2157 1321 2213 seopus
1352 2144 1461 2201 illis
1484 2159 1608 2201 esse
1642 2145 1879 2211 videtur,
1909 2153 2001 2201 aut
2033 2145 2197 2211 ratio,
2231 2161 2397 2215 quam
2425 2144 2539 2215 ipsa
2574 2144 2813 2213 insanis,
2858 2159 2915 2203 et
2960 2145 3134 2203 libido
3174 2145 3264 2201 illa
3306 2143 3568 2215 Ecclesiae
3609 2141 3724 2197 tto-

485 2242 660 2284 manz
692 2228 1190 2299 impugnandorum
1219 2205 1562 2304 dogmatum.
1614 2230 1724 2288 Nec
1769 2205 1964 2302 puduit
2022 2205 2323 2294 Lutbernm
2380 2205 2488 2290 Ι)οό
2546 2244 2735 2304 aperte
2792 2205 2951 2291 iateri
3018 2244 3152 2289 tom.
3188 2232 3227 2286 ν
3266 2233 3401 2287 edit.
3448 2205 3723 2295 “Item”

486 2332 617 2372 :tun.
649 2318 809 2381 l55t,
853 2319 946 2374 fol.
980 2318 1087 2374 ‘75
1111 2337 1127 2376 :
1166 2317 1368 2393 Doctor
1388 2321 1654 2378 Martinus
1680 2313 1875 2377 Luther
1901 2323 2011 2378 uult
2040 2324 2116 2379 sic
2138 2325 2352 2384 habere.
2380 2335 2431 2378 et
2460 2323 2593 2378 dicit
2618 2324 2886 2393 papistans
2933 2333 2984 2380 et
3017 2324 3228 2381 asinum
3255 2336 3370 2377 esss
3403 2336 3510 2376 rent
3541 2335 3721 2375 una.

486 2406 575 2462 Sic
600 2406 737 2466 solo.
761 2407 839 2462 sic
856 2406 1043 2478 jubeo,
1069 2409 1141 2464 sit
1171 2391 1267 2479 pio
1296 2410 1504 2464 ratione
1524 2409 1789 2463 uoluntas.
1824 2411 1998 2465 Aliam
2029 2425 2251 2481 quoque
2294 2410 2453 2465 al'fert
2499 2412 2576 2465 rei
2628 2391 2793 2477 hujus
2843 2424 3067 2465 causam
3115 2419 3263 2464 torno
3296 2406 3365 2462 iV
3419 2408 3554 2463 edit.
3606 2405 3720 2462 lea.

486 2494 583 2551 fol.
606 2494 733 2562 2i3,
767 2504 877 2551 tam
908 2494 977 2551 de
1000 2511 1080 2561 se,
1122 2513 1283 2566 quam
1318 2499 1385 2552 de
1416 2499 1533 2553 suis
1560 2499 1789 2567 loquens
1817 2516 1833 2554 :
1867 2499 1976 2556 Nos
2012 2517 2044 2553 a
2073 2500 2308 2562 diabolo,
2344 2500 2545 2568 inquit,
2582 2501 2815 2565 captivos
2856 2499 3045 2563 teneri,
3072 2497 3233 2553 ueluti
3263 2496 3615 2566 aprincipe;
3656 2510 3721 2549 ac

485 2584 595 2640 Deo
632 2594 831 2651 nostra,
856 2591 915 2638 ut
947 2601 1201 2655 cogamur
1222 2584 1396 2654 facere
1415 2587 1670 2657 quidquid
1698 2590 1807 2655 ipse
1836 2589 1968 2654 ruit,
1999 2589 2248 2651 nobisque
2306 2587 2557 2649 inspirat.
2593 2586 2657 2640 Et
2681 2588 2774 2656 qui
2807 2598 3148 2649 sanctorum,
3174 2601 3238 2639 ac
3271 2586 3535 2639 bonorum
3563 2598 3723 2651 ange-

486 2670 664 2724 lorum
702 2669 1104 2724 invocationem
1137 2677 1198 2726 ut
1231 2670 1632 2731 idololatricam
1669 2672 1885 2736 habuit,
1918 2687 2095 2740 eoque
2119 2676 2342 2730 nomine
2379 2677 2525 2729 illam
2562 2690 2591 2728 e
2621 2675 2860 2729 fidelium
2894 2675 3182 2739 memoria,
3204 2681 3259 2727 et
3286 2682 3468 2728 mente
3483 2671 3719 2727 evellere

484 2757 739 2817 munibus
770 2760 1050 2814 contendit
1090 2760 1298 2821 nervis,
1335 2760 1388 2814 in
1423 2762 1544 2815 suis
1577 2768 1757 2815 tamen
1792 2762 2088 2829 colloquiis
2128 2763 2225 2818 tot.
2257 2764 2313 2829 5,
2350 2765 2439 2827 i8,
2469 2778 2523 2817 et
2557 2764 2676 2823 ω.
2706 2765 3019 2820 exclamare
3068 2779 3177 2819 non
3229 2762 3444 2818 horruit
3481 2759 3717 2817 :Seaete

488 2845 679 2912 δείδιθι,
706 2865 803 2902 ora
831 2864 927 2919 pro
960 2848 1110 2905 nobis
1142 2865 1157 2903 :
1189 2846 1404 2903 ininitne
1424 2858 1599 2904 tamen
1626 2858 1811 2906 contra
1840 2858 1889 2904 te
1915 2854 2263 2919 peccavimus,
2292 2852 2691 2908 clementissime
2721 2852 2949 2905 diobole.

563 2934 751 2992 Jacobi
783 2934 1070 2992 Zaiborovii
1107 2934 1247 2991 alios
1287 2936 1391 2991 fuit
1427 2952 1650 3006 scopus,
1687 2938 1817 2993 dum
1849 2937 1903 2993 in
1934 2936 2311 3008 Responsiones
2338 2940 2404 2994 ad
2438 2939 2648 2994 Nodum
2678 2939 2943 2994 Gordium
2972 2936 3188 2992 Martini
3222 2935 3501 3008 Smiglecii
3533 2935 3721 2991 Socie-

491 3028 622 3081 tutis
653 3025 784 3082 Jesu
811 3028 1042 3096 probare
1076 3027 1291 3091 nititur,
1324 3029 1703 3097 presbyterum
1765 3035 1824 3088 et
1850 3029 2175 3099 episcopum
2199 3027 2325 3099 iure
2374 3026 2560 3081 divino
2609 3025 2861 3081 eumdem
2916 3039 3061 3089 esse,
3103 3024 3387 3091 solumque
3420 3032 3723 3087 consuetu-

489 3117 616 3170 dine
650 3115 906 3170 Erclesim
938 3114 1219 3171 inductum
1254 3130 1398 3175 esse.
1438 3125 1499 3169 ut
1530 3116 1801 3172 ordinatio
1829 3117 2132 3184 pertineret
2165 3116 2230 3170 ad
2261 3115 2605 3185 episcOpum.
2637 3112 2790 3181 Quod
2834 3113 3055 3183 quidem
3084 3114 3370 3169 contendit
3401 3112 3469 3167 ad
3494 3127 3720 3169 suorum

493 3204 870 3259 ministrorum
908 3203 1204 3275 legitimam
1242 3204 1561 3260 missionem
1591 3204 2113 3271 demonstrandam;
2152 3203 2279 3274 quis
2308 3218 2434 3257 cum
2468 3202 2755 3273 presbyter
2786 3201 2890 3257 rite
2921 3201 3209 3257 ordinatus
3238 3210 3381 3257 esset
3409 3199 3637 3266 Lutber,
3660 3210 3723 3255 ut

496 3292 592 3356 ait,
619 3294 760 3347 alios
789 3306 1007 3360 quoque
1035 3292 1318 3347 ministros
1337 3292 1463 3361 jure
1493 3293 1752 3347 ordinare
1776 3299 2015 3362 poterat.
2042 3302 2209 3361 atque
2238 3289 2475 3344 mittere.
2507 3288 2652 3341 idem
2679 3288 2928 3343 sentiunt
2960 3286 3145 3355 plures
3180 3287 3269 3342 alii
3317 3287 3719 3346 Protestantes.

494 3377 602 3436 Sed
634 3393 797 3447 quam
828 3379 1083 3447 feliciter,
1109 3386 1165 3436 et
1206 3395 1334 3436 vere
1362 3381 1413 3435 id
1446 3381 1702 3449 probant,
1730 3379 2056 3437 doctissime
2091 3378 2333 3436 ostendit
2364 3393 2490 3433 mox
2536 3378 2792 3431 laudatus
2827 3374 3156 3446 Smiglecius
3210 3376 3342 3431 totis
3384 3374 3604 3431 duobus
3650 3372 3724 3429 li-

492 3468 607 3525 bris
646 3469 713 3525 de
744 3468 1121 3524 ministrorum
1162 3469 1307 3525 notis
1330 3478 1521 3525 contra
1548 3468 1837 3525 Zaborovii
1890 3468 2323 3539 itesponsionem
2357 3465 2425 3522 ad
2468 3464 2680 3521 Nodum
2726 3462 3012 3529 Gordium,
3067 3472 3125 3520 et
3171 3463 3475 3536 praisertim
3523 3461 3619 3518 lib.
3677 3478 3720 3528 r,

492 3571 613 3624 cap.
643 3556 699 3617 9.
739 3570 861 3626 pag.
895 3554 987 3610 66.

562 3645 869 3700 convenire
904 3653 1084 3697 tamen
1112 3640 1367 3697 videntur
1389 3656 1601 3704 omnes,
1629 3639 1898 3709 cujusque
1940 3639 2159 3711 generis
2196 3648 2253 3694 et
2279 3636 2471 3694 farina
2499 3637 2898 3702 Protrstantes,
2923 3640 3018 3710 qui
3050 3636 3419 3694 Ecclesiarum
3448 3639 3632 3706 bonis,
3666 3650 3723 3692 et

493 3730 847 3791 facultatibus
871 3730 1061 3802 lupino
1080 3730 1364 3786 inbiaruat
1388 3746 1608 3799 semper
1632 3745 1751 3794 ore,
1778 3729 1972 3783 fortem
1998 3727 2332 3797 alligandum
2365 3728 2518 3797 prius
2546 3744 2690 3793 esse,
2725 3738 2837 3782 tum
2862 3742 2992 3782 vasa
3023 3726 3219 3782 domus
3246 3727 3366 3795 ejus
3391 3728 3720 3799 diripienda.

492 3822 729 3889 Quinam
759 3830 939 3877 autem
967 3820 1041 3875 sit
1070 3819 1230 3878 fortis
1266 3821 1399 3886 iste,
1420 3823 1514 3889 qui
1549 3823 1601 3874 in
1634 3818 1856 3889 specula
1882 3817 2143 3875 Ecclesia
2164 3814 2373 3871 Christi
2401 3816 2615 3884 positus
2646 3816 2893 3884 invigilat
2917 3817 3091 3885 gregi,
3127 3816 3371 3870 declarat
3417 3815 3579 3871 nobis
3616 3815 3722 3871 do-

491 3911 682 3966 etrina:
710 3908 1027 3978 apostolicae
1062 3908 1236 3979 Syrus
1269 3909 1564 3975 interpres.
1591 3906 1846 3976 quisquis
1876 3906 1965 3962 ille
1991 3906 2117 3971 fuit,
2156 3920 2438 3972 exponens
2472 3907 2587 3961 tunc
2647 3905 2955 3962 EzechiJis
3002 3919 3123 3976 cap.
3151 3918 3327 3959 sum
3358 3917 3505 3959 vers.
3555 3902 3614 3969 2,
3663 3903 3721 3969 3,

491 3997 659 4053 verba
691 4014 707 4053 :
735 3994 927 4060 Terra,
951 4010 1070 4050 cunt
1100 3994 1360 4050 induero
1389 4009 1544 4062 super
1574 4011 1694 4049 eam
1723 3993 1989 4065 gladium,
2013 4003 2064 4049 et
2096 3990 2274 4049 tulerit
2307 3993 2532 4062 populus
2567 4004 2724 4049 terra:
2750 3995 2921 4049 uirum
2947 4008 3109 4047 unum
3134 3990 3201 4047 de
3241 3992 3539 4049 novissimis
3580 3994 3721 4058 suis,

491 4094 541 4141 et
570 4084 895 4139 constituerit
920 4100 1039 4137 eum
1064 4098 1223 4152 super
1255 4100 1311 4138 se
1333 4085 1734 4147 speculatorem,
1766 4091 1875 4138 etc.

565 4168 787 4225 Clodius
817 4172 994 4240 itaque
1024 4180 1101 4223 est
1141 4169 1427 4239 judicium.
1461 4168 1699 4224 Buccina
1723 4180 1900 4224 autem
1934 4166 2308 4243 Euangeiiunt,
2365 4166 2683 4233 Speculator
2731 4185 2850 4225 sero
2884 4168 3195 4239 Episcopus,
3251 4168 3342 4240 qui
3395 4171 3723 4240 praeponitur

494 4258 766 4317 Ecclesim.
804 4258 943 4314 llinc
970 4258 1110 4315 satis
1138 4259 1388 4328 apposite
1422 4266 1534 4312 tam
1563 4257 1618 4312 in
1654 4257 1879 4312 laudata
1914 4257 2169 4313 Doctrina
2200 4258 2537 4327 Apostolica,
2570 4273 2735 4326 quant
2771 4258 2903 4313 alibi
2949 4258 3155 4328 passim
3185 4256 3536 4327 appellitatur
3563 4257 3721 4331 Syris

489 4349 779 4419 epismpus
812 4345 924 4401 Rol-
980 4344 1163 4411 Baito,
1200 4346 1436 4410 scilicet,
1471 4346 1730 4416 Magister
1761 4346 2081 4417 prrpositus
2110 4355 2163 4401 et
2194 4345 2477 4414 prafectus
2507 4346 2718 4405 domus.
2771 4363 3093 4407 ccononnts.
3122 4346 3458 4415 dispensator
3484 4356 3538 4403 et
3565 4348 3720 4415 ejus-

493 4435 657 4491 modi.
690 4434 927 4489 (lhuldzei
956 4432 1347 4490 Orientaliores
1373 4447 1571 4488 vocare
1599 4433 1781 4489 solent
1812 4422 2128 4502 episcopum
2161 4432 2448 4495 Gliisabru.
2483 4449 2677 4503 nempe
2724 4433 2916 4490 Custos
2944 4424 3217 4494 Thesauri.
3256 4432 3552 4505 Praefectus
3574 4449 3719 4492 crs-

491 4524 579 4579 rii.
628 4522 782 4578 llunc
811 4523 991 4591 itaque
1029 4521 1367 4592 magistrum,
1396 4524 1751 4591 prapositnm
1793 4528 1848 4575 et
1872 4520 2187 4589 pratectum
2217 4522 2452 4585 domus:
2486 4522 2628 4577 inme
2656 4536 2995 4578 aconomum
3017 4522 3548 4589 etdispensatorem;
3579 4522 3725 4579 hunc

494 4611 774 4667 custodem
800 4610 1036 4671 thesauri
1042 4642 1059 4694 ’-
1110 4610 1257 4665 hunc
1286 4607 1596 4677 pra'fectum
1622 4608 1796 4664 a-rarii
1826 4608 2182 4677 alligandum,
2206 4610 2602 4679 expel'endum,
2623 4608 2971 4679 ejiciendum.
2994 4610 3459 4665 exterminandum
3484 4618 3714 4666 censent

496 4698 776 4769 religionis
826 4699 1015 4766 nuperi
1056 4697 1441 4751 teformatores
1472 4698 1489 4755 t
1502 4697 1582 4751 sic
1605 4695 1752 4749 enim
1787 4695 1893 4750 dici
1928 4704 2154 4764 amant;
2190 4697 2283 4751 sed
2311 4698 2494 4752 verius
2521 4696 2973 4766 deformatores),
3004 4704 3061 4751 ut
3088 4696 3154 4752 ad
3188 4696 3325 4752 bona
3354 4696 3721 4756 Ecclesiarutn

499 4786 715 4841 facilius
743 4783 1045 4853 diripienda
1076 4791 1255 4854 pateat
1286 4784 1392 4838 illis
1421 4785 1622 4838 aditus.

568 4871 832 4929 Claudius
862 4869 1167 4927 Salmasius
1198 4870 1257 4927 in
1303 4885 1407 4926 suo
1434 4872 1708 4940 Appsrotu
1736 4886 1803 4926 ae
1830 4871 2064 4936 primatu
2094 4887 2263 4941 ραρσυ.
2283 4872 2423 4928 hanc
2450 4871 2693 4937 herbam,
2737 4883 2932 4941 nempe
2954 4867 3349 4942 episcopatum,
3384 4872 3723 4931 evellendam

496 4961 759 5018 radicitus
779 4958 962 5021 vellet,
998 4959 1143 5029 quod
1174 4973 1241 5014 es
1277 4958 1367 5012 illa
1404 4959 1632 5028 pullulat
1663 4968 1917 5029 papatus.
1951 4961 2046 5030 qui
2080 4970 2139 5014 ut
2176 4959 2506 5016 Christiana:
2576 4973 2641 5013 ac
2670 4956 2960 5014 catholica:
2988 4958 3295 5028 religionis,
3328 4958 3725 5031 dignitatisque

500 5062 750 5107 summus
779 5053 867 5103 est
897 5059 1035 5116 apes
1066 5054 1125 5102 et
1152 5045 1475 5107 auctoritas.
1517 5048 1591 5101 ita
1626 5046 2017 5102 invadentibus
2052 5047 2201 5116 lupis
2241 5046 2586 5103 fortissimus
2615 5046 2781 5100 obes.

576 5135 748 5192 Porro
778 5132 926 5204 quod
962 5132 1337 5197 miseratione,
1368 5133 1480 5189 imo
1509 5134 1808 5191 uberrimis
1837 5135 2094 5208 lacrymis
2126 5136 2354 5206 dignum
2384 5143 2465 5190 est
2494 5175 2510 5200 ,
2575 5133 2623 5189 si
2666 5131 2797 5203 quid
2830 5131 3169 5202 ambiguum,
3206 5130 3289 5187 vel
3322 5130 3489 5202 paulo
3524 5132 3722 5190 obscn.

504 5227 621 5279 rius
656 5224 797 5293 apud
826 5219 1020 5277 Patres
1050 5231 1102 5276 et
1133 5220 1435 5290 scriptores
1469 5220 1731 5285 occurrit,
1783 5221 1838 5277 id
1870 5222 1976 5277 sibi
2005 5223 2286 5280 ssciscunt
2322 5219 2646 5286 adversarii,
2680 5235 2745 5275 ac
2775 5219 2889 5275 suis
2919 5220 3302 5289 paralogismis
3334 5221 3390 5275 in
3427 5220 3723 5281 Ecclesia-tu

499 5311 827 5367 catholicam
862 5307 1000 5364 illud
1036 5307 1357 5379 intorquent
1377 5318 1430 5363 et
1458 5308 1783 5373 abutuntur,
1816 5310 1994 5379 ipsum
2026 5326 2157 5390 gero
2189 5320 2470 5366 auctorem
2504 5312 2569 5365 ad
2605 5316 2751 5365 astra
2784 5323 2961 5379 usque
2988 5306 3221 5365 ederunt
3252 5309 3527 5366 laudibus.
3558 5308 3725 5367 Eum-

499 5399 623 5453 dem
654 5411 808 5461 vero,
856 5410 979 5449 cum
1012 5396 1085 5449 ita
1124 5394 1268 5449 clare
1309 5410 1375 5449 ac
1422 5395 1585 5467 plane
1614 5395 1879 5465 loquitur,
1911 5404 1972 5452 ut
1999 5412 2189 5454 eorum
2228 5409 2381 5455 recta
2409 5406 2465 5454 et
2497 5397 2680 5453 valide
2714 5397 2879 5452 feriat
2909 5406 3242 5459 commenta.
3298 5410 3397 5453 nec
3424 5396 3545 5467 eius
3574 5398 3723 5454 testi-

501 5486 681 5538 monia
719 5484 935 5553 possint
963 5481 1030 5535 ad
1068 5481 1349 5537 libidinem
1378 5490 1727 5554 extorquere,
1783 5484 2049 5540 deserunt
2098 5488 2309 5551 statim,
2344 5486 2671 5559 ignorantia
2704 5484 3035 5541 insimulare
3070 5486 3273 5539 sudent
3304 5492 3359 5539 et
3393 5489 3722 5541 contrariam

498 5571 757 5626 occinunt
787 5569 1139 5624 cantilenam.
1202 5570 1382 5624 Semel
1434 5570 1705 5640 scriptum
1754 5572 1979 5643 reliquit
2009 5572 2071 5629 υ.
2106 5571 2479 5644 Hieronymus
2516 5576 2571 5629 in
2607 5570 2849 5643 Epistula
2884 5574 2951 5626 ad
2989 5569 3304 5642 Eragrium,
3340 5585 3465 5642 qua
3490 5580 3575 5627 est
3604 5573 3677 5628 85
3706 5590 3719 5626 :

503 5659 644 5724 Quid
675 5660 811 5713 enim
841 5656 995 5725 facit,
1020 5666 1238 5724 excepta
1266 5656 1617 5721 ordinatione.
1648 5659 1946 5729 episcopus,
1980 5662 2120 5728 quod
2167 5665 2436 5734 presbyter
2466 5678 2564 5715 non
2604 5660 2768 5726 faciat
2792 5660 2818 5713 7
2850 5657 2982 5725 Quae
3016 5658 3183 5715 verba
3218 5658 3323 5713 etsi
3355 5657 3502 5714 clare
3532 5666 3720 5713 osten-

501 5742 635 5797 dunt
666 5744 754 5799 illa
784 5746 1106 5815 exceptione
1138 5746 1424 5813 utriusque
1457 5745 1667 5803 ordinis
1700 5744 2139 5810 distinctionem.
2177 5748 2533 5805 nihilo-uinus
2593 5761 2777 5817 ansam
2814 5745 3166 5812 arripuerunt
3220 5741 3347 5799 inde
3398 5742 3717 5808 adversarii.
