4070 6152
354 325 462 393 901
1811 333 2177 398 ANNALES.
3515 335 3622 401 902

359 447 571 518 integra
623 447 952 507 conﬁciendi
987 451 1287 516 volumina,
1323 449 1526 524 quibus
1558 448 1795 523 probare
1826 448 2177 517 adnituntur,
2212 448 2537 520 episcopum
2589 462 2701 505 non
2731 460 2855 504 esse
2886 446 3209 518 presbytero
3247 444 3619 518 superiorem.

361 537 704 607 Loquenth
767 554 896 594 vero
944 539 1197 596 eumdem
1251 540 1643 613 Hieronymum
1697 538 2009 596 clarissime
2061 537 2130 595 de
2161 538 2267 595 hoc
2316 538 2643 595 discrimine
2672 546 2727 595 et
2759 531 3181 596 successionum
3216 537 3620 609 episcopalium

361 626 561 680 seriem
602 642 727 681 cum
760 628 885 683 aliis
914 626 1171 684 Patribus
1204 630 1274 683 ab
1304 630 1422 699 ipso
1477 627 1852 698 apostolorum
1885 641 2002 682 aevo
2050 636 2390 699 repetentem
2442 628 2526 683 sic.
2556 626 2756 699 excipit
2788 624 3116 690 Salmasius.
3152 628 3209 683 in
3244 628 3528 698 Apparatu
3552 627 3621 683 de

359 716 599 785 primatu
633 731 806 785 paptt',
841 731 966 787 pag.
996 716 1088 781 '55,
1117 733 1326 787 eosque
1360 732 1591 773 summa:
1624 727 1674 773 et
1712 731 1917 772 erasae
1950 717 2235 773 insimulat
2276 718 2647 788 ignorantiae:
2692 717 2826 780 (tuis
2859 733 2965 772 non
3018 716 3186 781 ridet,
3241 718 3445 787 inquit,
3508 716 3616 772 Pa-

361 812 468 858 tres
495 803 623 857 dum
660 820 759 858 sua
800 815 1035 875 tempora
1073 808 1188 861 sola
1222 810 1530 876 respiciunt,
1560 808 1753 878 quibus
1788 808 2017 877 episcopi
2062 808 2119 860 in
2158 804 2380 874 singulis
2427 804 2650 860 urbibus
2689 805 2981 877 regnabant
3010 807 3339 876 presbyterio
3371 807 3617 876 superio-

364 909 468 950 res.
499 902 716 958 putasse
744 908 777 946 a
804 894 1071 964 principio
1104 913 1212 952 rem
1244 897 1320 950 ita
1355 896 1521 964 fuisse
1546 898 1572 952 ?
1608 895 1731 963 Ipse
1768 895 2129 969 Hieronymus
2164 893 2460 966 aliquando
2485 910 2664 949 errore
2690 896 2794 949 isto
2837 895 3105 951 communi
3136 894 3389 961 abreptus
3439 896 3623 958 depre-

366 982 617 1036 henditur
635 983 1028 1037 successionum
1057 984 1433 1053 epis-cepaliam
1456 986 1521 1037 ab
1544 986 1906 1052 apostolorum
1937 994 2163 1052 tempore
2182 986 2678 1051 repetendorum...
2701 987 2776 1041 De
2793 986 2915 1056 ipso
2936 999 3065 1042 vero
3084 983 3306 1042 Seldeni
3329 983 3618 1053 Eutycbio,

364 1071 542 1141 deque
565 1068 824 1127 Patrtbus
849 1069 1055 1128 Graecis
1088 1083 1145 1127 et
1174 1071 1406 1135 Latinis,
1441 1074 1523 1127 sic
1555 1088 1678 1143 pag.
1697 1073 1764 1129 87
1796 1075 1987 1141 :Quod
2015 1073 2306 1145 Eutychius
2338 1075 2576 1137 nescivit,
2600 1076 2685 1129 cui
2722 1075 2862 1130 idem
2889 1091 2987 1131 usu
3018 1075 3176 1138 vestit.
3204 1077 3345 1145 quod
3375 1074 3621 1127 omnibus

369 1156 533 1227 ferme
564 1160 914 1224 scriptoribus
953 1159 1330 1216 ecclesiasticis
1373 1157 1598 1225 Gracia,
1634 1160 1963 1228 Latinisque,
2008 1175 2065 1217 ut
2103 1163 2232 1218 dutu
2265 1180 2410 1219 ruere
2463 1165 2549 1219 sui
2586 1164 2839 1233 temporis
2886 1174 3147 1235 spectant,
3186 1179 3219 1217 a
3247 1163 3509 1233 principio
3541 1160 3620 1214 sic

367 1260 573 1317 semper
602 1245 773 1316 fuisse
795 1250 1181 1304 existimarent.
1220 1247 1350 1304 inde
1373 1250 1729 1306 successiones
1759 1262 1807 1306 et
1833 1251 2064 1323 origines
2082 1252 2442 1320 episcoporum
2471 1254 2710 1322 repetita
2737 1268 2772 1307 a
2804 1252 3129 1315 temporibus
3156 1249 3547 1319 apostolorum.

446 1332 607 1402 Vide,
638 1336 825 1402 sodes,
857 1346 1121 1406 quantam
1152 1337 1340 1400 tidem.
1391 1346 1768 1407 quantamque
1819 1340 2207 1394 auctoritatem
2240 1339 2497 1396 tribuunt
2528 1340 2834 1397 adversarii
2877 1339 3135 1396 Patribus
3162 1351 3220 1395 et
3252 1337 3619 1409 scriptoribus

366 1431 424 1480 et
455 1438 567 1495 quo
596 1440 695 1482 eos
736 1426 941 1482 habent
980 1424 1035 1482 in
1061 1427 1265 1497 pretio.
1297 1428 1515 1497 quoties
1544 1426 1661 1484 suis
1695 1427 2038 1484 testimoniis
2071 1444 2264 1485 eorum
2316 1428 2630 1500 iniriupunt
2662 1439 2975 1486 commenta
3003 1438 3063 1486 et
3110 1427 3330 1484 libidini
3381 1441 3492 1482 non
3529 1440 3620 1480 aso

376 1513 721 1571 sentiuntur.
766 1512 865 1568 llic
896 1515 1307 1583 satis‘appoaite
1344 1515 1582 1585 quadrat
1608 1512 1885 1570 Salmasio
1917 1516 2049 1570 illud
2082 1515 2147 1571 ὓ.
2180 1519 2472 1588 Augustini
2499 1518 2595 1579 lib.
2631 1533 2692 1584 tt,
2728 1515 2931 1574 Contra
2970 1515 3269 1573 Faustum:
3301 1514 3383 1572 Tu
3407 1530 3464 1572 es
3495 1528 3621 1584 ergo

369 1600 556 1672 regula
588 1603 825 1658 ceritatis
847 1617 868 1659 :
912 1603 1172 1673 quidquid
1204 1614 1391 1658 contra
1424 1613 1473 1657 te
1502 1603 1668 1672 fuerit
1700 1618 1806 1657 non
1832 1612 1912 1657 est
1964 1618 2143 1660 verum
2169 1607 2197 1661 7
2252 1605 2317 1661 Et
2349 1606 2403 1661 id
2432 1606 2580 1662 aliud
2610 1606 2708 1663 lib.
2746 1621 2925 1669 ants.
2959 1622 3086 1677 cap.
3124 1605 3213 1671 19,
3245 1616 3437 1661 contra
3465 1619 3621 1658 eum-

368 1688 518 1753 detn.
552 1690 810 1747 omnibus
839 1688 1285 1768 Protestantibus
1314 1709 1328 1747 :
1393 1691 1592 1747 Videtis
1620 1707 1766 1757 ergo.
1817 1693 1871 1747 id
1903 1706 1989 1747 vos
2020 1709 2196 1764 agerc,
2234 1706 2291 1747 ut
2325 1696 2504 1751 omuis
2562 1695 2630 1750 de
2677 1694 2850 1750 medio
2892 1694 3299 1766 Scripturarum
3339 1690 3623 1759 auferatur

368 1778 666 1834 auctoritas
698 1790 750 1834 et
776 1782 961 1850 cuique
983 1781 1196 1834 animus
1227 1791 1415 1836 auctor
1445 1782 1539 1844 sit,
1570 1781 1699 1850 quid
1719 1782 1774 1835 in
1803 1796 2119 1853 unaquaque
2152 1781 2433 1855 Scriptura
2476 1784 2699 1854 probet:
2766 1784 2824 1838 id
2869 1793 2969 1849 est.
3022 1795 3081 1839 ut
3133 1799 3241 1839 uota
3298 1780 3618 1837 auctoritati

365 1864 770 1937 Scripturarum
800 1869 1128 1938 subjiciatur
1166 1871 1235 1922 ad
1266 1868 1471 1939 ﬁdem;
1523 1869 1617 1924 sed
1645 1870 1747 1922 sibi
1795 1864 2107 1939 Scripturas
2142 1873 2254 1941 ipse
2302 1872 2577 1939 subiiciat,
2616 1889 2722 1927 nou
2760 1882 2817 1927 ut
2861 1873 2982 1928 ideo
3013 1872 3098 1927 illi
3130 1872 3339 1940 placeat
3386 1869 3618 1938 aliquid,

360 1958 490 2027 quia
519 1958 618 2014 Itoc
638 1958 697 2013 in
728 1958 944 2013 sublimi
974 1960 1304 2015 auctoritate
1333 1962 1592 2029 scripturn
1626 1960 1847 2032 legitur,
1895 1959 1987 2016 sed
2018 1959 2135 2015 ideo
2168 1972 2307 2017 recte
2340 1963 2599 2031 scriptum
2632 1962 2901 2030 rideatur,
2948 1962 3080 2017 auio
3128 1961 3227 2015 hoc
3279 1958 3364 2015 illi
3390 1956 3622 2030 placuit.

362 2044 485 2114 Quo
510 2056 562 2104 te
584 2048 895 2116 committis,
915 2051 1099 2105 anima
1128 2049 1321 2104 misera
1348 2049 1374 2105 .’

436 2160 505 2215 At
538 2162 583 2217 si
612 2162 808 2219 Patres
836 2170 892 2217 et
921 2162 1292 2235 Hieronymus
1325 2163 1444 2231 ipse
1491 2175 1593 2218 sua
1627 2171 1949 2231 spectarunt
1983 2165 2105 2220 sola
2142 2175 2419 2236 tempora,
2471 2166 2720 2236 adeoque
2749 2167 3138 2222 existimarunt
3171 2178 3205 2220 a
3239 2162 3510 2233 principio
3543 2162 3623 2216 sic

361 2266 582 2323 semper
630 2251 839 2316 fuisse,
877 2265 987 2321 qua
1016 2250 1199 2307 fronte
1242 2249 1434 2305 Patres
1462 2256 1573 2305 tam
1597 2248 1837 2315 Graecos,
1855 2265 2020 2319 quam
2043 2251 2269 2310 Latinos
2298 2262 2354 2309 et
2380 2253 2770 2326 Hieronymum
2824 2269 2983 2325 psum
3016 2268 3051 2309 a
3080 2254 3196 2310 suis
3213 2262 3357 2309 stare
3376 2250 3620 2320 partibus

360 2358 465 2414 pro
494 2343 876 2411 episcoporum
910 2350 965 2395 et
996 2341 1442 2412 presbyterorum
1474 2340 1790 2412 aequalitate
1815 2340 2094 2412 pliirmant
2120 2343 2473 2401 adversarii!
2546 2346 2710 2401 Certe
2765 2346 2869 2402 hoc
2924 2342 3187 2400 allirmari
3234 2341 3454 2413 nequit,
3509 2337 3619 2393 nisi

360 2430 763 2504 protestantica
797 2429 1139 2499 impudentia
1172 2438 1229 2485 et
1268 2429 1526 2483 audacia.
1582 2426 1776 2485 Potius
1807 2430 2015 2500 itaque,
2052 2444 2119 2486 ac
2169 2432 2463 2489 verissime
2491 2430 2789 2491 dicendum
2820 2442 2929 2495 est.
2981 2428 3320 2488 Salmasium
3371 2443 3470 2486 sua
3499 2428 3620 2481 sola

360 2529 651 2592 spectasse
679 2530 924 2589 tempora
956 2529 1009 2574 et
1045 2518 1222 2573 solam
1260 2517 1546 2587 prol’anam
1582 2516 2009 2574 Protestautium
2069 2534 2431 2594 synagogam,
2492 2524 2547 2579 in
2584 2537 2691 2594 qua
2749 2538 2851 2580 nec
2883 2521 3137 2595 episcopi
3173 2526 3309 2577 sunt
3360 2518 3483 2581 ulli,
3516 2529 3617 2570 nec

361 2606 673 2680 presbyteri
707 2606 972 2677 aequales,
1025 2606 1112 2661 vel
1170 2606 1496 2674 inaequales.
1529 2600 1637 2659 Sed
1672 2604 1923 2673 proiecto
1952 2621 2062 2662 non
2100 2610 2463 2674 existimavit,
2514 2625 2632 2666 rem
2669 2611 2744 2666 itu
2796 2610 2968 2667 fuisse
3001 2623 3220 2679 semper
3253 2622 3281 2660 a
3320 2604 3617 2677 principio.

364 2696 522 2755 Unde
574 2695 721 2750 enim
754 2695 809 2750 id
849 2695 979 2750 sciri
1015 2703 1221 2765 potest,
1253 2695 1360 2749 nisi
1392 2692 1721 2747 auctoritate
1753 2692 1973 2749 illorum
2026 2698 2121 2766 qui
2154 2699 2402 2769 proximo
2456 2701 2800 2769 temporibus
2849 2698 3230 2769 apostolorum
3280 2698 3538 2752 vixerunt
3566 2702 3621 2747 ct

359 2782 772 2841 ecclesiasticas
804 2784 1148 2855 reliquerunt
1182 2782 1343 2837 nobis
1374 2780 1679 2836 historias?
1708 2779 1775 2835 Et
1809 2781 1954 2838 unde
1985 2782 2261 2842 Salmasio
2291 2798 2442 2851 tanta
2476 2790 2766 2844 oculorum
2803 2788 2976 2852 acies,
3006 2793 3069 2842 ut
3107 2786 3295 2863 outnia
3325 2783 3623 2854 perlustra—

361 2875 503 2930 vcrit
535 2888 710 2945 usque
735 2872 804 2929 ad
840 2873 1218 2943 apostolorum
1255 2884 1432 2926 aevum
1466 2879 1525 2925 et
1554 2883 1618 2923 es
1673 2871 2068 2940 septemdecim
2116 2876 2442 2930 seculorum
2472 2876 2817 2933 obscuritate
2847 2887 2903 2932 et
2942 2875 3250 2931 involucris
3276 2881 3490 2930 tantam
3525 2884 3621 2927 vc-

366 2964 583 3019 ritatem
615 2962 736 3019 orbi
770 2963 1093 3018 Christiano
1123 2969 1232 3016 tam
1273 2966 1502 3016 strenue
1531 2960 1886 3015 exseruerit‘l
1925 2959 2030 3017 Sed
2062 2961 2307 3031 proiecto
2339 2979 2449 3020 non
2483 2964 2707 3020 aliunde
2736 2966 2791 3020 id
2824 2964 3098 3035 provenit,
3130 2961 3240 3019 nisi
3275 2976 3345 3018 ea
3381 2957 3625 3017 Calvini-

362 3051 508 3107 stieo
536 3051 859 3133 pharmace,
888 3064 1000 3120 quo
1031 3063 1126 3103 eos
1162 3048 1392 3102 iniectos
1425 3045 1827 3119 fascinatosque
1872 3050 2057 3114 habet,
2109 3060 2168 3105 ut
2218 3050 2322 3107 sibi
2378 3052 2563 3109 videre
2598 3052 2849 3108 rideatur
2905 3053 3051 3127 quod
3108 3066 3302 3109 revera
3354 3062 3467 3106 non
3537 3048 3618 3103 vi-

366 3138 484 3194 det.

436 3225 610 3283 Porro
640 3223 935 3282 Seldenum
963 3224 1111 3297 quod
1141 3223 1355 3287 attinet,
1375 3237 1480 3278 non
1509 3226 1592 3281 sic
1622 3240 1783 3281 suum
1815 3223 2021 3296 excipit
2053 3223 2406 3298 Eutyebium,
2441 3230 2535 3285 sed
2568 3231 2716 3284 omni
2761 3228 2863 3285 title
2893 3230 3118 3302 dignum
3144 3242 3270 3283 eum
3310 3224 3621 3282 habendum

364 3316 525 3381 vult;
561 3315 753 3384 illique
781 3320 865 3369 est
905 3313 1074 3367 veluti
1108 3314 1249 3369 alius
1282 3310 1425 3366 Beda
1458 3312 1619 3381 plane
1650 3310 1967 3382 Egyptius.
2002 3312 2097 3369 Sic
2124 3317 2273 3371 enim
2308 3316 2362 3371 in
2396 3316 2547 3373 calce
2576 3332 2690 3373 sua:
2728 3316 3076 3373 Praiationis
3106 3316 3175 3373 de
3205 3314 3300 3371 illo
3331 3314 3577 3383 loquitur
3605 3330 3619 3366 :

366 3402 475 3461 Sed
500 3418 618 3458 vero
647 3417 694 3456 ss
727 3399 992 3473 Eutychio
1019 3400 1179 3470 ﬁdem
1204 3400 1289 3453 Itt'c
1319 3414 1516 3468 parum
1541 3398 1840 3454 habendam
1873 3402 1990 3457 ideo
2038 3404 2223 3475 forsan
2253 3406 2376 3475 quis
2412 3409 2678 3461 morosius
2712 3404 3116 3466 existimaverit,
3147 3403 3287 3476 quod
3327 3401 3427 3460 cui
3459 3400 3625 3471 fuerit

364 3492 478 3563 ipse
504 3492 635 3545 adeo
667 3492 845 3554 rebus,
874 3506 1008 3559 quas
1039 3488 1203 3542 tradit
1237 3487 1539 3542 recentioris
1571 3489 1720 3559 (nam
1764 3489 1987 3553 stccula,
2010 3503 2065 3544 ut
2100 3491 2261 3557 uides,
2313 3493 2500 3563 floruit
2530 3493 2784 3563 decimo).
2830 3503 2967 3549 certe
2996 3508 3203 3549 necesse
3233 3502 3309 3547 est
3361 3498 3419 3545 ut
3471 3490 3541 3550 is,
3578 3487 3627 3543 si

362 3580 528 3650 parili
549 3580 605 3633 in
636 3577 855 3648 paribus
883 3586 1071 3631 utatur
1104 3576 1333 3637 ratione,
1366 3591 1457 3629 nec
1490 3574 1741 3644 lost-pho.
1777 3576 1947 3641 Livio,
1971 3578 2432 3647 Halicarnassum,
2472 3582 2786 3642 Plutarcho.
2817 3579 3073 3645 Eusebio,
3107 3578 3358 3640 Zenone.
3390 3576 3622 3649 origines

361 3676 414 3723 et
446 3683 529 3722 res
561 3677 735 3737 gestas
784 3662 1068 3723 Judaicas.
1104 3661 1393 3729 Romanas,
1428 3661 1940 3729 Gra'cas,Punicas.
1978 3664 2317 3726 Christianas
2353 3672 2545 3724 taudiu
2583 3672 2835 3725 stt-citium
2882 3686 3040 3727 suum
3074 3676 3458 3723 anteverteutes
3488 3681 3622 3719 nar-

364 3756 636 3817 rantibus,
661 3768 752 3808 nec
773 3754 825 3807 id
860 3768 1020 3823 genus
1049 3752 1170 3805 aliis
1199 3752 1401 3807 credat.
1432 3754 1537 3805 imo
1570 3762 1625 3805 ut
1654 3768 1753 3819 pro
1785 3752 1890 3820 ﬁde
1920 3754 2093 3825 dignis
2115 3757 2558 3815 habeatltt'storiis
2594 3761 2808 3830 (pratter
2843 3759 3043 3816 Socrus
3074 3756 3329 3826 Litteras)
3353 3756 3621 3809 duntaxat

367 3848 486 3915 ipsa
532 3835 869 3898 arcltittorum
895 3841 1212 3909 penetralia.
1241 3841 1597 3895 conciliorum
1623 3849 1747 3895 acta
1781 3842 1923 3910 ipsa,
1958 3840 2313 3916 Thucydides,
2372 3845 2643 3919 Polybios,
2694 3846 3004 3911 Sollustios.
3046 3846 3312 3910 Casares,
3376 3841 3621 3907 Tacitos.

370 3932 801 3995 Cuicciardiaos.
828 3927 1200 3987 Cotuatiutcos.
1224 3927 1360 3983 "ibi
1396 3944 1525 3983 sane
1550 3929 1840 4000 Eutycltins
1870 3934 1925 3983 in
1962 3930 2103 3986 hisce
2126 3944 2203 3990 est
2236 3935 2393 3989 ueluti
2428 3934 2572 3991 Beda
2602 3938 2758 4003 plane
2786 3935 3095 4008 .Eggptius.

450 4045 593 4103 Bene
619 4043 868 4117 quidem.
926 4039 1186 4101 Seldene.
1220 4040 1368 4096 ultro
1404 4054 1467 4096 ac
1515 4039 1752 4096 libenter
1788 4041 1886 4097 tibi
1920 4042 2267 4103 admittimus
2322 4047 2656 4121 Eutyrbium
2689 4047 2841 4103 omni
2898 4047 3004 4105 title
3050 4062 3173 4103 esse
3208 4048 3460 4117 dignum,
3511 4044 3624 4100 imo

374 4136 765 4209 dignissimum
800 4143 856 4189 et
892 4145 1110 4187 omnem
1140 4132 1220 4188 illi
1252 4130 1560 4185 habendam
1601 4131 1783 4196 tidem,
1818 4140 1983 4202 atque
2005 4134 2056 4188 ei
2092 4135 2259 4190 veluti
2292 4132 2449 4193 Beda
2478 4141 2642 4209 plane
2696 4136 2977 4211 mgyptio,
3006 4151 3115 4191 non
3147 4137 3326 4191 solum
3358 4135 3413 4189 in
3445 4134 3621 4199 hisce.

376 4228 475 4286 sed
506 4226 560 4281 in
591 4220 852 4280 omnibus
891 4233 1114 4292 quoque
1146 4218 1423 4280 articulis.
1450 4220 1516 4274 de
1544 4219 1747 4288 quibus
1777 4223 2160 4277 controversia
2217 4224 2380 4281 nobis
2408 4236 2496 4280 est
2534 4225 2844 4290 vobiscum,
2874 4226 3135 4280 standum
3198 4238 3344 4279 esse.
3371 4292 3379 4304 '
3412 4222 3622 4289 Quam.

367 4316 561 4375 obretn
594 4315 831 4385 ingenuo
855 4324 919 4365 ac
947 4311 1127 4381 prisce
1159 4307 1412 4380 proleras
1442 4321 1597 4379 rogo,
1630 4306 1763 4378 quid
1800 4307 1970 4363 sentit
1994 4305 2136 4364 Beda
2191 4310 2298 4367 iste
2329 4311 2399 4367 de
2429 4327 2662 4369 numero
2694 4324 3173 4369 sacramentorum
3206 4318 3318 4366 tam
3354 4308 3411 4364 in
3442 4310 3622 4365 libro-

371 4405 499 4460 nico
524 4410 818 4471 tantopere
848 4413 880 4453 a
915 4406 969 4453 te
1000 4396 1244 4456 laudato.
1279 4409 1441 4466 quam
1480 4397 1535 4450 in
1574 4396 1700 4452 aliis
1732 4395 1854 4464 eius
1881 4394 2208 4466 opusculis!
2261 4398 2395 4467 quid
2425 4398 2494 4455 de
2520 4401 2802 4455 sacriﬁcio
2835 4397 3063 4454 missa!
3096 4398 3229 4469 quid
3266 4396 3337 4452 de
3365 4395 3621 4466 corporis

368 4492 577 4552 Cbristi
616 4488 891 4551 realitate,
936 4500 1000 4541 ac
1037 4485 1155 4556 ipsa
1184 4483 1857 4539 trunssubstantiatione?
1904 4483 2035 4555 quid
2073 4486 2142 4540 de
2170 4496 2493 4546 sanctorum
2527 4489 2803 4559 reliquiis.
2841 4489 3215 4551 invocatione,
3254 4503 3317 4542 ne
3349 4487 3623 4542 interces-

372 4582 527 4639 sione
551 4579 578 4635 τ
605 4576 738 4649 quid
774 4575 845 4631 de
882 4574 1059 4631 sacris
1091 4571 1467 4642 imaginibus?
1494 4570 1625 4641 quid
1659 4571 1728 4626 de
1758 4571 2008 4627 ciborum
2039 4573 2273 4638 delectu.
2307 4574 2376 4630 tle
2401 4576 2647 4645 ieiuniis,
2679 4579 2748 4632 de
2774 4578 3053 4637 cclibatu.
3085 4587 3139 4631 et
3181 4576 3520 4645 virginitate.
3549 4574 3619 4632 de

377 4670 736 4732 monacltatu.
769 4665 837 4722 de
870 4663 1029 4719 bonis
1059 4662 1342 4731 operibus,
1376 4661 1443 4715 de
1478 4663 1644 4724 votis.
1675 4663 1743 4716 de
1772 4661 2065 4724 altaribus,
2095 4661 2163 4718 de
2216 4665 2376 4733 signo
2403 4666 2610 4729 erucis,
2665 4665 2734 4721 de
2790 4664 3203 4732 traditionibus,
3259 4666 3328 4721 de
3368 4664 3620 4720 Romana

376 4760 608 4824 sede,ac
645 4754 905 4811 Romanis
941 4751 1315 4822 pontiﬁcibus,
1348 4758 1403 4804 et
1436 4763 1504 4803 an
1539 4760 1767 4805 sanctus
1793 4747 1988 4804 Petrus
2016 4747 2246 4803 Romam
2278 4750 2350 4807 sit
2377 4752 2681 4822 prolectus,
2712 4753 2899 4825 ibique
2935 4755 3088 4809 cruci
3117 4756 3370 4809 inversus
3400 4752 3617 4815 almus.

379 4864 453 4907 an
494 4845 799 4902 Romanam
843 4840 1158 4898 fundaverit
1188 4840 1395 4901 sedem,
1428 4853 1495 4891 an
1540 4838 1773 4892 Romani
1808 4838 2093 4907 pontiliecs
2130 4837 2253 4908 ejus
2282 4839 2396 4893 sint
2430 4854 2827 4910 successores;
2866 4844 3198 4914 demumque
3228 4844 3295 4897 tle
3324 4844 3449 4899 aliis
3473 4843 3622 4909 ejus-

380 4932 523 4992 modi
558 4932 854 4994 sescentis,
883 4946 1003 5000 quae
1040 4924 1439 4981 Protcstantica
1489 4926 1825 4995 impudentia
1864 4923 2233 4981 Romanorum
2284 4930 2600 4998 pitttillcum
2647 4945 2774 4986 esse
2825 4940 3136 4985 commenta
3209 4944 3460 4986 asserere
3510 4946 3621 4986 non

376 5032 638 5075 verentur
672 5016 888 5074 vestri?
924 5020 990 5071 At
1019 5015 1089 5070 de
1118 5016 1204 5069 bis
1234 5013 1354 5068 luse
1384 5012 1439 5066 in
1468 5026 1740 5068 consensa
1777 5011 2137 5077 Orientalium
2170 5022 2283 5067 tam
2343 5015 2484 5069 inter
2534 5032 2616 5080 se,
2649 5032 2817 5089 quam
2873 5031 2999 5072 cum
3053 5014 3298 5073 Ecclesia
3349 5015 3623 5083 Romana,

380 5109 493 5162 Deo
528 5106 740 5160 favente
769 5103 1040 5160 dicemus.

449 5216 622 5273 Porro
648 5218 714 5271 ad
752 5231 864 5271 rem
894 5214 1065 5285 ipsam
1109 5216 1222 5286 jam
1254 5215 1561 5279 veniamus,
1590 5211 2078 5284 espendamusque
2106 5228 2203 5270 eos
2236 5210 2394 5271 Beda
2425 5214 2595 5286 hujus
2649 5213 2893 5286 Egyptii
2928 5215 3109 5283 locos,
3158 5228 3227 5271 es
3265 5216 3469 5285 quibus
3520 5230 3619 5273 sua

379 5318 636 5364 astruere
660 5314 890 5360 conatur
913 5312 1110 5358 contra
1158 5319 1258 5359 nos
1305 5313 1634 5373 argumenta
1684 5300 1978 5357 Seldenus.
2011 5298 2079 5357 Et
2116 5314 2175 5359 ut
2210 5317 2300 5358 res
2351 5304 2553 5359 melius
2579 5320 2609 5359 a
2645 5306 2947 5361 lectoribus
2998 5304 3211 5361 nostris
3259 5303 3622 5375 intelligatur,

383 5394 762 5467 praemittenda
796 5403 882 5449 est
910 5391 1162 5465 Eutychii
1200 5393 1433 5447 Arabica
1468 5390 1730 5446 Periocha
1764 5404 1891 5445 cum
1920 5387 2116 5445 Latina
2152 5389 2373 5447 Seldeni
2406 5392 2879 5464 interpretatione,
2911 5409 3077 5465 quant
3113 5404 3303 5449 nostra
3334 5404 3621 5464 sequetur.

391 5481 620 5538 Errores
647 5497 778 5537 vero
802 5488 858 5535 et
888 5480 1135 5542 mendas.
1171 5495 1296 5550 qua
1324 5480 1390 5535 ad
1427 5478 1602 5549 ipsam
1641 5477 2079 5534 controversiam
2111 5494 2220 5535 non
2252 5482 2528 5552 pertinent
2584 5484 2748 5555 (quas
2812 5484 3000 5554 plures
3029 5490 3088 5538 et
3112 5497 3310 5552 graves
3338 5483 3623 5540 commisit

378 5580 492 5625 tam
519 5572 573 5627 in
623 5569 901 5635 Periocha,
934 5583 1096 5636 quant
1126 5568 1180 5622 iu
1229 5566 1698 5633 Commentariis),
1748 5564 1815 5619 ad
1871 5566 2082 5622 calcem
2121 5568 2327 5640 Operis
2361 5571 2722 5641 castigandas
2768 5585 2893 5628 esse
2920 5570 3294 5635 comodius.
3325 5571 3614 5628 duximus.

378 5656 580 5714 Nostra
611 5668 792 5714 autem
824 5657 967 5711 dicta
1002 5671 1112 5713 non
1148 5655 1313 5712 modo
1363 5671 1426 5711 es
1461 5654 1737 5725 Eutyebio
1770 5650 1891 5725 ipso
1922 5663 1976 5710 et
2026 5656 2438 5725 antiquissimis
2494 5659 2761 5717 Ecclesia
2809 5659 3195 5717 Alexandrina
3242 5661 3619 5718 monumentis

381 5747 727 5803 lirmabintus
753 5763 772 5813 ;
800 5744 895 5803 sed
925 5744 1096 5802 etiam
1125 5760 1194 5801 es
1225 5744 1459 5800 aliorum
1491 5742 1859 5799 Orientalium
1893 5740 2225 5799 testimoniis
2256 5752 2311 5798 et
2338 5744 2794 5800 auctoritatibus.
2845 5742 2940 5799 Sic
2967 5743 3115 5798 enim
3159 5742 3321 5798 facile
3354 5741 3620 5799 videbunt

383 5832 707 5909 adversarii,
737 5845 989 5909 quaenam
1024 5834 1097 5891 sit
1128 5831 1378 5903 Eutycbii
1418 5845 1571 5888 mens
1601 5840 1656 5887 et
1688 5844 1887 5887 sensus
1919 5837 1974 5888 et
2007 5844 2172 5903 quam
2206 5832 2380 5888 mirus
2415 5832 2659 5890 omnium
2691 5830 3068 5891 Orientalium
3103 5831 3176 5890 sit
3212 5844 3543 5890 consensus.
