  <div class='ocr_page' id='page_1' title='image "/cluster/home/n/w/nwhite01/storage/ocr_20150623/111/mdp.39015009379887/459.png"; bbox 0 0 4068 6160; ppageno 0'>
   <div class='ocr_carea' id='block_1_1' title="bbox 515 234 3768 309">
    <p class='ocr_par' dir='ltr' id='par_1_1' title="bbox 515 234 3768 309">
     <span class='ocr_line' id='line_1_1' title="bbox 515 234 3768 309; baseline -0.004 -2"><span class='ocrx_word' id='word_1_1' title='bbox 515 246 619 309; x_wconf 75' lang='grc'><strong>903</strong></span> <span class='ocrx_word' id='word_1_2' title='bbox 1554 242 1916 303; x_wconf 80' lang='lat' dir='ltr'><strong>EUTYCHII</strong></span> <span class='ocrx_word' id='word_1_3' title='bbox 1956 237 2496 299; x_wconf 79' lang='lat' dir='ltr'><strong>ALEXANDRINI</strong></span> <span class='ocrx_word' id='word_1_4' title='bbox 2538 240 2738 298; x_wconf 80' lang='lat' dir='ltr'><strong>PATR</strong></span> <span class='ocrx_word' id='word_1_5' title='bbox 3651 234 3768 300; x_wconf 68' lang='lat'><strong>904</strong></span> 
     </span>
    </p>
   </div>
   <div class='ocr_carea' id='block_1_2' title="bbox 583 346 3774 422">
    <p class='ocr_par' dir='ltr' id='par_1_2' title="bbox 583 346 3774 422">
     <span class='ocr_line' id='line_1_2' title="bbox 583 346 3774 422; baseline -0.001 -16"><span class='ocrx_word' id='word_1_6' title='bbox 583 360 649 406; x_wconf 84' lang='lat' dir='ltr'><strong>At</strong></span> <span class='ocrx_word' id='word_1_7' title='bbox 679 355 867 406; x_wconf 72' lang='lat' dir='ltr'><strong>isthrec</strong></span> <span class='ocrx_word' id='word_1_8' title='bbox 903 354 1255 408; x_wconf 86' lang='lat' dir='ltr'><strong>meditantem</strong></span> <span class='ocrx_word' id='word_1_9' title='bbox 1290 352 1659 422; x_wconf 75' lang='lat' dir='ltr'><strong>interpellavit</strong></span> <span class='ocrx_word' id='word_1_10' title='bbox 1688 365 1965 406; x_wconf 76' lang='lat' dir='ltr'><strong>nonnemo</strong></span> <span class='ocrx_word' id='word_1_11' title='bbox 1994 349 2185 403; x_wconf 88' lang='lat' dir='ltr'><strong>dicens</strong></span> <span class='ocrx_word' id='word_1_12' title='bbox 2216 366 2228 402; x_wconf 92' lang='lat'><strong>:</strong></span> <span class='ocrx_word' id='word_1_13' title='bbox 2268 346 2442 415; x_wconf 80' lang='lat' dir='ltr'><strong>Heus,</strong></span> <span class='ocrx_word' id='word_1_14' title='bbox 2483 347 2797 403; x_wconf 79' lang='lat' dir='ltr'><strong>Abraham!</strong></span> <span class='ocrx_word' id='word_1_15' title='bbox 2833 348 2897 402; x_wconf 90' lang='lat' dir='ltr'><strong>ad</strong></span> <span class='ocrx_word' id='word_1_16' title='bbox 2936 349 3066 417; x_wconf 87' lang='lat' dir='ltr'><strong>quid</strong></span> <span class='ocrx_word' id='word_1_17' title='bbox 3100 364 3271 405; x_wconf 87' lang='lat' dir='ltr'><strong>vanos</strong></span> <span class='ocrx_word' id='word_1_18' title='bbox 3303 348 3575 420; x_wconf 80' lang='lat' dir='ltr'><strong>impendis</strong></span> <span class='ocrx_word' id='word_1_19' title='bbox 3600 348 3774 403; x_wconf 71' lang='lat' dir='ltr'><strong>laboo</strong></span> 
     </span>
    </p>
   </div>
   <div class='ocr_carea' id='block_1_3' title="bbox 511 435 3769 510">
    <p class='ocr_par' dir='ltr' id='par_1_3' title="bbox 511 435 3769 510">
     <span class='ocr_line' id='line_1_3' title="bbox 511 435 3769 510; baseline -0.001 -17"><span class='ocrx_word' id='word_1_20' title='bbox 511 442 640 493; x_wconf 78' lang='lat' dir='ltr'><strong>res?</strong></span> <span class='ocrx_word' id='word_1_21' title='bbox 676 442 721 494; x_wconf 84' lang='lat' dir='ltr'><strong>si</strong></span> <span class='ocrx_word' id='word_1_22' title='bbox 758 442 986 510; x_wconf 82' lang='lat' dir='ltr'><strong>Moysen</strong></span> <span class='ocrx_word' id='word_1_23' title='bbox 1028 451 1082 493; x_wconf 85' lang='lat' dir='ltr'><strong>et</strong></span> <span class='ocrx_word' id='word_1_24' title='bbox 1122 442 1437 509; x_wconf 75' lang='lat' dir='ltr'><strong>prophetas,</strong></span> <span class='ocrx_word' id='word_1_25' title='bbox 1471 455 1612 509; x_wconf 87' lang='lat' dir='ltr'><strong>quos</strong></span> <span class='ocrx_word' id='word_1_26' title='bbox 1650 441 1873 502; x_wconf 90' lang='lat' dir='ltr'><strong>habent,</strong></span> <span class='ocrx_word' id='word_1_27' title='bbox 1912 452 2017 490; x_wconf 89' lang='lat' dir='ltr'><strong>non</strong></span> <span class='ocrx_word' id='word_1_28' title='bbox 2073 436 2329 498; x_wconf 88' lang='lat' dir='ltr'><strong>audiunt,</strong></span> <span class='ocrx_word' id='word_1_29' title='bbox 2364 446 2617 505; x_wconf 82' lang='lat' dir='ltr'><strong>putasne,</strong></span> <span class='ocrx_word' id='word_1_30' title='bbox 2671 438 2803 491; x_wconf 82' lang='lat' dir='ltr'><strong>illos</strong></span> <span class='ocrx_word' id='word_1_31' title='bbox 2852 436 3158 498; x_wconf 83' lang='lat' dir='ltr'><strong>audituros,</strong></span> <span class='ocrx_word' id='word_1_32' title='bbox 3191 446 3283 491; x_wconf 89' lang='lat' dir='ltr'><strong>aut</strong></span> <span class='ocrx_word' id='word_1_33' title='bbox 3332 438 3661 501; x_wconf 82' lang='lat' dir='ltr'><strong>credituros,</strong></span> <span class='ocrx_word' id='word_1_34' title='bbox 3720 435 3769 489; x_wconf 86' lang='lat' dir='ltr'><strong>si</strong></span> 
     </span>
    </p>
   </div>
   <div class='ocr_carea' id='block_1_4' title="bbox 511 522 3769 596">
    <p class='ocr_par' dir='ltr' id='par_1_4' title="bbox 511 522 3769 596">
     <span class='ocr_line' id='line_1_4' title="bbox 511 522 3769 596; baseline -0.001 -17"><span class='ocrx_word' id='word_1_35' title='bbox 511 538 662 581; x_wconf 92' lang='lat' dir='ltr'><strong>tuum</strong></span> <span class='ocrx_word' id='word_1_36' title='bbox 697 527 913 582; x_wconf 85' lang='lat' dir='ltr'><strong>miseris</strong></span> <span class='ocrx_word' id='word_1_37' title='bbox 951 530 1016 580; x_wconf 89' lang='lat' dir='ltr'><strong>ad</strong></span> <span class='ocrx_word' id='word_1_38' title='bbox 1046 543 1140 580; x_wconf 89' lang='lat' dir='ltr'><strong>eos</strong></span> <span class='ocrx_word' id='word_1_39' title='bbox 1175 527 1506 581; x_wconf 88' lang='lat' dir='ltr'><strong>Orientalem</strong></span> <span class='ocrx_word' id='word_1_40' title='bbox 1540 526 1832 590; x_wconf 87' lang='lat' dir='ltr'><strong>Lazarum,</strong></span> <span class='ocrx_word' id='word_1_41' title='bbox 1867 533 1962 577; x_wconf 86' lang='lat' dir='ltr'><strong>aut</strong></span> <span class='ocrx_word' id='word_1_42' title='bbox 1995 539 2062 577; x_wconf 79' lang='lat' dir='ltr'><strong>ex</strong></span> <span class='ocrx_word' id='word_1_43' title='bbox 2107 523 2215 578; x_wconf 91' lang='lat' dir='ltr'><strong>tuis</strong></span> <span class='ocrx_word' id='word_1_44' title='bbox 2247 525 2481 579; x_wconf 89' lang='lat' dir='ltr'><strong>mortuis</strong></span> <span class='ocrx_word' id='word_1_45' title='bbox 2512 526 2826 594; x_wconf 81' lang='lat' dir='ltr'><strong>quempiam</strong></span> <span class='ocrx_word' id='word_1_46' title='bbox 2870 526 3086 579; x_wconf 86' lang='lat' dir='ltr'><strong>alium?</strong></span> <span class='ocrx_word' id='word_1_47' title='bbox 3126 524 3268 580; x_wconf 90' lang='lat' dir='ltr'><strong>lluic</strong></span> <span class='ocrx_word' id='word_1_48' title='bbox 3296 539 3433 596; x_wconf 85' lang='lat' dir='ltr'><strong>ego:</strong></span> <span class='ocrx_word' id='word_1_49' title='bbox 3470 522 3608 588; x_wconf 82' lang='lat' dir='ltr'><strong>Quid</strong></span> <span class='ocrx_word' id='word_1_50' title='bbox 3644 524 3769 577; x_wconf 84' lang='lat' dir='ltr'><strong>sint</strong></span> 
     </span>
    </p>
   </div>
   <div class='ocr_carea' id='block_1_5' title="bbox 512 610 3773 685">
    <p class='ocr_par' dir='ltr' id='par_1_5' title="bbox 512 610 3773 685">
     <span class='ocr_line' id='line_1_5' title="bbox 512 610 3773 685; baseline -0.001 -18"><span class='ocrx_word' id='word_1_51' title='bbox 512 616 731 677; x_wconf 76' lang='lat' dir='ltr'><strong>facturi,</strong></span> <span class='ocrx_word' id='word_1_52' title='bbox 767 616 965 677; x_wconf 89' lang='lat' dir='ltr'><strong>amice,</strong></span> <span class='ocrx_word' id='word_1_53' title='bbox 1030 630 1254 684; x_wconf 79' lang='lat' dir='ltr'><strong>prorsus</strong></span> <span class='ocrx_word' id='word_1_54' title='bbox 1284 615 1515 683; x_wconf 85' lang='lat' dir='ltr'><strong>ignoro;</strong></span> <span class='ocrx_word' id='word_1_55' title='bbox 1565 622 1621 668; x_wconf 86' lang='lat' dir='ltr'><strong>at</strong></span> <span class='ocrx_word' id='word_1_56' title='bbox 1650 610 1780 682; x_wconf 87' lang='lat' dir='ltr'><strong>quid</strong></span> <span class='ocrx_word' id='word_1_57' title='bbox 1812 627 1943 665; x_wconf 70' lang='lat' dir='ltr'><strong>mere</strong></span> <span class='ocrx_word' id='word_1_58' title='bbox 1975 611 2253 679; x_wconf 80' lang='lat' dir='ltr'><strong>postulant</strong></span> <span class='ocrx_word' id='word_1_59' title='bbox 2288 622 2492 680; x_wconf 87' lang='lat' dir='ltr'><strong>partes,</strong></span> <span class='ocrx_word' id='word_1_60' title='bbox 2524 612 2698 668; x_wconf 81' lang='lat' dir='ltr'><strong>habeo</strong></span> <span class='ocrx_word' id='word_1_61' title='bbox 2730 629 2795 667; x_wconf 84' lang='lat' dir='ltr'><strong>ex</strong></span> <span class='ocrx_word' id='word_1_62' title='bbox 2830 613 2894 666; x_wconf 85' lang='grc' dir='ltr'><strong>Ι).</strong></span> <span class='ocrx_word' id='word_1_63' title='bbox 2925 611 3130 667; x_wconf 85' lang='lat' dir='ltr'><strong>Jacobo</strong></span> <span class='ocrx_word' id='word_1_64' title='bbox 3159 614 3298 685; x_wconf 80' lang='lat' dir='ltr'><strong>Syro</strong></span> <span class='ocrx_word' id='word_1_65' title='bbox 3327 616 3379 667; x_wconf 87' lang='lat' dir='ltr'><strong>in</strong></span> <span class='ocrx_word' id='word_1_66' title='bbox 3413 614 3657 666; x_wconf 81' lang='lat' dir='ltr'><strong>carmine</strong></span> <span class='ocrx_word' id='word_1_67' title='bbox 3699 610 3773 665; x_wconf 86' lang='lat' dir='ltr'><strong>de</strong></span> 
     </span>
    </p>
   </div>
   <div class='ocr_carea' id='block_1_6' title="bbox 512 698 3772 769">
    <p class='ocr_par' dir='ltr' id='par_1_6' title="bbox 512 698 3772 769">
     <span class='ocr_line' id='line_1_6' title="bbox 512 698 3772 769; baseline -0 -17"><span class='ocrx_word' id='word_1_68' title='bbox 512 717 702 755; x_wconf 75' lang='lat' dir='ltr'><strong>amore</strong></span> <span class='ocrx_word' id='word_1_69' title='bbox 733 711 788 756; x_wconf 85' lang='lat' dir='ltr'><strong>et</strong></span> <span class='ocrx_word' id='word_1_70' title='bbox 824 701 1009 755; x_wconf 75' lang='lat' dir='ltr'><strong>studio</strong></span> <span class='ocrx_word' id='word_1_71' title='bbox 1044 703 1289 755; x_wconf 78' lang='lat' dir='ltr'><strong>veritatis</strong></span> <span class='ocrx_word' id='word_1_72' title='bbox 1324 703 1399 755; x_wconf 85' lang='lat' dir='ltr'><strong>ita</strong></span> <span class='ocrx_word' id='word_1_73' title='bbox 1440 703 1716 755; x_wconf 80' lang='lat' dir='ltr'><strong>scribente</strong></span> <span class='ocrx_word' id='word_1_74' title='bbox 1745 716 1758 751; x_wconf 88' lang='lat'><strong>:</strong></span> <span class='ocrx_word' id='word_1_75' title='bbox 1791 698 2046 766; x_wconf 78' lang='lat' dir='ltr'><strong>Loquere,</strong></span> <span class='ocrx_word' id='word_1_76' title='bbox 2076 699 2287 769; x_wconf 81' lang='lat' dir='ltr'><strong>loquere</strong></span> <span class='ocrx_word' id='word_1_77' title='bbox 2320 713 2397 765; x_wconf 74' lang='lat' dir='ltr'><strong>tu,</strong></span> <span class='ocrx_word' id='word_1_78' title='bbox 2439 702 2523 752; x_wconf 82' lang='lat' dir='ltr'><strong>cui</strong></span> <span class='ocrx_word' id='word_1_79' title='bbox 2556 701 2873 769; x_wconf 81' lang='lat' dir='ltr'><strong>loquendum</strong></span> <span class='ocrx_word' id='word_1_80' title='bbox 2910 709 3008 765; x_wconf 80' lang='lat' dir='ltr'><strong>eu,</strong></span> <span class='ocrx_word' id='word_1_81' title='bbox 3034 702 3259 753; x_wconf 80' lang='lat' dir='ltr'><strong>audiant</strong></span> <span class='ocrx_word' id='word_1_82' title='bbox 3290 713 3358 762; x_wconf 81' lang='lat' dir='ltr'><strong>te,</strong></span> <span class='ocrx_word' id='word_1_83' title='bbox 3394 700 3475 754; x_wconf 68' lang='lat' dir='ltr'><strong>vel</strong></span> <span class='ocrx_word' id='word_1_84' title='bbox 3517 716 3620 753; x_wconf 85' lang='lat' dir='ltr'><strong>non</strong></span> <span class='ocrx_word' id='word_1_85' title='bbox 3657 716 3772 751; x_wconf 82' lang='lat' dir='ltr'><strong>au-</strong></span> 
     </span>
    </p>
   </div>
   <div class='ocr_carea' id='block_1_7' title="bbox 508 787 3773 860">
    <p class='ocr_par' dir='ltr' id='par_1_7' title="bbox 508 787 3773 860">
     <span class='ocr_line' id='line_1_7' title="bbox 508 787 3773 860; baseline 0.001 -21"><span class='ocrx_word' id='word_1_86' title='bbox 508 790 681 851; x_wconf 72' lang='lat' dir='ltr'><strong>diunt,</strong></span> <span class='ocrx_word' id='word_1_87' title='bbox 726 804 788 841; x_wconf 82' lang='lat' dir='ltr'><strong>ne</strong></span> <span class='ocrx_word' id='word_1_88' title='bbox 821 804 990 843; x_wconf 73' lang='lat' dir='ltr'><strong>resse:</strong></span> <span class='ocrx_word' id='word_1_89' title='bbox 1027 788 1191 856; x_wconf 82' lang='lat' dir='ltr'><strong>loqui.</strong></span> <span class='ocrx_word' id='word_1_90' title='bbox 1224 788 1464 855; x_wconf 71' lang='lat' dir='ltr'><strong>Aiquum</strong></span> <span class='ocrx_word' id='word_1_91' title='bbox 1525 798 1728 849; x_wconf 86' lang='lat' dir='ltr'><strong>tamen,</strong></span> <span class='ocrx_word' id='word_1_92' title='bbox 1764 802 1827 839; x_wconf 89' lang='lat' dir='ltr'><strong>ac</strong></span> <span class='ocrx_word' id='word_1_93' title='bbox 1860 800 1957 855; x_wconf 90' lang='lat' dir='ltr'><strong>par</strong></span> <span class='ocrx_word' id='word_1_94' title='bbox 1986 792 2069 839; x_wconf 78' lang='lat' dir='ltr'><strong>est</strong></span> <span class='ocrx_word' id='word_1_95' title='bbox 2101 788 2345 851; x_wconf 79' lang='lat' dir='ltr'><strong>credere,</strong></span> <span class='ocrx_word' id='word_1_96' title='bbox 2394 805 2488 842; x_wconf 81' lang='lat' dir='ltr'><strong>cos</strong></span> <span class='ocrx_word' id='word_1_97' title='bbox 2519 788 2827 851; x_wconf 86' lang='lat' dir='ltr'><strong>audituros,</strong></span> <span class='ocrx_word' id='word_1_98' title='bbox 2875 803 3239 860; x_wconf 82' lang='lat' dir='ltr'><strong>cessurosque</strong></span> <span class='ocrx_word' id='word_1_99' title='bbox 3268 787 3487 843; x_wconf 87' lang='lat' dir='ltr'><strong>illorum</strong></span> <span class='ocrx_word' id='word_1_100' title='bbox 3518 787 3773 844; x_wconf 75' lang='lat' dir='ltr'><strong>auctori-</strong></span> 
     </span>
    </p>
   </div>
   <div class='ocr_carea' id='block_1_8' title="bbox 509 876 3657 960">
    <p class='ocr_par' dir='ltr' id='par_1_8' title="bbox 509 876 3657 960">
     <span class='ocr_line' id='line_1_8' title="bbox 509 876 3657 960; baseline 0.003 -36"><span class='ocrx_word' id='word_1_101' title='bbox 509 878 623 936; x_wconf 61' lang='lat' dir='ltr'><strong>inti,</strong></span> <span class='ocrx_word' id='word_1_102' title='bbox 658 878 721 928; x_wconf 89' lang='lat' dir='ltr'><strong>ad</strong></span> <span class='ocrx_word' id='word_1_103' title='bbox 756 892 894 945; x_wconf 88' lang='lat' dir='ltr'><strong>quos</strong></span> <span class='ocrx_word' id='word_1_104' title='bbox 927 886 1323 944; x_wconf 86' lang='lat' dir='ltr'><strong>provocarunt.</strong></span> <span class='ocrx_word' id='word_1_105' title='bbox 1364 876 1731 942; x_wconf 89' lang='lat' dir='ltr'><strong>Quamobrem</strong></span> <span class='ocrx_word' id='word_1_106' title='bbox 1767 882 1952 927; x_wconf 87' lang='lat' dir='ltr'><strong>votum</strong></span> <span class='ocrx_word' id='word_1_107' title='bbox 1986 878 2252 931; x_wconf 83' lang='lat' dir='ltr'><strong>secundet</strong></span> <span class='ocrx_word' id='word_1_108' title='bbox 2283 879 2375 947; x_wconf 88' lang='lat' dir='ltr'><strong>qui</strong></span> <span class='ocrx_word' id='word_1_109' title='bbox 2411 889 2593 951; x_wconf 79' lang='lat' dir='ltr'><strong>potest</strong></span> <span class='ocrx_word' id='word_1_110' title='bbox 2625 887 2909 949; x_wconf 88' lang='lat' dir='ltr'><strong>nostrum,</strong></span> <span class='ocrx_word' id='word_1_111' title='bbox 2948 878 3115 935; x_wconf 90' lang='lat' dir='ltr'><strong>Deus.</strong></span> <span class='ocrx_word' id='word_1_112' title='bbox 3628 918 3657 960; x_wconf 46' lang='grc' dir='ltr'><em>θ</em></span> 
     </span>
    </p>
   </div>
   <div class='ocr_carea' id='block_1_9' title="bbox 1398 1124 2902 1195">
    <p class='ocr_par' dir='ltr' id='par_1_9' title="bbox 1398 1124 2902 1195">
     <span class='ocr_line' id='line_1_9' title="bbox 1398 1124 2902 1195; baseline 0.005 -7"><span class='ocrx_word' id='word_1_113' title='bbox 1398 1126 1819 1189; x_wconf 78' lang='lat' dir='ltr'><strong>EUTYCHII</strong></span> <span class='ocrx_word' id='word_1_114' title='bbox 1854 1124 2425 1190; x_wconf 63' lang='lat' dir='ltr'><strong>I’ATRIARCII/E</strong></span> <span class='ocrx_word' id='word_1_115' title='bbox 2466 1127 2902 1195; x_wconf 79' lang='lat' dir='ltr'><strong>PERIOCHA</strong></span> 
     </span>
    </p>
   </div>
   <div class='ocr_carea' id='block_1_10' title="bbox 956 1338 3426 1406">
    <p class='ocr_par' dir='ltr' id='par_1_10' title="bbox 956 1338 3426 1406">
     <span class='ocr_line' id='line_1_10' title="bbox 956 1338 3426 1406; baseline 0.004 -11"><span class='ocrx_word' id='word_1_116' title='bbox 956 1338 1089 1396; x_wconf 79' lang='lat' dir='ltr'><strong>Cum</strong></span> <span class='ocrx_word' id='word_1_117' title='bbox 1124 1338 1360 1392; x_wconf 57' lang='lat' dir='ltr'><strong>versione</strong></span> <span class='ocrx_word' id='word_1_118' title='bbox 1392 1338 1627 1393; x_wconf 74' lang='lat' dir='ltr'><strong>Seldem‘.</strong></span> <span class='ocrx_word' id='word_1_119' title='bbox 2109 1346 2153 1398; x_wconf 74' lang='grc' dir='ltr'>Α</span> <span class='ocrx_word' id='word_1_120' title='bbox 2493 1339 2628 1395; x_wconf 82' lang='lat' dir='ltr'><strong>Cum</strong></span> <span class='ocrx_word' id='word_1_121' title='bbox 2665 1345 2905 1399; x_wconf 74' lang='lat' dir='ltr'><strong>versione</strong></span> <span class='ocrx_word' id='word_1_122' title='bbox 2933 1361 3068 1401; x_wconf 79' lang='lat' dir='ltr'><strong>noua</strong></span> <span class='ocrx_word' id='word_1_123' title='bbox 3099 1346 3169 1401; x_wconf 87' lang='lat' dir='ltr'><strong>ad</strong></span> <span class='ocrx_word' id='word_1_124' title='bbox 3197 1347 3426 1406; x_wconf 79' lang='lat' dir='ltr'><strong>uerbum.</strong></span> 
     </span>
    </p>
   </div>
   <div class='ocr_carea' id='block_1_11' title="bbox 575 1452 2077 1525">
    <p class='ocr_par' dir='ltr' id='par_1_11' title="bbox 575 1452 2077 1525">
     <span class='ocr_line' id='line_1_11' title="bbox 575 1452 2077 1525; baseline -0.004 -14"><span class='ocrx_word' id='word_1_125' title='bbox 575 1458 771 1511; x_wconf 81' lang='lat' dir='ltr'><strong>Annus</strong></span> <span class='ocrx_word' id='word_1_126' title='bbox 831 1453 1092 1525; x_wconf 76' lang='lat' dir='ltr'><strong>agebatur</strong></span> <span class='ocrx_word' id='word_1_127' title='bbox 1139 1452 1357 1509; x_wconf 81' lang='lat' dir='ltr'><strong>Claudii</strong></span> <span class='ocrx_word' id='word_1_128' title='bbox 1405 1452 1645 1507; x_wconf 67' lang='lat' dir='ltr'><strong>Cresaris</strong></span> <span class='ocrx_word' id='word_1_129' title='bbox 1697 1468 1898 1517; x_wconf 85' lang='lat' dir='ltr'><strong>nonus,</strong></span> <span class='ocrx_word' id='word_1_130' title='bbox 1955 1468 2077 1506; x_wconf 90' lang='lat' dir='ltr'><strong>cum</strong></span> 
     </span>
    </p>
   </div>
   <div class='ocr_carea' id='block_1_12' title="bbox 505 1544 2079 1614">
    <p class='ocr_par' dir='ltr' id='par_1_12' title="bbox 505 1544 2079 1614">
     <span class='ocr_line' id='line_1_12' title="bbox 505 1544 2079 1614; baseline -0.004 -13"><span class='ocrx_word' id='word_1_131' title='bbox 505 1546 724 1603; x_wconf 74' lang='lat' dir='ltr'><strong>Marcus</strong></span> <span class='ocrx_word' id='word_1_132' title='bbox 754 1546 1090 1614; x_wconf 73' lang='lat' dir='ltr'><strong>evangelista</strong></span> <span class='ocrx_word' id='word_1_133' title='bbox 1145 1547 1199 1599; x_wconf 90' lang='lat' dir='ltr'><strong>in</strong></span> <span class='ocrx_word' id='word_1_134' title='bbox 1246 1544 1382 1598; x_wconf 91' lang='lat' dir='ltr'><strong>urbe</strong></span> <span class='ocrx_word' id='word_1_135' title='bbox 1421 1552 1670 1597; x_wconf 84' lang='lat' dir='ltr'><strong>versatus</strong></span> <span class='ocrx_word' id='word_1_136' title='bbox 1712 1554 1795 1597; x_wconf 85' lang='lat' dir='ltr'><strong>est</strong></span> <span class='ocrx_word' id='word_1_137' title='bbox 1841 1545 2079 1595; x_wconf 83' lang='lat' dir='ltr'><strong>Alexan-</strong></span> 
     </span>
    </p>
   </div>
   <div class='ocr_carea' id='block_1_13' title="bbox 502 1638 2080 1710">
    <p class='ocr_par' dir='ltr' id='par_1_13' title="bbox 502 1638 2080 1710">
     <span class='ocr_line' id='line_1_13' title="bbox 502 1638 2080 1710; baseline -0.003 -14"><span class='ocrx_word' id='word_1_138' title='bbox 502 1643 657 1703; x_wconf 71' lang='lat' dir='ltr'><strong>driae,</strong></span> <span class='ocrx_word' id='word_1_139' title='bbox 689 1651 746 1695; x_wconf 93' lang='lat' dir='ltr'><strong>ut</strong></span> <span class='ocrx_word' id='word_1_140' title='bbox 776 1641 905 1695; x_wconf 88' lang='lat' dir='ltr'><strong>inde</strong></span> <span class='ocrx_word' id='word_1_141' title='bbox 943 1649 1341 1710; x_wconf 76' lang='lat' dir='ltr'><strong>propagaretur</strong></span> <span class='ocrx_word' id='word_1_142' title='bbox 1370 1642 1511 1709; x_wconf 85' lang='lat' dir='ltr'><strong>apud</strong></span> <span class='ocrx_word' id='word_1_143' title='bbox 1552 1638 1806 1693; x_wconf 84' lang='lat' dir='ltr'><strong>homines</strong></span> <span class='ocrx_word' id='word_1_144' title='bbox 1836 1638 1970 1692; x_wconf 85' lang='lat' dir='ltr'><strong>ﬁdes</strong></span> <span class='ocrx_word' id='word_1_145' title='bbox 2026 1639 2080 1693; x_wconf 89' lang='lat' dir='ltr'><strong>in</strong></span> 
     </span>
    </p>
   </div>
   <div class='ocr_carea' id='block_1_14' title="bbox 504 1731 2077 1797">
    <p class='ocr_par' dir='ltr' id='par_1_14' title="bbox 504 1731 2077 1797">
     <span class='ocr_line' id='line_1_14' title="bbox 504 1731 2077 1797; baseline -0.006 -8"><span class='ocrx_word' id='word_1_146' title='bbox 504 1736 726 1789; x_wconf 81' lang='lat' dir='ltr'><strong>Christo</strong></span> <span class='ocrx_word' id='word_1_147' title='bbox 781 1733 1015 1786; x_wconf 86' lang='lat' dir='ltr'><strong>Domino</strong></span> <span class='ocrx_word' id='word_1_148' title='bbox 1049 1741 1263 1785; x_wconf 73' lang='lat' dir='ltr'><strong>nostro.</strong></span> <span class='ocrx_word' id='word_1_149' title='bbox 1322 1731 1457 1784; x_wconf 85' lang='lat' dir='ltr'><strong>Dum</strong></span> <span class='ocrx_word' id='word_1_150' title='bbox 1510 1741 1689 1783; x_wconf 85' lang='lat' dir='ltr'><strong>autem</strong></span> <span class='ocrx_word' id='word_1_151' title='bbox 1746 1744 1843 1797; x_wconf 88' lang='lat' dir='ltr'><strong>per</strong></span> <span class='ocrx_word' id='word_1_152' title='bbox 1890 1731 2077 1783; x_wconf 88' lang='lat' dir='ltr'><strong>urbem</strong></span> 
     </span>
    </p>
   </div>
   <div class='ocr_carea' id='block_1_15' title="bbox 508 1822 2081 1894">
    <p class='ocr_par' dir='ltr' id='par_1_15' title="bbox 508 1822 2081 1894">
     <span class='ocr_line' id='line_1_15' title="bbox 508 1822 2081 1894; baseline -0.004 -14"><span class='ocrx_word' id='word_1_153' title='bbox 508 1827 740 1891; x_wconf 82' lang='lat' dir='ltr'><strong>incedit,</strong></span> <span class='ocrx_word' id='word_1_154' title='bbox 773 1825 1113 1894; x_wconf 70' lang='lat' dir='ltr'><strong>diﬁ‘ringitur</strong></span> <span class='ocrx_word' id='word_1_155' title='bbox 1142 1823 1312 1878; x_wconf 81' lang='lat' dir='ltr'><strong>calcei</strong></span> <span class='ocrx_word' id='word_1_156' title='bbox 1339 1824 1460 1892; x_wconf 91' lang='lat' dir='ltr'><strong>ejus</strong></span> <span class='ocrx_word' id='word_1_157' title='bbox 1489 1822 1731 1889; x_wconf 76' lang='lat' dir='ltr'><strong>corrigia</strong></span> <span class='ocrx_word' id='word_1_158' title='bbox 1764 1839 1777 1875; x_wconf 90' lang='lat'><strong>:</strong></span> <span class='ocrx_word' id='word_1_159' title='bbox 1815 1836 1977 1891; x_wconf 83' lang='lat' dir='ltr'><strong>quem</strong></span> <span class='ocrx_word' id='word_1_160' title='bbox 2020 1830 2081 1874; x_wconf 90' lang='lat' dir='ltr'><strong>ut</strong></span> 
     </span>
    </p>
   </div>
   <div class='ocr_carea' id='block_1_16' title="bbox 506 1913 2084 1982">
    <p class='ocr_par' dir='ltr' id='par_1_16' title="bbox 506 1913 2084 1982">
     <span class='ocr_line' id='line_1_16' title="bbox 506 1913 2084 1982; baseline -0.004 -11"><span class='ocrx_word' id='word_1_161' title='bbox 506 1920 778 1982; x_wconf 88' lang='lat' dir='ltr'><strong>reticeret,</strong></span> <span class='ocrx_word' id='word_1_162' title='bbox 828 1918 892 1969; x_wconf 89' lang='lat' dir='ltr'><strong>ad</strong></span> <span class='ocrx_word' id='word_1_163' title='bbox 945 1929 1190 1970; x_wconf 82' lang='lat' dir='ltr'><strong>sutorem</strong></span> <span class='ocrx_word' id='word_1_164' title='bbox 1246 1928 1306 1967; x_wconf 89' lang='lat' dir='ltr'><strong>se</strong></span> <span class='ocrx_word' id='word_1_165' title='bbox 1354 1915 1590 1967; x_wconf 84' lang='lat' dir='ltr'><strong>contulit</strong></span> <span class='ocrx_word' id='word_1_166' title='bbox 1635 1914 1859 1967; x_wconf 87' lang='lat' dir='ltr'><strong>nomine</strong></span> <span class='ocrx_word' id='word_1_167' title='bbox 1902 1913 2084 1966; x_wconf 61' lang='lat' dir='ltr'><strong>llanao</strong></span> 
     </span>
    </p>
   </div>
   <div class='ocr_carea' id='block_1_17' title="bbox 502 2004 2077 2077">
    <p class='ocr_par' dir='ltr' id='par_1_17' title="bbox 502 2004 2077 2077">
     <span class='ocr_line' id='line_1_17' title="bbox 502 2004 2077 2077; baseline -0.004 -15"><span class='ocrx_word' id='word_1_168' title='bbox 502 2011 672 2072; x_wconf 90' lang='lat' dir='ltr'><strong>niam,</strong></span> <span class='ocrx_word' id='word_1_169' title='bbox 710 2008 803 2077; x_wconf 89' lang='lat' dir='ltr'><strong>qui</strong></span> <span class='ocrx_word' id='word_1_170' title='bbox 838 2007 1035 2062; x_wconf 83' lang='lat' dir='ltr'><strong>subula</strong></span> <span class='ocrx_word' id='word_1_171' title='bbox 1067 2007 1131 2059; x_wconf 87' lang='lat' dir='ltr'><strong>ad</strong></span> <span class='ocrx_word' id='word_1_172' title='bbox 1165 2004 1552 2073; x_wconf 75' lang='lat' dir='ltr'><strong>perforandum</strong></span> <span class='ocrx_word' id='word_1_173' title='bbox 1573 2004 1816 2058; x_wconf 86' lang='lat' dir='ltr'><strong>calceum</strong></span> <span class='ocrx_word' id='word_1_174' title='bbox 1842 2014 2077 2073; x_wconf 88' lang='lat' dir='ltr'><strong>sumpta,</strong></span> 
     </span>
    </p>
   </div>
   <div class='ocr_carea' id='block_1_18' title="bbox 504 2095 2082 2167">
    <p class='ocr_par' dir='ltr' id='par_1_18' title="bbox 504 2095 2082 2167">
     <span class='ocr_line' id='line_1_18' title="bbox 504 2095 2082 2167; baseline -0.001 -17"><span class='ocrx_word' id='word_1_175' title='bbox 504 2100 735 2167; x_wconf 82' lang='lat' dir='ltr'><strong>digitum</strong></span> <span class='ocrx_word' id='word_1_176' title='bbox 774 2114 934 2152; x_wconf 86' lang='lat' dir='ltr'><strong>suum</strong></span> <span class='ocrx_word' id='word_1_177' title='bbox 983 2097 1307 2166; x_wconf 75' lang='lat' dir='ltr'><strong>perforavit,</strong></span> <span class='ocrx_word' id='word_1_178' title='bbox 1352 2097 1488 2149; x_wconf 88' lang='lat' dir='ltr'><strong>adeo</strong></span> <span class='ocrx_word' id='word_1_179' title='bbox 1530 2102 1588 2148; x_wconf 85' lang='lat' dir='ltr'><strong>ut</strong></span> <span class='ocrx_word' id='word_1_180' title='bbox 1628 2096 1856 2148; x_wconf 90' lang='lat' dir='ltr'><strong>multum</strong></span> <span class='ocrx_word' id='word_1_181' title='bbox 1894 2095 2082 2149; x_wconf 68' lang='lat' dir='ltr'><strong>efﬂue-</strong></span> 
     </span>
    </p>
   </div>
   <div class='ocr_carea' id='block_1_19' title="bbox 504 2185 2078 2258">
    <p class='ocr_par' dir='ltr' id='par_1_19' title="bbox 504 2185 2078 2258">
     <span class='ocr_line' id='line_1_19' title="bbox 504 2185 2078 2258; baseline 0 -18"><span class='ocrx_word' id='word_1_182' title='bbox 504 2201 582 2241; x_wconf 80' lang='lat' dir='ltr'><strong>ret</strong></span> <span class='ocrx_word' id='word_1_183' title='bbox 625 2192 931 2258; x_wconf 76' lang='lat' dir='ltr'><strong>sanguinis,</strong></span> <span class='ocrx_word' id='word_1_184' title='bbox 983 2204 1083 2242; x_wconf 87' lang='lat' dir='ltr'><strong>nec</strong></span> <span class='ocrx_word' id='word_1_185' title='bbox 1124 2189 1245 2242; x_wconf 87' lang='lat' dir='ltr'><strong>sine</strong></span> <span class='ocrx_word' id='word_1_186' title='bbox 1305 2187 1492 2240; x_wconf 84' lang='lat' dir='ltr'><strong>dolore</strong></span> <span class='ocrx_word' id='word_1_187' title='bbox 1542 2186 1771 2253; x_wconf 86' lang='lat' dir='ltr'><strong>ingenti.</strong></span> <span class='ocrx_word' id='word_1_188' title='bbox 1815 2185 2078 2240; x_wconf 84' lang='lat' dir='ltr'><strong>Submur-</strong></span> 
     </span>
    </p>
   </div>
   <div class='ocr_carea' id='block_1_20' title="bbox 504 2275 2082 2349">
    <p class='ocr_par' dir='ltr' id='par_1_20' title="bbox 504 2275 2082 2349">
     <span class='ocr_line' id='line_1_20' title="bbox 504 2275 2082 2349; baseline -0.003 -16"><span class='ocrx_word' id='word_1_189' title='bbox 504 2282 743 2334; x_wconf 82' lang='lat' dir='ltr'><strong>tnuranti</strong></span> <span class='ocrx_word' id='word_1_190' title='bbox 778 2281 945 2349; x_wconf 81' lang='lat' dir='ltr'><strong>igitur</strong></span> <span class='ocrx_word' id='word_1_191' title='bbox 995 2280 1047 2332; x_wconf 89' lang='lat' dir='ltr'><strong>iu</strong></span> <span class='ocrx_word' id='word_1_192' title='bbox 1086 2277 1365 2339; x_wconf 77' lang='lat' dir='ltr'><strong>Marcum,</strong></span> <span class='ocrx_word' id='word_1_193' title='bbox 1402 2276 1541 2330; x_wconf 82' lang='lat' dir='ltr'><strong>dixit</strong></span> <span class='ocrx_word' id='word_1_194' title='bbox 1575 2277 1621 2328; x_wconf 82' lang='lat' dir='ltr'><strong>ei</strong></span> <span class='ocrx_word' id='word_1_195' title='bbox 1656 2277 1765 2339; x_wconf 82' lang='lat' dir='ltr'><strong>ille,</strong></span> <span class='ocrx_word' id='word_1_196' title='bbox 1806 2275 1862 2329; x_wconf 87' lang='lat' dir='ltr'><strong>Si</strong></span> <span class='ocrx_word' id='word_1_197' title='bbox 1900 2278 2082 2331; x_wconf 83' lang='lat' dir='ltr'><strong>credi-</strong></span> 
     </span>
    </p>
   </div>
   <div class='ocr_carea' id='block_1_21' title="bbox 498 2366 2079 2438">
    <p class='ocr_par' dir='ltr' id='par_1_21' title="bbox 498 2366 2079 2438">
     <span class='ocr_line' id='line_1_21' title="bbox 498 2366 2079 2438; baseline -0.001 -13"><span class='ocrx_word' id='word_1_198' title='bbox 498 2374 645 2426; x_wconf 78' lang='lat' dir='ltr'><strong>deris</strong></span> <span class='ocrx_word' id='word_1_199' title='bbox 669 2372 721 2425; x_wconf 91' lang='lat' dir='ltr'><strong>in</strong></span> <span class='ocrx_word' id='word_1_200' title='bbox 755 2371 943 2426; x_wconf 75' lang='lat' dir='ltr'><strong>Iesum</strong></span> <span class='ocrx_word' id='word_1_201' title='bbox 979 2370 1261 2424; x_wconf 83' lang='lat' dir='ltr'><strong>Christum</strong></span> <span class='ocrx_word' id='word_1_202' title='bbox 1302 2368 1498 2421; x_wconf 81' lang='lat' dir='ltr'><strong>Filium</strong></span> <span class='ocrx_word' id='word_1_203' title='bbox 1548 2366 1684 2432; x_wconf 87' lang='lat' dir='ltr'><strong>Dei,</strong></span> <span class='ocrx_word' id='word_1_204' title='bbox 1722 2368 1924 2438; x_wconf 76' lang='lat' dir='ltr'><strong>digitus</strong></span> <span class='ocrx_word' id='word_1_205' title='bbox 1952 2377 2079 2424; x_wconf 88' lang='lat' dir='ltr'><strong>tuus</strong></span> 
     </span>
    </p>
   </div>
   <div class='ocr_carea' id='block_1_22' title="bbox 499 2458 2077 2528">
    <p class='ocr_par' dir='ltr' id='par_1_22' title="bbox 499 2458 2077 2528">
     <span class='ocr_line' id='line_1_22' title="bbox 499 2458 2077 2528; baseline -0.002 -12"><span class='ocrx_word' id='word_1_206' title='bbox 499 2464 809 2516; x_wconf 82' lang='lat' dir='ltr'><strong>sanabitur.</strong></span> <span class='ocrx_word' id='word_1_207' title='bbox 859 2461 1139 2517; x_wconf 81' lang='lat' dir='ltr'><strong>Prehenso</strong></span> <span class='ocrx_word' id='word_1_208' title='bbox 1184 2459 1353 2528; x_wconf 76' lang='lat' dir='ltr'><strong>igitur</strong></span> <span class='ocrx_word' id='word_1_209' title='bbox 1383 2458 1561 2525; x_wconf 80' lang='lat' dir='ltr'><strong>digito</strong></span> <span class='ocrx_word' id='word_1_210' title='bbox 1625 2459 1746 2525; x_wconf 86' lang='lat' dir='ltr'><strong>ejus</strong></span> <span class='ocrx_word' id='word_1_211' title='bbox 1792 2460 1975 2513; x_wconf 83' lang='lat' dir='ltr'><strong>dixit:</strong></span> <span class='ocrx_word' id='word_1_212' title='bbox 2019 2461 2077 2513; x_wconf 91' lang='lat' dir='ltr'><strong>ln</strong></span> 
     </span>
    </p>
   </div>
   <div class='ocr_carea' id='block_1_23' title="bbox 502 2550 2077 2618">
    <p class='ocr_par' dir='ltr' id='par_1_23' title="bbox 502 2550 2077 2618">
     <span class='ocr_line' id='line_1_23' title="bbox 502 2550 2077 2618; baseline -0.003 -12"><span class='ocrx_word' id='word_1_213' title='bbox 502 2556 719 2607; x_wconf 86' lang='lat' dir='ltr'><strong>nomine</strong></span> <span class='ocrx_word' id='word_1_214' title='bbox 746 2553 876 2607; x_wconf 82' lang='lat' dir='ltr'><strong>Jesu</strong></span> <span class='ocrx_word' id='word_1_215' title='bbox 899 2552 1107 2607; x_wconf 83' lang='lat' dir='ltr'><strong>Christi</strong></span> <span class='ocrx_word' id='word_1_216' title='bbox 1132 2565 1299 2604; x_wconf 84' lang='lat' dir='ltr'><strong>sanus</strong></span> <span class='ocrx_word' id='word_1_217' title='bbox 1328 2553 1400 2604; x_wconf 86' lang='lat' dir='ltr'><strong>sit</strong></span> <span class='ocrx_word' id='word_1_218' title='bbox 1432 2551 1633 2618; x_wconf 81' lang='lat' dir='ltr'><strong>digitus</strong></span> <span class='ocrx_word' id='word_1_219' title='bbox 1661 2559 1823 2613; x_wconf 86' lang='lat' dir='ltr'><strong>tuus;</strong></span> <span class='ocrx_word' id='word_1_220' title='bbox 1856 2550 1948 2617; x_wconf 89' lang='lat' dir='ltr'><strong>qui</strong></span> <span class='ocrx_word' id='word_1_221' title='bbox 1977 2564 2077 2603; x_wconf 89' lang='lat' dir='ltr'><strong>co-</strong></span> 
     </span>
    </p>
   </div>
   <div class='ocr_carea' id='block_1_24' title="bbox 500 2641 2077 2703">
    <p class='ocr_par' dir='ltr' id='par_1_24' title="bbox 500 2641 2077 2703">
     <span class='ocr_line' id='line_1_24' title="bbox 500 2641 2077 2703; baseline -0.001 -7"><span class='ocrx_word' id='word_1_222' title='bbox 500 2646 620 2699; x_wconf 88' lang='lat' dir='ltr'><strong>dem</strong></span> <span class='ocrx_word' id='word_1_223' title='bbox 676 2651 955 2699; x_wconf 85' lang='lat' dir='ltr'><strong>momento</strong></span> <span class='ocrx_word' id='word_1_224' title='bbox 996 2644 1052 2696; x_wconf 88' lang='lat' dir='ltr'><strong>in</strong></span> <span class='ocrx_word' id='word_1_225' title='bbox 1112 2642 1411 2698; x_wconf 80' lang='lat' dir='ltr'><strong>sanitatem</strong></span> <span class='ocrx_word' id='word_1_226' title='bbox 1456 2641 1753 2695; x_wconf 82' lang='lat' dir='ltr'><strong>restitutus</strong></span> <span class='ocrx_word' id='word_1_227' title='bbox 1797 2650 1906 2703; x_wconf 89' lang='lat' dir='ltr'><strong>est.</strong></span> <span class='ocrx_word' id='word_1_228' title='bbox 1952 2657 2077 2695; x_wconf 84' lang='lat' dir='ltr'><strong>san—</strong></span> 
     </span>
    </p>
   </div>
   <div class='ocr_carea' id='block_1_25' title="bbox 500 2732 2078 2804">
    <p class='ocr_par' dir='ltr' id='par_1_25' title="bbox 500 2732 2078 2804">
     <span class='ocr_line' id='line_1_25' title="bbox 500 2732 2078 2804; baseline -0.001 -14"><span class='ocrx_word' id='word_1_229' title='bbox 500 2737 664 2804; x_wconf 73' lang='lat' dir='ltr'><strong>guine</strong></span> <span class='ocrx_word' id='word_1_230' title='bbox 718 2737 956 2803; x_wconf 80' lang='lat' dir='ltr'><strong>amplius</strong></span> <span class='ocrx_word' id='word_1_231' title='bbox 1006 2750 1114 2787; x_wconf 86' lang='lat' dir='ltr'><strong>non</strong></span> <span class='ocrx_word' id='word_1_232' title='bbox 1162 2733 1440 2787; x_wconf 69' lang='lat' dir='ltr'><strong>eminente.</strong></span> <span class='ocrx_word' id='word_1_233' title='bbox 1490 2732 1558 2787; x_wconf 76' lang='lat' dir='ltr'><strong>Et</strong></span> <span class='ocrx_word' id='word_1_234' title='bbox 1614 2732 1848 2787; x_wconf 80' lang='lat' dir='ltr'><strong>credidit</strong></span> <span class='ocrx_word' id='word_1_235' title='bbox 1899 2735 1969 2788; x_wconf 85' lang='lat' dir='ltr'><strong>ab</strong></span> <span class='ocrx_word' id='word_1_236' title='bbox 2012 2750 2078 2788; x_wconf 88' lang='lat' dir='ltr'><strong>eo</strong></span> 
     </span>
    </p>
   </div>
   <div class='ocr_carea' id='block_1_26' title="bbox 500 2826 2079 2899">
    <p class='ocr_par' dir='ltr' id='par_1_26' title="bbox 500 2826 2079 2899">
     <span class='ocr_line' id='line_1_26' title="bbox 500 2826 2079 2899; baseline -0.001 -18"><span class='ocrx_word' id='word_1_237' title='bbox 500 2839 750 2899; x_wconf 85' lang='lat' dir='ltr'><strong>tempore</strong></span> <span class='ocrx_word' id='word_1_238' title='bbox 792 2827 1075 2881; x_wconf 86' lang='lat' dir='ltr'><strong>llananias</strong></span> <span class='ocrx_word' id='word_1_239' title='bbox 1132 2827 1189 2880; x_wconf 89' lang='lat' dir='ltr'><strong>in</strong></span> <span class='ocrx_word' id='word_1_240' title='bbox 1233 2826 1537 2887; x_wconf 90' lang='lat' dir='ltr'><strong>Christum,</strong></span> <span class='ocrx_word' id='word_1_241' title='bbox 1579 2826 1727 2878; x_wconf 89' lang='lat' dir='ltr'><strong>unde</strong></span> <span class='ocrx_word' id='word_1_242' title='bbox 1780 2826 2079 2895; x_wconf 78' lang='lat' dir='ltr'><strong>baptizavit</strong></span> 
     </span>
    </p>
   </div>
   <div class='ocr_carea' id='block_1_27' title="bbox 497 2916 2079 2984">
    <p class='ocr_par' dir='ltr' id='par_1_27' title="bbox 497 2916 2079 2984">
     <span class='ocr_line' id='line_1_27' title="bbox 497 2916 2079 2984; baseline -0.006 -8"><span class='ocrx_word' id='word_1_243' title='bbox 497 2937 623 2976; x_wconf 85' lang='lat' dir='ltr'><strong>eum</strong></span> <span class='ocrx_word' id='word_1_244' title='bbox 663 2920 878 2973; x_wconf 78' lang='lat' dir='ltr'><strong>Marcus</strong></span> <span class='ocrx_word' id='word_1_245' title='bbox 902 2928 955 2973; x_wconf 91' lang='lat' dir='ltr'><strong>et</strong></span> <span class='ocrx_word' id='word_1_246' title='bbox 974 2918 1258 2972; x_wconf 81' lang='lat' dir='ltr'><strong>constituit</strong></span> <span class='ocrx_word' id='word_1_247' title='bbox 1309 2931 1435 2971; x_wconf 88' lang='lat' dir='ltr'><strong>eum</strong></span> <span class='ocrx_word' id='word_1_248' title='bbox 1461 2916 1822 2984; x_wconf 85' lang='lat' dir='ltr'><strong>patriarcham</strong></span> <span class='ocrx_word' id='word_1_249' title='bbox 1848 2917 2079 2969; x_wconf 70' lang='lat' dir='ltr'><strong>Alexan-</strong></span> 
     </span>
    </p>
   </div>
   <div class='ocr_carea' id='block_1_28' title="bbox 500 3006 2074 3079">
    <p class='ocr_par' dir='ltr' id='par_1_28' title="bbox 500 3006 2074 3079">
     <span class='ocr_line' id='line_1_28' title="bbox 500 3006 2074 3079; baseline -0.003 -16"><span class='ocrx_word' id='word_1_250' title='bbox 500 3013 647 3064; x_wconf 64' lang='lat' dir='ltr'><strong>driae.</strong></span> <span class='ocrx_word' id='word_1_251' title='bbox 676 3012 899 3065; x_wconf 84' lang='lat' dir='ltr'><strong>Scilicet</strong></span> <span class='ocrx_word' id='word_1_252' title='bbox 930 3010 975 3063; x_wconf 89' lang='lat' dir='ltr'><strong>is</strong></span> <span class='ocrx_word' id='word_1_253' title='bbox 1007 3010 1214 3079; x_wconf 86' lang='lat' dir='ltr'><strong>primus</strong></span> <span class='ocrx_word' id='word_1_254' title='bbox 1290 3016 1410 3059; x_wconf 88' lang='lat' dir='ltr'><strong>erat</strong></span> <span class='ocrx_word' id='word_1_255' title='bbox 1455 3006 1795 3060; x_wconf 68' lang='lat' dir='ltr'><strong>Alexandria:</strong></span> <span class='ocrx_word' id='word_1_256' title='bbox 1840 3010 2074 3074; x_wconf 86' lang='lat' dir='ltr'><strong>patriar—</strong></span> 
     </span>
    </p>
   </div>
   <div class='ocr_carea' id='block_1_29' title="bbox 507 3097 2079 3164">
    <p class='ocr_par' dir='ltr' id='par_1_29' title="bbox 507 3097 2079 3164">
     <span class='ocr_line' id='line_1_29' title="bbox 507 3097 2079 3164; baseline -0.005 -8"><span class='ocrx_word' id='word_1_257' title='bbox 507 3106 609 3157; x_wconf 83' lang='lat' dir='ltr'><strong>cha</strong></span> <span class='ocrx_word' id='word_1_258' title='bbox 650 3104 1013 3155; x_wconf 86' lang='lat' dir='ltr'><strong>constitutus.</strong></span> <span class='ocrx_word' id='word_1_259' title='bbox 1058 3098 1354 3153; x_wconf 84' lang='lat' dir='ltr'><strong>Constitui’</strong></span> <span class='ocrx_word' id='word_1_260' title='bbox 1413 3098 1540 3151; x_wconf 87' lang='lat' dir='ltr'><strong>item</strong></span> <span class='ocrx_word' id='word_1_261' title='bbox 1583 3097 1798 3151; x_wconf 76' lang='lat' dir='ltr'><strong>Marcus</strong></span> <span class='ocrx_word' id='word_1_262' title='bbox 1844 3110 2079 3164; x_wconf 80' lang='lat' dir='ltr'><strong>evange-</strong></span> 
     </span>
    </p>
   </div>
   <div class='ocr_carea' id='block_1_30' title="bbox 501 3186 2074 3262">
    <p class='ocr_par' dir='ltr' id='par_1_30' title="bbox 501 3186 2074 3262">
     <span class='ocr_line' id='line_1_30' title="bbox 501 3186 2074 3262; baseline -0.004 -15"><span class='ocrx_word' id='word_1_263' title='bbox 501 3195 629 3248; x_wconf 86' lang='lat' dir='ltr'><strong>lista</strong></span> <span class='ocrx_word' id='word_1_264' title='bbox 675 3193 966 3247; x_wconf 87' lang='lat' dir='ltr'><strong>duodecim</strong></span> <span class='ocrx_word' id='word_1_265' title='bbox 1015 3192 1365 3262; x_wconf 81' lang='lat' dir='ltr'><strong>presbyteros</strong></span> <span class='ocrx_word' id='word_1_266' title='bbox 1442 3203 1567 3242; x_wconf 91' lang='lat' dir='ltr'><strong>cum</strong></span> <span class='ocrx_word' id='word_1_267' title='bbox 1638 3186 1917 3253; x_wconf 89' lang='lat' dir='ltr'><strong>llanania;</strong></span> <span class='ocrx_word' id='word_1_268' title='bbox 1981 3187 2074 3257; x_wconf 86' lang='lat' dir='ltr'><strong>qui</strong></span> 
     </span>
    </p>
   </div>
   <div class='ocr_carea' id='block_1_31' title="bbox 498 3278 2079 3354">
    <p class='ocr_par' dir='ltr' id='par_1_31' title="bbox 498 3278 2079 3354">
     <span class='ocr_line' id='line_1_31' title="bbox 498 3278 2079 3354; baseline -0.003 -17"><span class='ocrx_word' id='word_1_269' title='bbox 498 3298 692 3354; x_wconf 76' lang='lat' dir='ltr'><strong>nempe</strong></span> <span class='ocrx_word' id='word_1_270' title='bbox 711 3290 992 3338; x_wconf 87' lang='lat' dir='ltr'><strong>manerent</strong></span> <span class='ocrx_word' id='word_1_271' title='bbox 1018 3299 1141 3336; x_wconf 82' lang='lat' dir='ltr'><strong>t&#39;lltll</strong></span> <span class='ocrx_word' id='word_1_272' title='bbox 1169 3280 1497 3351; x_wconf 82' lang='lat' dir='ltr'><strong>patriarcha,</strong></span> <span class='ocrx_word' id='word_1_273' title='bbox 1522 3278 1655 3333; x_wconf 83' lang='lat' dir='ltr'><strong>adeo</strong></span> <span class='ocrx_word' id='word_1_274' title='bbox 1679 3290 1739 3331; x_wconf 90' lang='lat' dir='ltr'><strong>ut</strong></span> <span class='ocrx_word' id='word_1_275' title='bbox 1764 3293 1886 3331; x_wconf 82' lang='lat' dir='ltr'><strong>cum</strong></span> <span class='ocrx_word' id='word_1_276' title='bbox 1922 3293 2079 3332; x_wconf 81' lang='lat' dir='ltr'><strong>vaca-</strong></span> 
     </span>
    </p>
   </div>
   <div class='ocr_carea' id='block_1_32' title="bbox 504 3368 2075 3443">
    <p class='ocr_par' dir='ltr' id='par_1_32' title="bbox 504 3368 2075 3443">
     <span class='ocr_line' id='line_1_32' title="bbox 504 3368 2075 3443; baseline -0.005 -14"><span class='ocrx_word' id='word_1_277' title='bbox 504 3385 589 3430; x_wconf 88' lang='lat' dir='ltr'><strong>ret</strong></span> <span class='ocrx_word' id='word_1_278' title='bbox 656 3376 1087 3443; x_wconf 83' lang='lat' dir='ltr'><strong>patriarciiatus,</strong></span> <span class='ocrx_word' id='word_1_279' title='bbox 1154 3375 1420 3443; x_wconf 82' lang='lat' dir='ltr'><strong>eligerent</strong></span> <span class='ocrx_word' id='word_1_280' title='bbox 1474 3386 1642 3424; x_wconf 90' lang='lat' dir='ltr'><strong>unum</strong></span> <span class='ocrx_word' id='word_1_281' title='bbox 1696 3384 1726 3424; x_wconf 87' lang='lat' dir='ltr'><strong>e</strong></span> <span class='ocrx_word' id='word_1_282' title='bbox 1786 3368 2075 3423; x_wconf 85' lang='lat' dir='ltr'><strong>duodecim</strong></span> 
     </span>
    </p>
   </div>
   <div class='ocr_carea' id='block_1_33' title="bbox 498 3461 2077 3538">
    <p class='ocr_par' dir='ltr' id='par_1_33' title="bbox 498 3461 2077 3538">
     <span class='ocr_line' id='line_1_33' title="bbox 498 3461 2077 3538; baseline -0.004 -18"><span class='ocrx_word' id='word_1_283' title='bbox 498 3467 831 3538; x_wconf 79' lang='lat' dir='ltr'><strong>presbyteris</strong></span> <span class='ocrx_word' id='word_1_284' title='bbox 877 3468 1035 3535; x_wconf 82' lang='lat' dir='ltr'><strong>cujus</strong></span> <span class='ocrx_word' id='word_1_285' title='bbox 1082 3465 1252 3532; x_wconf 87' lang='lat' dir='ltr'><strong>capiti</strong></span> <span class='ocrx_word' id='word_1_286' title='bbox 1316 3464 1513 3532; x_wconf 88' lang='lat' dir='ltr'><strong>reliqui</strong></span> <span class='ocrx_word' id='word_1_287' title='bbox 1565 3461 1822 3515; x_wconf 86' lang='lat' dir='ltr'><strong>undecim</strong></span> <span class='ocrx_word' id='word_1_288' title='bbox 1879 3474 2077 3514; x_wconf 81' lang='lat' dir='ltr'><strong>manus</strong></span> 
     </span>
    </p>
   </div>
   <div class='ocr_carea' id='block_1_34' title="bbox 500 3552 2073 3627">
    <p class='ocr_par' dir='ltr' id='par_1_34' title="bbox 500 3552 2073 3627">
     <span class='ocr_line' id='line_1_34' title="bbox 500 3552 2073 3627; baseline -0.005 -16"><span class='ocrx_word' id='word_1_289' title='bbox 500 3559 848 3627; x_wconf 83' lang='lat' dir='ltr'><strong>imponerent</strong></span> <span class='ocrx_word' id='word_1_290' title='bbox 879 3570 1117 3623; x_wconf 86' lang='lat' dir='ltr'><strong>eumque</strong></span> <span class='ocrx_word' id='word_1_291' title='bbox 1155 3553 1547 3607; x_wconf 83' lang='lat' dir='ltr'><strong>hencdicereut</strong></span> <span class='ocrx_word' id='word_1_292' title='bbox 1599 3561 1654 3603; x_wconf 85' lang='lat' dir='ltr'><strong>et</strong></span> <span class='ocrx_word' id='word_1_293' title='bbox 1703 3552 2073 3619; x_wconf 86' lang='lat' dir='ltr'><strong>patriarcham</strong></span> 
     </span>
    </p>
   </div>
   <div class='ocr_carea' id='block_1_35' title="bbox 497 3642 2077 3711">
    <p class='ocr_par' dir='ltr' id='par_1_35' title="bbox 497 3642 2077 3711">
     <span class='ocr_line' id='line_1_35' title="bbox 497 3642 2077 3711; baseline -0.006 -8"><span class='ocrx_word' id='word_1_294' title='bbox 497 3664 625 3703; x_wconf 89' lang='lat' dir='ltr'><strong>eum</strong></span> <span class='ocrx_word' id='word_1_295' title='bbox 682 3658 956 3709; x_wconf 81' lang='lat' dir='ltr'><strong>crearent,</strong></span> <span class='ocrx_word' id='word_1_296' title='bbox 1006 3656 1060 3700; x_wconf 88' lang='lat' dir='ltr'><strong>et</strong></span> <span class='ocrx_word' id='word_1_297' title='bbox 1102 3645 1230 3699; x_wconf 90' lang='lat' dir='ltr'><strong>dein</strong></span> <span class='ocrx_word' id='word_1_298' title='bbox 1279 3644 1458 3697; x_wconf 83' lang='lat' dir='ltr'><strong>virum</strong></span> <span class='ocrx_word' id='word_1_299' title='bbox 1505 3642 1742 3711; x_wconf 89' lang='lat' dir='ltr'><strong>aliquem</strong></span> <span class='ocrx_word' id='word_1_300' title='bbox 1806 3642 2077 3708; x_wconf 81' lang='lat' dir='ltr'><strong>insignem</strong></span> 
     </span>
    </p>
   </div>
   <div class='ocr_carea' id='block_1_36' title="bbox 497 3732 2078 3813">
    <p class='ocr_par' dir='ltr' id='par_1_36' title="bbox 497 3732 2078 3813">
     <span class='ocr_line' id='line_1_36' title="bbox 497 3732 2078 3813; baseline -0.008 -16"><span class='ocrx_word' id='word_1_301' title='bbox 497 3742 764 3813; x_wconf 77' lang='lat' dir='ltr'><strong>eligerent</strong></span> <span class='ocrx_word' id='word_1_302' title='bbox 811 3754 1047 3807; x_wconf 73' lang='lat' dir='ltr'><strong>rumque</strong></span> <span class='ocrx_word' id='word_1_303' title='bbox 1104 3735 1485 3807; x_wconf 84' lang='lat' dir='ltr'><strong>presbyterum</strong></span> <span class='ocrx_word' id='word_1_304' title='bbox 1536 3747 1725 3789; x_wconf 86' lang='lat' dir='ltr'><strong>secum</strong></span> <span class='ocrx_word' id='word_1_305' title='bbox 1774 3732 2078 3786; x_wconf 84' lang='lat' dir='ltr'><strong>constitue-</strong></span> 
     </span>
    </p>
   </div>
   <div class='ocr_carea' id='block_1_37' title="bbox 498 3823 2078 3900">
    <p class='ocr_par' dir='ltr' id='par_1_37' title="bbox 498 3823 2078 3900">
     <span class='ocr_line' id='line_1_37' title="bbox 498 3823 2078 3900; baseline -0.008 -12"><span class='ocrx_word' id='word_1_306' title='bbox 498 3844 621 3889; x_wconf 86' lang='lat' dir='ltr'><strong>rent</strong></span> <span class='ocrx_word' id='word_1_307' title='bbox 664 3838 782 3886; x_wconf 90' lang='lat' dir='ltr'><strong>loco</strong></span> <span class='ocrx_word' id='word_1_308' title='bbox 827 3831 947 3900; x_wconf 85' lang='lat' dir='ltr'><strong>ejus</strong></span> <span class='ocrx_word' id='word_1_309' title='bbox 987 3829 1080 3896; x_wconf 83' lang='lat' dir='ltr'><strong>qui</strong></span> <span class='ocrx_word' id='word_1_310' title='bbox 1134 3828 1213 3881; x_wconf 85' lang='lat' dir='ltr'><strong>sic</strong></span> <span class='ocrx_word' id='word_1_311' title='bbox 1260 3826 1439 3879; x_wconf 78' lang='lat' dir='ltr'><strong>iactus</strong></span> <span class='ocrx_word' id='word_1_312' title='bbox 1488 3833 1572 3878; x_wconf 91' lang='lat' dir='ltr'><strong>est</strong></span> <span class='ocrx_word' id='word_1_313' title='bbox 1638 3823 1976 3893; x_wconf 82' lang='lat' dir='ltr'><strong>patriarcha,</strong></span> <span class='ocrx_word' id='word_1_314' title='bbox 2018 3830 2078 3875; x_wconf 87' lang='lat' dir='ltr'><strong>ttt</strong></span> 
     </span>
    </p>
   </div>
   <div class='ocr_carea' id='block_1_38' title="bbox 501 3910 2074 3992">
    <p class='ocr_par' dir='ltr' id='par_1_38' title="bbox 501 3910 2074 3992">
     <span class='ocr_line' id='line_1_38' title="bbox 501 3910 2074 3992; baseline -0.008 -13"><span class='ocrx_word' id='word_1_315' title='bbox 501 3928 579 3979; x_wconf 85' lang='lat' dir='ltr'><strong>ita</strong></span> <span class='ocrx_word' id='word_1_316' title='bbox 635 3940 849 3992; x_wconf 81' lang='lat' dir='ltr'><strong>semper</strong></span> <span class='ocrx_word' id='word_1_317' title='bbox 929 3927 1210 3974; x_wconf 75' lang='lat' dir='ltr'><strong>cxsmreut</strong></span> <span class='ocrx_word' id='word_1_318' title='bbox 1271 3916 1585 3970; x_wconf 82' lang='lat' dir='ltr'><strong>duodecim.</strong></span> <span class='ocrx_word' id='word_1_319' title='bbox 1652 3910 1839 3983; x_wconf 84' lang='lat' dir='ltr'><strong>Neque</strong></span> <span class='ocrx_word' id='word_1_320' title='bbox 1914 3914 2074 3968; x_wconf 83' lang='lat' dir='ltr'><strong>desiit</strong></span> 
     </span>
    </p>
   </div>
   <div class='ocr_carea' id='block_1_39' title="bbox 2252 1456 3768 1529">
    <p class='ocr_par' dir='ltr' id='par_1_39' title="bbox 2252 1456 3768 1529">
     <span class='ocr_line' id='line_1_39' title="bbox 2252 1456 3768 1529; baseline 0.011 -22"><span class='ocrx_word' id='word_1_321' title='bbox 2252 1456 2412 1509; x_wconf 82' lang='lat' dir='ltr'><strong>Anno</strong></span> <span class='ocrx_word' id='word_1_322' title='bbox 2435 1472 2581 1512; x_wconf 90' lang='lat' dir='ltr'><strong>nono</strong></span> <span class='ocrx_word' id='word_1_323' title='bbox 2613 1457 2829 1529; x_wconf 90' lang='lat' dir='ltr'><strong>imperii</strong></span> <span class='ocrx_word' id='word_1_324' title='bbox 2862 1460 3079 1517; x_wconf 81' lang='lat' dir='ltr'><strong>Claudii</strong></span> <span class='ocrx_word' id='word_1_325' title='bbox 3109 1462 3342 1522; x_wconf 72' lang='lat' dir='ltr'><strong>Caesaris</strong></span> <span class='ocrx_word' id='word_1_326' title='bbox 3392 1476 3513 1523; x_wconf 90' lang='lat' dir='ltr'><strong>erat</strong></span> <span class='ocrx_word' id='word_1_327' title='bbox 3538 1466 3768 1524; x_wconf 73' lang='lat' dir='ltr'><strong>Marcus</strong></span> 
     </span>
    </p>
   </div>
   <div class='ocr_carea' id='block_1_40' title="bbox 2180 1549 3767 1619">
    <p class='ocr_par' dir='ltr' id='par_1_40' title="bbox 2180 1549 3767 1619">
     <span class='ocr_line' id='line_1_40' title="bbox 2180 1549 3767 1619; baseline 0.011 -20"><span class='ocrx_word' id='word_1_328' title='bbox 2180 1549 2514 1619; x_wconf 76' lang='lat' dir='ltr'><strong>evangelista</strong></span> <span class='ocrx_word' id='word_1_329' title='bbox 2565 1551 2621 1605; x_wconf 90' lang='lat' dir='ltr'><strong>in</strong></span> <span class='ocrx_word' id='word_1_330' title='bbox 2656 1552 2790 1607; x_wconf 90' lang='lat' dir='ltr'><strong>urbe</strong></span> <span class='ocrx_word' id='word_1_331' title='bbox 2838 1553 3187 1612; x_wconf 71' lang='lat' dir='ltr'><strong>Alexandriae</strong></span> <span class='ocrx_word' id='word_1_332' title='bbox 3223 1572 3539 1616; x_wconf 82' lang='lat' dir='ltr'><strong>convocans</strong></span> <span class='ocrx_word' id='word_1_333' title='bbox 3574 1563 3767 1616; x_wconf 81' lang='lat' dir='ltr'><strong>homi-</strong></span> 
     </span>
    </p>
   </div>
   <div class='ocr_carea' id='block_1_41' title="bbox 2182 1638 3761 1709">
    <p class='ocr_par' dir='ltr' id='par_1_41' title="bbox 2182 1638 3761 1709">
     <span class='ocr_line' id='line_1_41' title="bbox 2182 1638 3761 1709; baseline 0.012 -19"><span class='ocrx_word' id='word_1_334' title='bbox 2182 1651 2279 1691; x_wconf 85' lang='lat' dir='ltr'><strong>nes</strong></span> <span class='ocrx_word' id='word_1_335' title='bbox 2306 1638 2372 1691; x_wconf 91' lang='lat' dir='ltr'><strong>ad</strong></span> <span class='ocrx_word' id='word_1_336' title='bbox 2408 1640 2566 1694; x_wconf 87' lang='lat' dir='ltr'><strong>ﬁdem</strong></span> <span class='ocrx_word' id='word_1_337' title='bbox 2603 1642 2657 1695; x_wconf 92' lang='lat' dir='ltr'><strong>in</strong></span> <span class='ocrx_word' id='word_1_338' title='bbox 2687 1642 2966 1699; x_wconf 84' lang='lat' dir='ltr'><strong>Christum</strong></span> <span class='ocrx_word' id='word_1_339' title='bbox 2996 1647 3282 1704; x_wconf 88' lang='lat' dir='ltr'><strong>Dominum</strong></span> <span class='ocrx_word' id='word_1_340' title='bbox 3313 1662 3585 1707; x_wconf 88' lang='lat' dir='ltr'><strong>nostrum.</strong></span> <span class='ocrx_word' id='word_1_341' title='bbox 3615 1652 3761 1709; x_wconf 87' lang='lat' dir='ltr'><strong>Dum</strong></span> 
     </span>
    </p>
   </div>
   <div class='ocr_carea' id='block_1_42' title="bbox 2182 1733 3765 1813">
    <p class='ocr_par' dir='ltr' id='par_1_42' title="bbox 2182 1733 3765 1813">
     <span class='ocr_line' id='line_1_42' title="bbox 2182 1733 3765 1813; baseline 0.011 -32"><span class='ocrx_word' id='word_1_342' title='bbox 2182 1737 2365 1784; x_wconf 87' lang='lat' dir='ltr'><strong>autem</strong></span> <span class='ocrx_word' id='word_1_343' title='bbox 2405 1746 2499 1801; x_wconf 89' lang='lat' dir='ltr'><strong>per</strong></span> <span class='ocrx_word' id='word_1_344' title='bbox 2525 1733 2716 1788; x_wconf 88' lang='lat' dir='ltr'><strong>urbem</strong></span> <span class='ocrx_word' id='word_1_345' title='bbox 2772 1736 3060 1792; x_wconf 85' lang='lat' dir='ltr'><strong>incedebat</strong></span> <span class='ocrx_word' id='word_1_346' title='bbox 3119 1737 3359 1809; x_wconf 81' lang='lat' dir='ltr'><strong>Marcus,</strong></span> <span class='ocrx_word' id='word_1_347' title='bbox 3400 1742 3618 1813; x_wconf 89' lang='lat' dir='ltr'><strong>dirupta</strong></span> <span class='ocrx_word' id='word_1_348' title='bbox 3668 1754 3765 1802; x_wconf 85' lang='lat' dir='ltr'><strong>est</strong></span> 
     </span>
    </p>
   </div>
   <div class='ocr_carea' id='block_1_43' title="bbox 2180 1821 3766 1904">
    <p class='ocr_par' dir='ltr' id='par_1_43' title="bbox 2180 1821 3766 1904">
     <span class='ocr_line' id='line_1_43' title="bbox 2180 1821 3766 1904; baseline 0.011 -30"><span class='ocrx_word' id='word_1_349' title='bbox 2180 1821 2418 1892; x_wconf 80' lang='lat' dir='ltr'><strong>corrigia</strong></span> <span class='ocrx_word' id='word_1_350' title='bbox 2450 1824 2813 1881; x_wconf 82' lang='lat' dir='ltr'><strong>caleeamenti</strong></span> <span class='ocrx_word' id='word_1_351' title='bbox 2852 1828 2973 1897; x_wconf 90' lang='lat' dir='ltr'><strong>ejus</strong></span> <span class='ocrx_word' id='word_1_352' title='bbox 3006 1843 3021 1881; x_wconf 90' lang='lat'><strong>:</strong></span> <span class='ocrx_word' id='word_1_353' title='bbox 3065 1828 3191 1887; x_wconf 89' lang='lat' dir='ltr'><strong>hinc</strong></span> <span class='ocrx_word' id='word_1_354' title='bbox 3229 1834 3370 1887; x_wconf 81' lang='lat' dir='ltr'><strong>sedit</strong></span> <span class='ocrx_word' id='word_1_355' title='bbox 3408 1835 3547 1904; x_wconf 88' lang='lat' dir='ltr'><strong>apud</strong></span> <span class='ocrx_word' id='word_1_356' title='bbox 3577 1837 3766 1891; x_wconf 84' lang='lat' dir='ltr'><strong>homi-</strong></span> 
     </span>
    </p>
   </div>
   <div class='ocr_carea' id='block_1_44' title="bbox 2185 1916 3763 1990">
    <p class='ocr_par' dir='ltr' id='par_1_44' title="bbox 2185 1916 3763 1990">
     <span class='ocr_line' id='line_1_44' title="bbox 2185 1916 3763 1990; baseline 0.012 -26"><span class='ocrx_word' id='word_1_357' title='bbox 2185 1927 2306 1965; x_wconf 78' lang='lat' dir='ltr'><strong>nem</strong></span> <span class='ocrx_word' id='word_1_358' title='bbox 2346 1923 2589 1969; x_wconf 89' lang='lat' dir='ltr'><strong>sutorem</strong></span> <span class='ocrx_word' id='word_1_359' title='bbox 2652 1916 2858 1973; x_wconf 83' lang='lat' dir='ltr'><strong>dictum</strong></span> <span class='ocrx_word' id='word_1_360' title='bbox 2908 1920 3234 1990; x_wconf 85' lang='lat' dir='ltr'><strong>Hananiam,</strong></span> <span class='ocrx_word' id='word_1_361' title='bbox 3268 1933 3326 1979; x_wconf 90' lang='lat' dir='ltr'><strong>ut</strong></span> <span class='ocrx_word' id='word_1_362' title='bbox 3362 1925 3609 1984; x_wconf 88' lang='lat' dir='ltr'><strong>reﬁceret</strong></span> <span class='ocrx_word' id='word_1_363' title='bbox 3645 1930 3763 1987; x_wconf 79' lang='lat' dir='ltr'><strong>ral-</strong></span> 
     </span>
    </p>
   </div>
   <div class='ocr_carea' id='block_1_45' title="bbox 2181 2006 3756 2079">
    <p class='ocr_par' dir='ltr' id='par_1_45' title="bbox 2181 2006 3756 2079">
     <span class='ocr_line' id='line_1_45' title="bbox 2181 2006 3756 2079; baseline 0.011 -26"><span class='ocrx_word' id='word_1_364' title='bbox 2181 2016 2338 2055; x_wconf 89' lang='lat' dir='ltr'><strong>ceum</strong></span> <span class='ocrx_word' id='word_1_365' title='bbox 2367 2019 2545 2058; x_wconf 88' lang='lat' dir='ltr'><strong>suum.</strong></span> <span class='ocrx_word' id='word_1_366' title='bbox 2580 2006 2833 2075; x_wconf 86' lang='lat' dir='ltr'><strong>Cumque</strong></span> <span class='ocrx_word' id='word_1_367' title='bbox 2865 2013 3163 2079; x_wconf 84' lang='lat' dir='ltr'><strong>accepisset</strong></span> <span class='ocrx_word' id='word_1_368' title='bbox 3188 2012 3467 2069; x_wconf 81' lang='lat' dir='ltr'><strong>Hananias</strong></span> <span class='ocrx_word' id='word_1_369' title='bbox 3493 2018 3756 2071; x_wconf 80' lang='lat' dir='ltr'><strong>subulam</strong></span> 
     </span>
    </p>
   </div>
   <div class='ocr_carea' id='block_1_46' title="bbox 2181 2092 3761 2178">
    <p class='ocr_par' dir='ltr' id='par_1_46' title="bbox 2181 2092 3761 2178">
     <span class='ocr_line' id='line_1_46' title="bbox 2181 2092 3761 2178; baseline 0.009 -34"><span class='ocrx_word' id='word_1_370' title='bbox 2181 2092 2246 2144; x_wconf 88' lang='lat' dir='ltr'><strong>ad</strong></span> <span class='ocrx_word' id='word_1_371' title='bbox 2284 2094 2673 2161; x_wconf 82' lang='lat' dir='ltr'><strong>perforandum</strong></span> <span class='ocrx_word' id='word_1_372' title='bbox 2709 2100 2974 2164; x_wconf 89' lang='lat' dir='ltr'><strong>calceum,</strong></span> <span class='ocrx_word' id='word_1_373' title='bbox 3026 2116 3093 2158; x_wconf 85' lang='lat' dir='ltr'><strong>ea</strong></span> <span class='ocrx_word' id='word_1_374' title='bbox 3131 2103 3359 2172; x_wconf 81' lang='lat' dir='ltr'><strong>digitum</strong></span> <span class='ocrx_word' id='word_1_375' title='bbox 3414 2121 3575 2161; x_wconf 88' lang='lat' dir='ltr'><strong>suum</strong></span> <span class='ocrx_word' id='word_1_376' title='bbox 3628 2122 3761 2178; x_wconf 59' lang='lat' dir='ltr'><strong>per.</strong></span> 
     </span>
    </p>
   </div>
   <div class='ocr_carea' id='block_1_47' title="bbox 2183 2184 3760 2269">
    <p class='ocr_par' dir='ltr' id='par_1_47' title="bbox 2183 2184 3760 2269">
     <span class='ocr_line' id='line_1_47' title="bbox 2183 2184 3760 2269; baseline 0.013 -35"><span class='ocrx_word' id='word_1_377' title='bbox 2183 2184 2399 2250; x_wconf 79' lang='lat' dir='ltr'><strong>foravit,</strong></span> <span class='ocrx_word' id='word_1_378' title='bbox 2431 2186 2749 2258; x_wconf 85' lang='lat' dir='ltr'><strong>eﬁluxitque</strong></span> <span class='ocrx_word' id='word_1_379' title='bbox 2796 2206 2865 2245; x_wconf 86' lang='lat' dir='ltr'><strong>ex</strong></span> <span class='ocrx_word' id='word_1_380' title='bbox 2908 2191 2999 2247; x_wconf 88' lang='lat' dir='ltr'><strong>illo</strong></span> <span class='ocrx_word' id='word_1_381' title='bbox 3047 2195 3282 2250; x_wconf 90' lang='lat' dir='ltr'><strong>multum</strong></span> <span class='ocrx_word' id='word_1_382' title='bbox 3318 2200 3643 2269; x_wconf 81' lang='lat' dir='ltr'><strong>sanguinis,</strong></span> <span class='ocrx_word' id='word_1_383' title='bbox 3700 2209 3760 2257; x_wconf 84' lang='lat' dir='ltr'><strong>et</strong></span> 
     </span>
    </p>
   </div>
   <div class='ocr_carea' id='block_1_48' title="bbox 2181 2277 3754 2359">
    <p class='ocr_par' dir='ltr' id='par_1_48' title="bbox 2181 2277 3754 2359">
     <span class='ocr_line' id='line_1_48' title="bbox 2181 2277 3754 2359; baseline 0.013 -34"><span class='ocrx_word' id='word_1_384' title='bbox 2181 2277 2420 2331; x_wconf 86' lang='lat' dir='ltr'><strong>maximo</strong></span> <span class='ocrx_word' id='word_1_385' title='bbox 2448 2278 2628 2333; x_wconf 69' lang='lat' dir='ltr'><strong>affecit</strong></span> <span class='ocrx_word' id='word_1_386' title='bbox 2653 2281 2805 2335; x_wconf 91' lang='lat' dir='ltr'><strong>illum</strong></span> <span class='ocrx_word' id='word_1_387' title='bbox 2834 2282 3042 2350; x_wconf 90' lang='lat' dir='ltr'><strong>dolore,</strong></span> <span class='ocrx_word' id='word_1_388' title='bbox 3064 2290 3421 2355; x_wconf 84' lang='lat' dir='ltr'><strong>quamobrem</strong></span> <span class='ocrx_word' id='word_1_389' title='bbox 3454 2290 3754 2359; x_wconf 83' lang='lat' dir='ltr'><strong>plurimum</strong></span> 
     </span>
    </p>
   </div>
   <div class='ocr_carea' id='block_1_49' title="bbox 2179 2367 3754 2441">
    <p class='ocr_par' dir='ltr' id='par_1_49' title="bbox 2179 2367 3754 2441">
     <span class='ocr_line' id='line_1_49' title="bbox 2179 2367 3754 2441; baseline 0.011 -20"><span class='ocrx_word' id='word_1_390' title='bbox 2179 2367 2247 2421; x_wconf 89' lang='lat' dir='ltr'><strong>de</strong></span> <span class='ocrx_word' id='word_1_391' title='bbox 2274 2368 2462 2423; x_wconf 87' lang='lat' dir='ltr'><strong>Marco</strong></span> <span class='ocrx_word' id='word_1_392' title='bbox 2488 2382 2827 2441; x_wconf 81' lang='lat' dir='ltr'><strong>conquestus</strong></span> <span class='ocrx_word' id='word_1_393' title='bbox 2861 2386 2965 2432; x_wconf 89' lang='lat' dir='ltr'><strong>est.</strong></span> <span class='ocrx_word' id='word_1_394' title='bbox 2998 2377 3065 2432; x_wconf 87' lang='lat' dir='ltr'><strong>Et</strong></span> <span class='ocrx_word' id='word_1_395' title='bbox 3103 2379 3244 2433; x_wconf 89' lang='lat' dir='ltr'><strong>dixit</strong></span> <span class='ocrx_word' id='word_1_396' title='bbox 3277 2382 3325 2433; x_wconf 89' lang='lat' dir='ltr'><strong>ei</strong></span> <span class='ocrx_word' id='word_1_397' title='bbox 3373 2380 3590 2438; x_wconf 78' lang='lat' dir='ltr'><strong>Marcus</strong></span> <span class='ocrx_word' id='word_1_398' title='bbox 3622 2402 3638 2439; x_wconf 89' lang='lat'><strong>:</strong></span> <span class='ocrx_word' id='word_1_399' title='bbox 3692 2383 3754 2438; x_wconf 89' lang='lat' dir='ltr'><strong>Si</strong></span> 
     </span>
    </p>
   </div>
   <div class='ocr_carea' id='block_1_50' title="bbox 2178 2459 3756 2538">
    <p class='ocr_par' dir='ltr' id='par_1_50' title="bbox 2178 2459 3756 2538">
     <span class='ocr_line' id='line_1_50' title="bbox 2178 2459 3756 2538; baseline 0.012 -28"><span class='ocrx_word' id='word_1_400' title='bbox 2178 2459 2370 2513; x_wconf 85' lang='lat' dir='ltr'><strong>credas</strong></span> <span class='ocrx_word' id='word_1_401' title='bbox 2409 2460 2463 2514; x_wconf 92' lang='lat' dir='ltr'><strong>in</strong></span> <span class='ocrx_word' id='word_1_402' title='bbox 2510 2459 2694 2516; x_wconf 85' lang='lat' dir='ltr'><strong>Jesum</strong></span> <span class='ocrx_word' id='word_1_403' title='bbox 2719 2463 2998 2521; x_wconf 89' lang='lat' dir='ltr'><strong>Christum</strong></span> <span class='ocrx_word' id='word_1_404' title='bbox 3054 2467 3249 2524; x_wconf 76' lang='lat' dir='ltr'><strong>Fiiium</strong></span> <span class='ocrx_word' id='word_1_405' title='bbox 3301 2470 3420 2538; x_wconf 87' lang='lat' dir='ltr'><strong>Dei,</strong></span> <span class='ocrx_word' id='word_1_406' title='bbox 3463 2475 3756 2529; x_wconf 80' lang='lat' dir='ltr'><strong>sanabitur</strong></span> 
     </span>
    </p>
   </div>
   <div class='ocr_carea' id='block_1_51' title="bbox 2178 2547 3751 2629">
    <p class='ocr_par' dir='ltr' id='par_1_51' title="bbox 2178 2547 3751 2629">
     <span class='ocr_line' id='line_1_51' title="bbox 2178 2547 3751 2629; baseline 0.012 -29"><span class='ocrx_word' id='word_1_407' title='bbox 2178 2547 2383 2615; x_wconf 81' lang='lat' dir='ltr'><strong>digitus</strong></span> <span class='ocrx_word' id='word_1_408' title='bbox 2430 2557 2575 2603; x_wconf 88' lang='lat' dir='ltr'><strong>tuus.</strong></span> <span class='ocrx_word' id='word_1_409' title='bbox 2626 2552 2801 2622; x_wconf 80' lang='lat' dir='ltr'><strong>Atque</strong></span> <span class='ocrx_word' id='word_1_410' title='bbox 2848 2556 3199 2623; x_wconf 84' lang='lat' dir='ltr'><strong>apprehenso</strong></span> <span class='ocrx_word' id='word_1_411' title='bbox 3256 2559 3429 2629; x_wconf 80' lang='lat' dir='ltr'><strong>digito</strong></span> <span class='ocrx_word' id='word_1_412' title='bbox 3483 2561 3751 2622; x_wconf 69' lang='lat' dir='ltr'><strong>Hananiai</strong></span> 
     </span>
    </p>
   </div>
   <div class='ocr_carea' id='block_1_52' title="bbox 2180 2638 3753 2711">
    <p class='ocr_par' dir='ltr' id='par_1_52' title="bbox 2180 2638 3753 2711">
     <span class='ocr_line' id='line_1_52' title="bbox 2180 2638 3753 2711; baseline 0.011 -21"><span class='ocrx_word' id='word_1_413' title='bbox 2180 2638 2311 2693; x_wconf 83' lang='lat' dir='ltr'><strong>dixit</strong></span> <span class='ocrx_word' id='word_1_414' title='bbox 2350 2639 2566 2696; x_wconf 80' lang='lat' dir='ltr'><strong>Marcus</strong></span> <span class='ocrx_word' id='word_1_415' title='bbox 2595 2658 2608 2695; x_wconf 94' lang='lat'>:</span> <span class='ocrx_word' id='word_1_416' title='bbox 2654 2645 2712 2696; x_wconf 87' lang='lat' dir='ltr'><strong>In</strong></span> <span class='ocrx_word' id='word_1_417' title='bbox 2743 2646 2965 2701; x_wconf 89' lang='lat' dir='ltr'><strong>nomine</strong></span> <span class='ocrx_word' id='word_1_418' title='bbox 2997 2644 3129 2703; x_wconf 82' lang='lat' dir='ltr'><strong>Jesu</strong></span> <span class='ocrx_word' id='word_1_419' title='bbox 3160 2647 3365 2704; x_wconf 86' lang='lat' dir='ltr'><strong>Christi</strong></span> <span class='ocrx_word' id='word_1_420' title='bbox 3402 2662 3631 2707; x_wconf 83' lang='lat' dir='ltr'><strong>sanetur</strong></span> <span class='ocrx_word' id='word_1_421' title='bbox 3660 2657 3753 2711; x_wconf 62' lang='lat' dir='ltr'><strong>di.</strong></span> 
     </span>
    </p>
   </div>
   <div class='ocr_carea' id='block_1_53' title="bbox 2180 2730 3755 2814">
    <p class='ocr_par' dir='ltr' id='par_1_53' title="bbox 2180 2730 3755 2814">
     <span class='ocr_line' id='line_1_53' title="bbox 2180 2730 3755 2814; baseline 0.013 -33"><span class='ocrx_word' id='word_1_422' title='bbox 2180 2730 2325 2800; x_wconf 84' lang='lat' dir='ltr'><strong>gitus</strong></span> <span class='ocrx_word' id='word_1_423' title='bbox 2358 2741 2486 2787; x_wconf 88' lang='lat' dir='ltr'><strong>tuus</strong></span> <span class='ocrx_word' id='word_1_424' title='bbox 2511 2749 2525 2797; x_wconf 91' lang='lat'><strong>;</strong></span> <span class='ocrx_word' id='word_1_425' title='bbox 2552 2742 2606 2788; x_wconf 90' lang='lat' dir='ltr'><strong>et</strong></span> <span class='ocrx_word' id='word_1_426' title='bbox 2630 2737 2811 2789; x_wconf 85' lang='lat' dir='ltr'><strong>statim</strong></span> <span class='ocrx_word' id='word_1_427' title='bbox 2876 2748 3105 2795; x_wconf 86' lang='lat' dir='ltr'><strong>sanatus</strong></span> <span class='ocrx_word' id='word_1_428' title='bbox 3146 2749 3227 2795; x_wconf 90' lang='lat' dir='ltr'><strong>est</strong></span> <span class='ocrx_word' id='word_1_429' title='bbox 3258 2742 3461 2813; x_wconf 88' lang='lat' dir='ltr'><strong>digitus</strong></span> <span class='ocrx_word' id='word_1_430' title='bbox 3501 2745 3659 2814; x_wconf 84' lang='lat' dir='ltr'><strong>ejus,</strong></span> <span class='ocrx_word' id='word_1_431' title='bbox 3696 2761 3755 2802; x_wconf 83' lang='lat' dir='ltr'><strong>et</strong></span> 
     </span>
    </p>
   </div>
   <div class='ocr_carea' id='block_1_54' title="bbox 2176 2824 3751 2897">
    <p class='ocr_par' dir='ltr' id='par_1_54' title="bbox 2176 2824 3751 2897">
     <span class='ocr_line' id='line_1_54' title="bbox 2176 2824 3751 2897; baseline 0.008 -20"><span class='ocrx_word' id='word_1_432' title='bbox 2176 2824 2422 2878; x_wconf 88' lang='lat' dir='ltr'><strong>constitit</strong></span> <span class='ocrx_word' id='word_1_433' title='bbox 2468 2825 2717 2893; x_wconf 86' lang='lat' dir='ltr'><strong>sanguis.</strong></span> <span class='ocrx_word' id='word_1_434' title='bbox 2750 2828 3029 2883; x_wconf 79' lang='lat' dir='ltr'><strong>iiananias</strong></span> <span class='ocrx_word' id='word_1_435' title='bbox 3065 2838 3248 2884; x_wconf 88' lang='lat' dir='ltr'><strong>autem</strong></span> <span class='ocrx_word' id='word_1_436' title='bbox 3285 2833 3408 2888; x_wconf 87' lang='lat' dir='ltr'><strong>sine</strong></span> <span class='ocrx_word' id='word_1_437' title='bbox 3436 2834 3546 2887; x_wconf 86' lang='lat' dir='ltr'><strong>ulla</strong></span> <span class='ocrx_word' id='word_1_438' title='bbox 3590 2850 3751 2897; x_wconf 80' lang='lat' dir='ltr'><strong>mora</strong></span> 
     </span>
    </p>
   </div>
   <div class='ocr_carea' id='block_1_55' title="bbox 2176 2913 3746 2993">
    <p class='ocr_par' dir='ltr' id='par_1_55' title="bbox 2176 2913 3746 2993">
     <span class='ocr_line' id='line_1_55' title="bbox 2176 2913 3746 2993; baseline 0.01 -26"><span class='ocrx_word' id='word_1_439' title='bbox 2176 2916 2411 2968; x_wconf 86' lang='lat' dir='ltr'><strong>credidit</strong></span> <span class='ocrx_word' id='word_1_440' title='bbox 2439 2913 2493 2967; x_wconf 91' lang='lat' dir='ltr'><strong>in</strong></span> <span class='ocrx_word' id='word_1_441' title='bbox 2517 2916 2821 2981; x_wconf 83' lang='lat' dir='ltr'><strong>Christum,</strong></span> <span class='ocrx_word' id='word_1_442' title='bbox 2862 2920 3271 2989; x_wconf 85' lang='lat' dir='ltr'><strong>baptizavitque</strong></span> <span class='ocrx_word' id='word_1_443' title='bbox 3317 2923 3467 2976; x_wconf 87' lang='lat' dir='ltr'><strong>illum</strong></span> <span class='ocrx_word' id='word_1_444' title='bbox 3500 2923 3746 2993; x_wconf 68' lang='lat' dir='ltr'><strong>Marcus,</strong></span> 
     </span>
    </p>
   </div>
   <div class='ocr_carea' id='block_1_56' title="bbox 2176 3006 3753 3078">
    <p class='ocr_par' dir='ltr' id='par_1_56' title="bbox 2176 3006 3753 3078">
     <span class='ocr_line' id='line_1_56' title="bbox 2176 3006 3753 3078; baseline 0.008 -22"><span class='ocrx_word' id='word_1_445' title='bbox 2176 3014 2230 3056; x_wconf 87' lang='lat' dir='ltr'><strong>et</strong></span> <span class='ocrx_word' id='word_1_446' title='bbox 2255 3006 2541 3057; x_wconf 85' lang='lat' dir='ltr'><strong>constituit</strong></span> <span class='ocrx_word' id='word_1_447' title='bbox 2576 3019 2701 3058; x_wconf 89' lang='lat' dir='ltr'><strong>eum</strong></span> <span class='ocrx_word' id='word_1_448' title='bbox 2747 3007 3116 3073; x_wconf 83' lang='lat' dir='ltr'><strong>patriarcham</strong></span> <span class='ocrx_word' id='word_1_449' title='bbox 3165 3010 3536 3078; x_wconf 59' lang='lat' dir='ltr'><strong>Alexandria,</strong></span> <span class='ocrx_word' id='word_1_450' title='bbox 3582 3022 3753 3071; x_wconf 85' lang='lat' dir='ltr'><strong>etest</strong></span> 
     </span>
    </p>
   </div>
   <div class='ocr_carea' id='block_1_57' title="bbox 2177 3093 3751 3165">
    <p class='ocr_par' dir='ltr' id='par_1_57' title="bbox 2177 3093 3751 3165">
     <span class='ocr_line' id='line_1_57' title="bbox 2177 3093 3751 3165; baseline 0.011 -21"><span class='ocrx_word' id='word_1_451' title='bbox 2177 3093 2388 3162; x_wconf 89' lang='lat' dir='ltr'><strong>primus</strong></span> <span class='ocrx_word' id='word_1_452' title='bbox 2424 3094 2740 3165; x_wconf 86' lang='lat' dir='ltr'><strong>patriarcha</strong></span> <span class='ocrx_word' id='word_1_453' title='bbox 2788 3097 3131 3154; x_wconf 61' lang='lat' dir='ltr'><strong>Alexandria</strong></span> <span class='ocrx_word' id='word_1_454' title='bbox 3207 3103 3560 3159; x_wconf 83' lang='lat' dir='ltr'><strong>constitutus.</strong></span> <span class='ocrx_word' id='word_1_455' title='bbox 3601 3105 3751 3161; x_wconf 59' lang='lat' dir='ltr'><strong>Cone</strong></span> 
     </span>
    </p>
   </div>
   <div class='ocr_carea' id='block_1_58' title="bbox 2177 3182 3752 3256">
    <p class='ocr_par' dir='ltr' id='par_1_58' title="bbox 2177 3182 3752 3256">
     <span class='ocr_line' id='line_1_58' title="bbox 2177 3182 3752 3256; baseline 0.01 -19"><span class='ocrx_word' id='word_1_456' title='bbox 2177 3184 2356 3237; x_wconf 89' lang='lat' dir='ltr'><strong>stituit</strong></span> <span class='ocrx_word' id='word_1_457' title='bbox 2420 3183 2587 3237; x_wconf 85' lang='lat' dir='ltr'><strong>etiam</strong></span> <span class='ocrx_word' id='word_1_458' title='bbox 2648 3182 2865 3241; x_wconf 75' lang='lat' dir='ltr'><strong>Marcus</strong></span> <span class='ocrx_word' id='word_1_459' title='bbox 2925 3188 3267 3256; x_wconf 86' lang='lat' dir='ltr'><strong>evangelista</strong></span> <span class='ocrx_word' id='word_1_460' title='bbox 3312 3206 3436 3246; x_wconf 90' lang='lat' dir='ltr'><strong>cum</strong></span> <span class='ocrx_word' id='word_1_461' title='bbox 3497 3192 3752 3254; x_wconf 74' lang='lat' dir='ltr'><strong>lianania</strong></span> 
     </span>
    </p>
   </div>
   <div class='ocr_carea' id='block_1_59' title="bbox 2177 3273 3751 3356">
    <p class='ocr_par' dir='ltr' id='par_1_59' title="bbox 2177 3273 3751 3356">
     <span class='ocr_line' id='line_1_59' title="bbox 2177 3273 3751 3356; baseline 0.011 -29"><span class='ocrx_word' id='word_1_462' title='bbox 2177 3274 2486 3345; x_wconf 85' lang='lat' dir='ltr'><strong>patriarcha</strong></span> <span class='ocrx_word' id='word_1_463' title='bbox 2512 3273 2804 3329; x_wconf 88' lang='lat' dir='ltr'><strong>duodecim</strong></span> <span class='ocrx_word' id='word_1_464' title='bbox 2834 3277 3209 3348; x_wconf 82' lang='lat' dir='ltr'><strong>presbyteros,</strong></span> <span class='ocrx_word' id='word_1_465' title='bbox 3241 3282 3335 3348; x_wconf 90' lang='lat' dir='ltr'><strong>qui</strong></span> <span class='ocrx_word' id='word_1_466' title='bbox 3360 3282 3619 3339; x_wconf 87' lang='lat' dir='ltr'><strong>adessent</strong></span> <span class='ocrx_word' id='word_1_467' title='bbox 3652 3303 3751 3356; x_wconf 79' lang='lat' dir='ltr'><strong>pa-</strong></span> 
     </span>
    </p>
   </div>
   <div class='ocr_carea' id='block_1_60' title="bbox 2177 3366 3745 3442">
    <p class='ocr_par' dir='ltr' id='par_1_60' title="bbox 2177 3366 3745 3442">
     <span class='ocr_line' id='line_1_60' title="bbox 2177 3366 3745 3442; baseline 0.008 -23"><span class='ocrx_word' id='word_1_468' title='bbox 2177 3366 2452 3426; x_wconf 68' lang='lat' dir='ltr'><strong>triarchae,</strong></span> <span class='ocrx_word' id='word_1_469' title='bbox 2481 3375 2539 3419; x_wconf 88' lang='lat' dir='ltr'><strong>ut</strong></span> <span class='ocrx_word' id='word_1_470' title='bbox 2560 3368 2854 3423; x_wconf 86' lang='lat' dir='ltr'><strong>decedente</strong></span> <span class='ocrx_word' id='word_1_471' title='bbox 2883 3370 3213 3437; x_wconf 88' lang='lat' dir='ltr'><strong>patriarcha,</strong></span> <span class='ocrx_word' id='word_1_472' title='bbox 3246 3373 3512 3442; x_wconf 81' lang='lat' dir='ltr'><strong>eligerent</strong></span> <span class='ocrx_word' id='word_1_473' title='bbox 3574 3394 3745 3438; x_wconf 89' lang='lat' dir='ltr'><strong>unum</strong></span> 
     </span>
    </p>
   </div>
   <div class='ocr_carea' id='block_1_61' title="bbox 2175 3454 3744 3539">
    <p class='ocr_par' dir='ltr' id='par_1_61' title="bbox 2175 3454 3744 3539">
     <span class='ocr_line' id='line_1_61' title="bbox 2175 3454 3744 3539; baseline 0.011 -30"><span class='ocrx_word' id='word_1_474' title='bbox 2175 3472 2242 3509; x_wconf 78' lang='lat' dir='ltr'><strong>ex</strong></span> <span class='ocrx_word' id='word_1_475' title='bbox 2293 3454 2581 3511; x_wconf 87' lang='lat' dir='ltr'><strong>duodecim</strong></span> <span class='ocrx_word' id='word_1_476' title='bbox 2637 3458 2995 3527; x_wconf 81' lang='lat' dir='ltr'><strong>presbyteris,</strong></span> <span class='ocrx_word' id='word_1_477' title='bbox 3058 3469 3111 3514; x_wconf 91' lang='lat' dir='ltr'><strong>et</strong></span> <span class='ocrx_word' id='word_1_478' title='bbox 3169 3462 3517 3531; x_wconf 88' lang='lat' dir='ltr'><strong>imponerent</strong></span> <span class='ocrx_word' id='word_1_479' title='bbox 3545 3470 3744 3539; x_wconf 79' lang='lat' dir='ltr'><strong>reliqui</strong></span> 
     </span>
    </p>
   </div>
   <div class='ocr_carea' id='block_1_62' title="bbox 2176 3545 3748 3623">
    <p class='ocr_par' dir='ltr' id='par_1_62' title="bbox 2176 3545 3748 3623">
     <span class='ocr_line' id='line_1_62' title="bbox 2176 3545 3748 3623; baseline 0.009 -25"><span class='ocrx_word' id='word_1_480' title='bbox 2176 3545 2430 3599; x_wconf 87' lang='lat' dir='ltr'><strong>undecim</strong></span> <span class='ocrx_word' id='word_1_481' title='bbox 2479 3546 2787 3617; x_wconf 81' lang='lat' dir='ltr'><strong>presbyteri</strong></span> <span class='ocrx_word' id='word_1_482' title='bbox 2826 3561 3023 3602; x_wconf 86' lang='lat' dir='ltr'><strong>manus</strong></span> <span class='ocrx_word' id='word_1_483' title='bbox 3064 3563 3196 3604; x_wconf 87' lang='lat' dir='ltr'><strong>suas</strong></span> <span class='ocrx_word' id='word_1_484' title='bbox 3244 3552 3410 3621; x_wconf 85' lang='lat' dir='ltr'><strong>capiti</strong></span> <span class='ocrx_word' id='word_1_485' title='bbox 3462 3556 3583 3623; x_wconf 83' lang='lat' dir='ltr'><strong>ejus</strong></span> <span class='ocrx_word' id='word_1_486' title='bbox 3613 3596 3629 3615; x_wconf 89' lang='lat'><strong>.</strong></span> <span class='ocrx_word' id='word_1_487' title='bbox 3692 3569 3748 3620; x_wconf 79' lang='lat' dir='ltr'><strong>et</strong></span> 
     </span>
    </p>
   </div>
   <div class='ocr_carea' id='block_1_63' title="bbox 2175 3637 3749 3717">
    <p class='ocr_par' dir='ltr' id='par_1_63' title="bbox 2175 3637 3749 3717">
     <span class='ocr_line' id='line_1_63' title="bbox 2175 3637 3749 3717; baseline 0.008 -26"><span class='ocrx_word' id='word_1_488' title='bbox 2175 3637 2566 3693; x_wconf 85' lang='lat' dir='ltr'><strong>benedicerent</strong></span> <span class='ocrx_word' id='word_1_489' title='bbox 2603 3653 2751 3702; x_wconf 90' lang='lat' dir='ltr'><strong>eum,</strong></span> <span class='ocrx_word' id='word_1_490' title='bbox 2798 3648 2853 3693; x_wconf 84' lang='lat' dir='ltr'><strong>et</strong></span> <span class='ocrx_word' id='word_1_491' title='bbox 2896 3643 3297 3697; x_wconf 86' lang='lat' dir='ltr'><strong>constituerent</strong></span> <span class='ocrx_word' id='word_1_492' title='bbox 3343 3659 3471 3700; x_wconf 86' lang='lat' dir='ltr'><strong>eum</strong></span> <span class='ocrx_word' id='word_1_493' title='bbox 3512 3649 3749 3717; x_wconf 80' lang='lat' dir='ltr'><strong>patriar-</strong></span> 
     </span>
    </p>
   </div>
   <div class='ocr_carea' id='block_1_64' title="bbox 2177 3728 3747 3803">
    <p class='ocr_par' dir='ltr' id='par_1_64' title="bbox 2177 3728 3747 3803">
     <span class='ocr_line' id='line_1_64' title="bbox 2177 3728 3747 3803; baseline 0.01 -23"><span class='ocrx_word' id='word_1_494' title='bbox 2177 3728 2360 3781; x_wconf 89' lang='lat' dir='ltr'><strong>cham.</strong></span> <span class='ocrx_word' id='word_1_495' title='bbox 2392 3728 2525 3783; x_wconf 87' lang='lat' dir='ltr'><strong>Dein</strong></span> <span class='ocrx_word' id='word_1_496' title='bbox 2583 3729 2845 3799; x_wconf 83' lang='lat' dir='ltr'><strong>eligerent</strong></span> <span class='ocrx_word' id='word_1_497' title='bbox 2901 3733 3079 3785; x_wconf 88' lang='lat' dir='ltr'><strong>virum</strong></span> <span class='ocrx_word' id='word_1_498' title='bbox 3138 3733 3370 3803; x_wconf 85' lang='lat' dir='ltr'><strong>aliquem</strong></span> <span class='ocrx_word' id='word_1_499' title='bbox 3446 3740 3747 3796; x_wconf 86' lang='lat' dir='ltr'><strong>virtutibus</strong></span> 
     </span>
    </p>
   </div>
   <div class='ocr_carea' id='block_1_65' title="bbox 2176 3822 3746 3900">
    <p class='ocr_par' dir='ltr' id='par_1_65' title="bbox 2176 3822 3746 3900">
     <span class='ocr_line' id='line_1_65' title="bbox 2176 3822 3746 3900; baseline 0.01 -25"><span class='ocrx_word' id='word_1_500' title='bbox 2176 3830 2548 3891; x_wconf 59' lang='lat' dir='ltr'><strong>praestantem,</strong></span> <span class='ocrx_word' id='word_1_501' title='bbox 2590 3822 2855 3894; x_wconf 87' lang='lat' dir='ltr'><strong>illumque</strong></span> <span class='ocrx_word' id='word_1_502' title='bbox 2890 3823 3204 3881; x_wconf 82' lang='lat' dir='ltr'><strong>sulIicerent</strong></span> <span class='ocrx_word' id='word_1_503' title='bbox 3237 3829 3621 3900; x_wconf 82' lang='lat' dir='ltr'><strong>presbyterum</strong></span> <span class='ocrx_word' id='word_1_504' title='bbox 3656 3849 3746 3891; x_wconf 79' lang='lat' dir='ltr'><strong>se-</strong></span> 
     </span>
    </p>
   </div>
   <div class='ocr_carea' id='block_1_66' title="bbox 2176 3911 3746 3989">
    <p class='ocr_par' dir='ltr' id='par_1_66' title="bbox 2176 3911 3746 3989">
     <span class='ocr_line' id='line_1_66' title="bbox 2176 3911 3746 3989; baseline 0.01 -25"><span class='ocrx_word' id='word_1_505' title='bbox 2176 3926 2301 3965; x_wconf 88' lang='lat' dir='ltr'><strong>cum</strong></span> <span class='ocrx_word' id='word_1_506' title='bbox 2334 3911 2456 3966; x_wconf 89' lang='lat' dir='ltr'><strong>loco</strong></span> <span class='ocrx_word' id='word_1_507' title='bbox 2489 3912 2631 3981; x_wconf 88' lang='lat' dir='ltr'><strong>ejus,</strong></span> <span class='ocrx_word' id='word_1_508' title='bbox 2659 3913 2750 3983; x_wconf 88' lang='lat' dir='ltr'><strong>qui</strong></span> <span class='ocrx_word' id='word_1_509' title='bbox 2789 3915 3106 3984; x_wconf 85' lang='lat' dir='ltr'><strong>patriarcha</strong></span> <span class='ocrx_word' id='word_1_510' title='bbox 3136 3917 3400 3975; x_wconf 72' lang='lat' dir='ltr'><strong>suffectus</strong></span> <span class='ocrx_word' id='word_1_511' title='bbox 3433 3932 3537 3989; x_wconf 87' lang='lat' dir='ltr'><strong>est,</strong></span> <span class='ocrx_word' id='word_1_512' title='bbox 3568 3934 3629 3979; x_wconf 85' lang='lat' dir='ltr'><strong>ut</strong></span> <span class='ocrx_word' id='word_1_513' title='bbox 3658 3939 3746 3981; x_wconf 74' lang='lat' dir='ltr'><strong>ea-</strong></span> 
     </span>
    </p>
   </div>
   <div class='ocr_carea' id='block_1_67' title="bbox 500 4004 3745 4085">
    <p class='ocr_par' dir='ltr' id='par_1_67' title="bbox 500 4004 3745 4085">
     <span class='ocr_line' id='line_1_67' title="bbox 500 4004 3745 4085; baseline -0.002 -15"><span class='ocrx_word' id='word_1_514' title='bbox 500 4017 849 4070; x_wconf 75' lang='lat' dir='ltr'><strong>Alexandriae</strong></span> <span class='ocrx_word' id='word_1_515' title='bbox 887 4012 1199 4066; x_wconf 85' lang='lat' dir='ltr'><strong>institutum</strong></span> <span class='ocrx_word' id='word_1_516' title='bbox 1234 4010 1337 4062; x_wconf 89' lang='lat' dir='ltr'><strong>hoc</strong></span> <span class='ocrx_word' id='word_1_517' title='bbox 1361 4008 1427 4061; x_wconf 88' lang='lat' dir='ltr'><strong>de</strong></span> <span class='ocrx_word' id='word_1_518' title='bbox 1454 4006 1804 4075; x_wconf 82' lang='lat' dir='ltr'><strong>presbyteris,</strong></span> <span class='ocrx_word' id='word_1_519' title='bbox 1851 4016 1909 4059; x_wconf 91' lang='lat' dir='ltr'><strong>ut</strong></span> <span class='ocrx_word' id='word_1_520' title='bbox 1964 4004 2073 4059; x_wconf 80' lang='lat' dir='ltr'><strong>sci-</strong></span> <span class='ocrx_word' id='word_1_521' title='bbox 2098 4027 2142 4085; x_wconf 71' lang='grc' dir='ltr'>ο</span> <span class='ocrx_word' id='word_1_522' title='bbox 2177 4012 2303 4059; x_wconf 90' lang='lat' dir='ltr'><strong>seut</strong></span> <span class='ocrx_word' id='word_1_523' title='bbox 2348 4013 2613 4074; x_wconf 86' lang='lat' dir='ltr'><strong>perpetuo</strong></span> <span class='ocrx_word' id='word_1_524' title='bbox 2670 4005 2987 4064; x_wconf 88' lang='lat' dir='ltr'><strong>duodecim.</strong></span> <span class='ocrx_word' id='word_1_525' title='bbox 3041 4006 3231 4077; x_wconf 83' lang='lat' dir='ltr'><strong>Neque</strong></span> <span class='ocrx_word' id='word_1_526' title='bbox 3267 4010 3432 4065; x_wconf 85' lang='lat' dir='ltr'><strong>desiit</strong></span> <span class='ocrx_word' id='word_1_527' title='bbox 3483 4026 3601 4069; x_wconf 79' lang='lat' dir='ltr'><strong>mos</strong></span> <span class='ocrx_word' id='word_1_528' title='bbox 3651 4015 3745 4073; x_wconf 71' lang='lat' dir='ltr'><strong>illo</strong></span> 
     </span>
    </p>
   </div>
   <div class='ocr_carea' id='block_1_68' title="bbox 503 4096 2074 4176">
    <p class='ocr_par' dir='ltr' id='par_1_68' title="bbox 503 4096 2074 4176">
     <span class='ocr_line' id='line_1_68' title="bbox 503 4096 2074 4176; baseline -0.006 -15"><span class='ocrx_word' id='word_1_529' title='bbox 503 4112 632 4161; x_wconf 77' lang='lat' dir='ltr'><strong>licet</strong></span> <span class='ocrx_word' id='word_1_530' title='bbox 683 4105 1028 4176; x_wconf 80' lang='lat' dir='ltr'><strong>patriarchas</strong></span> <span class='ocrx_word' id='word_1_531' title='bbox 1062 4110 1315 4156; x_wconf 85' lang='lat' dir='ltr'><strong>crearent</strong></span> <span class='ocrx_word' id='word_1_532' title='bbox 1365 4116 1432 4153; x_wconf 86' lang='lat' dir='ltr'><strong>ex</strong></span> <span class='ocrx_word' id='word_1_533' title='bbox 1498 4098 1833 4168; x_wconf 83' lang='lat' dir='ltr'><strong>presbyteris</strong></span> <span class='ocrx_word' id='word_1_534' title='bbox 1868 4096 2074 4153; x_wconf 85' lang='lat' dir='ltr'><strong>duode-</strong></span> 
     </span>
    </p>
   </div>
   <div class='ocr_carea' id='block_1_69' title="bbox 500 4188 2073 4264">
    <p class='ocr_par' dir='ltr' id='par_1_69' title="bbox 500 4188 2073 4264">
     <span class='ocr_line' id='line_1_69' title="bbox 500 4188 2073 4264; baseline -0.007 -9"><span class='ocrx_word' id='word_1_535' title='bbox 500 4200 630 4261; x_wconf 83' lang='lat' dir='ltr'><strong>cim,</strong></span> <span class='ocrx_word' id='word_1_536' title='bbox 687 4213 862 4264; x_wconf 80' lang='lat' dir='ltr'><strong>usque</strong></span> <span class='ocrx_word' id='word_1_537' title='bbox 924 4196 991 4247; x_wconf 87' lang='lat' dir='ltr'><strong>ad</strong></span> <span class='ocrx_word' id='word_1_538' title='bbox 1066 4203 1310 4261; x_wconf 85' lang='lat' dir='ltr'><strong>tempora</strong></span> <span class='ocrx_word' id='word_1_539' title='bbox 1380 4189 1675 4243; x_wconf 77' lang='lat' dir='ltr'><strong>Alexandri</strong></span> <span class='ocrx_word' id='word_1_540' title='bbox 1740 4188 2073 4258; x_wconf 64' lang='lat' dir='ltr'><strong>patriarchae</strong></span> 
     </span>
    </p>
   </div>
   <div class='ocr_carea' id='block_1_70' title="bbox 502 4279 2071 4356">
    <p class='ocr_par' dir='ltr' id='par_1_70' title="bbox 502 4279 2071 4356">
     <span class='ocr_line' id='line_1_70' title="bbox 502 4279 2071 4356; baseline -0.01 -9"><span class='ocrx_word' id='word_1_541' title='bbox 502 4289 857 4348; x_wconf 71' lang='lat' dir='ltr'><strong>Alex:iii.&#39;riui</strong></span> <span class='ocrx_word' id='word_1_542' title='bbox 890 4288 981 4356; x_wconf 89' lang='lat' dir='ltr'><strong>qui</strong></span> <span class='ocrx_word' id='word_1_543' title='bbox 1022 4285 1125 4340; x_wconf 78' lang='lat' dir='ltr'><strong>fuit</strong></span> <span class='ocrx_word' id='word_1_544' title='bbox 1154 4300 1221 4337; x_wconf 90' lang='lat' dir='ltr'><strong>ex</strong></span> <span class='ocrx_word' id='word_1_545' title='bbox 1254 4298 1487 4337; x_wconf 89' lang='lat' dir='ltr'><strong>numero</strong></span> <span class='ocrx_word' id='word_1_546' title='bbox 1512 4281 1605 4334; x_wconf 90' lang='lat' dir='ltr'><strong>illo</strong></span> <span class='ocrx_word' id='word_1_547' title='bbox 1639 4281 1763 4335; x_wconf 79' lang='grc'><strong>318.</strong></span> <span class='ocrx_word' id='word_1_548' title='bbox 1802 4279 1855 4334; x_wconf 84' lang='lat' dir='ltr'><strong>ls</strong></span> <span class='ocrx_word' id='word_1_549' title='bbox 1890 4287 2071 4333; x_wconf 86' lang='lat' dir='ltr'><strong>autem</strong></span> 
     </span>
    </p>
   </div>
   <div class='ocr_carea' id='block_1_71' title="bbox 502 4373 2069 4446">
    <p class='ocr_par' dir='ltr' id='par_1_71' title="bbox 502 4373 2069 4446">
     <span class='ocr_line' id='line_1_71' title="bbox 502 4373 2069 4446; baseline -0.006 -11"><span class='ocrx_word' id='word_1_550' title='bbox 502 4386 674 4438; x_wconf 79' lang='lat' dir='ltr'><strong>vetuit</strong></span> <span class='ocrx_word' id='word_1_551' title='bbox 734 4396 801 4434; x_wconf 85' lang='lat' dir='ltr'><strong>ne</strong></span> <span class='ocrx_word' id='word_1_552' title='bbox 852 4378 1116 4445; x_wconf 80' lang='lat' dir='ltr'><strong>deinceps</strong></span> <span class='ocrx_word' id='word_1_553' title='bbox 1162 4375 1532 4446; x_wconf 86' lang='lat' dir='ltr'><strong>patriarcham</strong></span> <span class='ocrx_word' id='word_1_554' title='bbox 1570 4373 1870 4442; x_wconf 78' lang='lat' dir='ltr'><strong>presbyteri</strong></span> <span class='ocrx_word' id='word_1_555' title='bbox 1913 4386 2069 4427; x_wconf 77' lang='lat' dir='ltr'><strong>crea—</strong></span> 
     </span>
    </p>
   </div>
   <div class='ocr_carea' id='block_1_72' title="bbox 505 4463 2075 4533">
    <p class='ocr_par' dir='ltr' id='par_1_72' title="bbox 505 4463 2075 4533">
     <span class='ocr_line' id='line_1_72' title="bbox 505 4463 2075 4533; baseline -0.01 0"><span class='ocrx_word' id='word_1_556' title='bbox 505 4485 643 4533; x_wconf 80' lang='lat' dir='ltr'><strong>rent.</strong></span> <span class='ocrx_word' id='word_1_557' title='bbox 704 4472 767 4526; x_wconf 72' lang='lat' dir='ltr'><strong>Et</strong></span> <span class='ocrx_word' id='word_1_558' title='bbox 811 4470 1053 4525; x_wconf 86' lang='lat' dir='ltr'><strong>decrevit</strong></span> <span class='ocrx_word' id='word_1_559' title='bbox 1092 4476 1150 4521; x_wconf 90' lang='lat' dir='ltr'><strong>ut</strong></span> <span class='ocrx_word' id='word_1_560' title='bbox 1201 4476 1420 4520; x_wconf 89' lang='lat' dir='ltr'><strong>mortuo</strong></span> <span class='ocrx_word' id='word_1_561' title='bbox 1465 4463 1776 4532; x_wconf 82' lang='lat' dir='ltr'><strong>patriarcha</strong></span> <span class='ocrx_word' id='word_1_562' title='bbox 1814 4463 2075 4518; x_wconf 88' lang='lat' dir='ltr'><strong>conveni-</strong></span> 
     </span>
    </p>
   </div>
   <div class='ocr_carea' id='block_1_73' title="bbox 503 4555 2073 4636">
    <p class='ocr_par' dir='ltr' id='par_1_73' title="bbox 503 4555 2073 4636">
     <span class='ocr_line' id='line_1_73' title="bbox 503 4555 2073 4636; baseline -0.01 -13"><span class='ocrx_word' id='word_1_563' title='bbox 503 4576 626 4623; x_wconf 87' lang='lat' dir='ltr'><strong>rent</strong></span> <span class='ocrx_word' id='word_1_564' title='bbox 650 4563 894 4636; x_wconf 85' lang='lat' dir='ltr'><strong>episcopi</strong></span> <span class='ocrx_word' id='word_1_565' title='bbox 940 4560 1033 4629; x_wconf 85' lang='lat' dir='ltr'><strong>qui</strong></span> <span class='ocrx_word' id='word_1_566' title='bbox 1089 4556 1459 4629; x_wconf 81' lang='lat' dir='ltr'><strong>patriarcltam</strong></span> <span class='ocrx_word' id='word_1_567' title='bbox 1495 4555 1836 4609; x_wconf 85' lang='lat' dir='ltr'><strong>ordiitarcnt.</strong></span> <span class='ocrx_word' id='word_1_568' title='bbox 1871 4556 2073 4609; x_wconf 87' lang='lat' dir='ltr'><strong>Decre-</strong></span> 
     </span>
    </p>
   </div>
   <div class='ocr_carea' id='block_1_74' title="bbox 503 4645 2074 4719">
    <p class='ocr_par' dir='ltr' id='par_1_74' title="bbox 503 4645 2074 4719">
     <span class='ocr_line' id='line_1_74' title="bbox 503 4645 2074 4719; baseline -0.009 -6"><span class='ocrx_word' id='word_1_569' title='bbox 503 4662 581 4715; x_wconf 82' lang='lat' dir='ltr'><strong>vit</strong></span> <span class='ocrx_word' id='word_1_570' title='bbox 612 4664 740 4711; x_wconf 85' lang='lat' dir='ltr'><strong>item</strong></span> <span class='ocrx_word' id='word_1_571' title='bbox 774 4668 831 4709; x_wconf 89' lang='lat' dir='ltr'><strong>ut</strong></span> <span class='ocrx_word' id='word_1_572' title='bbox 853 4661 1079 4706; x_wconf 80' lang='lat' dir='ltr'><strong>vacante</strong></span> <span class='ocrx_word' id='word_1_573' title='bbox 1118 4649 1514 4719; x_wconf 83' lang='lat' dir='ltr'><strong>patriarchatu,</strong></span> <span class='ocrx_word' id='word_1_574' title='bbox 1559 4645 1827 4715; x_wconf 86' lang='lat' dir='ltr'><strong>eligerent</strong></span> <span class='ocrx_word' id='word_1_575' title='bbox 1856 4646 1973 4699; x_wconf 85' lang='lat' dir='ltr'><strong>sive</strong></span> <span class='ocrx_word' id='word_1_576' title='bbox 2006 4658 2074 4700; x_wconf 84' lang='lat' dir='ltr'><strong>ex</strong></span> 
     </span>
    </p>
   </div>
   <div class='ocr_carea' id='block_1_75' title="bbox 506 4735 2077 4821">
    <p class='ocr_par' dir='ltr' id='par_1_75' title="bbox 506 4735 2077 4821">
     <span class='ocr_line' id='line_1_75' title="bbox 506 4735 2077 4821; baseline -0.009 -17"><span class='ocrx_word' id='word_1_577' title='bbox 506 4764 834 4821; x_wconf 82' lang='lat' dir='ltr'><strong>quacunque</strong></span> <span class='ocrx_word' id='word_1_578' title='bbox 865 4748 1087 4813; x_wconf 83' lang='lat' dir='ltr'><strong>regione</strong></span> <span class='ocrx_word' id='word_1_579' title='bbox 1127 4743 1239 4795; x_wconf 84' lang='lat' dir='ltr'><strong>sive</strong></span> <span class='ocrx_word' id='word_1_580' title='bbox 1277 4754 1342 4793; x_wconf 86' lang='lat' dir='ltr'><strong>ex</strong></span> <span class='ocrx_word' id='word_1_581' title='bbox 1377 4735 1673 4791; x_wconf 88' lang='lat' dir='ltr'><strong>duodecim</strong></span> <span class='ocrx_word' id='word_1_582' title='bbox 1718 4735 1823 4791; x_wconf 87' lang='lat' dir='ltr'><strong>illis</strong></span> <span class='ocrx_word' id='word_1_583' title='bbox 1851 4735 2077 4806; x_wconf 80' lang='lat' dir='ltr'><strong>presby-</strong></span> 
     </span>
    </p>
   </div>
   <div class='ocr_carea' id='block_1_76' title="bbox 509 4829 2075 4901">
    <p class='ocr_par' dir='ltr' id='par_1_76' title="bbox 509 4829 2075 4901">
     <span class='ocr_line' id='line_1_76' title="bbox 509 4829 2075 4901; baseline -0.007 -6"><span class='ocrx_word' id='word_1_584' title='bbox 509 4843 645 4898; x_wconf 90' lang='lat' dir='ltr'><strong>teris</strong></span> <span class='ocrx_word' id='word_1_585' title='bbox 676 4842 792 4894; x_wconf 82' lang='lat' dir='ltr'><strong>sive</strong></span> <span class='ocrx_word' id='word_1_586' title='bbox 818 4838 967 4901; x_wconf 87' lang='lat' dir='ltr'><strong>aliis,</strong></span> <span class='ocrx_word' id='word_1_587' title='bbox 994 4845 1053 4889; x_wconf 91' lang='lat' dir='ltr'><strong>ut</strong></span> <span class='ocrx_word' id='word_1_588' title='bbox 1096 4850 1185 4889; x_wconf 88' lang='lat' dir='ltr'><strong>res</strong></span> <span class='ocrx_word' id='word_1_589' title='bbox 1216 4833 1450 4894; x_wconf 82' lang='lat' dir='ltr'><strong>ferebat,</strong></span> <span class='ocrx_word' id='word_1_590' title='bbox 1472 4832 1646 4883; x_wconf 90' lang='lat' dir='ltr'><strong>virum</strong></span> <span class='ocrx_word' id='word_1_591' title='bbox 1690 4829 1928 4898; x_wconf 84' lang='lat' dir='ltr'><strong>aliquem</strong></span> <span class='ocrx_word' id='word_1_592' title='bbox 1957 4829 2075 4884; x_wconf 83' lang='lat' dir='ltr'><strong>exi-</strong></span> 
     </span>
    </p>
   </div>
   <div class='ocr_carea' id='block_1_77' title="bbox 508 4922 2077 5000">
    <p class='ocr_par' dir='ltr' id='par_1_77' title="bbox 508 4922 2077 5000">
     <span class='ocr_line' id='line_1_77' title="bbox 508 4922 2077 5000; baseline -0.01 -10"><span class='ocrx_word' id='word_1_593' title='bbox 508 4941 693 4997; x_wconf 87' lang='lat' dir='ltr'><strong>mium,</strong></span> <span class='ocrx_word' id='word_1_594' title='bbox 726 4945 962 5000; x_wconf 89' lang='lat' dir='ltr'><strong>eumque</strong></span> <span class='ocrx_word' id='word_1_595' title='bbox 980 4926 1346 4997; x_wconf 83' lang='lat' dir='ltr'><strong>patriarcham</strong></span> <span class='ocrx_word' id='word_1_596' title='bbox 1372 4931 1640 4977; x_wconf 85' lang='lat' dir='ltr'><strong>crearent.</strong></span> <span class='ocrx_word' id='word_1_597' title='bbox 1664 4922 1837 4991; x_wconf 80' lang='lat' dir='ltr'><strong>Atque</strong></span> <span class='ocrx_word' id='word_1_598' title='bbox 1863 4922 1932 4975; x_wconf 87' lang='lat' dir='ltr'><strong>ita</strong></span> <span class='ocrx_word' id='word_1_599' title='bbox 1949 4936 2077 4975; x_wconf 87' lang='lat' dir='ltr'><strong>cva-</strong></span> 
     </span>
    </p>
   </div>
   <div class='ocr_carea' id='block_1_78' title="bbox 508 5013 2072 5085">
    <p class='ocr_par' dir='ltr' id='par_1_78' title="bbox 508 5013 2072 5085">
     <span class='ocr_line' id='line_1_78' title="bbox 508 5013 2072 5085; baseline -0.009 -2"><span class='ocrx_word' id='word_1_600' title='bbox 508 5029 625 5083; x_wconf 87' lang='lat' dir='ltr'><strong>nuit</strong></span> <span class='ocrx_word' id='word_1_601' title='bbox 651 5026 964 5078; x_wconf 82' lang='lat' dir='ltr'><strong>institutum</strong></span> <span class='ocrx_word' id='word_1_602' title='bbox 998 5019 1131 5072; x_wconf 86' lang='lat' dir='ltr'><strong>illud</strong></span> <span class='ocrx_word' id='word_1_603' title='bbox 1167 5015 1477 5085; x_wconf 82' lang='lat' dir='ltr'><strong>antiquius,</strong></span> <span class='ocrx_word' id='word_1_604' title='bbox 1519 5029 1628 5083; x_wconf 88' lang='lat' dir='ltr'><strong>quo</strong></span> <span class='ocrx_word' id='word_1_605' title='bbox 1662 5013 1838 5067; x_wconf 83' lang='lat' dir='ltr'><strong>creari</strong></span> <span class='ocrx_word' id='word_1_606' title='bbox 1870 5013 2072 5069; x_wconf 82' lang='lat' dir='ltr'><strong>solitus</strong></span> 
     </span>
    </p>
   </div>
   <div class='ocr_carea' id='block_1_79' title="bbox 510 5103 2075 5187">
    <p class='ocr_par' dir='ltr' id='par_1_79' title="bbox 510 5103 2075 5187">
     <span class='ocr_line' id='line_1_79' title="bbox 510 5103 2075 5187; baseline -0.01 -16"><span class='ocrx_word' id='word_1_607' title='bbox 510 5114 896 5187; x_wconf 70' lang='lat' dir='ltr'><strong>apresbyteris</strong></span> <span class='ocrx_word' id='word_1_608' title='bbox 944 5108 1293 5180; x_wconf 87' lang='lat' dir='ltr'><strong>patriarcha;</strong></span> <span class='ocrx_word' id='word_1_609' title='bbox 1370 5111 1425 5159; x_wconf 92' lang='lat' dir='ltr'><strong>et</strong></span> <span class='ocrx_word' id='word_1_610' title='bbox 1467 5103 1736 5159; x_wconf 88' lang='lat' dir='ltr'><strong>successit</strong></span> <span class='ocrx_word' id='word_1_611' title='bbox 1786 5106 1839 5157; x_wconf 89' lang='lat' dir='ltr'><strong>in</strong></span> <span class='ocrx_word' id='word_1_612' title='bbox 1896 5105 2075 5157; x_wconf 90' lang='lat' dir='ltr'><strong>locum</strong></span> 
     </span>
    </p>
   </div>
   <div class='ocr_carea' id='block_1_80' title="bbox 510 5195 2075 5280">
    <p class='ocr_par' dir='ltr' id='par_1_80' title="bbox 510 5195 2075 5280">
     <span class='ocr_line' id='line_1_80' title="bbox 510 5195 2075 5280; baseline -0.01 -15"><span class='ocrx_word' id='word_1_613' title='bbox 510 5212 629 5280; x_wconf 79' lang='lat' dir='ltr'><strong>ejus</strong></span> <span class='ocrx_word' id='word_1_614' title='bbox 660 5209 943 5263; x_wconf 85' lang='lat' dir='ltr'><strong>decretum</strong></span> <span class='ocrx_word' id='word_1_615' title='bbox 974 5203 1043 5255; x_wconf 85' lang='lat' dir='ltr'><strong>de</strong></span> <span class='ocrx_word' id='word_1_616' title='bbox 1080 5199 1388 5269; x_wconf 86' lang='lat' dir='ltr'><strong>patriarcha</strong></span> <span class='ocrx_word' id='word_1_617' title='bbox 1423 5198 1491 5249; x_wconf 91' lang='lat' dir='ltr'><strong>ab</strong></span> <span class='ocrx_word' id='word_1_618' title='bbox 1515 5196 1787 5265; x_wconf 79' lang='lat' dir='ltr'><strong>episcopis</strong></span> <span class='ocrx_word' id='word_1_619' title='bbox 1816 5195 2075 5249; x_wconf 87' lang='lat' dir='ltr'><strong>creando.</strong></span> 
     </span>
    </p>
   </div>
   <div class='ocr_carea' id='block_1_81' title="bbox 510 5286 2076 5365">
    <p class='ocr_par' dir='ltr' id='par_1_81' title="bbox 510 5286 2076 5365">
     <span class='ocr_line' id='line_1_81' title="bbox 510 5286 2076 5365; baseline -0.011 -6"><span class='ocrx_word' id='word_1_620' title='bbox 510 5304 560 5359; x_wconf 85' lang='lat' dir='ltr'><strong>Is</strong></span> <span class='ocrx_word' id='word_1_621' title='bbox 587 5302 747 5355; x_wconf 74' lang='lat' dir='ltr'><strong>etiam</strong></span> <span class='ocrx_word' id='word_1_622' title='bbox 783 5296 939 5365; x_wconf 84' lang='lat' dir='ltr'><strong>petiit</strong></span> <span class='ocrx_word' id='word_1_623' title='bbox 972 5292 1041 5346; x_wconf 89' lang='lat' dir='ltr'><strong>ab</strong></span> <span class='ocrx_word' id='word_1_624' title='bbox 1072 5293 1151 5346; x_wconf 90' lang='lat' dir='ltr'><strong>cis</strong></span> <span class='ocrx_word' id='word_1_625' title='bbox 1192 5306 1260 5345; x_wconf 90' lang='lat' dir='ltr'><strong>ne</strong></span> <span class='ocrx_word' id='word_1_626' title='bbox 1308 5288 1616 5360; x_wconf 83' lang='lat' dir='ltr'><strong>patriarcha</strong></span> <span class='ocrx_word' id='word_1_627' title='bbox 1668 5286 2076 5342; x_wconf 80' lang='lat' dir='ltr'><strong>Alexandrinus</strong></span> 
     </span>
    </p>
   </div>
   <div class='ocr_carea' id='block_1_82' title="bbox 2174 4097 3744 4175">
    <p class='ocr_par' dir='ltr' id='par_1_82' title="bbox 2174 4097 3744 4175">
     <span class='ocr_line' id='line_1_82' title="bbox 2174 4097 3744 4175; baseline 0.009 -28"><span class='ocrx_word' id='word_1_628' title='bbox 2174 4097 2623 4167; x_wconf 80' lang='lat' dir='ltr'><strong>presbyterorum</strong></span> <span class='ocrx_word' id='word_1_629' title='bbox 2675 4097 3023 4153; x_wconf 68' lang='lat' dir='ltr'><strong>Alexandria:</strong></span> <span class='ocrx_word' id='word_1_630' title='bbox 3080 4103 3456 4158; x_wconf 87' lang='lat' dir='ltr'><strong>constituendi</strong></span> <span class='ocrx_word' id='word_1_631' title='bbox 3501 4106 3744 4175; x_wconf 82' lang='lat' dir='ltr'><strong>patriar-</strong></span> 
     </span>
    </p>
   </div>
   <div class='ocr_carea' id='block_1_83' title="bbox 2176 4185 3744 4268">
    <p class='ocr_par' dir='ltr' id='par_1_83' title="bbox 2176 4185 3744 4268">
     <span class='ocr_line' id='line_1_83' title="bbox 2176 4185 3744 4268; baseline 0.009 -28"><span class='ocrx_word' id='word_1_632' title='bbox 2176 4189 2332 4240; x_wconf 86' lang='lat' dir='ltr'><strong>cham</strong></span> <span class='ocrx_word' id='word_1_633' title='bbox 2355 4202 2418 4240; x_wconf 86' lang='lat' dir='ltr'><strong>ex</strong></span> <span class='ocrx_word' id='word_1_634' title='bbox 2444 4185 2512 4240; x_wconf 89' lang='lat' dir='ltr'><strong>iis</strong></span> <span class='ocrx_word' id='word_1_635' title='bbox 2536 4185 2826 4243; x_wconf 85' lang='lat' dir='ltr'><strong>duodecim</strong></span> <span class='ocrx_word' id='word_1_636' title='bbox 2864 4188 3201 4258; x_wconf 84' lang='lat' dir='ltr'><strong>presbyteris</strong></span> <span class='ocrx_word' id='word_1_637' title='bbox 3226 4206 3400 4260; x_wconf 88' lang='lat' dir='ltr'><strong>usque</strong></span> <span class='ocrx_word' id='word_1_638' title='bbox 3422 4194 3488 4248; x_wconf 90' lang='lat' dir='ltr'><strong>ad</strong></span> <span class='ocrx_word' id='word_1_639' title='bbox 3522 4204 3744 4268; x_wconf 85' lang='lat' dir='ltr'><strong>tempus</strong></span> 
     </span>
    </p>
   </div>
   <div class='ocr_carea' id='block_1_84' title="bbox 2173 4276 3743 4353">
    <p class='ocr_par' dir='ltr' id='par_1_84' title="bbox 2173 4276 3743 4353">
     <span class='ocr_line' id='line_1_84' title="bbox 2173 4276 3743 4353; baseline 0.009 -24"><span class='ocrx_word' id='word_1_640' title='bbox 2173 4276 2466 4332; x_wconf 84' lang='lat' dir='ltr'><strong>Alexandri</strong></span> <span class='ocrx_word' id='word_1_641' title='bbox 2493 4277 2822 4346; x_wconf 74' lang='lat' dir='ltr'><strong>patriarchas</strong></span> <span class='ocrx_word' id='word_1_642' title='bbox 2860 4279 3229 4347; x_wconf 67' lang='lat' dir='ltr'><strong>Alexandriae,</strong></span> <span class='ocrx_word' id='word_1_643' title='bbox 3262 4283 3355 4353; x_wconf 89' lang='lat' dir='ltr'><strong>qui</strong></span> <span class='ocrx_word' id='word_1_644' title='bbox 3378 4295 3497 4339; x_wconf 86' lang='lat' dir='ltr'><strong>erat</strong></span> <span class='ocrx_word' id='word_1_645' title='bbox 3525 4301 3592 4341; x_wconf 85' lang='lat' dir='ltr'><strong>ex</strong></span> <span class='ocrx_word' id='word_1_646' title='bbox 3635 4304 3743 4343; x_wconf 90' lang='lat' dir='ltr'><strong>nu-</strong></span> 
     </span>
    </p>
   </div>
   <div class='ocr_carea' id='block_1_85' title="bbox 2176 4370 3744 4442">
    <p class='ocr_par' dir='ltr' id='par_1_85' title="bbox 2176 4370 3744 4442">
     <span class='ocr_line' id='line_1_85' title="bbox 2176 4370 3744 4442; baseline 0.01 -22"><span class='ocrx_word' id='word_1_647' title='bbox 2176 4380 2327 4421; x_wconf 86' lang='lat' dir='ltr'><strong>mero</strong></span> <span class='ocrx_word' id='word_1_648' title='bbox 2357 4375 2723 4423; x_wconf 88' lang='lat' dir='ltr'><strong>trecentorum</strong></span> <span class='ocrx_word' id='word_1_649' title='bbox 2755 4370 3057 4426; x_wconf 88' lang='lat' dir='ltr'><strong>octodecim</strong></span> <span class='ocrx_word' id='word_1_650' title='bbox 3089 4371 3341 4442; x_wconf 85' lang='lat' dir='ltr'><strong>(Patrum</strong></span> <span class='ocrx_word' id='word_1_651' title='bbox 3389 4374 3591 4433; x_wconf 71' lang='grc' dir='ltr'><strong>Νἱεωω</strong></span> <span class='ocrx_word' id='word_1_652' title='bbox 3616 4396 3744 4434; x_wconf 81' lang='lat' dir='ltr'><strong>con-</strong></span> 
     </span>
    </p>
   </div>
   <div class='ocr_carea' id='block_1_86' title="bbox 2174 4458 3744 4536">
    <p class='ocr_par' dir='ltr' id='par_1_86' title="bbox 2174 4458 3744 4536">
     <span class='ocr_line' id='line_1_86' title="bbox 2174 4458 3744 4536; baseline 0.008 -24"><span class='ocrx_word' id='word_1_653' title='bbox 2174 4470 2510 4530; x_wconf 82' lang='lat' dir='ltr'><strong>grrgalorum</strong></span> <span class='ocrx_word' id='word_1_654' title='bbox 2534 4458 2598 4531; x_wconf 86' lang='lat'><strong>);</strong></span> <span class='ocrx_word' id='word_1_655' title='bbox 2642 4459 2689 4514; x_wconf 87' lang='lat' dir='ltr'><strong>is</strong></span> <span class='ocrx_word' id='word_1_656' title='bbox 2718 4463 2861 4515; x_wconf 85' lang='lat' dir='ltr'><strong>enim</strong></span> <span class='ocrx_word' id='word_1_657' title='bbox 2884 4462 3073 4527; x_wconf 82' lang='lat' dir='ltr'><strong>vetuit,</strong></span> <span class='ocrx_word' id='word_1_658' title='bbox 3106 4478 3173 4519; x_wconf 90' lang='lat' dir='ltr'><strong>ne</strong></span> <span class='ocrx_word' id='word_1_659' title='bbox 3203 4464 3506 4536; x_wconf 78' lang='lat' dir='ltr'><strong>presbyteri</strong></span> <span class='ocrx_word' id='word_1_660' title='bbox 3536 4470 3744 4523; x_wconf 75' lang='lat' dir='ltr'><strong>consti-</strong></span> 
     </span>
    </p>
   </div>
   <div class='ocr_carea' id='block_1_87' title="bbox 2178 4552 3744 4627">
    <p class='ocr_par' dir='ltr' id='par_1_87' title="bbox 2178 4552 3744 4627">
     <span class='ocr_line' id='line_1_87' title="bbox 2178 4552 3744 4627; baseline 0.007 -23"><span class='ocrx_word' id='word_1_661' title='bbox 2178 4552 2802 4620; x_wconf 87' lang='lat' dir='ltr'><strong>tuerentpatriarcham.</strong></span> <span class='ocrx_word' id='word_1_662' title='bbox 2833 4552 3101 4624; x_wconf 64' lang='lat' dir='ltr'><strong>Praecepit</strong></span> <span class='ocrx_word' id='word_1_663' title='bbox 3136 4569 3376 4627; x_wconf 88' lang='lat' dir='ltr'><strong>quoque,</strong></span> <span class='ocrx_word' id='word_1_664' title='bbox 3421 4565 3481 4612; x_wconf 90' lang='lat' dir='ltr'><strong>ut</strong></span> <span class='ocrx_word' id='word_1_665' title='bbox 3524 4569 3744 4616; x_wconf 89' lang='lat' dir='ltr'><strong>mortuo</strong></span> 
     </span>
    </p>
   </div>
   <div class='ocr_carea' id='block_1_88' title="bbox 2176 4642 3733 4718">
    <p class='ocr_par' dir='ltr' id='par_1_88' title="bbox 2176 4642 3733 4718">
     <span class='ocr_line' id='line_1_88' title="bbox 2176 4642 3733 4718; baseline 0.008 -24"><span class='ocrx_word' id='word_1_666' title='bbox 2176 4642 2510 4712; x_wconf 87' lang='lat' dir='ltr'><strong>patriarcha,</strong></span> <span class='ocrx_word' id='word_1_667' title='bbox 2559 4643 2919 4698; x_wconf 82' lang='lat' dir='ltr'><strong>convenirent</strong></span> <span class='ocrx_word' id='word_1_668' title='bbox 2954 4645 3197 4715; x_wconf 85' lang='lat' dir='ltr'><strong>episcopi</strong></span> <span class='ocrx_word' id='word_1_669' title='bbox 3253 4657 3305 4702; x_wconf 90' lang='lat' dir='ltr'><strong>et</strong></span> <span class='ocrx_word' id='word_1_670' title='bbox 3357 4650 3733 4718; x_wconf 78' lang='lat' dir='ltr'><strong>patriai-chain</strong></span> 
     </span>
    </p>
   </div>
   <div class='ocr_carea' id='block_1_89' title="bbox 2177 4733 3746 4811">
    <p class='ocr_par' dir='ltr' id='par_1_89' title="bbox 2177 4733 3746 4811">
     <span class='ocr_line' id='line_1_89' title="bbox 2177 4733 3746 4811; baseline 0.004 -25"><span class='ocrx_word' id='word_1_671' title='bbox 2177 4733 2602 4789; x_wconf 82' lang='lat' dir='ltr'><strong>constituerent.</strong></span> <span class='ocrx_word' id='word_1_672' title='bbox 2653 4733 2917 4804; x_wconf 62' lang='lat' dir='ltr'><strong>Prmeepit</strong></span> <span class='ocrx_word' id='word_1_673' title='bbox 2967 4737 3158 4802; x_wconf 86' lang='lat' dir='ltr'><strong>etiam,</strong></span> <span class='ocrx_word' id='word_1_674' title='bbox 3208 4745 3268 4791; x_wconf 90' lang='lat' dir='ltr'><strong>ut</strong></span> <span class='ocrx_word' id='word_1_675' title='bbox 3325 4736 3588 4795; x_wconf 81' lang='lat' dir='ltr'><strong>defuncto</strong></span> <span class='ocrx_word' id='word_1_676' title='bbox 3648 4757 3746 4811; x_wconf 84' lang='lat' dir='ltr'><strong>pa-</strong></span> 
     </span>
    </p>
   </div>
   <div class='ocr_carea' id='block_1_90' title="bbox 2177 4825 3740 4900">
    <p class='ocr_par' dir='ltr' id='par_1_90' title="bbox 2177 4825 3740 4900">
     <span class='ocr_line' id='line_1_90' title="bbox 2177 4825 3740 4900; baseline 0.002 -18"><span class='ocrx_word' id='word_1_677' title='bbox 2177 4825 2439 4889; x_wconf 83' lang='lat' dir='ltr'><strong>triarcha,</strong></span> <span class='ocrx_word' id='word_1_678' title='bbox 2486 4826 2750 4898; x_wconf 84' lang='lat' dir='ltr'><strong>eligerent</strong></span> <span class='ocrx_word' id='word_1_679' title='bbox 2803 4841 2871 4883; x_wconf 88' lang='lat' dir='ltr'><strong>ex</strong></span> <span class='ocrx_word' id='word_1_680' title='bbox 2922 4841 3254 4898; x_wconf 85' lang='lat' dir='ltr'><strong>quacunque</strong></span> <span class='ocrx_word' id='word_1_681' title='bbox 3291 4829 3517 4900; x_wconf 84' lang='lat' dir='ltr'><strong>regione</strong></span> <span class='ocrx_word' id='word_1_682' title='bbox 3564 4832 3740 4885; x_wconf 90' lang='lat' dir='ltr'><strong>virum</strong></span> 
     </span>
    </p>
   </div>
   <div class='ocr_carea' id='block_1_91' title="bbox 2180 4918 3745 4991">
    <p class='ocr_par' dir='ltr' id='par_1_91' title="bbox 2180 4918 3745 4991">
     <span class='ocr_line' id='line_1_91' title="bbox 2180 4918 3745 4991; baseline 0.006 -21"><span class='ocrx_word' id='word_1_683' title='bbox 2180 4918 2413 4989; x_wconf 84' lang='lat' dir='ltr'><strong>aliquem</strong></span> <span class='ocrx_word' id='word_1_684' title='bbox 2445 4918 2737 4977; x_wconf 80' lang='lat' dir='ltr'><strong>virtutibus</strong></span> <span class='ocrx_word' id='word_1_685' title='bbox 2766 4920 3163 4989; x_wconf 75' lang='lat' dir='ltr'><strong>praecellentem</strong></span> <span class='ocrx_word' id='word_1_686' title='bbox 3186 4959 3203 4987; x_wconf 87' lang='lat'><strong>,</strong></span> <span class='ocrx_word' id='word_1_687' title='bbox 3258 4923 3374 4976; x_wconf 85' lang='lat' dir='ltr'><strong>sive</strong></span> <span class='ocrx_word' id='word_1_688' title='bbox 3403 4922 3636 4991; x_wconf 87' lang='lat' dir='ltr'><strong>aliquem</strong></span> <span class='ocrx_word' id='word_1_689' title='bbox 3677 4938 3745 4979; x_wconf 70' lang='lat' dir='ltr'><strong>ex</strong></span> 
     </span>
    </p>
   </div>
   <div class='ocr_carea' id='block_1_92' title="bbox 2182 5008 3743 5084">
    <p class='ocr_par' dir='ltr' id='par_1_92' title="bbox 2182 5008 3743 5084">
     <span class='ocr_line' id='line_1_92' title="bbox 2182 5008 3743 5084; baseline 0.004 -24"><span class='ocrx_word' id='word_1_690' title='bbox 2182 5008 2287 5061; x_wconf 85' lang='lat' dir='ltr'><strong>illis</strong></span> <span class='ocrx_word' id='word_1_691' title='bbox 2324 5008 2613 5063; x_wconf 87' lang='lat' dir='ltr'><strong>duodecim</strong></span> <span class='ocrx_word' id='word_1_692' title='bbox 2652 5010 3022 5078; x_wconf 84' lang='lat' dir='ltr'><strong>presbyteris,</strong></span> <span class='ocrx_word' id='word_1_693' title='bbox 3073 5012 3188 5065; x_wconf 81' lang='lat' dir='ltr'><strong>sive</strong></span> <span class='ocrx_word' id='word_1_694' title='bbox 3226 5012 3383 5078; x_wconf 87' lang='lat' dir='ltr'><strong>aliis,</strong></span> <span class='ocrx_word' id='word_1_695' title='bbox 3434 5014 3594 5081; x_wconf 74' lang='lat' dir='ltr'><strong>cuius</strong></span> <span class='ocrx_word' id='word_1_696' title='bbox 3624 5012 3743 5084; x_wconf 82' lang='lat' dir='ltr'><strong>pia-</strong></span> 
     </span>
    </p>
   </div>
   <div class='ocr_carea' id='block_1_93' title="bbox 2181 5100 3741 5172">
    <p class='ocr_par' dir='ltr' id='par_1_93' title="bbox 2181 5100 3741 5172">
     <span class='ocr_line' id='line_1_93' title="bbox 2181 5100 3741 5172; baseline 0.004 -18"><span class='ocrx_word' id='word_1_697' title='bbox 2181 5108 2305 5156; x_wconf 86' lang='lat' dir='ltr'><strong>ceat</strong></span> <span class='ocrx_word' id='word_1_698' title='bbox 2345 5100 2610 5166; x_wconf 91' lang='lat' dir='ltr'><strong>conditio,</strong></span> <span class='ocrx_word' id='word_1_699' title='bbox 2638 5112 2697 5155; x_wconf 86' lang='lat' dir='ltr'><strong>et</strong></span> <span class='ocrx_word' id='word_1_700' title='bbox 2721 5101 2874 5155; x_wconf 88' lang='lat' dir='ltr'><strong>illum</strong></span> <span class='ocrx_word' id='word_1_701' title='bbox 2907 5103 3310 5157; x_wconf 88' lang='lat' dir='ltr'><strong>constituerent</strong></span> <span class='ocrx_word' id='word_1_702' title='bbox 3351 5106 3741 5172; x_wconf 81' lang='lat' dir='ltr'><strong>patriareham,</strong></span> 
     </span>
    </p>
   </div>
   <div class='ocr_carea' id='block_1_94' title="bbox 2179 5190 3741 5265">
    <p class='ocr_par' dir='ltr' id='par_1_94' title="bbox 2179 5190 3741 5265">
     <span class='ocr_line' id='line_1_94' title="bbox 2179 5190 3741 5265; baseline 0.005 -20"><span class='ocrx_word' id='word_1_703' title='bbox 2179 5192 2525 5261; x_wconf 85' lang='lat' dir='ltr'><strong>cessavitque</strong></span> <span class='ocrx_word' id='word_1_704' title='bbox 2557 5190 2814 5261; x_wconf 86' lang='lat' dir='ltr'><strong>antiquus</strong></span> <span class='ocrx_word' id='word_1_705' title='bbox 2837 5207 2954 5248; x_wconf 86' lang='lat' dir='ltr'><strong>mos</strong></span> <span class='ocrx_word' id='word_1_706' title='bbox 2978 5192 3347 5249; x_wconf 82' lang='lat' dir='ltr'><strong>constituendi</strong></span> <span class='ocrx_word' id='word_1_707' title='bbox 3378 5197 3741 5265; x_wconf 87' lang='lat' dir='ltr'><strong>patriarcham</strong></span> 
     </span>
    </p>
   </div>
   <div class='ocr_carea' id='block_1_95' title="bbox 2181 5280 3741 5356">
    <p class='ocr_par' dir='ltr' id='par_1_95' title="bbox 2181 5280 3741 5356">
     <span class='ocr_line' id='line_1_95' title="bbox 2181 5280 3741 5356; baseline 0.003 -20"><span class='ocrx_word' id='word_1_708' title='bbox 2181 5298 2211 5336; x_wconf 86' lang='lat' dir='ltr'><strong>a</strong></span> <span class='ocrx_word' id='word_1_709' title='bbox 2246 5280 2603 5352; x_wconf 87' lang='lat' dir='ltr'><strong>presbyteris,</strong></span> <span class='ocrx_word' id='word_1_710' title='bbox 2644 5281 2894 5354; x_wconf 83' lang='lat' dir='ltr'><strong>factaque</strong></span> <span class='ocrx_word' id='word_1_711' title='bbox 2920 5292 3003 5339; x_wconf 87' lang='lat' dir='ltr'><strong>est</strong></span> <span class='ocrx_word' id='word_1_712' title='bbox 3047 5293 3293 5353; x_wconf 88' lang='lat' dir='ltr'><strong>potestas</strong></span> <span class='ocrx_word' id='word_1_713' title='bbox 3322 5300 3487 5354; x_wconf 81' lang='lat' dir='ltr'><strong>penes</strong></span> <span class='ocrx_word' id='word_1_714' title='bbox 3532 5288 3741 5356; x_wconf 53' lang='lat' dir='ltr'><strong>episeo-</strong></span> 
     </span>
    </p>
   </div>
   <div class='ocr_carea' id='block_1_96' title="bbox 509 5358 3745 5461">
    <p class='ocr_par' dir='ltr' id='par_1_96' title="bbox 509 5358 3745 5461">
     <span class='ocr_line' id='line_1_96' title="bbox 509 5358 3745 5461; baseline -0.003 -18"><span class='ocrx_word' id='word_1_715' title='bbox 509 5406 646 5461; x_wconf 85' lang='lat' dir='ltr'><strong>papa</strong></span> <span class='ocrx_word' id='word_1_716' title='bbox 680 5358 1035 5449; x_wconf 83' lang='lat' dir='ltr'><strong>vocitaretur,</strong></span> <span class='ocrx_word' id='word_1_717' title='bbox 1085 5380 1231 5452; x_wconf 91' lang='lat' dir='ltr'><strong>quod</strong></span> <span class='ocrx_word' id='word_1_718' title='bbox 1273 5358 1547 5449; x_wconf 76' lang='lat' dir='ltr'><strong>signiﬁcat</strong></span> <span class='ocrx_word' id='word_1_719' title='bbox 1594 5395 1778 5433; x_wconf 86' lang='lat' dir='ltr'><strong>avum.</strong></span> <span class='ocrx_word' id='word_1_720' title='bbox 1812 5378 1917 5432; x_wconf 88' lang='lat' dir='ltr'><strong>Sed</strong></span> <span class='ocrx_word' id='word_1_721' title='bbox 1949 5393 2076 5432; x_wconf 88' lang='lat' dir='ltr'><strong>vero</strong></span> <span class='ocrx_word' id='word_1_722' title='bbox 2108 5358 2154 5418; x_wconf 70' lang='grc' dir='ltr'><strong>ἶ)</strong></span> <span class='ocrx_word' id='word_1_723' title='bbox 2182 5390 2279 5445; x_wconf 90' lang='lat' dir='ltr'><strong>pos</strong></span> <span class='ocrx_word' id='word_1_724' title='bbox 2330 5373 2694 5429; x_wconf 86' lang='lat' dir='ltr'><strong>constituendi</strong></span> <span class='ocrx_word' id='word_1_725' title='bbox 2750 5375 3141 5446; x_wconf 82' lang='lat' dir='ltr'><strong>patriarcham.</strong></span> <span class='ocrx_word' id='word_1_726' title='bbox 3196 5375 3252 5430; x_wconf 87' lang='lat' dir='ltr'><strong>Si</strong></span> <span class='ocrx_word' id='word_1_727' title='bbox 3298 5377 3390 5446; x_wconf 89' lang='lat' dir='ltr'><strong>qui</strong></span> <span class='ocrx_word' id='word_1_728' title='bbox 3446 5392 3575 5431; x_wconf 86' lang='lat' dir='ltr'><strong>vero</strong></span> <span class='ocrx_word' id='word_1_729' title='bbox 3623 5394 3745 5448; x_wconf 87' lang='lat' dir='ltr'><strong>per-</strong></span> 
     </span>
    </p>
   </div>
   <div class='ocr_carea' id='block_1_97' title="bbox 508 5472 2073 5548">
    <p class='ocr_par' dir='ltr' id='par_1_97' title="bbox 508 5472 2073 5548">
     <span class='ocr_line' id='line_1_97' title="bbox 508 5472 2073 5548; baseline -0.009 -9"><span class='ocrx_word' id='word_1_730' title='bbox 508 5489 578 5540; x_wconf 85' lang='lat' dir='ltr'><strong>ab</strong></span> <span class='ocrx_word' id='word_1_731' title='bbox 603 5483 844 5537; x_wconf 82' lang='lat' dir='ltr'><strong>ilanania</strong></span> <span class='ocrx_word' id='word_1_732' title='bbox 876 5494 1035 5548; x_wconf 82' lang='lat' dir='ltr'><strong>quem</strong></span> <span class='ocrx_word' id='word_1_733' title='bbox 1061 5476 1343 5531; x_wconf 76' lang='lat' dir='ltr'><strong>constituit</strong></span> <span class='ocrx_word' id='word_1_734' title='bbox 1369 5473 1582 5528; x_wconf 75' lang='lat' dir='ltr'><strong>Marcus</strong></span> <span class='ocrx_word' id='word_1_735' title='bbox 1607 5472 1940 5540; x_wconf 85' lang='lat' dir='ltr'><strong>evangelista</strong></span> <span class='ocrx_word' id='word_1_736' title='bbox 1979 5487 2073 5541; x_wconf 89' lang='lat' dir='ltr'><strong>pa-</strong></span> 
     </span>
    </p>
   </div>
   <div class='ocr_carea' id='block_1_98' title="bbox 510 5560 2071 5631">
    <p class='ocr_par' dir='ltr' id='par_1_98' title="bbox 510 5560 2071 5631">
     <span class='ocr_line' id='line_1_98' title="bbox 510 5560 2071 5631; baseline -0.013 -6"><span class='ocrx_word' id='word_1_737' title='bbox 510 5563 1178 5626; x_wconf 64' lang='lat' dir='ltr'><strong>triai-chainAlexandriae,</strong></span> <span class='ocrx_word' id='word_1_738' title='bbox 1214 5576 1385 5631; x_wconf 79' lang='lat' dir='ltr'><strong>usque</strong></span> <span class='ocrx_word' id='word_1_739' title='bbox 1418 5561 1469 5613; x_wconf 92' lang='lat' dir='ltr'><strong>in</strong></span> <span class='ocrx_word' id='word_1_740' title='bbox 1507 5569 1749 5629; x_wconf 85' lang='lat' dir='ltr'><strong>tempora</strong></span> <span class='ocrx_word' id='word_1_741' title='bbox 1819 5560 2071 5613; x_wconf 73' lang='lat' dir='ltr'><strong>Demetrii</strong></span> 
     </span>
    </p>
   </div>
   <div class='ocr_carea' id='block_1_99' title="bbox 515 5650 2074 5727">
    <p class='ocr_par' dir='ltr' id='par_1_99' title="bbox 515 5650 2074 5727">
     <span class='ocr_line' id='line_1_99' title="bbox 515 5650 2074 5727; baseline -0.004 -14"><span class='ocrx_word' id='word_1_742' title='bbox 515 5660 836 5727; x_wconf 62' lang='lat' dir='ltr'><strong>pattiariha:</strong></span> <span class='ocrx_word' id='word_1_743' title='bbox 888 5656 1087 5709; x_wconf 79' lang='lat' dir='ltr'><strong>ibidem</strong></span> <span class='ocrx_word' id='word_1_744' title='bbox 1131 5655 1203 5722; x_wconf 82' lang='lat' dir='ltr'><strong>(is</strong></span> <span class='ocrx_word' id='word_1_745' title='bbox 1251 5654 1560 5721; x_wconf 83' lang='lat' dir='ltr'><strong>patriarcha</strong></span> <span class='ocrx_word' id='word_1_746' title='bbox 1606 5652 1705 5707; x_wconf 77' lang='lat' dir='ltr'><strong>fuit</strong></span> <span class='ocrx_word' id='word_1_747' title='bbox 1745 5650 2074 5707; x_wconf 81' lang='lat' dir='ltr'><strong>Alexandri-</strong></span> 
     </span>
    </p>
   </div>
   <div class='ocr_carea' id='block_1_100' title="bbox 2182 5464 3742 5537">
    <p class='ocr_par' dir='ltr' id='par_1_100' title="bbox 2182 5464 3742 5537">
     <span class='ocr_line' id='line_1_100' title="bbox 2182 5464 3742 5537; baseline 0.001 -13"><span class='ocrx_word' id='word_1_748' title='bbox 2182 5469 2422 5524; x_wconf 87' lang='lat' dir='ltr'><strong>cunctati</strong></span> <span class='ocrx_word' id='word_1_749' title='bbox 2466 5466 2689 5533; x_wconf 78' lang='lat' dir='ltr'><strong>iuerint,</strong></span> <span class='ocrx_word' id='word_1_750' title='bbox 2717 5464 2829 5521; x_wconf 91' lang='lat' dir='ltr'><strong>Cur</strong></span> <span class='ocrx_word' id='word_1_751' title='bbox 2854 5466 3161 5537; x_wconf 87' lang='lat' dir='ltr'><strong>patriarcha</strong></span> <span class='ocrx_word' id='word_1_752' title='bbox 3212 5468 3609 5525; x_wconf 83' lang='lat' dir='ltr'><strong>Alexandrinus</strong></span> <span class='ocrx_word' id='word_1_753' title='bbox 3648 5485 3742 5525; x_wconf 78' lang='lat' dir='ltr'><strong>vo-</strong></span> 
     </span>
    </p>
   </div>
   <div class='ocr_carea' id='block_1_101' title="bbox 2182 5557 3739 5631">
    <p class='ocr_par' dir='ltr' id='par_1_101' title="bbox 2182 5557 3739 5631">
     <span class='ocr_line' id='line_1_101' title="bbox 2182 5557 3739 5631; baseline 0.001 -16"><span class='ocrx_word' id='word_1_754' title='bbox 2182 5569 2339 5615; x_wconf 79' lang='lat' dir='ltr'><strong>catur</strong></span> <span class='ocrx_word' id='word_1_755' title='bbox 2363 5558 2545 5629; x_wconf 89' lang='lat' dir='ltr'><strong>papa?</strong></span> <span class='ocrx_word' id='word_1_756' title='bbox 2575 5557 2716 5629; x_wconf 86' lang='lat' dir='ltr'><strong>Papa</strong></span> <span class='ocrx_word' id='word_1_757' title='bbox 2750 5570 2929 5613; x_wconf 84' lang='lat' dir='ltr'><strong>autem</strong></span> <span class='ocrx_word' id='word_1_758' title='bbox 2968 5574 3128 5616; x_wconf 87' lang='lat' dir='ltr'><strong>avum</strong></span> <span class='ocrx_word' id='word_1_759' title='bbox 3172 5560 3469 5629; x_wconf 87' lang='lat' dir='ltr'><strong>signiﬁcat,</strong></span> <span class='ocrx_word' id='word_1_760' title='bbox 3494 5561 3593 5616; x_wconf 88' lang='lat' dir='ltr'><strong>hoc</strong></span> <span class='ocrx_word' id='word_1_761' title='bbox 3625 5564 3739 5631; x_wconf 85' lang='lat' dir='ltr'><strong>qui-</strong></span> 
     </span>
    </p>
   </div>
   <div class='ocr_carea' id='block_1_102' title="bbox 2184 5651 3739 5724">
    <p class='ocr_par' dir='ltr' id='par_1_102' title="bbox 2184 5651 3739 5724">
     <span class='ocr_line' id='line_1_102' title="bbox 2184 5651 3739 5724; baseline 0.001 -15"><span class='ocrx_word' id='word_1_762' title='bbox 2184 5656 2304 5710; x_wconf 87' lang='lat' dir='ltr'><strong>dem</strong></span> <span class='ocrx_word' id='word_1_763' title='bbox 2334 5651 2475 5719; x_wconf 89' lang='lat' dir='ltr'><strong>idco,</strong></span> <span class='ocrx_word' id='word_1_764' title='bbox 2523 5652 2649 5724; x_wconf 88' lang='lat' dir='ltr'><strong>quia</strong></span> <span class='ocrx_word' id='word_1_765' title='bbox 2698 5667 2727 5705; x_wconf 89' lang='lat' dir='ltr'><strong>a</strong></span> <span class='ocrx_word' id='word_1_766' title='bbox 2783 5662 3022 5722; x_wconf 85' lang='lat' dir='ltr'><strong>tempore</strong></span> <span class='ocrx_word' id='word_1_767' title='bbox 3071 5652 3345 5720; x_wconf 56' lang='lat' dir='ltr'><strong>llananiae,</strong></span> <span class='ocrx_word' id='word_1_768' title='bbox 3394 5669 3549 5723; x_wconf 84' lang='lat' dir='ltr'><strong>quem</strong></span> <span class='ocrx_word' id='word_1_769' title='bbox 3602 5653 3739 5711; x_wconf 75' lang='lat' dir='ltr'><strong>Mar-</strong></span> 
     </span>
    </p>
   </div>
  </div>
