4070 6152
301 298 416 361 905

1758 283 1957 346 ΑΥΧᾹ
1970 284 2126 348 LES.

3473 276 3581 340 906

308 423 415 461 nus
440 403 777 475 undecimus)
802 403 986 459 nullus
1009 409 1127 459 erat
1145 402 1198 456 in
1217 400 1510 471 provinciis
1523 396 1884 469 Egypti’epi-
1924 405 1957 453 Α
1988 408 2089 449 cus
2113 395 2446 465 evangelista
2475 392 2841 464 patriarcham
2884 392 3170 447 constituit
3197 393 3565 460 Alexandria,

304 512 545 568 scapus;
579 512 679 553 nec
714 497 1044 568 patriarcha:
1067 503 1195 550 ante
1218 510 1344 550 eum
1379 502 1640 548 crearunt
1672 491 1883 562 cpisco-

302 606 428 659 pos.
472 589 565 644 ille
612 597 794 643 autem
842 586 1025 642 factus
1064 586 1377 656 patriarcha
1426 595 1547 639 tres
1596 581 1883 637 constituit

301 681 616 750 episcopos.
653 680 719 733 Et
758 681 972 749 primus
1018 677 1126 732 fuit
1166 677 1256 733 hic
1297 674 1618 747 patriarcha
1653 674 1885 728 Alexan-

304 772 525 836 drinus,
567 771 661 842 qui
694 773 984 842 epis‘COpos
1026 770 1180 825 fecit.
1217 769 1431 823 Mortuo
1465 765 1747 822 Demetrio
1770 765 1885 822 suf-

305 863 487 918 fectus
579 872 666 917 est
733 860 994 917 lleraclas
1054 861 1368 932 patriarcha
1441 857 1884 920 Alexandrinus,

302 954 402 1025 qui
440 952 730 1024 episcopos
760 952 1055 1006 constituit
1094 951 1313 1021 viginti.
1337 948 1417 1005 Ex
1451 950 1537 1005 bis
1560 964 1705 1004 unus
1743 956 1880 1013 erat,

307 1045 642 1101 Ammonius
664 1043 869 1107 dictus,
908 1044 1193 1113 religionis
1235 1043 1505 1097 desertor.
1548 1042 1626 1096 De
1670 1056 1779 1111 quo
1806 1041 1885 1095 si-

305 1137 423 1194 mul
442 1151 507 1194 ac
522 1137 589 1191 ad
611 1136 893 1191 lleraclam
917 1135 1095 1190 delata
1122 1145 1208 1190 est
1249 1135 1420 1201 tanta,
1460 1138 1809 1206 congregavit
1841 1138 1885 1189 is

309 1229 582 1304 synodum
611 1230 1025 1301 episcoporum.
1052 1236 1108 1283 et
1135 1229 1189 1282 in
1224 1227 1414 1282 urbem
1442 1227 1720 1280 Ammonii
1765 1240 1887 1293 per-

307 1326 476 1389 rexit,
510 1324 602 1379 ubi
656 1338 713 1377 re
746 1325 887 1377 satis
934 1321 1154 1392 cognita
1202 1330 1256 1375 et
1295 1328 1606 1391 perspecta,
1643 1333 1769 1373 eum
1819 1318 1887 1370 ad

310 1417 600 1471 veritatem
653 1412 888 1467 reduxit.
932 1412 1070 1467 Cum
1115 1426 1242 1465 vero
1292 1410 1549 1465 homines
1600 1408 1891 1463 audierant

307 1509 597 1579 episcOpos
634 1507 876 1561 vocitare
905 1505 1270 1575 patriarchatn
1312 1504 1453 1559 abba
1486 1518 1581 1559 seu
1635 1512 1842 1573 patrem
1866 1540 1880 1564 ,

311 1603 455 1659 inter
496 1618 554 1658 se
575 1603 761 1656 dixere
802 1617 816 1654 :
855 1597 969 1653 Nos
1012 1599 1327 1671 episcopum
1367 1595 1684 1667 quemlibet.
1717 1594 1885 1656 .Abba

310 1711 411 1750 seu
458 1702 668 1766 patrem
703 1692 1081 1763 appellamus;
1110 1698 1165 1744 et
1200 1688 1480 1759 appellant
1512 1685 1757 1756 episcopi
1796 1699 1890 1753 pa-

310 1788 613 1841 triarcham
680 1785 843 1841 abba.
898 1781 1054 1838 Unde
1097 1798 1231 1838 sane
1271 1790 1487 1852 oportet
1530 1788 1591 1834 ut
1634 1793 1892 1833 vocemus
1928 1756 1961 1809 Β

306 1894 415 1935 stos
454 1876 823 1947 patriarcham
845 1890 1061 1947 papam,
1095 1874 1150 1927 id
1179 1881 1264 1927 est
1299 1886 1457 1926 avum
1481 1912 1499 1937 ,
1530 1884 1659 1925 cum
1690 1870 1763 1923 sit
1786 1866 1890 1922 Pa-

306 1981 395 2026 ter
433 1973 685 2027 Patrum.
740 1969 821 2025 Ita
864 1983 895 2023 a
948 1976 1196 2037 tempore
1238 1964 1483 2021 llerache
1514 2003 1530 2030 ,
1576 1962 1891 2035 patriarcha

307 2064 718 2120 Alexandrinus
762 2060 944 2117 dictus
985 2068 1071 2115 est
1110 2074 1272 2130 papa,
1316 2058 1370 2113 id
1397 2067 1483 2114 est
1526 2071 1686 2113 avus.
1734 2053 1896 2110 Post-

304 2172 476 2228 quam
536 2164 721 2210 autem
766 2150 1051 2207 Hananias
1099 2150 1418 2221 patriarcha
1485 2147 1892 2203 Alexandrinus

306 2264 472 2319 quem
515 2246 738 2302 Marcus
781 2244 1119 2315 evangelista
1178 2244 1229 2297 in
1279 2238 1408 2296 sede
1445 2256 1544 2295 sua
1583 2239 1889 2301 constituit,

305 2354 487 2393 annos
529 2336 872 2403 sedissctﬁi,
912 2347 1164 2391 mortuus
1202 2342 1310 2390 est.
1359 2332 1427 2386 Et
1470 2330 1751 2401 prolectus
1807 2338 1896 2384 est

309 2432 528 2488 ωλι-ωε
568 2431 904 2502 evangelista
952 2429 1008 2484 in
1067 2428 1320 2495 Baream,
1379 2435 1441 2479 ut
1495 2432 1893 2496 propagaretur

307 2526 453 2598 apud
499 2526 753 2581 homines
783 2521 915 2579 fides
956 2524 1012 2576 in
1055 2519 1334 2576 Christum
1363 2518 1565 2573 Filium
1597 2518 1715 2573 Dei.
1741 2514 1894 2572 Obiit

310 2619 440 2672 dein
494 2598 760 2671 Claudius
842 2612 1031 2669 Ctesar
1110 2611 1444 2680 imperator,
1504 2618 1561 2663 et
1608 2609 1895 2677 imperavit

308 2708 500 2765 Roma?
524 2717 648 2778 post
680 2722 808 2763 eum
840 2705 983 2761 titius
999 2704 1122 2773 ejus
1157 2702 1303 2758 Nero
1335 2702 1523 2758 Czesar
1563 2700 1726 2757 annis
1777 2706 1896 2754 tre-

305 2803 510 2866 decim,
557 2801 653 2872 qui
682 2800 896 2867 primus
947 2796 1051 2851 fuit
1070 2794 1530 2866 gravissimorum
1552 2790 1896 2848 inChristia-

308 2909 415 2950 nos
450 2894 719 2948 malorum
761 2902 980 2955 auctor,
1061 2889 1226 2943 homo
1265 2896 1455 2958 utpote
1515 2887 1570 2941 in
1602 2882 1814 2940 consilii
1840 2890 1897 2939 et

310 2987 440 3042 vita:
477 2983 829 3040 instituenda
867 2983 1087 3037 ratione
1137 2980 1607 3050 improbissimus.
1658 2977 1725 3033 Et
1755 2986 1896 3032 tem-

310 3094 445 3150 pore
488 3075 728 3133 Neronis
794 3074 1027 3130 Caesaris
1088 3073 1316 3144 scripsit
1350 3071 1569 3138 Petrus,
1617 3072 1896 3143 apostolo-

1987 496 2162 550 usque
2185 479 2251 535 ad
2276 490 2520 551 tempora
2548 480 2805 535 Demetrii
2834 482 3161 544 patriarcha!
3179 482 3559 547 Alexandrini,

1985 583 2044 631 et
2070 584 2155 628 est
2188 573 2511 628 undecimus
2560 572 2872 641 patriarcha
2909 574 3339 640 Alexandrinus,
3380 576 3564 631 nullus

1988 675 2106 718 erat
2126 667 2179 718 in
2205 664 2487 719 territorio
2505 662 2725 735 Egypti
2754 665 3078 733 episcopus;
3099 680 3197 720 nec
3215 668 3564 735 patriarcha,

1989 760 2083 825 qui
2117 766 2245 813 ante
2275 773 2401 813 eum
2435 770 2616 822 erant,
2651 757 3057 813 constituerant
3080 758 3200 830 (ibi)
3224 761 3565 832 episcopum.

1987 852 2127 907 Cum
2165 853 2349 922 itaque
2380 850 2557 907 tactus
2588 862 2670 905 est
2711 849 3019 906 Demetrius
3068 853 3407 921 patriarcha,
3453 865 3570 911 tres

1988 944 2281 1001 constituit
2309 945 2621 1014 episcopos,
2648 952 2703 1000 et
2732 951 2820 999 est
2852 944 3060 1012 primus
3102 946 3440 1014 patriarcha,
3473 949 3568 1019 qui

1991 1039 2044 1093 in
2074 1038 2407 1093 Alexandria
2441 1035 2573 1092 fecit
2611 1036 2925 1107 episcopos.
2952 1036 3032 1091 Eo
3060 1048 3245 1093 autem
3279 1040 3566 1107 defuncto,

1992 1132 2256 1187 sutiectus
2278 1140 2364 1187 est
2394 1139 2519 1203 post
2543 1130 2695 1185 illum
2726 1129 2983 1185 Heraclas
3003 1132 3312 1200 patriarcha
3332 1134 3571 1190 Alexan-

1996 1227 2144 1290 driae,
2177 1226 2271 1294 qui
2308 1223 2498 1294 viginti
2529 1222 2820 1303 constituit
2844 1224 3159 1293 episcopos.
3187 1223 3338 1281 Unus
3381 1238 3566 1283 autem

1995 1335 2056 1375 ex
2105 1319 2190 1373 his
2222 1318 2497 1388 episcopis
2524 1306 2749 1372 nomine
2772 1313 3098 1381 Eumenius,
3135 1318 3190 1374 in
3221 1318 3394 1390 legem
3425 1337 3571 1389 prc-

1997 1413 2270 1465 vnt'lcaltts
2301 1420 2404 1466 est.
2434 1409 2573 1465 Cum
2627 1421 2808 1466 autem
2836 1408 2960 1480 ejus
3002 1408 3145 1465 tanta
3180 1411 3246 1466 ad
3280 1409 3569 1470 lleraclam

1996 1504 2364 1569 patriarcham
2434 1501 2613 1559 delata
2673 1511 2842 1569 esset,
2897 1504 3254 1573 congregavit
3313 1504 3571 1562 llersclas

1996 1597 2305 1666 patriarcha
2348 1596 2613 1668 synodum
2649 1598 3055 1667 episcoporum,
3107 1598 3451 1668 perrexitque
3502 1604 3571 1655 ad

1998 1694 2187 1747 urbem
2218 1691 2495 1753 Eumenii,
2523 1698 2580 1744 et
2623 1690 2745 1760 ejus
2780 1699 2927 1745 statu
2958 1690 3096 1745 satis
3125 1692 3369 1759 cognito.
3408 1703 3575 1760 atque

1997 1794 2284 1857 perspecto
2310 1784 2533 1854 negotio
2559 1783 2729 1847 illius,
2761 1799 2887 1839 eum
2919 1784 2986 1837 ad
3018 1784 3300 1839 veritatem
3332 1786 3570 1841 reduxit.

1998 1879 2156 1934 Plebs
2168 1893 2298 1932 vero
2311 1878 2545 1931 audiens
2555 1876 2842 1946 episcopos
2853 1874 3219 1945 patriarcham
3236 1877 3574 1945 appellantes

1998 1983 2229 2042 patrem,
2249 1971 2387 2027 dixit
2408 1974 2551 2041 apud
2569 1985 2627 2025 se
2648 1987 2662 2024 :
2687 1969 2745 2024 Si
2768 1985 2866 2025 nos
2888 1969 3207 2039 episcopum
3235 1970 3575 2040 appellamus

2000 2078 2231 2137 patrem,
2260 2076 2316 2123 et
2351 2067 2646 2137 episcopus
2674 2064 3045 2134 patriarcham
3079 2076 3287 2135 patrem
3314 2065 3574 2136 appellat.

1999 2170 2236 2231 oportet,
2275 2170 2331 2215 ut
2364 2174 2465 2215 nos
2495 2158 2866 2229 patriarcham
2900 2158 3241 2228 appellemus
3273 2174 3487 2227 papam,
3518 2160 3573 2213 id

1999 2270 2081 2314 est
2100 2270 2415 2322 avum,cum
2436 2254 2527 2310 ille
2544 2255 2611 2307 sit
2636 2262 2792 2323 pater
2808 2251 3372 2321 patrum.Appellatus
3390 2253 3577 2322 itaque

1999 2363 2085 2409 est
2107 2366 2138 2405 a
2165 2348 2360 2405 diebus
2384 2345 2626 2402 Heraclia
2646 2344 2958 2416 patriarcha
2986 2344 3390 2401 Alexandrinus
3411 2362 3572 2415 papa,

2001 2444 2057 2501 id
2083 2453 2168 2499 est
2187 2456 2344 2496 avus.
2370 2439 2543 2494 Porro
2568 2438 2848 2494 ﬂananias
2869 2439 3182 2508 patriarcha
3205 2438 3572 2504 Alexandria',

1997 2537 2160 2593 quem
2208 2524 2573 2579 constituerat
2603 2520 2824 2575 Marcus
2865 2523 3199 2590 evangelista
3247 2525 3301 2575 in
3347 2534 3410 2574 ea
3448 2521 3578 2573 sede

1997 2614 2391 2682 patriarcham,
2427 2614 2568 2671 sedit
2589 2628 2767 2670 annos
2798 2614 2991 2685 viginti
3032 2617 3196 2680 duos,
3226 2624 3276 2670 et
3322 2626 3579 2667 mortuus

1996 2715 2103 2763 est.
2147 2706 2364 2764 Marcus
2393 2722 2527 2763 vero
2554 2707 2895 2776 evangelista
2928 2720 3188 2777 egressus
3220 2714 3305 2761 est
3346 2704 3412 2758 ad
3448 2703 3580 2757 Bar-

2001 2815 2123 2855 eam
2154 2800 2406 2857 homines
2426 2815 2745 2857 convocans
2787 2801 2854 2855 ad
2887 2798 3047 2855 [idem
3086 2798 3142 2855 in
3178 2797 3457 2854 Christum
3492 2796 3583 2851 Fi-

2005 2893 2143 2949 lium
2174 2891 2293 2949 Dei.
2327 2892 2393 2948 Et
2426 2902 2680 2950 mortuus
2709 2902 2795 2949 est
2826 2892 3089 2949 Claudius
3117 2893 3306 2946 Cesar
3348 2893 3583 2960 impera~

2004 2996 2117 3055 tor,
2175 2988 2583 3059 imperavitque
2630 2995 2756 3059 post
2808 2987 2959 3043 illum
3030 2987 3176 3043 [ilius
3226 2986 3349 3056 ejus
3396 2984 3578 3040 Neron

2000 3080 2187 3139 Ctesar
2229 3079 2419 3138 Romae
2469 3082 2729 3138 tredecim
2760 3084 2943 3145 annis,
2993 3093 3049 3136 et
3094 3088 3183 3136 est
3219 3080 3453 3150 primus.
3485 3081 3582 3147 qui

308 3185 435 3225 rum
468 3169 747 3240 princeps,
778 3167 1130 3238 Evangelium
1155 3164 1319 3221 Marci
1347 3204 1362 3230 ,
1387 3179 1510 3220 cum
1543 3162 1745 3227 Marco,
1783 3162 1889 3215 lin-

2002 3176 2299 3231 concitavit
2349 3177 2406 3230 in
2446 3174 2799 3230 Christianos
2849 3174 3089 3239 malum,
3140 3179 3197 3227 et
3243 3173 3584 3243 persecutio-

306 3276 416 3334 gua
458 3260 727 3327 Romana,
779 3260 835 3314 in
883 3261 1019 3316 urbe
1064 3258 1276 3323 Romae,
1335 3259 1431 3312 sed
1462 3255 1716 3311 attribuit
1758 3253 1892 3308 illud

313 3359 520 3413 Marco.
560 3355 738 3410 Etiam
779 3367 1026 3424 tempore
1071 3354 1235 3422 hujus
1276 3351 1623 3421 imperatoris
1667 3347 1893 3418 scripsit

309 3446 492 3503 Lucas
525 3445 883 3517 Evangelium
915 3459 1076 3500 suum
1101 3458 1278 3516 graece
1329 3441 1397 3497 ad
1443 3442 1620 3496 virum
1649 3438 1890 3494 nobilem

307 3556 379 3597 ex
418 3538 767 3610 sapientibus
821 3534 1110 3600 Romanis,
1154 3534 1243 3590 cui
1291 3547 1495 3588 nomen
1532 3529 1890 3601 TheOphllus,

307 3632 382 3688 ad
426 3648 594 3703 quem
634 3631 765 3687 item
794 3628 1021 3700 scripsit
1060 3629 1197 3683 Acta
1228 3641 1326 3682 seu
1352 3624 1778 3695 discipulorum,
1808 3621 1895 3677 hi-

309 3726 565 3781 storiam.
596 3721 725 3776 Erat
753 3733 934 3777 autem
959 3721 1135 3775 Lucas
1170 3716 1508 3787 evangelista
1528 3730 1713 3771 comes
1739 3712 1893 3768 Pauli

310 3820 569 3892 apostoli.
596 3833 831 3889 quocum
875 3830 973 3887 per
1004 3827 1215 3883 tempus
1249 3813 1470 3884 aliquod
1499 3812 1721 3867 mansit.
1742 3808 1897 3865 Unde

307 3911 563 3982 estquod
590 3909 793 3963 Paulus
838 3907 1122 3976 apostolus
1166 3905 1220 3959 in
1257 3904 1493 3975 quadam
1523 3900 1764 3971 Epistula
1796 3913 1894 3953 sua

313 4004 453 4061 dicit
480 4022 493 4057 :
519 4001 689 4056 Lucus
713 4000 945 4054 pradicas
990 4014 1079 4052 vos
1108 3996 1333 4051 salutat.
1406 3991 1747 4065 (Coloss.,tv.
1782 3990 1896 4060 η.)

316 4095 657 4152 I'rebensum
698 4106 831 4148 vero
866 4091 1089 4147 Petrum
1115 4087 1263 4145 Nero
1290 4087 1476 4143 Casar
1514 4087 1666 4141 cruci
1701 4084 1891 4154 alligit,

312 4198 549 4254 corpore
591 4183 807 4239 scilicet
845 4183 1088 4247 inverso,
1118 4187 1285 4249 atque
1321 4178 1396 4232 ita
1426 4185 1607 4230 morte
1651 4190 1777 4230 eum
1806 4172 1892 4228 at-

316 4274 470 4330 t’ecit.
505 4274 643 4329 Nam
679 4282 737 4329 et
773 4272 990 4328 dixerat
1034 4272 1084 4327 ei
1144 4271 1391 4328 Petrus:
1443 4268 1500 4323 Si
1551 4268 1638 4323 vis
1687 4276 1748 4322 ut
1794 4280 1896 4338 ego

313 4369 467 4424 cruci
516 4367 726 4438 aliigar,
768 4379 999 4435 corpore
1030 4379 1118 4418 me
1162 4362 1384 4418 inverso
1428 4360 1584 4429 alligo
1615 4360 1793 4424 cruci,
1827 4374 1896 4415 ne

316 4476 474 4517 mors
521 4461 658 4515 mihi
699 4458 907 4513 inﬂicta
956 4455 1159 4511 similis
1195 4457 1267 4510 sit
1307 4455 1358 4508 ei
1388 4468 1511 4524 quae
1545 4451 1896 4523 intligebatur

316 4554 554 4608 Domino
582 4567 705 4607 meo
733 4551 978 4616 Christo,
1002 4548 1094 4619 qui
1123 4546 1275 4603 cruci
1302 4543 1498 4599 allixus
1524 4552 1633 4609 est,
1663 4556 1896 4613 corpore
1930 4541 1974 4598 D

313 4654 525 4702 erecto.
577 4642 684 4699 Sed
748 4642 928 4714 gladio
992 4637 1297 4695 trucidavit
1355 4637 1608 4692 Paulum.
1658 4632 1897 4689 Occisus

314 4747 504 4793 autent
541 4749 628 4793 est
680 4735 880 4791 Petrus
926 4734 1031 4789 sub
1078 4747 1287 4787 annum
1325 4730 1396 4785 2i
1441 4741 1564 4800 post
1598 4727 1890 4783 Dominum

314 4842 565 4885 nostrum
597 4827 905 4885 Christum.
938 4827 1072 4881 Erat
1104 4839 1234 4879 vero
1264 4831 1389 4893 post
1414 4821 1639 4876 Petrum
1662 4860 1680 4887 ,
1723 4818 1897 4874 Linus

316 4922 632 4992 patriarcha
664 4918 875 4982 Romae,
911 4933 1023 4989 qua
1052 4917 1275 4972 iunctus
1310 4915 1578 4986 dignitate
1607 4912 1677 4967 12
1716 4925 1898 4966 annos

310 5016 473 5071 obiit.
512 5013 578 5069 Et
612 5015 700 5068 hic
722 5012 934 5083 primus
962 5018 1084 5066 erat
1109 5008 1427 5081 patriarcha
1460 5009 1765 5063 Ronnanus.
1797 5005 1896 5058 At.

313 5124 426 5179 que
474 5116 595 5162 erat
629 5104 847 5160 Marcus
879 5100 1162 5174 Evangelii
1196 5111 1414 5167 auctor,
1464 5100 1524 5155 in
1564 5098 1896 5154 Alexandria

314 5214 373 5257 et
416 5200 584 5254 Barca
620 5201 705 5268 (ut
745 5197 962 5253 scilicet
993 5202 1397 5267 propagaretur
1450 5192 1596 5262 apud
1640 5191 1897 5246 homines

314 5293 452 5349 ﬁdes
472 5296 526 5348 in
547 5292 831 5348 Christum
853 5287 1053 5343 Filium
1079 5287 1201 5358 Dei)
1222 5280 1385 5342 annis
1404 5294 1643 5357 septem.
1664 5282 1734 5337 Et
1750 5296 1897 5337 anno

316 5385 532 5456 imperii
581 5384 813 5439 Neronis
846 5382 1080 5439 Caesaris
1114 5382 1229 5451 jam
1279 5380 1412 5434 dicti
1452 5382 1631 5448 primo
1670 5378 1894 5435 occisus

310 5487 399 5532 cst
451 5475 668 5530 Marcus
718 5474 1085 5538 Alexandriae,
1140 5483 1196 5530 et
1245 5488 1447 5543 corpus
1484 5472 1603 5541 ejus
1650 5471 1775 5541 igne
1808 5476 1896 5525 est

314 5579 463 5622 trem
473 5575 620 5621 atum
631 5603 646 5619 ο

645 5870 913 5930 ΡΑτιιοι.
956 5869 1072 5927 Gn.
1102 5867 1246 5930 C.\'l.

2004 3281 2150 3321 nem.
2188 3268 2319 3322 Erat
2348 3267 2551 3337 quippe
2580 3266 2747 3320 homo
2784 3267 3057 3337 pessimus
3118 3281 3183 3320 ac
3229 3264 3580 3335 improbissi-

2002 3360 2109 3414 mis
2170 3362 2437 3414 morihus.
2488 3358 2756 3429 TempOre
2808 3370 2991 3413 autem
3050 3355 3288 3414 Neronis
3341 3356 3581 3413 Caesaris

2003 3452 2229 3521 scripsit
2261 3451 2457 3507 Petrus
2492 3451 2870 3521 apostolorum
2905 3450 3162 3521 princeps
3220 3449 3574 3520 Evangelium

2003 3544 2195 3611 Marci,
2251 3543 2438 3600 Marco
2460 3544 2788 3614 excipiente,
2820 3544 3005 3614 lingua
3050 3541 3297 3597 Romana
3347 3543 3402 3596 in
3443 3543 3583 3597 urbe

2004 3636 2217 3703 Roma,
2246 3644 2302 3692 et
2334 3635 2583 3691 attribuit
2612 3635 2743 3689 illud
2771 3632 2978 3689 ωλι-ρο.
3010 3631 3188 3703 Hujus
3213 3647 3436 3703 quoque
3475 3632 3582 3686 im-

2003 3728 2271 3798 peratoris
2295 3735 2544 3797 tempore
2573 3726 2798 3796 scripsit
2830 3725 3184 3795 Evangelium
3211 3739 3374 3779 suum
3402 3721 3581 3777 Lucas

2001 3819 2193 3875 (ἴε-πολ
2236 3820 2419 3889 lingua
2452 3817 2518 3873 ad
2546 3817 2725 3872 virum
2763 3816 3054 3889 quemdam
3091 3815 3331 3872 nobilem
3381 3815 3451 3869 de
3492 3829 3587 3869 sae

2005 3910 2286 3981 pientibus
2347 3910 2747 3973 Romanorum,
2803 3909 2894 3964 cui
2962 3923 3161 3964 nomen
3217 3905 3583 3977 TheOphilus.

2003 4003 2285 4075 Inscripsit
2331 4003 2509 4058 eidem
2542 4012 2804 4074 praeterea
2863 4004 3019 4069 Arta,
3073 4016 3197 4071 quas
3245 4010 3376 4057 sunt
3413 4001 3584 4056 histo-

2004 4096 2100 4152 ria:
2147 4095 2569 4166 discipulorum.
2620 4094 2800 4149 Lucas
2836 4094 3038 4165 quippe
3084 4092 3313 4147 Paulum
3369 4102 3587 4162 aposto-

2003 4187 2117 4241 lum
2145 4188 2441 4243 comitatus
2480 4194 2618 4250 erat,
2642 4199 2709 4239 ac
2742 4199 2838 4253 per
2865 4183 3083 4254 aliquod
3109 4193 3327 4252 tempus
3366 4197 3585 4237 manse-

2005 4286 2091 4331 rat
2125 4290 2251 4331 eum
2303 4276 2435 4342 illo;
2485 4291 2613 4330 nam
2666 4273 2871 4329 Paulus
2924 4272 3208 4343 apostolus
3248 4272 3301 4326 in
3341 4272 3580 4341 quadam

2007 4382 2107 4423 sua
2157 4366 2388 4439 cpistola
2439 4365 2626 4422 dicit:
2690 4363 2862 4419 Lucas
2923 4363 3155 4417 medicus
3206 4377 3296 4416 vos
3354 4364 3582 4416 salutat.

2005 4458 2151 4517 Nero
2174 4468 2357 4515 autem
2395 4458 2582 4515 Caesar
2611 4467 2830 4528 captum
2865 4452 3087 4512 Petrum
3115 4456 3269 4510 cruci
3303 4453 3474 4507 atiixit
3497 4453 3583 4506 in-

2004 4569 2252 4619 versum,
2277 4564 2441 4622 atque
2462 4552 2615 4606 illum
2635 4550 2839 4605 occidit
2860 4549 3031 4618 ,fquia
3050 4547 3259 4601 dixerat
3279 4546 3331 4601 ei
3350 4545 3580 4601 Petrus:

2005 4647 2063 4703 Si
2099 4647 2183 4701 vis
2209 4661 2295 4700 me
2316 4645 2468 4700 cruci
2512 4642 2755 4712 adigere,
2791 4655 3002 4712 quaso,
3045 4639 3249 4711 atligito
3272 4652 3361 4693 me
3402 4638 3586 4692 inver-

2006 4755 2152 4801 sum,
2206 4754 2277 4794 ne
2320 4737 2527 4793 similis
2571 4735 2698 4791 ﬂaui
2746 4733 2985 4789 Domino
3026 4748 3148 4786 meo
3179 4731 3437 4793 Christo,
3488 4731 3587 4799 qui

2006 4839 2192 4887 rectus
2235 4831 2384 4886 cruci
2432 4828 2628 4883 allixus
2662 4836 2764 4883 est.
2802 4824 2956 4881 Pauli
3004 4840 3135 4881 vero
3171 4823 3375 4879 collum
3402 4823 3588 4895 gladio

2003 4923 2325 4981 trucidavit.
2356 4922 2588 4979 Occisus
2620 4930 2803 4976 autem
2851 4930 2936 4976 est
2985 4917 3185 4974 Petrus
3218 4916 3407 4987 viginti
3448 4916 3589 4971 duo.

2004 5017 2110 5073 bus
2154 5015 2359 5085 elapsis
2420 5024 2546 5085 post
2596 5014 2880 5068 Christum
2924 5010 3214 5064 Dominum
3273 5010 3471 5074 annis;
3534 5015 3589 5062 et

2005 5110 2275 5166 sutl'ectus
2329 5119 2416 5163 est
2462 5104 2625 5162 Petro
2684 5104 2855 5160 Linus
2901 5102 3214 5174 patriarcha
3263 5098 3471 5165 Romae,
3501 5114 3588 5155 se-

2006 5202 2197 5272 ditque
2253 5202 2413 5255 annis
2473 5198 2783 5263 duodecim,
2824 5207 2882 5253 et
2918 5206 3174 5251 mortuus
3220 5203 3331 5259 est,
3379 5201 3436 5249 et
3490 5190 3592 5246 fuit

2010 5294 2239 5361 primus,
2274 5293 2369 5363 qui
2400 5290 2587 5347 Romae
2616 5289 2930 5361 patriarcha
2956 5287 3222 5344 sutl'ectus
3244 5296 3349 5340 est.
3372 5283 3591 5339 Marcus

2008 5395 2189 5439 autem
2254 5393 2451 5438 auctor
2503 5381 2785 5450 Evangelii
2850 5389 2974 5436 erat
3025 5379 3079 5432 in
3138 5376 3465 5433 Alexandria
3536 5386 3593 5429 et

2007 5479 2206 5543 Barca,
2235 5491 2546 5532 convocans
2600 5473 2851 5529 homines
2898 5472 2965 5528 ad
3012 5471 3173 5527 tidem
3218 5472 3273 5524 in
3307 5468 3589 5525 Christum

2008 5569 2207 5624 Filium
2259 5564 2353 5621 Dei
2410 5582 2506 5637 per
2534 5566 2775 5634 spatium
2830 5578 3099 5618 annorum
3141 5571 3374 5632 septem.
3433 5559 3594 5613 Auno

1998 5674 2180 5719 autem
2208 5662 2383 5733 primo
2406 5659 2569 5737 hujus
2586 5657 2821 5715 Neronis
2835 5656 3073 5715 Caesaris
3101 5657 3319 5711 occisus
3344 5662 3425 5710 cst
3449 5650 3583 5706 Mar-

1997 5770 2097 5813 cus
2122 5752 2482 5819 Alcxandriae,
2512 5761 2566 5811 et
2599 5766 2799 5823 corpus
2829 5752 2948 5822 ejus
2979 5752 3099 5822 igne
3119 5756 3421 5804 crematum
3453 5752 3558 5800 est.

3182 5862 3261 5922 29
