4068 6160
373 311 471 377 fill

1402 305 1767 367 EUTYCHII
1812 301 2347 379 ALEXANDBINI
2393 304 2611 365 PATR.

3510 309 3613 369 912

376 436 549 477 tiones
605 434 751 481 suas.
805 428 1083 489 acceptam
1161 417 1352 472 hatuit
1414 417 1553 472 Deus
1614 414 2232 477 oblationemAsaneti
2266 415 2725 479 conscendentes,
2787 415 2945 484 proni
2989 414 3158 471 Deum
3210 418 3533 485 adorabant,
3566 432 3620 473 et

376 511 585 577 Abelis,
612 528 721 567 non
753 522 928 567 autem
965 512 1150 563 Kaini.
1181 509 1366 574 Quare
1416 508 1588 577 magis
1619 508 1671 560 in
1718 506 1942 561 Abeletu

376 608 455 659 ira
482 616 534 659 et
560 614 695 659 aestu
728 611 1042 659 commotus
1075 601 1229 662 Kain,
1254 599 1444 653 invidit
1465 599 1619 654 fratri
1648 611 1944 663 suo,cum—

370 716 479 767 que
505 699 571 752 de
602 706 786 751 monte
812 693 1250 757 descendissent,
1286 693 1338 745 in
1370 691 1549 761 ipsum
1586 691 1831 753 irruens,
1880 700 1945 743 ac

374 788 552 857 lapide
584 795 745 855 caput
773 784 891 852 ejus
923 782 1146 847 feriens,
1184 782 1361 850 ipsum
1390 777 1688 835 interfecit.
1712 781 1945 834 Summo

372 895 505 950 ergo
536 892 769 933 maerore
808 875 985 930 allecti
1017 873 1184 928 Adam
1232 882 1286 927 et
1333 872 1445 927 Eva
1488 882 1709 927 centum
1769 885 1945 926 annos

373 974 591 1028 Abelem
619 972 896 1042 lugebant.
926 970 1202 1024 Maledixit
1254 977 1434 1024 autem
1470 966 1615 1022 Deus
1663 964 1843 1021 Kaino
1890 973 1947 1019 et

372 1067 548 1121 soboli
579 1066 786 1133 ipsius;
836 1063 1050 1131 fuitque
1080 1061 1221 1114 Kain
1284 1058 1534 1129 pavidus,
1583 1056 1830 1125 trepidus
1881 1068 1947 1109 ac

372 1155 722 1211 errabundus
748 1154 1006 1208 omnibus
1034 1153 1153 1206 vita:
1199 1165 1313 1205 sua:
1340 1150 1565 1204 diebus.
1617 1147 1689 1202 Et
1737 1146 1946 1218 eapulit

378 1252 553 1318 ipsum
577 1246 742 1311 Deus,
761 1249 888 1300 dum
911 1244 1091 1299 adhuc
1112 1241 1307 1298 caelebs
1330 1249 1500 1307 esset,
1525 1240 1577 1294 in
1626 1236 1946 1310 (regionem)

374 1344 516 1397 Nud.
548 1342 701 1410 Cepit
735 1354 865 1409 ergo
893 1338 1029 1392 Kain
1058 1350 1244 1393 secum
1274 1349 1523 1389 sororem
1560 1348 1715 1390 suam
1755 1332 1939 1387 Azrun

294 1442 297 1445 ί
373 1435 557 1503 ibique
586 1431 868 1486 habitavit.
907 1429 1039 1482 inde
1069 1440 1367 1499 congresso
1397 1425 1607 1480 Adamo
1652 1440 1774 1479 cum
1813 1424 1944 1490 Eva,

372 1525 623 1595 concepit
648 1523 761 1586 illa,
796 1536 919 1576 cum
949 1520 1160 1575 Adamo
1198 1520 1326 1573 anni
1367 1526 1549 1573 essent
1580 1516 1802 1571 ducenti
1847 1515 1947 1570 tti-

377 1621 552 1688 ginta,
583 1615 902 1685 peperitque
939 1626 1167 1682 puerum
1199 1626 1356 1680 quem
1387 1608 1610 1663 Setinum
1634 1606 1944 1680 appellavit.

2047 522 2253 577 corpus
2294 506 2486 560 Adatni
2522 507 2792 578 (visendo)
2822 509 3261 564 benedictionem
3302 511 3615 581 captabant.

2045 597 2297 669 Cumque
2352 597 2467 663 jam
2511 599 2972 669 appr0pinquaret
3025 599 3177 654 Setbi
3240 617 3413 666 mors,
3477 604 3615 659 ﬁlios

2045 704 2180 745 suos
2214 704 2314 761 per
2343 689 2533 745 Abelis
2562 692 2887 759 sanguinem
2921 690 3217 761 adjuravit,
3258 692 3531 748 neminem
3553 708 3619 747 ex

2046 784 2181 852 ipsis
2211 782 2281 836 de
2318 790 2503 837 monte
2528 782 2635 837 isto
2678 792 2874 838 sancto
2898 782 3318 846 descensurum,
3368 800 3469 840 nec
3496 800 3621 851 per-

2046 875 2318 931 missuros
2364 889 2425 931 se
2472 884 2533 929 ut
2567 875 2840 946 quispiam
2880 889 2910 931 e
2946 875 3136 932 liberis
3182 877 3299 933 suis
3336 878 3401 931 ad
3448 875 3621 933 [hino

2045 968 2338 1024 maledicto
2386 978 2686 1040 prognatos
2731 972 3014 1041 migraret.
3060 968 3261 1025 Totum
3292 986 3425 1039 ergo
3471 972 3617 1040 quod

2044 1058 2180 1113 vixit
2210 1057 2414 1115 Setinus
2446 1068 2568 1115 erat
2620 1073 2893 1115 annorum
2950 1071 3354 1129 nongentorutn
3386 1070 3443 1114 et
3481 1060 3621 1115 duo-

2042 1152 2247 1208 decim.
2304 1151 2549 1216 Enosbo,
2606 1166 2731 1207 eum
2781 1168 3050 1207 annorum
3103 1162 3251 1209 esset
3297 1166 3516 1207 centum
3563 1162 3620 1208 et

2044 1244 2367 1314 nonaginta,
2400 1254 2562 1300 natus
2586 1254 2672 1299 est
2715 1243 2969 1311 Kainan;
3012 1247 3172 1316 cujus
3210 1257 3457 1316 tempore
3491 1261 3622 1299 con-

2045 1336 2414 1392 ﬁciebantﬁlii
2470 1335 2626 1392 liaini
2680 1337 2964 1391 maledicti
3022 1346 3299 1409 tympana,
3349 1337 3619 1408 cymbala,

2044 1430 2258 1485 barbita
2288 1439 2344 1485 et
2395 1432 2765 1485 instrumenta
2810 1430 3045 1495 musica,
3100 1429 3374 1500 primique
3413 1430 3615 1484 ferrum

2042 1520 2607 1584 eteselaborabant,
2656 1534 2885 1591 qumque
2935 1535 3000 1575 ex
3055 1522 3191 1591 ipsis
3245 1522 3614 1575 conficiuntur

2044 1614 2227 1669 omnia
2263 1612 2611 1669 tabernacula
2651 1612 2897 1684 21-23
2920 1616 3083 1668 etiam
3127 1616 3365 1669 ﬁxerunt
3398 1616 3452 1667 in
3481 1612 3605 1683 qui-

371 1709 607 1779 Ραίιίιιιε
635 1708 767 1763 sel“
796 1706 1021 1776 Ρυίειπεί
1052 1703 1212 1767 faeie»
1250 1702 1429 1768 ἷθηίει
1468 1709 1679 1757 sum”
1703 1699 1945 1769 βθτῖεοιε
1981 1773 2013 1779 _
2047 1707 2153 1762 bus
2180 1706 2457 1777 degerent.
2493 1704 2666 1760 Porro
2721 1722 2866 1761 anno
2916 1706 3042 1761 vita:
3095 1704 3307 1759 Enoslti
3353 1713 3621 1759 trecente-

371 1773 549 1858 instar
580 1800 753 1871 patris
796 1773 917 1861 sui,
957 1798 1182 1866 ipseque
1217 1803 1367 1864 pater
1397 1793 1673 1864 gigantum
1698 1791 1792 1861 qui
1821 1798 1943 1847 ante

2049 1799 2191 1856 εἰσιιο
2215 1801 2431 1854 occisus
2484 1809 2568 1853 est
2603 1797 2739 1853 Kain
2794 1799 3141 1861 maledictus,
3196 1799 3394 1853 Adami
3452 1797 3617 1863 ﬁlius,

371 1894 630 1949 diluvium
661 1890 904 1945 fuerunt.
934 1888 1067 1957 17-
1087 1885 1193 1956 ιθ
1216 1885 1465 1953 Cumque
1494 1882 1666 1938 Setho
1701 1882 1945 1943 dedisset

370 1988 544 2042 Adam
568 1986 625 2040 in
658 1997 888 2038 uxorem
942 1978 1158 2040 Owain,
1216 1977 1401 2032 Abelis
1457 1990 1728 2037 sororem,
1784 1984 1945 2029 natus

371 2076 577 2148 estipsi
603 2092 667 2130 ex
702 2075 789 2127 illa
823 2071 1037 2137 Enosh;
1071 2078 1336 2139 natusque
1364 2081 1449 2122 est
1471 2065 1941 2133 Enoslto,Kainan,

369 2184 473 2227 nec
502 2183 610 2223 non
646 2167 854 2220 Adamo
893 2162 1235 2231 postmodum
1288 2161 1443 2215 liberi
1500 2160 1833 2228 complures.

443 2258 689 2313 Adamus
708 2265 887 2317 antea,
915 2252 1394 2325 appropinquante
1409 2253 1522 2317 jam
1546 2257 1722 2304 morte
1748 2249 1940 2318 ipsius,

371 2347 694 2407 convocatis
750 2346 867 2401 ﬁlio
917 2359 1020 2399 suo
1074 2342 1286 2407 Setho,
1348 2342 1614 2412 Setltique
1678 2341 1941 2406 Enosho,

372 2441 575 2498 Ettoshi
600 2437 876 2500 Kainano,
907 2445 963 2491 et
995 2434 1229 2489 Kainani
1267 2434 1598 2497 Maltlalieie,
1666 2433 1940 2503 prwccpit,

371 2536 563 2591 dicens
614 2532 793 2602 ipsis:
828 2528 911 2585 Sit
967 2531 1074 2583 hoc
1126 2528 1444 2584 mandatum
1493 2527 1753 2581 erunibus
1815 2526 1941 2581 ﬁliis

370 2624 592 2680 vestris.
627 2621 730 2678 Ubi
764 2628 1013 2673 mortuus
1043 2615 1223 2682 fuero,
1256 2629 1461 2685 corpus
1490 2629 1669 2668 meum
1693 2612 1939 2682 myrrha,

374 2720 536 2771 thure
580 2720 637 2768 et
684 2712 864 2769 cassia
918 2710 1207 2765 conditum
1270 2706 1517 2777 reponite
1569 2706 1627 2759 in
1680 2704 1939 2776 spelunca

370 2807 612 2861 Alcanua
647 2819 666 2859 :
700 2812 757 2858 et
786 2802 1102 2873 quicunque
1154 2798 1319 2853 fuerit
1369 2812 1401 2853 e
1450 2795 1577 2852 ﬁliis
1620 2795 1820 2850 vestris
1873 2808 1941 2850 eo

374 2909 616 2968 tempore
645 2909 770 2952 cum
794 2908 827 2947 ο
865 2890 1121 2948 confiniis
1169 2888 1411 2961 paradisi
1444 2888 1752 2943 abeundum
1785 2886 1939 2940 vobis

2047 1891 2141 1960 qui
2185 1890 2412 1947 fratrem
2463 1906 2624 1947 suum
2682 1891 2906 1947 Abelem
2967 1890 3265 1946 interfecit.
3340 1891 3622 1961 Septimus

2045 1983 2190 2039 enim
2215 1998 2247 2039 e
2280 1985 2518 2055 posteris
2570 1981 2752 2049 Kaini,
2785 1981 3007 2037 nomine
3032 1982 3290 2045 Lamech,
3317 1986 3411 2051 qui
3434 1995 3620 2052 pastor

2047 2073 2171 2139 fuit,
2209 2076 2433 2145 sagitta,
2487 2091 2648 2146 quam
2710 2077 2855 2131 inter
2906 2074 3205 2131 ludendum
3242 2073 3411 2143 ,jecit.
3455 2073 3621 2128 corde

2043 2169 2126 2222 avi
2152 2167 2235 2222 sui
2270 2166 2422 2221 Kaiui
2455 2168 2742 2232 transﬁxo,
2771 2169 2946 2237 ipsum
2982 2165 3289 2231 interfecit;
3324 2164 3462 2219 Kain
3505 2164 3619 2219 sci-

2045 2258 2171 2311 licet
2197 2258 2251 2312 in
2283 2271 2505 2311 nemore
2534 2256 3070 2326 circutnragabatur,
3116 2262 3306 2326 utpote
3349 2256 3442 2323 qui
3488 2268 3621 2308 cott-

2043 2356 2322 2404 sternatus
2350 2364 2459 2403 uno
2482 2349 2535 2402 in
2570 2348 2689 2403 loco
2722 2364 2827 2402 nou
2861 2348 3211 2403 consisteret.
3261 2347 3508 2403 Mortuus
3538 2355 3623 2401 eat

2039 2455 2171 2511 ergo
2200 2440 2340 2495 Kain
2374 2441 2703 2496 maledictus
2746 2456 2870 2493 cum
2918 2454 3096 2495 annos
3148 2438 3525 2509 septingentos
3564 2448 3621 2491 et

2043 2532 2263 2603 triginta
2296 2535 2543 2589 vixisset.
2578 2532 2775 2587 Totum
2822 2543 3003 2587 autem
3051 2531 3178 2586 vitae
3230 2529 3436 2586 Enoshi
3487 2543 3620 2599 spa-

2042 2621 2179 2677 tium
2240 2632 2360 2677 erat
2421 2639 2693 2679 annorum
2750 2632 3149 2696 nongentorum
3224 2631 3279 2678 et
3352 2624 3617 2693 quinque.

2040 2715 2290 2771 lainano
2335 2729 2464 2770 vero
2492 2730 2617 2769 cum
2666 2730 2935 2769 annorum
2970 2726 3116 2769 esset
3162 2722 3386 2768 centum
3432 2720 3490 2767 et
3533 2726 3621 2767 se-

2049 2808 2355 2878 ptuaginta,
2380 2817 2539 2860 natus
2568 2816 2649 2861 est
2674 2806 2961 2862 Mabialiel.
2992 2806 3207 2861 Kainan
3237 2820 3393 2877 ergo,
3422 2818 3619 2874 appro.

2042 2907 2343 2972 pinquante
2364 2899 2475 2969 jam
2510 2909 2706 2964 morte,
2732 2900 3062 2954 accersitum
3111 2898 3471 2953 Mahlalielem
3522 2895 3621 2951 ad-

370 2989 469 3055 δῖε»
494 3000 700 3057 corpus
738 2998 921 3040 meum
945 2995 1133 3037 “cum
1168 2980 1443 3035 summm
1476 2988 1644 3048 imm
1672 2978 1728 3031 in
1754 2975 1935 3031 medio
2037 2993 2243 3063 juravit
2278 3007 2373 3063 per
2406 2992 2593 3047 Abelis
2641 2991 2993 3062 sanguinem,
3048 3005 3158 3046 non
3210 2990 3615 3063 permissurum

371 3096 552 3146 ωηεν
578 3077 837 3150 mmmam
870 3074 996 3131 inde
1021 3074 1207 3128 “mm
1232 3074 1502 3169 εει-⁵⁸³⁸
1528 3084 1669 3133 ¹¹¹θ³»
1703 3078 1757 3124 εί
1786 3068 1936 3169 93!“
1962 3102 2009 3169 ρ
2041 3100 2101 3141 se
2127 3096 2184 3139 ut
2212 3099 2243 3140 e
2276 3083 2469 3139 liberis
2494 3083 2608 3139 suis
2635 3082 2935 3153 quispiam,
2985 3082 3054 3138 de
3104 3093 3286 3136 monte
3336 3081 3404 3135 ad
3450 3078 3617 3134 Κειίηί

373 3173 617 3230 omnium
671 3169 905 3223 ﬁliorum
981 3179 1255 3223 meorum.
1316 3162 1516 3219 Totum
1582 3170 1762 3217 autem
1816 3162 1940 3216 vitae

371 3268 565 3324 Adami
604 3262 838 3334 spatium
872 3265 991 3315 erat
1042 3265 1443 3328 nongentorum
1494 3253 1715 3322 triginta
1764 3265 1940 3308 anno-

376 3373 521 3422 rum,
578 3369 645 3409 ac
690 3361 937 3407 mortuus
989 3358 1075 3405 est
1107 3349 1197 3403 die
1230 3347 1482 3413 Veneris,
1550 3348 1681 3403 luna
1732 3344 1942 3403 decima

374 3454 594 3522 quarta,
623 3451 778 3503 sexto
810 3440 977 3500 Nisan
1010 3441 1126 3514 (qui
1158 3450 1243 3498 est
1268 3439 1604 3509 Barmudah)
1636 3440 1770 3494 hora
1798 3451 1940 3493 nona

373 3543 483 3601 diei
502 3539 728 3596 Veneris
747 3555 762 3603 ;
780 3551 886 3610 qua
913 3536 1077 3591 etiam
1105 3534 1239 3588 hora
1264 3547 1296 3587 e
1325 3531 1579 3601 paradiso
1612 3529 1802 3599 pulsus
1828 3533 1936 3583 est.

377 3633 653 3689 Hortuum
711 3641 844 3699 ergo
898 3625 1169 3681 Adamum
1226 3623 1499 3694 pollinxit,
1550 3621 1705 3692 juxta
1770 3621 1944 3691 ipsius

378 3722 719 3786 mandatum,
778 3718 923 3773 ﬁlius
976 3716 1099 3787 ejus
1147 3714 1305 3780 Setb,
1356 3727 1670 3784 corpusque
1716 3712 1840 3776 ejus
1872 3711 1944 3766 ad

378 3814 655 3883 fastigium
702 3810 909 3865 montis
949 3808 1229 3863 sublatum
1284 3806 1340 3860 in
1391 3805 1648 3876 spelunca
1700 3802 1943 3857 Alcanuz

376 3904 690 3976 sepelivit:
752 3902 1046 3973 ipsumque
1102 3908 1322 3955 centum
1386 3894 1749 3967 quadraginta
1826 3893 1945 3950 dies

376 3997 727 4066 planxerunt.

448 4087 639 4151 Setino,
684 4098 813 4140 cum
862 4079 1228 4136 ducentorum
1287 4085 1343 4133 et
1388 4076 1633 4148 quinque
1674 4088 1943 4130 annorum

378 4183 549 4243 esset,
583 4186 745 4231 natus
773 4182 858 4229 est
883 4170 1086 4226 Enosh.
1118 4168 1250 4223 Post
1280 4176 1513 4223 mortem
1538 4177 1721 4221 autem
1748 4165 1945 4220 Adami

378 4268 641 4323 subduxit
668 4281 730 4322 se
755 4264 961 4319 familia
985 4260 1141 4317 Sethi
1170 4274 1204 4314 a
1233 4257 1442 4313 familia
1462 4256 1621 4311 Kaini
1648 4255 1944 4312 maledicti.

382 4360 515 4417 Seth
547 4372 720 4430 ergo,
779 4356 1085 4425 assumptis
1144 4365 1333 4407 secum
1411 4349 1523 4403 ﬁlio
1581 4348 1948 4419 primogenita

2044 3174 2317 3230 maledicti
2398 3182 2649 3244 posteros
2748 3172 3129 3228 descenderet.
3230 3172 3363 3226 Tota
3435 3180 3618 3226 autem

2043 3265 2276 3322 Kainani
2346 3275 2479 3321 aetas
2536 3280 2808 3320 annorum
2900 3275 3019 3319 erat
3100 3274 3499 3333 nongentorom
3564 3272 3622 3317 et

2047 3359 2256 3415 decem.
2285 3356 2582 3415 Mahlaiieli
2609 3357 2722 3428 jam
2752 3369 3023 3413 annorum
3048 3364 3271 3410 centum
3330 3354 3621 3425 sexaginta

2040 3448 2284 3519 quinque
2316 3458 2480 3505 natus
2512 3457 2597 3504 est
2644 3446 2829 3514 Jared,
2895 3459 3148 3517 annoque
3185 3445 3484 3502 centesimo
3528 3446 3621 3499 tri-

2041 3536 2249 3593 cesimo
2268 3537 2463 3609 quinto
2477 3538 2655 3593 aetatis
2676 3536 3019 3599 Mahlalielis,
3044 3546 3290 3591 mortuus
3305 3546 3387 3592 est
3410 3531 3620 3589 Kainan

2042 3640 2097 3685 et
2126 3630 2377 3701 sepultus
2426 3628 2481 3685 in
2529 3628 2791 3697 spelunca
2848 3624 3057 3682 Canus.
3110 3624 3385 3680 Mahlaliel
3434 3634 3616 3680 autem

2044 3722 2520 3791 appropinquante
2542 3720 2654 3789 jam
2694 3728 2871 3773 morte
2900 3718 3074 3787 ipsius
3102 3717 3277 3771 ﬁlium
3333 3732 3494 3773 suum
3523 3712 3621 3768 Ja-

2047 3813 2238 3867 rednm
2279 3813 2605 3867 accersitum
2637 3826 2732 3881 per
2756 3811 3075 3879 sanguinem
3112 3808 3295 3864 Abelis
3322 3807 3618 3877 adjuravit,

2044 3919 2116 3959 ne
2144 3905 2489 3974 permitteret
2512 3913 2571 3957 ut
2602 3917 2632 3957 e
2658 3902 2804 3957 natis
2832 3900 3004 3972 ipsius
3033 3901 3306 3972 quispiam
3337 3902 3406 3955 de
3436 3909 3622 3955 monte

2045 3996 2113 4049 ad
2145 4007 2392 4063 posteros
2424 3992 2583 4047 Kaini
2610 3993 2883 4049 maledicti
2908 3993 3196 4047 homicida:
3238 3991 3616 4046 descenderet.

2044 4080 2243 4137 Totum
2268 4097 2398 4153 ergo
2432 4085 2575 4151 quod
2611 4082 2745 4135 vixit
2771 4079 2882 4153 24
2909 4080 3207 4146 Mahlaliel,
3241 4082 3476 4149 spatium
3520 4095 3622 4134 an-

2048 4188 2244 4228 norum
2293 4185 2411 4229 erat
2479 4175 2925 4245 octingentorum
2980 4172 3276 4244 nonaginta
3354 4173 3620 4241 quinque.

2044 4260 2271 4327 Jaredo,
2327 4278 2455 4318 eum
2513 4277 2784 4318 annorum
2857 4270 3007 4318 esset
3058 4276 3278 4317 centum
3337 4264 3620 4332 sexaginta

2046 4356 2306 4419 duorum,
2336 4366 2499 4411 natus
2516 4365 2602 4412 est
2636 4354 2844 4410 Enoeh.
2870 4352 3029 4420 Quod
3068 4353 3135 4408 ad
3162 4360 3411 4424 posteros
3438 4361 3619 4409 autem

380 4452 628 4513 Enosbo,
677 4459 732 4504 et
788 4446 1038 4501 Kaittano
1096 4442 1304 4498 Ettoslli
1366 4442 1478 4497 lilio
1533 4448 1590 4495 el
1639 4438 1944 4494 Mahlaliele
1973 4451 2018 4512 υ
2046 4444 2204 4501 Kaini
2234 4448 2541 4509 homicidae,
2577 4446 2976 4501 adhinniebant
3017 4445 3116 4498 viri
3162 4444 3485 4499 mulieribus
3540 4446 3626 4499 in-

383 4542 645 4605 Kainani,
675 4554 781 4595 una
812 4537 921 4607 2ο
943 4551 1067 4589 eum
1091 4534 1355 4589 uxoribus
1383 4540 1437 4588 et
1466 4532 1654 4589 liberis
1676 4531 1945 4601 ipsorum,

380 4634 618 4689 traduxit
674 4632 728 4685 in
790 4630 992 4684 montis
1044 4627 1349 4699 fastigium,
1404 4626 1497 4681 ubi
1552 4625 1805 4695 sepultus
1864 4630 1949 4678 est

378 4727 572 4790 Adam,
610 4721 748 4778 Kain
779 4734 929 4785 vero,
964 4734 1264 4789 omnesque
1297 4720 1467 4787 ipsius
1508 4714 1604 4771 ﬁlii
1634 4714 1774 4770 infra
1808 4714 1946 4771 sub-

379 4816 638 4872 stiterunt
675 4814 743 4869 in-
759 4811 898 4867 valle
932 4811 1026 4865 ubi
1059 4810 1279 4865 occisus
1308 4818 1394 4863 est
1434 4808 1587 4862 Abel.

448 4908 749 4965 Coluerunt
794 4914 978 4959 autem
1005 4902 1101 4957 ﬁlii
1140 4899 1289 4956 Setlti
1331 4900 1387 4953 in
1422 4901 1527 4954 isto
1562 4908 1747 4954 monte
1789 4898 1945 4969 puri-

380 5012 549 5057 tatem
584 5008 639 5055 et
676 4995 1120 5057 sanctimoniam,
1148 5008 1334 5048 vocem
1377 4992 1716 5064 angelorum,
1754 5008 1782 5046 a
1815 4994 1939 5062 qui-

381 5094 488 5148 bus
524 5105 696 5163 prope
720 5088 969 5150 aberant,
997 5084 1310 5146 audientes,
1362 5098 1583 5153 unaque
1632 5097 1758 5138 cum
1813 5084 1949 5153 ipsis

386 5187 553 5242 Deum
593 5184 875 5237 laudantes
908 5187 965 5232 et
991 5175 1373 5242 celebrantes;
1404 5176 1777 5246 appellatique
1820 5185 1949 5230 sunt

384 5280 487 5349 ipsi
518 5291 643 5332 cum
679 5272 944 5328 uxoribus
984 5276 1041 5325 et
1068 5268 1258 5324 liberis
1291 5270 1431 5333 suis,
1457 5269 1551 5323 ﬁlii
1601 5269 1717 5324 Dei.
1761 5268 1951 5337 Neque

384 5375 500 5422 erat
530 5367 663 5434 ipsis
691 5362 989 5430 epiﬁeium,
1041 5372 1144 5412 nec
1192 5371 1372 5427 seges,
1423 5372 1525 5412 nec
1571 5359 1809 5422 messis;
1843 5358 1937 5410 sed

384 5462 588 5514 victum
652 5452 965 5524 prtebebant
1027 5449 1287 5502 arborum
1320 5450 1579 5504 fructus:
1643 5461 1743 5500 nec
1805 5447 1948 5499 ullus

388 5549 527 5620 apud
582 5552 730 5619 ipsos
788 5545 941 5597 locus
994 5539 1233 5605 invidiae,
1284 5539 1591 5610 injustitite,
1647 5548 1743 5591 aut
1796 5553 1948 5591 men-

389 5645 582 5704 dacio;
612 5644 988 5709 juramentum
1018 5636 1261 5706 ipsorum
1295 5643 1449 5688 erat:
1484 5630 1626 5694 Non,
1681 5646 1775 5700 per
1823 5645 1952 5683 san-

394 5736 607 5801 guinem
655 5731 827 5784 Abeli.
868 5728 1124 5793 Quotidie
1176 5735 1356 5780 autern
1408 5725 1682 5796 fastigium
1742 5724 1945 5776 montis

2050 4553 2167 4596 star
2213 4554 2504 4609 equorum,
2554 4539 2863 4609 eodemque
2916 4538 3076 4592 modo
3132 4538 3342 4607 absque
3414 4538 3624 4608 pudore

2049 4630 2182 4685 viris
2209 4628 2443 4693 feminae,
2474 4636 2799 4691 scortantes,
2834 4626 3044 4695 aliique
3088 4622 3223 4680 cum
3260 4624 3386 4679 aliis
3440 4624 3621 4693 turpia

2048 4728 2351 4793 patrautes,
2407 4720 2697 4790 palamque
2750 4714 3193 4787 congredientes,
3242 4717 3433 4770 eadem
3492 4729 3620 4768 cum

2049 4811 2250 4867 femina
2300 4811 2433 4864 viris
2470 4809 2687 4863 duobus
2728 4818 2823 4861 aut
2874 4806 3052 4862 tribus
3113 4818 3226 4859 rem
3260 4805 3618 4870 habentibus,

2048 4907 2313 4970 erantque
2339 4898 2840 4965 vetulazjuvenibus
2890 4897 3222 4961 salaciores;
3277 4905 3460 4966 patres
3492 4912 3618 4953 cum

2051 4992 2288 5053 filiabus,
2341 4990 2574 5062 juvenes
2602 5004 2727 5045 cum
2775 4989 3047 5045 matribus
3103 4988 3223 5045 suis
3259 5004 3456 5046 venere
3493 5002 3620 5059 pro-

2052 5068 2263 5137 miscua
2307 5083 2619 5147 utebantur,
2653 5081 2791 5136 adeo
2825 5090 2886 5136 ut
2916 5096 3020 5137 nec
3049 5081 3207 5136 liberi
3254 5089 3437 5151 patres
3476 5094 3611 5136 suos

2052 5188 2155 5229 nec
2189 5183 2374 5244 patres
2407 5173 2615 5229 liberos
2646 5173 3058 5244 dignoscerent,
3093 5173 3351 5228 omnibus
3402 5174 3621 5229 interim

2053 5265 2439 5320 instrumentis
2471 5266 2700 5320 musicis
2736 5266 3050 5331 utebantur,
3091 5267 3231 5322 adeo
3255 5276 3316 5322 ut
3361 5266 3622 5322 clamoris

2052 5364 2108 5410 et
2131 5358 2288 5412 lusus
2317 5359 2557 5426 ipsorum
2582 5371 2753 5412 sonus
2786 5357 2853 5412 ad
2885 5358 3159 5428 fastigium
3191 5358 3391 5414 montis
3438 5357 3619 5413 sancti

2052 5453 2592 5519 ascenderet;quem
2643 5464 2767 5503 cum
2812 5449 3155 5505 audivissent
3199 5449 3351 5505 Setbi
3390 5450 3616 5522 posteri,

2051 5553 2429 5598 convenerunt
2470 5558 2537 5596 ex
2588 5543 2721 5613 ipsis
2746 5550 2966 5596 centum
3009 5543 3109 5596 viri
3156 5553 3212 5596 ut
3247 5559 3277 5596 e
3314 5551 3496 5597 monte
3544 5543 3614 5598 ad

2052 5643 2301 5702 posteros
2332 5632 2491 5689 Kaini
2530 5634 2802 5690 maledicti
2826 5635 3254 5699 descenderent,
3287 5651 3427 5705 quos
3462 5637 3619 5705 jura-

2054 5735 2237 5779 mento
2274 5741 2367 5795 per
2392 5726 2715 5796 sanguinem
2770 5726 2957 5782 Abelis
2999 5729 3375 5782 obstrinxerat
3426 5727 3615 5793 Jared,
