4068 6160
532 333 641 398 913

1990 340 2369 405 ANNALES.

3705 360 3812 425 9N

528 467 598 507 ne
637 451 706 508 de
751 462 939 509 monte
994 466 1189 512 sancto
1250 460 1674 516 descenderent.
1739 460 1851 533 Ipsi
1912 468 2118 523 tamen,
2151 454 2197 513 Α
2230 454 2458 512 Sabbati
2490 461 2776 518 occidente
2820 466 2931 534 jam
2964 466 3105 533 sole,
3145 468 3309 523 tcrtio
3338 469 3560 526 Tishrin
3586 475 3809 542 prioris.

525 545 736 601 dictum
764 547 891 617 ejus
915 550 1053 605 nihil
1102 553 1323 616 morati,
1378 553 1833 622 descenderunt;
1878 570 2119 627 cumque

525 640 953 697 descendissent
982 644 1121 701 tilias
1153 647 1319 702 Kaini
1346 647 1623 704 maledicti
1650 651 1835 719 specie
1855 650 2114 720 pulchras

524 741 581 788 et
645 733 769 790 sine
819 734 1029 806 pudore
1089 738 1269 795 nudas
1342 742 1770 812 conspicientes,
1856 744 2116 813 cupitline

524 837 885 884 exarserunt:
912 844 1009 885 eos
1054 832 1307 889 similiter
1333 836 1737 905 conspicientes
1772 837 1935 893 Kaini
1969 839 2112 904 lilia).

524 917 676 971 viros
694 920 876 989 specie
897 920 1150 991 pulchra,
1173 935 1382 979 statura
1404 926 1674 1001 gigantes,
1694 929 1846 999 ipsos
1867 928 2114 986 ferarum

526 1008 709 1065 instar
774 1010 1087 1068 insilientes
1151 1030 1385 1080 corpora
1461 1032 1658 1074 eorum
1723 1020 2111 1091 inquinarnnt,

525 1111 695 1174 atque
728 1104 802 1159 ita
837 1122 962 1162 cum
1016 1107 1237 1167 ﬁliabus
1268 1110 1427 1166 Kaini
1471 1114 1776 1169 scortando
1827 1116 2116 1185 perierunt

526 1195 623 1250 lilii
680 1195 857 1252 Setlti.
898 1197 1234 1270 Pepererunt
1266 1212 1447 1260 autem
1478 1206 1729 1278 25-37
1775 1206 1898 1263 lilia
1954 1208 2113 1265 Kalni

527 1288 798 1343 maledicti
849 1289 976 1347 ﬁliis
1026 1293 1183 1348 Sethi
1248 1294 1519 1365 gigantes.
1571 1298 1631 1353 In
1668 1298 1788 1367 lege
1835 1300 2111 1367 siquidem

525 1383 604 1435 ait
638 1398 653 1436 :
698 1381 867 1438 Filios
907 1384 1004 1441 Dei
1030 1387 1187 1455 (Bani
1222 1387 1435 1445 Elohim
1470 1391 1796 1461 appellatos)
1844 1409 1963 1447 cum
1986 1409 2113 1447 cott-

525 1476 823 1539 spexissent
847 1478 992 1544 ﬁlias
1009 1478 1177 1535 Καϋιὶ
1200 1482 1477 1550 pulchras,
1500 1484 1571 1536 ad
1590 1486 1735 1554 ipsas
1760 1486 2113 1553 descendisse,

526 1576 685 1637 atque
711 1586 778 1623 ea:
810 1572 936 1638 ipsis
970 1586 1261 1644 prognatos
1294 1578 1533 1647 gigantes
1558 1580 1603 1632 '.

597 1660 703 1728 Qui
761 1674 944 1719 autem
995 1677 1208 1731 errant,
1239 1684 1419 1739 neque
1468 1671 1656 1725 sciunt
1700 1670 1836 1741 quid
1897 1671 2113 1734 dicant,

526 1752 685 1807 ainnt
710 1757 939 1825 angelos
964 1756 1324 1816 descendisse
1350 1762 1418 1815 ad
1464 1761 1605 1816 tilias
1636 1761 1948 1826 hominum,
1977 1778 2104 1818 cum

2224 553 2321 622 qui
2353 553 2495 609 idem
2517 565 2605 611 est
2634 572 2699 613 ac
2728 554 2937 626 Babab,
2971 576 3094 617 cuin
3147 562 3378 619 vixisset
3412 580 3593 622 annos
3653 570 3813 638 quin-

2225 657 2333 712 que
2394 646 2535 700 ultra
2576 661 2886 719 nongentos
2939 670 2953 707 :
3009 670 3174 726 quem
3224 658 3473 729 myrrha,
3520 660 3703 730 thure,
3754 671 3813 717 et

2225 739 2402 794 caesia
2432 740 2753 810 pollinctum
2802 747 3021 816 sepeliit
3049 748 3196 806 [ilius
3243 751 3422 821 ipsius
3471 754 3691 810 Kainan
3754 757 3811 815 in

2224 827 2486 894 spelunca
2516 827 2763 887 Alcanttz
2795 850 2811 888 :
2848 834 3295 910 planxeruntque
3341 840 3815 914 ipsumquadra-

2225 915 2376 987 ginta
2460 919 2599 976 dies.
2674 922 2951 982 Lamecho
3034 931 3248 987 exactis
3320 933 3485 990 annis
3588 946 3812 993 centum

2224 1009 2505 1077 octoginta
2562 1012 2805 1079 duobus,
2868 1026 3034 1075 natus
3072 1027 3158 1075 est
3193 1020 3383 1089 Noah;
3437 1031 3615 1080 totum
3679 1040 3815 1096 ergo

2224 1098 2337 1169 29
2369 1101 2473 1171 3],
2531 1105 2677 1173 quod
2710 1106 2846 1162 vixit
2894 1106 3206 1170 Lamecbtts
3246 1114 3487 1183 spatium
3539 1132 3814 1175 annorum

2226 1189 2328 1243 fuit
2396 1198 2872 1265 septingentorum
2925 1203 3273 1273 septuaginta
3343 1216 3553 1277 septem
3607 1224 3816 1266 :anno

2222 1292 2410 1339 autem
2474 1287 2603 1342 vita:
2655 1288 2917 1347 Latneclii
2995 1294 3213 1352 decimo
3264 1300 3453 1365 tertio,
3527 1301 3815 1361 Enochum

2221 1378 2455 1433 electum
2488 1380 2555 1435 ad
2588 1396 2648 1437 se
2670 1387 2891 1441 sustulit
2930 1386 3200 1447 Dominus
3222 1392 3458 1465 (Arabes
3479 1409 3612 1451 vero
3634 1395 3813 1463 ipsum

2224 1467 2387 1525 Edris
2414 1475 2660 1543 vocant),
2702 1476 3012 1549 habuitque
3048 1484 3326 1551 Enochus,
3364 1486 3587 1556 quando
3628 1488 3813 1559 ipsum

2223 1560 2290 1614 ad
2320 1577 2379 1616 se
2408 1567 2613 1633 recepit
2647 1569 2935 1633 Dominus,
2962 1588 3141 1630 annos
3171 1585 3484 1634 tercentum
3525 1580 3813 1650 sexaginta

2223 1653 2487 1723 quinque.
2522 1655 2865 1731 Sublatoque
2892 1663 3008 1733 jam
3043 1665 3298 1735 Enocho,
3332 1667 3493 1725 Kaini
3536 1670 3813 1728 maledicti

2224 1746 2453 1811 posteri,
2486 1762 2614 1804 cunt
2652 1751 2759 1808 illis
2797 1753 2949 1810 Setlti
2989 1757 3114 1815 liliis
3144 1761 3238 1828 qtti
3275 1760 3343 1816 ad
3396 1761 3551 1833 ipsos
3578 1762 3814 1819 descen-

528 1814 917 1919 (intelligendi)
962 1850 1075 1906 sint
1128 1814 1252 1907 inn
1277 1814 1433 1909 sonit
1468 1855 1561 1921 qui
1586 1814 1599 1816 ⁷
1622 1814 1666 1908 ."
1684 1814 2110 1911 ‘....i.'.;".'.;..{.;
2141 1814 2186 1873 ³
2213 1836 2429 1926 fluunt.
2459 1844 2842 1916 unusquisque
2862 1849 3009 1918 quod
3040 1851 3143 1920 ipsi
3160 1814 3445 1923 placeret:
3452 1865 3550 1910 ιυι
3570 1853 3638 1909 οὐ
3663 1855 3814 1926 quod

525 1940 595 1994 ad
652 1938 792 1994 ﬁlias
817 1940 975 1996 Κεδὶηί
1028 1944 1304 2001 maledicti
1351 1947 1784 2004 descenderunt.
1838 1946 2115 2003 Setltiada‘.

525 2032 675 2087 enim
708 2032 781 2087 ob
804 2036 1158 2091 sanctitatem
1191 2053 1375 2102 suam.
1402 2049 1458 2094 et
1489 2041 1635 2109 quod
1689 2051 1931 2097 montem
1977 2043 2147 2098 sano'

2213 1923 2524 1999 inclinaret,
2548 1939 3021 2011 propenderetque
3045 1944 3268 2002 animus
3289 1923 3811 2017 ipsius,colueritnt.

2289 2025 2452 2082 Anno
2496 2038 2679 2086 autem
2744 2034 2869 2089 vita:
2919 2033 3179 2093 Lamechi
3227 2039 3577 2110 sexagesimo
3626 2042 3813 2111 primo

526 2133 677 2181 ctum
728 2127 1057 2188 incolerent.
1107 2131 1366 2199 appellati
1417 2141 1550 2189 sunt
1594 2132 1736 2188 Batti
1787 2135 2021 2197 Elohim,
2057 2135 2112 2189 id

2223 2116 2357 2173 obiit
2391 2117 2632 2186 Kainan,
2665 2122 2755 2179 die
2774 2125 3040 2182 Mercurii
3075 2128 3226 2185 circa
3256 2130 3553 2188 meridiem
3589 2132 3810 2190 decimo

527 2230 632 2283 est,
671 2217 804 2274 Filii
884 2219 1002 2290 Dei.
1037 2222 1236 2278 Errant
1289 2239 1443 2293 ergo,
1491 2226 1587 2294 qui
1650 2226 1841 2282 dicunt
1889 2229 2117 2299 angelos

528 2311 887 2368 descendisse
918 2311 986 2367 ad
1040 2312 1183 2369 filias
1241 2314 1554 2382 hominum,
1615 2332 1743 2375 cum
1802 2321 2114 2375 substantia

529 2404 852 2474 angelorum
886 2406 1202 2461 substantia
1253 2407 1486 2478 simplex
1545 2408 1638 2471 ait.
1692 2424 1797 2465 nec
1840 2420 2119 2481 competat

531 2506 751 2552 natum
786 2496 1032 2567 ipsorum
1081 2500 1300 2554 veneris
1335 2513 1492 2564 usus,
1531 2499 1701 2557 homo
1744 2510 1926 2557 antem
1986 2504 2118 2559 sub-

531 2590 748 2643 stantiae
798 2590 1120 2660 compositae
1178 2594 1271 2654 sit.
1316 2594 1499 2661 cujus
1537 2602 1751 2649 natura!
1804 2594 1930 2666 eius
1978 2611 2117 2652 usus

530 2687 828 2748 competat,
876 2681 1195 2752 pariterque
1228 2686 1418 2741 omnia
1469 2687 1796 2743 animantia.
1848 2687 2009 2754 Quod
2058 2688 2106 2743 si

530 2772 713 2841 angeli
761 2770 915 2842 (cum
964 2774 1312 2843 mulieribus)
1356 2779 1852 2847 congrederentur,
1910 2776 2117 2835 nullam

532 2863 746 2932 uspiam
772 2880 805 2919 e
836 2863 1053 2921 ﬁliabus
1095 2868 1380 2924 hominum
1412 2870 1707 2939 virginem,
1741 2873 2119 2944 incorruptam

532 2957 907 3028 reliquissent.
933 2959 1073 3015 Cum
1102 2971 1291 3019 autem
1343 2966 1547 3021 vellent
1584 2966 1676 3022 ﬁlii
1712 2967 1892 3032 Sethi,
1953 2968 2048 3039 qtti
2088 2983 2121 3024 e

2216 2212 2387 2269 tertio
2443 2210 2733 2282 Hazirani,
2772 2220 2980 2287 quiest
3034 2219 3296 2287 Baunab;
3342 2238 3508 2291 quem
3558 2225 3814 2299 myrrha,
3910 2258 3913 2263 -

2220 2306 2385 2364 thure
2429 2316 2487 2363 et
2534 2309 2714 2365 cassia
2771 2311 3096 2381 pollinctum
3156 2315 3380 2386 sepeliit
3433 2316 3585 2376 illius
3632 2317 3813 2390 ipsius

2218 2398 2495 2457 lahlaliei
2553 2402 2608 2456 in
2663 2403 2927 2469 spelunca
2978 2406 3263 2471 Alcanuz;
3310 2409 3608 2482 ipsumque
3670 2428 3815 2484 qua-

2220 2493 2475 2565 draginta
2536 2493 2657 2552 dies
2702 2496 3054 2567 planxerunt.
3086 2498 3350 2572 Vixitque
3389 2501 3601 2560 Kainau
3633 2518 3815 2565 annos

2219 2584 2413 2642 decem
2469 2586 2618 2645 ultra
2676 2599 3015 2661 nongentos.
3066 2590 3297 2660 Noabo,
3350 2609 3480 2655 cum
3538 2611 3813 2663 annorum

2220 2688 2370 2735 esset
2398 2680 2858 2751 quingentorum,
2897 2684 3012 2740 nati
3057 2695 3188 2742 sunt
3235 2695 3352 2745 tres
3399 2688 3519 2755 ﬁlii.
3574 2706 3811 2761 quorum

2223 2770 2488 2840 majorem
2538 2773 2833 2843 appellavit
2892 2774 3143 2843 Semum,
3193 2779 3502 2837 secundum
3551 2781 3813 2851 ﬂantum,

2223 2864 2450 2921 tertium
2488 2864 2807 2935 Japhetum.
2855 2866 3057 2929 Totum
3084 2879 3270 2929 autem
3320 2874 3447 2940 vita;
3489 2872 3642 2937 Noab
3679 2892 3815 2947 spa-

2225 2956 2361 3011 tium
2414 2957 2520 3014 fuit
2568 2972 2846 3016 annorum
2895 2970 3308 3033 nongentorum
3363 2966 3815 3040 quinquaginta,

531 3059 720 3105 monte
743 3052 813 3107 ad
862 3051 1006 3108 tilias
1048 3052 1208 3110 Καῖηὶ
1262 3057 1543 3113 maledicti
1598 3058 2024 3124 descenderant.
2064 3063 2116 3117 in

2227 3062 2483 3120 annoque
2510 3049 2798 3108 tricesimo
2828 3065 3032 3124 quarto
3060 3055 3191 3111 vitae
3220 3054 3397 3113 Noabl
3440 3059 3578 3115 obiit
3605 3060 3817 3117 Mabla-

531 3149 774 3197 montem
821 3152 1077 3200 sanctum
1138 3147 1478 3214 ascendere,
1540 3149 1672 3205 lacti
1724 3161 1857 3207 sunt
1907 3152 2117 3223 lapides

2225 3142 2339 3205 liel,
2376 3142 2467 3197 die
2500 3144 2658 3208 solis,
2695 3143 2835 3201 hora
2866 3145 2976 3202 diei
3018 3147 3182 3203 tertia
3231 3158 3433 3206 exacto
3458 3148 3649 3209 Nisaei
3681 3152 3816 3224 (qui

532 3234 742 3291 montis
796 3235 963 3308 ignis,
1017 3240 1093 3293 ita
1130 3246 1192 3294 ut
1242 3241 1403 3296 nullo
1440 3242 1605 3297 modo
1636 3253 1850 3314 pateret
1901 3245 2040 3316 ipsis
2072 3247 2117 3301 in

2235 3231 2377 3287 idem
2415 3241 2503 3289 est
2548 3248 2614 3289 ac
2652 3232 3004 3308 Barmudah)
3060 3238 3325 3307 secundo,
3349 3256 3512 3313 quem
3567 3243 3814 3315 myrrha.

530 3337 778 3387 montem
813 3330 1043 3390 reditus.
1084 3332 1292 3389 Deinde
1342 3345 1635 3406 coeperunt
1684 3339 1777 3393 alii
1812 3346 1939 3409 post
1988 3340 2117 3396 aliot

2234 3325 2397 3381 thure
2448 3336 2502 3380 et
2542 3328 2723 3383 cassia
2774 3327 3127 3398 pollinctum,
3179 3331 3397 3403 sepeliit
3446 3331 3594 3395 titius
3638 3334 3818 3404 ipsius

532 3424 601 3481 de
643 3435 831 3482 monte
880 3436 1074 3483 sancto
1121 3428 1461 3486 descendere
1505 3430 1573 3486 ad
1617 3431 1779 3486 liaini
1839 3431 2125 3488 maledicti

532 3517 693 3573 tilias.
721 3518 859 3574 Cum
894 3535 1030 3591 ergo
1062 3519 1174 3591 iam
1209 3523 1682 3593 appropinquaret
1708 3522 1895 3581 Jaredi
1946 3541 2120 3591 mors.

532 3614 855 3666 convocatis
900 3610 1013 3667 lilio
1035 3627 1139 3668 suo
1179 3612 1432 3680 Enocbo,
1484 3616 1696 3673 Enoclti
1746 3617 2127 3676 Mathushale-

532 3701 661 3766 cito,
702 3702 1138 3762 Mathnshalechi
1166 3706 1465 3772 Lamecho.
1499 3721 1556 3767 et
1596 3710 1855 3768 Lamecbi
1908 3712 2123 3780 Noaho,

530 3793 669 3847 dixit
705 3796 861 3867 τίς
897 3797 1101 3853 Cavete
1155 3815 1224 3854 ne
1267 3802 1564 3876 descendat
1608 3811 1855 3862 vestrum
1893 3806 2019 3876 quis
2055 3805 2125 3862 de

534 3892 723 3939 monte
751 3887 853 3940 hoc
878 3896 1096 3944 sancto.
1129 3888 1254 3944 Filii
1300 3874 1449 3947 enim
1485 3893 1655 3949 vestri
1710 3894 1853 3965 lapsi
1903 3874 2033 3952 sunt
2070 3907 2126 3952 et

535 3976 847 4042 perierunt.
878 3978 1019 4033 Novi
1040 3989 1224 4034 autem
1252 3981 1421 4035 Deum
1448 3991 1727 4051 potentem
1751 3984 2120 4055 etgloriosnm

535 4080 647 4119 non
676 4068 1001 4126 relicturum
1031 4086 1135 4127 vos
1158 4071 1213 4127 in
1252 4073 1355 4129 hoc
1389 4082 1577 4131 monte
1609 4084 1823 4131 sancto.
1856 4076 2125 4148 Quisquis

532 4174 666 4228 ergo
695 4169 941 4216 vestrum
980 4178 1048 4219 ex
1082 4163 1189 4219 hoc
1229 4166 1352 4221 loco
1374 4167 1715 4233 discesserit,
1750 4169 1902 4226 tollat
1928 4185 2122 4226 secum

531 4268 738 4322 corpus
767 4253 991 4319 Adami,
1017 4272 1122 4310 una
1154 4272 1283 4313 cuin
1312 4258 1689 4317 oblationibus
1733 4262 1881 4328 istis,
1907 4264 2121 4330 ipsum-

532 4359 647 4413 que
670 4343 874 4399 condat
904 4343 1219 4418 ubicunqne
1246 4347 1448 4405 dixerit
1473 4348 1579 4421 ipsi
1606 4351 1888 4407 Dominus.
1916 4350 2117 4409 Totum

534 4443 717 4492 autem
740 4437 877 4492 vitae
921 4436 1106 4494 Jaredi
1140 4441 1380 4514 spatium
1434 4458 1707 4500 annorum
1734 4454 1853 4499 erat
1870 4459 2117 4517 nongen-

530 4537 713 4585 torum
738 4531 1027 4600 sexaginta
1068 4532 1328 4590 duorum.
1359 4533 1586 4591 Enoeho
1624 4551 1755 4592 vero
1778 4551 1905 4593 cum
1937 4552 2117 4592 anno-

533 4639 654 4679 rum
683 4631 835 4679 esset
880 4634 1103 4681 centum
1167 4627 1455 4699 sexaginta
1506 4629 1774 4701 quinqne,
1833 4641 1996 4687 natus
2034 4641 2119 4688 est

533 4715 983 4782 lathushalecb;
1029 4732 1285 4789 annoque
1366 4718 1577 4774 Enochi
1647 4721 1911 4777 vicesimo
1976 4722 2114 4779 obiit

534 4807 665 4864 Setlt
689 4809 778 4865 die
810 4808 1024 4875 Martis,
1061 4809 1196 4865 bora
1225 4810 1334 4865 diei
1362 4826 1531 4876 nona,
1560 4813 1830 4867 vicesimo
1873 4817 2114 4886 septimo

534 4903 739 4957 mensis
794 4901 879 4956 Ab
924 4901 1039 4973 (qui
1086 4910 1173 4958 est
1216 4903 1446 4973 Mcsbrl)
1492 4920 1618 4958 cum
1665 4906 1893 4961 vixisset
1942 4922 2115 4963 annos

532 4991 819 5048 duodecim
837 4995 983 5051 ultra
1005 5006 1329 5066 nongentos.
1350 4996 1642 5072 ipsumque
1658 4999 1901 5069 myrrha,
1923 4998 2112 5065 thure,

534 5095 586 5141 et
611 5088 786 5142 cassis
811 5088 1133 5160 pollinctum
1163 5090 1376 5160 sepeliit
1416 5088 1564 5145 illius
1616 5090 1794 5161 ipsius
1838 5090 2023 5149 Euosh
2056 5094 2111 5148 in

533 5180 792 5249 spelunca
840 5181 1085 5237 Alcanuz
1124 5183 1277 5251 juxta
1320 5182 1615 5250 Adamum,
1675 5184 2117 5256 planxeruntque

532 5286 714 5341 tpsom
770 5273 1133 5346 quadraginta
1182 5275 1322 5331 dies.
1372 5275 1855 5342 Mathushalccbo,
1906 5281 2119 5334 exactis

536 5364 698 5418 annis
733 5375 958 5419 centum
982 5369 1266 5435 octoginta
1290 5376 1526 5438 septem,
1550 5379 1714 5424 natus
1743 5377 1827 5424 est
1849 5368 2123 5436 Lameclt;

484 5438 487 5441 ’
538 5462 714 5509 totum
748 5464 931 5511 autem
963 5458 1110 5525 quod
1144 5460 1281 5514 vixit
1333 5460 1750 5517 Mathttshalrch
1796 5460 1927 5516 anni
1984 5469 2114 5515 sunt

538 5547 798 5615 nongenti
824 5550 1111 5618 sexaginta
1138 5566 1356 5606 novem.
1405 5551 1574 5607 Porro
1601 5567 1747 5607 anno
1773 5554 2119 5624 quinquage-

540 5637 682 5692 simo
736 5639 901 5693 tertio
929 5642 1053 5695 vitze
1113 5641 1545 5700 Mathttshalechi
1587 5644 1724 5699 obiit
1775 5643 1980 5710 Enosh,
2026 5642 2118 5701 die

614 5816 631 5845 ¹
665 5813 802 5874 Gen.
834 5818 987 5875 v1.4.

2229 3416 2391 3473 Jared
2438 3420 2492 3475 in
2519 3420 2781 3490 spelunca
2833 3421 3101 3493 Alcanuz,
3132 3425 3423 3496 ipsumque
3449 3427 3816 3498 quadraginta

2229 3510 2348 3566 dics
2372 3512 2722 3581 planxerunt.
2744 3513 2893 3571 Vixit
2921 3522 3106 3573 autem
3142 3516 3415 3574 Hahlaliel
3435 3534 3615 3581 annos
3636 3520 3818 3576 octin-

2228 3612 2423 3673 gentos
2450 3606 2747 3677 nonaginta
2776 3607 3044 3679 quinque.
3068 3608 3240 3665 Porro
3286 3625 3433 3667 anno
3480 3611 3606 3668 vita:
3636 3612 3813 3669 Noahi

2226 3693 2335 3769 33
2378 3694 2725 3767 sexagesimo
2772 3706 2955 3763 sexto,
3007 3697 3147 3755 obiit
3175 3696 3363 3767 Jared,
3416 3699 3510 3757 die
3557 3701 3815 3772 Veneris,

2224 3786 2514 3843 occidente
2557 3788 2695 3853 sole,
2744 3790 2914 3852 Adari
2960 3788 3196 3863 (quiest
3244 3790 3570 3863 Bormabat)
3599 3793 3818 3851 decimo

2227 3877 2427 3944 tertio;
2457 3894 2619 3950 quem
2672 3881 3001 3951 pollinctum
3042 3884 3406 3953 sepelierunt,
3458 3884 3603 3941 ﬁlius
3638 3885 3815 3957 ipsius

2223 3973 2665 4040 Mathushalech.
2680 3976 2915 4033 Lamech
2928 3989 2986 4034 et
3000 3976 3150 4037 Noab
3162 3978 3249 4044 .‘in
3266 3980 3526 4050 spelunca
3546 3981 3815 4046 Alcaeus;

2225 4066 2520 4137 ipsumque
2567 4069 2937 4139 quadraginta
2984 4071 3103 4127 dies
3144 4072 3513 4144 planxerunt;
3564 4073 3815 4145 vixitque

2220 4158 2384 4217 Jared
2416 4175 2593 4221 annos
2625 4174 2939 4236 nongentos
2965 4166 3253 4237 sexaginta
3274 4163 3436 4222 duos.
3469 4164 3645 4226 Porro
3665 4182 3814 4223 anno

2222 4253 2347 4310 vitae
2383 4252 2556 4309 Noahi
2574 4255 3019 4326 quingentesimo
3058 4256 3636 4329 nonagesimoquinto
3673 4258 3815 4313 obiit

2222 4355 2377 4417 pater
2400 4346 2576 4417 ipsius
2607 4345 2871 4403 Lamech.
2902 4346 3143 4404 Lamecb
3188 4356 3374 4406 autem
3409 4355 3536 4404 ante
3576 4356 3810 4405 mortem

2221 4457 2402 4508 suam,
2429 4439 2623 4497 Noaho
2654 4440 2765 4496 (ilio
2805 4454 2910 4496 suo
2955 4438 3250 4506 accersito,
3288 4440 3432 4501 dixit
3461 4456 3480 4498 :
3511 4436 3631 4498 Non
3667 4441 3813 4496 sinet

2226 4541 2282 4589 te
2325 4531 2469 4589 Deus
2518 4539 2736 4601 potens,
2785 4530 3084 4604 gloriosus,
3128 4531 3184 4586 in
3234 4538 3421 4587 monte
3480 4530 3628 4599 isto;
3680 4546 3811 4587 cum

2223 4640 2357 4697 ergo
2386 4623 2717 4689 descendes,
2744 4625 2906 4681 tollas
2934 4632 3117 4681 tecum
3141 4623 3337 4682 Adami
3360 4638 3567 4695 corpus
3589 4638 3813 4696 unaque

2225 4728 2338 4775 tres
2362 4718 2691 4785 oblationes,
2722 4718 2932 4776 scilicet
2963 4732 3185 4784 aurum,
3234 4718 3542 4793 myrrham,
3590 4725 3649 4775 et
3678 4718 3812 4776 titus

2225 4812 2465 4876 deferas,
2514 4812 2734 4881 ﬁlioque
2768 4819 2864 4869 tuo
2896 4811 3133 4883 praecipe
3165 4818 3226 4868 ut
3276 4826 3405 4866 mox
3445 4826 3478 4865 a
3506 4822 3687 4867 morte
3715 4820 3810 4869 tua

2224 4918 2431 4973 corpus
2480 4901 2674 4956 Adami
2731 4901 3008 4958 sublatum
3062 4902 3118 4956 in
3175 4900 3356 4958 medio
3408 4907 3574 4959 terra
3616 4914 3808 4975 ponat,

2224 4996 2410 5063 ibique
2444 4996 2511 5050 ad
2542 4994 2897 5050 serviendum
2931 5008 2964 5048 e
2996 4992 3126 5050 illiis
3171 4994 3292 5051 suis
3333 4993 3629 5065 quemdam
3669 5011 3807 5052 con-

2224 5088 2437 5151 stituat,
2467 5086 2561 5156 qui
2593 5086 2666 5143 sit
2699 5101 2798 5157 per
2843 5092 3018 5141 totam
3060 5086 3232 5141 vitam
3286 5099 3445 5141 suam
3492 5086 3805 5158 religiosus.

2221 5182 2440 5242 caelebs.
2480 5194 2659 5250 neque
2685 5179 3011 5247 sanguinein
3052 5176 3270 5244 fundat,
3325 5191 3505 5249 neque
3549 5178 3604 5234 in
3631 5178 3809 5236 sacri-

2224 5271 2409 5327 ﬁcium
2436 5269 2628 5325 oll'erat
2668 5270 2753 5324 vel
2784 5268 3067 5325 volucrem
3100 5269 3183 5325 vel
3232 5267 3429 5333 feram,
3475 5268 3576 5326 sed
3608 5284 3804 5339 panem

2225 5369 2435 5417 tantum
2466 5367 2522 5414 et
2546 5358 2771 5423 vinum;
2801 5355 3058 5428 quoniam
3091 5355 3161 5410 ab
3182 5355 3291 5413 isto
3321 5355 3443 5413 loco
3477 5357 3582 5412 erit
3608 5357 3805 5414 Adaml

2222 5455 2409 5522 salus;
2464 5452 2835 5522 iuduaturque
2894 5450 3131 5522 pellibus
3186 5449 3416 5514 ferinis.
3469 5464 3573 5505 nec
3619 5450 3806 5507 crines

2224 5548 2403 5611 radat,
2442 5563 2543 5603 nec
2575 5561 2788 5616 ungues
2816 5556 3106 5615 praeseect,
3142 5542 3403 5612 solusque
3432 5550 3751 5611 permaneat
3786 5560 3803 5599 :

2224 5636 2515 5696 vocabitur
2540 5636 2685 5692 enim
2722 5633 2983 5691 sacerdos
3014 5631 3262 5699 Domini;
3306 5632 3542 5686 innocua
3578 5628 3805 5685 Melchi-
