4070 6152
348 211 458 277 915

342 326 662 382 sedet-hum.
706 327 843 384 Cum
890 344 1022 400 ergo
1070 332 1421 403 prmeepisset
1449 331 1628 402 (ista)
1684 328 1919 386 Lsme‘cb

343 414 463 475 Ilio
485 433 589 473 suo
618 417 836 486 Nolana,
865 429 1118 476 mortuus
1147 422 1358 488 est,tiie
1389 422 1672 478 Dominico
1695 422 1799 477 sub
1826 435 1923 475 oc-

341 518 536 567 casum
585 510 753 575 solis.
803 511 969 567 Adarl
1023 511 1140 583 (qui
1192 525 1280 569 est
1332 509 1648 584 Bormaliat)
1703 512 1922 568 decimo

337 611 527 670 nono;
580 602 871 672 ipsumque
916 603 1240 675 pollinctum
1270 605 1485 675 sepeliit
1527 601 1679 661 Nouh
1710 605 1763 659 in
1796 619 1922 675 spo-

338 690 505 752 lunca
533 695 798 762 Alcanuz,
830 693 1267 768 planxeruntque
1288 700 1470 769 ipsum
1520 699 1638 754 dies
1678 698 1921 770 quadra-

340 785 514 857 ginta.
551 785 657 858 33
685 786 794 860 35
818 786 947 843 Fuit
978 797 1163 844 autem
1192 789 1305 843 vita
1346 779 1603 843 Lameclii
1644 802 1916 842 annorum

339 880 816 951 septingentorum
856 884 1203 952 septuaginta
1254 893 1488 950 septem.
1539 882 1708 935 Porro
1768 894 1918 936 anno

336 972 469 1030 vitae
495 971 625 1030 Noze
653 976 1054 1033 sexcentesimo
1097 983 1345 1033 mortuus
1372 987 1454 1032 est
1484 974 1918 1043 Hathusiialecb,

339 1065 432 1122 die
473 1062 701 1123 Veneris
731 1068 877 1125 circa
898 1068 1209 1136 meridiem,
1257 1068 1520 1124 vicesimo
1567 1070 1744 1137 primo
1790 1065 1917 1131 liul,

339 1159 433 1231 qui
466 1167 553 1215 est
577 1159 770 1216 Tiiut:
806 1174 970 1231 quem
1011 1161 1336 1229 pollinctum
1385 1161 1723 1231 sepelierunt
1762 1157 1917 1214 Noab

335 1261 393 1306 et
426 1251 549 1306 Sem
583 1252 636 1306 in
665 1250 923 1327 spelunca
949 1251 1212 1314 Alcanor.
1240 1251 1532 1323 ipsumque
1555 1250 1918 1322 quadraginta

338 1337 458 1396 dies
508 1334 860 1409 planxerunt.
910 1336 1035 1394 Fuit
1088 1352 1269 1397 autem
1323 1339 1435 1396 sita
1484 1337 1918 1395 Mathusbaieebi

339 1444 608 1487 annorum
675 1440 1077 1505 nongentornm
1132 1432 1412 1501 sexaginta
1455 1444 1672 1487 novem.
1732 1429 1920 1500 Neque

334 1522 448 1593 jam
476 1524 601 1593 quis
637 1517 908 1595 superfuit
939 1530 993 1580 in
1030 1534 1213 1581 monte
1259 1536 1450 1581 saneto
1501 1530 1699 1596 prater
1736 1523 1918 1579 solum

337 1610 589 1671 Naulium
625 1620 907 1688 irsiusqne
934 1632 1161 1675 uxorem
1188 1618 1299 1687 (cui
1328 1634 1526 1674 nomen
1553 1624 1672 1674 era’t
1703 1612 1914 1686 Haical)

1408 221 1777 283 EU'I‘YCHII
1816 220 2352 285 ALEXANDRINI
2390 222 2611 285 PATR.

3500 210 3604 286 918

1952 357 1997 417 Α
2023 332 2236 399 cribus.
2270 330 2425 394 ieris.
2459 333 2778 400 reptilibus.
2818 336 3048 394 dicens:
3074 335 3406 393 introducas
3426 344 3605 393 tecum

2021 433 2091 477 ex
2150 420 2262 476 illis
2307 418 2557 496 37-39
2591 436 2716 493 quae
2771 425 2915 479 inter
2969 426 3085 481 haec
3144 423 3351 481 munda
3406 423 3608 482 iuerint

2022 526 2232 588 septem
2266 518 2443 587 paria.
2471 532 2653 575 mares
2681 528 2916 589 septem.
2945 528 3001 576 et
3033 520 3281 578 femellas
3318 519 3548 575 totidem
3575 536 3593 580 :

2018 618 2090 659 ex
2132 602 2433 661 immundis
2495 613 2680 659 autem
2741 606 2911 670 bina.
2986 617 3192 663 marem
3264 606 3480 664 scilicet
3552 612 3607 662 et

2020 692 2304 751 (colinam.
2334 694 2623 768 Ingressus
2656 712 2787 768 ergo
2825 698 2978 754 Noab
3027 698 3213 756 navim
3242 713 3370 754 cum
3412 713 3605 766 uxore,

2019 784 2168 850 aliis.
2201 787 2551 862 ﬁliorumque
2576 791 2866 853 uxoribus.
2892 804 3097 861 corpus
3116 789 3310 845 Adsmi
3338 789 3397 846 in
3422 788 3602 845 navim

2020 879 2373 950 importatum
2406 880 2461 937 in
2488 882 2612 954 eius
2641 883 2821 940 medio
2845 880 3163 948 collocavit,
3195 884 3475 953 impositis
3502 880 3605 954 ipsi

2017 971 2422 1030 oblationibus.-
2454 966 2807 1047 Fueruntque
2836 964 2995 1031 Noab
3030 984 3084 1031 st
3114 974 3208 1030 Ilii
3244 975 3365 1042 eius
3388 975 3458 1028 ad
3484 989 3609 1044 par-

2018 1072 2129 1120 tem
2163 1064 2321 1122 navis
2350 1067 2718 1136 orientalem;
2745 1081 2887 1123 uxor
2913 1082 3042 1122 vero
3070 1069 3250 1138 ipsius
3274 1076 3328 1121 et
3363 1066 3604 1123 ﬁliorum

2022 1168 2223 1213 uxores
2251 1156 2322 1212 ad
2355 1154 2777 1227 occidentalem.
2841 1175 2910 1214 ne
2954 1160 3060 1214 viri
3101 1158 3172 1214 ad
3204 1158 3461 1223 feminas.
3509 1167 3607 1213 aut

2020 1250 2238 1307 femine
2280 1251 2349 1307 ad
2379 1253 2531 1309 viros
2562 1248 2913 1309 accederent.
2943 1247 3193 1323 Cumque
3249 1254 3438 1308 omnia
3479 1264 3603 1322 qu-

2018 1343 2211 1401 inierri
2253 1344 2502 1416 iusserat
2542 1346 2697 1403 Deus
2740 1358 2932 1402 secum
2973 1345 3289 1407 intulisset.
3319 1345 3601 1413 aperiente

2021 1436 2252 1493 Domino
2302 1452 2569 1510 aquarum
2612 1437 2827 1506 lentes,
2871 1437 3165 1494 seatnrivit
3213 1445 3399 1501 terra.
3449 1449 3607 1492 eom-

2020 1530 2177 1584 mista
2214 1539 2346 1584 sunt
2375 1531 2570 1597 maria.
2608 1531 2967 1604 pluviamque
3012 1529 3154 1587 Deus
3194 1545 3230 1585 e
3262 1531 3404 1586 cmio
3434 1528 3611 1584 demi-

2020 1621 2117 1676 sit.
2160 1616 2394 1690 Fuitque
2436 1621 2706 1679 diluvium
2759 1637 2889 1678 cum
2924 1622 3078 1679 Noait
3128 1636 3403 1678 annorum
3456 1626 3609 1677 esset

343 1710 509 1763 filiam
559 1708 811 1764 Nanmsaa
864 1710 959 1764 iilii
1010 1708 1242 1777 Enociti,
1294 1725 1418 1765 cum
1467 1711 1647 1767 tribus
1672 1710 1917 1780 ipsorum
1949 1719 1991 1776 ιι
2018 1723 2430 1781 sexcentarum.
2460 1712 2609 1772 ﬁlius
2638 1725 2769 1771 vero
2798 1715 2980 1786 ipsius
3007 1713 3138 1771 8.9m
3166 1727 3414 1771 centum.
3466 1711 3603 1768 Pco-

340 1791 469 1853 liliis
515 1794 702 1864 Semo,
752 1792 949 1863 llamo,
996 1809 1051 1853 et
1090 1797 1343 1869 Japlieto.
1394 1800 1685 1870 tribusque
1725 1812 1918 1854 eorum

337 1890 824 1961 coniugibusque
869 1906 901 1945 e
948 1891 1168 1947 filiabus
1225 1890 1670 1949 Mathushalecbi
1716 1888 1915 1947 luere:

340 1983 497 2038 uxori
526 1981 674 2038 Serui
709 1998 907 2039 nomen
958 1979 1127 2045 Saiit;
1174 1983 1355 2052 Hami.
1399 1985 1645 2051 Nabiat;
1679 1982 1919 2056 Japbeti.

337 2072 611 2129 Arisisah.

410 2156 831 2235 ingravescente
873 2176 1056 2224 autem
1110 2168 1166 2224 in
1216 2178 1364 2225 terra
1416 2166 1746 2239 iniquitate.
1788 2182 1917 2225 cum

336 2252 492 2312 Seth
536 2258 763 2327 posteri.
812 2257 974 2314 Kaini
1018 2259 1300 2316 maledicti
1344 2260 1590 2331 posteris
1638 2258 1916 2330 permisti.

338 2349 547 2405 scelera
594 2353 1024 2417 committerent,
1075 2352 1255 2423 turpia
1294 2358 1598 2425 patrantes.
1630 2358 1686 2406 et
1730 2350 1798 2406 sd
1833 2350 1920 2404 itt-

336 2440 493 2497 dlcra
528 2444 820 2509 conversi.
869 2443 1132 2501 iudicavit
1183 2441 1329 2503 Deus
1379 2460 1477 2515 per
1525 2443 1917 2499 revelationem

337 2528 531 2590 Νοιδο
562 2552 579 2591 :
619 2533 890 2594 Hissnrul
914 2553 1037 2595 sum
1068 2533 1122 2594 in
1151 2546 1357 2595 terram
1383 2538 1676 2602 diluvium,
1712 2546 1768 2592 et
1797 2550 1919 2590 om-

337 2623 433 2681 nia
468 2638 594 2696 qua
619 2641 787 2697 super
813 2642 877 2682 ea
924 2629 1269 2700 reperientur
1301 2630 1644 2700 perditurus.
1694 2625 1918 2698 Ipsique

338 2714 409 2771 de
454 2722 636 2774 monte
666 2726 881 2787 sancto,
937 2731 1049 2776 una
1084 2736 1210 2777 cum
1256 2720 1385 2777 nilis
1422 2728 1478 2777 et
1526 2734 1719 2782 uxore.
1775 2716 1918 2772 illio-

339 2820 575 2879 rumque
602 2812 891 2876 uxoribus.
914 2812 1253 2871 descendere
1283 2813 1465 2883 iusso.
1501 2812 1761 2885 precepit
1791 2820 1853 2866 ut
1885 2825 1915 2864 e

338 2900 502 2969 lignis
535 2903 821 2969 quadratis
849 2903 1034 2960 navim
1058 2914 1367 2961 exstrueret
1398 2904 1576 2976 (juxta
1614 2901 1916 2959 nonnullos

336 3002 369 3045 e
401 2992 565 3062 lignis
587 2998 788 3063 platani
820 2992 1041 3063 indica)
1081 2996 1244 3066 cujus
1275 2995 1562 3063 longitudo
1585 3003 1736 3051 esset
1766 2992 1919 3048 cubi-

338 3090 523 3140 torum
557 3093 643 3140 te‘r
668 3093 916 3151 centum.
951 3063 1184 3143 latitudo
1217 3087 1639 3160 quinquaginta,
1680 3085 1916 3141 altitudo
1940 3063 1988 3124 α

339 3177 602 3249 triginta;
631 3191 863 3252 eamque
895 3181 1133 3240 interius
1160 3190 1218 3238 et
1252 3183 1498 3239 exterius
1529 3184 1649 3255 pice
1671 3197 1739 3239 ac
1770 3182 1920 3239 bitu-

340 3275 492 3330 mine
534 3276 764 3329 oblitam
809 3276 862 3330 in
912 3285 1027 3332 tres
1072 3277 1519 3348 contignationes
1568 3276 1678 3348 36
1717 3277 1918 3332 distin-

341 3375 555 3438 gueret,
601 3382 834 3436 quarum
876 3369 1086 3435 intima,
1145 3366 1274 3429 leris
1324 3380 1475 3428 esset
1515 3377 1575 3427 et
1613 3371 1918 3440 iumentis;

340 3455 541 3524 media,
587 3458 940 3525 volucribus;
993 3473 1274 3530 suprema.
1323 3461 1427 3532 ipsi
1484 3469 1540 3518 et
1583 3461 1714 3516 illiis
1761 3463 1918 3527 suis;

338 3553 599 3616 essetque
649 3562 806 3618 porta
849 3550 1006 3607 navis
1060 3552 1113 3605 in
1164 3550 1337 3607 latere
1383 3550 1559 3623 ipsius
1601 3552 1669 3607 ad
1704 3560 1918 3623 partem

338 3638 687 3706 orientalem,
708 3640 1012 3713 ﬂoremque
1033 3644 1086 3699 in
1110 3645 1226 3715 ipsa
1257 3644 1363 3699 loci
1385 3661 1544 3715 aqua
1568 3645 1915 3713 recipiendae.

339 3744 406 3785 ac
440 3732 596 3788 locus
622 3733 772 3790 cibo.
806 3731 1096 3806 ingressus
1121 3752 1255 3806 ergo
1297 3735 1449 3792 Noaii
1478 3738 1796 3808 speluncam
1822 3738 1919 3793 Al-

337 3838 535 3889 canus,
590 3836 648 3880 et
707 3822 896 3891 Setbi.
951 3824 1185 3893 Enociii,
1243 3825 1518 3893 Kainani,
1567 3824 1916 3895 Hahlalielis,

334 3910 543 3983 Jarcdi,
566 3916 1023 3985 liatbushalecbi,
1043 3930 1098 3975 et
1120 3920 1377 3976 Latneciti
1402 3935 1636 3992 corpora
1681 3919 1917 3977 deoscu-

340 4008 509 4073 latus.
542 4024 750 4082 corpus
803 4010 997 4066 Adami
1048 4028 1267 4082 unaque
1311 4013 1619 4070 oblationes
1667 4012 1917 4081 sustulit,

338 4098 550 4156 lereute
594 4102 760 4157 Semo
796 4118 1028 4169 aurum,
1075 4094 1249 4158 ﬂatum
1303 4107 1619 4179 myrrham.
1681 4103 1917 4177 Japheto

338 4195 488 4249 titus.
519 4190 739 4264 Egressi
775 4193 942 4268 igitur
976 4205 1034 4251 ut
1084 4214 1116 4253 e
1151 4208 1336 4255 monte
1374 4209 1569 4254 sancto
1616 4197 1919 4256 descende-

337 4294 483 4353 rent,
513 4288 750 4343 sublatis
780 4291 847 4345 ad
879 4290 1199 4359 paradisum
1240 4292 1441 4358 oculis,
1488 4290 1685 4348 ﬂevere
1726 4289 1919 4346 dicen-

334 4381 423 4435 tes
454 4398 469 4435 :
502 4380 652 4447 Vale,
680 4383 932 4452 paradise
955 4396 1147 4440 sancte
1184 4401 1199 4439 :
1236 4385 1558 4455 lapidesque
1587 4383 1914 4449 deosculati,
1948 4409 1994 4467 υ

336 4486 405 4528 ac
428 4473 653 4531 arbores
680 4477 914 4546 amplexi
941 4476 1009 4531 de
1033 4485 1215 4533 monte
1260 4487 1452 4533 sancto
1476 4475 1917 4545 descenderunt;

338 4561 752 4639 iabticatusque
780 4578 866 4624 est
905 4561 1058 4624 Noab
1084 4569 1290 4625 navim.
1320 4569 1421 4625 Cui
1459 4568 1722 4625 indicavit
1749 4568 1916 4626 etiam

337 4654 608 4715 Dominus
647 4665 709 4715 ut
737 4672 1056 4729 campanam
1090 4676 1122 4717 e
1147 4659 1293 4731 ligno
1323 4659 1528 4730 platani
1558 4658 1760 4719 Indice
1791 4674 1919 4717 ceu.

338 4750 532 4809 liceret
563 4762 681 4810 tres
712 4747 936 4809 cubitus
986 4748 1233 4823 longam.
1281 4752 1572 4809 latitudine
1621 4755 1917 4824 sesquicn-

339 4840 585 4909 bitalem,
613 4846 773 4915 cuius
805 4842 969 4899 etiam
1013 4842 1244 4900 malleus
1268 4861 1333 4901 ex
1380 4846 1571 4901 eadem
1614 4854 1763 4901 esset
1808 4858 1920 4899 ma.

338 4938 475 4993 teria
505 4955 521 4994 :
548 4952 714 5007 quam
751 4944 835 4989 ter
875 4933 1123 5002 quotidie
1171 4934 1458 5004 pulsaret;
1496 4948 1679 5000 mane,
1709 4950 1821 5004 quo
1848 4934 1917 4989 ad

338 5028 519 5098 ipsum
548 5034 1022 5096 congregarentur
1048 5039 1251 5097 operae,
1284 5022 1489 5082 deinde
1516 5022 1586 5080 ad
1610 5024 1918 5092 meridiem.

337 5127 589 5190 tempore
615 5110 871 5189 prandii;
898 5132 963 5172 ac
984 5130 1179 5172 rursus
1210 5116 1592 5188 vesperi.eum
1631 5115 1919 5173 disceden-

338 5210 470 5268 dum
497 5219 680 5280 etsset;
710 5204 962 5280 dixitque
991 5209 1094 5279 ipsi
1132 5225 1149 5264 :
1181 5205 1320 5265 Cum
1352 5208 1640 5265 audientes
1682 5217 1737 5264 te
1766 5219 1920 5262 cam-

338 5314 540 5378 panam
581 5300 914 5375 pulsantem,
941 5298 1182 5357 dixerint
1216 5298 1314 5357 tibi
1350 5318 1367 5355 :
1398 5299 1543 5370 Quid
1579 5300 1681 5355 boc
1716 5299 1793 5356 rei
1836 5307 1924 5356 est

339 5399 487 5469 quod
519 5390 691 5452 lacis?
724 5394 995 5467 responde
1046 5397 1228 5465 ipsis:
1284 5390 1643 5451 lmmissurus
1684 5400 1769 5448 est
1811 5387 1922 5448 Do-

342 5490 527 5546 minus
552 5488 841 5545 diluvium.
864 5484 1020 5544 Fecit
1050 5498 1182 5557 ergo
1214 5481 1369 5541 Noalt
1394 5486 1579 5541 omnia
1606 5500 1728 5556 qua:
1753 5483 1920 5555 jussit

342 5582 523 5651 ipsum
576 5581 861 5636 Dominus.
914 5577 1172 5650 Misitque
1217 5578 1287 5632 ad
1347 5593 1474 5633 eum
1540 5573 1805 5631 Dominus
1851 5592 1918 5631 ex

347 5674 497 5731 omni
526 5672 889 5732 animantium
920 5687 1141 5745 genere,
1170 5670 1387 5730 scilicet
1409 5670 1733 5742 pecudibus,
1766 5670 1920 5725 volu-

2023 1810 2311 1871 rumpente
2337 1811 2518 1859 autem
2554 1817 2588 1859 e
2614 1812 2760 1860 terra
2799 1818 2966 1876 aqua,
2993 1803 3291 1877 pluviaque
3331 1802 3405 1860 de
3436 1803 3608 1865 emis.

2020 1895 2383 1967 quadraginta
2411 1894 2534 1953 dies
2564 1906 2868 1967 noctesque
2898 1898 3198 1953 eotttinuos
3242 1912 3422 1969 usque
3466 1896 3609 1952 adeo

2023 1989 2256 2047 invaluit
2298 2004 2442 2062 aqua
2494 2005 2663 2063 super
2694 2000 2925 2058 terram.
2954 1998 3015 2048 ut
3055 1992 3390 2049 altissimum
3416 1991 3603 2061 quiia

2020 2090 2167 2140 terra
2201 2083 2377 2155 (sunt)
2405 2084 2673 2141 montium
2708 2083 3024 2156 quindecim
3050 2085 3256 2141 cubitis
3290 2094 3609 2154 superaret.

2019 2182 2295 2244 terraque
2324 2173 2675 2245 superﬁciem
2702 2181 2927 2233 centum
2958 2181 3017 2230 et
3047 2174 3447 2247 quinquaginta
3479 2173 3604 2231 dies

2018 2272 2283 2339 operiret,
2315 2270 2493 2328 donec
2520 2284 2635 2327 non
2656 2278 2976 2342 superesset
3004 2270 3061 2325 in
3094 2279 3245 2327 terra
3276 2270 3485 2326 animal
3520 2268 3605 2325 vel

2022 2363 2206 2434 planta
2239 2364 2371 2434 quin
2419 2361 2765 2435 perderetur.
2822 2362 2944 2421 1am
2993 2366 3067 2423 ab
3095 2363 3309 2420 Adamo
3354 2362 3424 2420 ad
3465 2362 3609 2418 dilue

2022 2456 2166 2511 vium
2217 2454 2346 2509 anni
2381 2461 2547 2509 erant
2592 2451 2684 2511 bis
2729 2455 2882 2511 mille
2924 2454 3152 2511 ducenti
3206 2454 3606 2526 quinquaginta

2020 2560 2139 2601 sex.
2170 2543 2301 2601 Post
2326 2542 2445 2600 dies
2478 2558 2607 2600 vero
2635 2559 2669 2601 a
2707 2545 2922 2602 diluvio
2949 2553 3172 2602 centum
3223 2553 3282 2602 et
3324 2547 3609 2616 quisqua-

2019 2637 2194 2710 ginta.
2231 2636 2481 2693 mittente
2515 2635 2630 2693 Deo
2658 2644 2883 2694 ventum
2914 2637 3014 2709 qui
3046 2651 3218 2707 super
3257 2646 3469 2692 terram
3512 2632 3611 2693 lla-

2021 2738 2129 2795 ret,
2155 2728 2294 2784 adeo
2325 2736 2384 2785 ut
2410 2728 2727 2799 quiesceret
2775 2742 2937 2800 aqua.
2981 2734 3267 2786 cessarent
3314 2727 3519 2793 fontes.
3552 2736 3609 2783 et

2020 2831 2375 2878 coerceretur
2403 2822 2616 2892 pluvia.
2647 2820 2818 2893 capit
2865 2835 3005 2892 aqua
3040 2821 3311 2877 continue
3330 2819 3442 2892 ω
3469 2818 3606 2877 sub-

2020 2915 2199 2971 sidere
2236 2922 2293 2970 ct
2318 2913 2643 2970 decrescere
2670 2927 2846 2985 usque
2886 2912 2957 2969 ad
2982 2927 3229 2969 mensem
3277 2914 3602 2991 septimusr.

2026 3001 2232 3059 Mensis
2277 3010 2461 3058 autem
2512 3002 2759 3073 septimi.
2816 3005 3039 3060 scilicet
3087 3003 3299 3061 mensis
3336 3001 3442 3058 liul
3482 3002 3605 3075 (qui

2020 3092 2165 3151 idem
2212 3104 2300 3151 est
2332 3092 2503 3165 Thut)
2556 3094 2648 3151 die
2682 3094 2897 3152 decimo
2923 3094 3160 3165 septimo
3201 3095 3413 3152 resedit
3453 3096 3610 3151 naris

2020 3202 2188 3257 super
2214 3195 2403 3243 monte
2443 3186 2596 3243 dicto
2637 3184 2860 3250 Ararat.
2896 3185 2991 3258 qui
3016 3193 3105 3241 est
3136 3201 3298 3243 mons
3326 3184 3523 3241 Alluda
3550 3184 3607 3239 in

2019 3275 2215 3343 Ilusal,
2270 3274 2329 3333 in
2353 3275 2576 3347 regione
2635 3272 2973 3342 Diarrabiz.
3027 3276 3083 3331 in
3148 3275 3271 3333 vico
3331 3276 3613 3348 appellato

2005 3367 2235 3453 ,Korda;
2279 3375 2513 3423 vocatur
2545 3374 2731 3421 autem
2765 3367 2936 3423 hodie
2975 3376 3127 3424 terra
3172 3364 3511 3433 Thamanin,
3548 3371 3610 3424 et

2021 3461 2199 3516 insula
2230 3458 2362 3514 Batti
2399 3459 2587 3514 Omar.
2615 3457 2870 3532 Cumque
2900 3473 3012 3516 non
3047 3468 3297 3518 cessaret
3329 3476 3474 3532 aqua
3509 3461 3607 3517 de-

2018 3564 2271 3606 crescere
2296 3559 2351 3606 et
2383 3548 2673 3607 subsidere
2711 3566 2889 3623 usque
2924 3549 2993 3606 ad
3024 3566 3269 3608 mensem
3298 3551 3605 3616 decimum.

2022 3643 2198 3711 primo
2234 3644 2321 3696 die
2352 3642 2557 3697 mensis
2584 3640 2787 3696 decimi
2819 3656 3125 3714 apparuere
3154 3642 3424 3697 montium
3445 3642 3603 3711 iuga,

2020 3732 2220 3787 deinde
2247 3740 2374 3802 post
2413 3730 2779 3803 quadraginta
2826 3730 2969 3798 dies.
3012 3744 3202 3802 aperta
3233 3732 3391 3787 navis
3421 3743 3599 3803 ports.

2019 3826 2198 3880 emisit
2232 3823 2386 3879 Noait
2427 3839 2658 3880 corvum
2716 3824 2783 3880 ad
2829 3822 3228 3895 explorandum
3257 3840 3390 3879 nutu
3425 3824 3603 3881 exsic-

2018 3926 2141 3971 cata
2184 3924 2330 3973 esset
2375 3931 2517 3987 aqua
2548 3929 2577 3970 a
2606 3916 2902 3986 superﬁcie
2936 3922 3121 3981 terra.
3154 3914 3251 3987 qui
3291 3914 3487 3972 abiens
3515 3930 3603 3971 re-

2019 4025 2215 4065 versus
2270 4024 2381 4064 nou
2421 4016 2527 4064 est.
2569 4005 2723 4064 Iisit
2764 4022 2900 4079 ergo
2944 4006 3283 4072 columbam,
3312 4022 3435 4076 qum
3481 4007 3605 4065 sine

2021 4117 2175 4157 mora
2210 4112 2433 4155 reversa
2471 4107 2556 4156 est
2583 4100 2823 4171 pedibus
2856 4114 3001 4172 aqua
3031 4098 3409 4165 madentibus,
3458 4100 3605 4157 uade

2017 4196 2275 4265 cognovit
2295 4192 2446 4250 Noab
2478 4192 2660 4250 adhuc
2693 4208 2819 4250 esse
2856 4207 3055 4265 aquam
3083 4207 3254 4265 super
3281 4201 3506 4250 terram.
3534 4194 3607 4248 At

2019 4296 2143 4356 post
2164 4296 2367 4357 septem
2401 4285 2523 4341 dies
2554 4300 2681 4341 cum
2724 4287 2968 4341 mitteret
3007 4298 3207 4343 rursus
3243 4285 3598 4352 columbam,

2020 4391 2088 4431 ea
2123 4374 2193 4431 ad
2227 4379 2406 4449 ipsum
2441 4374 2680 4447 vesperi.
2730 4374 2787 4431 in
2816 4388 2917 4429 ore
2948 4370 3140 4430 lolium
3180 4370 3339 4431 olive
3379 4390 3599 4448 gerens.

2021 4481 2238 4523 .eversa
2285 4474 2392 4524 est.
2439 4464 2579 4521 Tum
2614 4465 2709 4522 ubi
2740 4475 2950 4534 septem
3003 4462 3191 4523 adhue
3231 4466 3354 4524 dies
3399 4482 3597 4540 exspe—

2018 4567 2245 4623 ctasset.
2275 4559 2586 4614 columbam
2630 4558 2830 4615 iterum
2874 4558 3083 4625 emisit.
3123 4575 3249 4633 qua
3297 4559 3370 4617 ad
3411 4562 3595 4633 ipsum

2020 4666 2129 4707 non
2156 4651 2341 4708 rediit.
2368 4651 2507 4707 Cum
2552 4665 2685 4723 ergo
2718 4658 2843 4719 post
2878 4650 2996 4709 haec
3022 4666 3230 4723 septem
3268 4654 3390 4714 dies
3415 4670 3600 4712 mora-

2021 4757 2133 4808 tus.
2185 4746 2344 4802 navis
2378 4752 2593 4817 portata
2637 4748 2972 4817 aperuisset.
3010 4746 3318 4819 prospexit.
3355 4755 3413 4805 et
3465 4762 3598 4806 ecce

2019 4845 2167 4894 terra
2220 4837 2447 4894 herbam
2484 4838 2715 4895 viridem
2749 4839 3106 4911 produxerat.
3155 4848 3213 4898 et
3253 4836 3329 4896 ab
3360 4838 3482 4913 ipsa
3511 4855 3603 4898 rce

2020 4938 2307 4985 cesserant
2339 4942 2518 5001 aquae.
2558 4928 2828 5002 Egressus
2859 4940 2947 4989 est
2992 4946 3127 5005 ergo
3182 4924 3344 4991 Noalt
3389 4948 3424 4991 ο
3459 4948 3601 4992 nave

2018 5038 2147 5077 cum
2181 5020 2309 5078 iiiiis
2339 5022 2478 5087 suis,
2506 5023 2691 5089 ὅρκια,
2731 5022 2907 5079 llamo
2930 5031 2989 5081 et
3016 5018 3273 5097 «laplieto,
3307 5025 3601 5097 suaque'et

2022 5112 2259 5170 ﬁliorum
2290 5114 2581 5179 uxoribus.
2625 5116 2999 5187 omnibusque
3027 5132 3152 5188 qum
3197 5117 3253 5175 In
3296 5120 3424 5175 navi
3468 5135 3599 5177 cum

2021 5207 2144 5278 ipso
2180 5204 2336 5263 luere
2378 5208 2774 5272 animantibus.
2824 5216 2955 5282 post
3008 5207 3148 5266 duos
3199 5210 3346 5265 ultra
3390 5226 3601 5267 annum

2021 5312 2262 5365 menses,
2297 5299 2386 5355 die
2414 5300 2628 5355 decimo
2679 5302 2911 5372 septimo
2952 5298 3205 5376 διδῶ
3255 5305 3463 5359 mensis
3506 5320 3600 5362 se-

2020 5392 2211 5457 cundi.
2238 5389 2430 5449 Nisani
2454 5392 2667 5448 scilicet
2690 5394 2785 5463 qui
2812 5403 2869 5448 et
2886 5393 3032 5450 idem
3062 5390 3392 5450 Barmudab.
3420 5394 3558 5452 Cum
3578 5423 3593 5437 -

2023 5499 2131 5553 que
2176 5485 2384 5557 egressi
2437 5494 2627 5540 essent
2693 5486 2887 5540 urbem
2935 5493 3332 5541 exstruxerunt
3357 5525 3376 5551 .
3431 5501 3598 5559 quam

2022 5574 2331 5631 Timmaoin
2393 5575 2779 5647 appellarunt,
2850 5575 3010 5645 juxta
3064 5590 3357 5632 numerum
3435 5592 3626 5639 suum,

2024 5671 2181 5743 quasi
2217 5672 2357 5728 dicat
2390 5690 2403 5726 :
2476 5669 2589 5726 Nos
2635 5677 2761 5725 octo
2795 5682 3010 5725 sumus.
3032 5667 3288 5740 Dixitque
3325 5668 3589 5725 Dominus
