  <div class='ocr_page' id='page_1' title='image "/cluster/home/n/w/nwhite01/storage/ocr_20150623/111/mdp.39015009379887/466.png"; bbox 0 0 4070 6152; ppageno 0'>
   <div class='ocr_carea' id='block_1_1' title="bbox 347 233 454 299">
    <p class='ocr_par' dir='ltr' id='par_1_1' title="bbox 347 233 454 299">
     <span class='ocr_line' id='line_1_1' title="bbox 347 233 454 299; baseline -0.047 -5"><span class='ocrx_word' id='word_1_1' title='bbox 347 233 454 299; x_wconf 65' lang='grc' dir='ltr'><strong>Ωιτ</strong></span> 
     </span>
    </p>
   </div>
   <div class='ocr_carea' id='block_1_2' title="bbox 1790 226 2183 289">
    <p class='ocr_par' dir='ltr' id='par_1_2' title="bbox 1790 226 2183 289">
     <span class='ocr_line' id='line_1_2' title="bbox 1790 226 2183 289; baseline 0.008 -4"><span class='ocrx_word' id='word_1_2' title='bbox 1790 226 2183 289; x_wconf 48' lang='grc' dir='ltr'><strong>ΑΝΝΑιεςι</strong></span> 
     </span>
    </p>
   </div>
   <div class='ocr_carea' id='block_1_3' title="bbox 3494 231 3598 296">
    <p class='ocr_par' dir='ltr' id='par_1_3' title="bbox 3494 231 3598 296">
     <span class='ocr_line' id='line_1_3' title="bbox 3494 231 3598 296; baseline -0.048 0"><span class='ocrx_word' id='word_1_3' title='bbox 3494 231 3598 296; x_wconf 64' lang='grc'><strong>918</strong></span> 
     </span>
    </p>
   </div>
   <div class='ocr_carea' id='block_1_4' title="bbox 345 337 3601 420">
    <p class='ocr_par' dir='ltr' id='par_1_4' title="bbox 345 337 3601 420">
     <span class='ocr_line' id='line_1_4' title="bbox 345 337 3601 420; baseline -0.001 -17"><span class='ocrx_word' id='word_1_4' title='bbox 345 360 564 420; x_wconf 71' lang='lat' dir='ltr'><strong>puti-ns,</strong></span> <span class='ocrx_word' id='word_1_5' title='bbox 595 350 887 420; x_wconf 79' lang='lat' dir='ltr'><strong>gloriosus,</strong></span> <span class='ocrx_word' id='word_1_6' title='bbox 920 348 1109 404; x_wconf 79' lang='lat' dir='ltr'><strong>Noailo</strong></span> <span class='ocrx_word' id='word_1_7' title='bbox 1147 363 1162 399; x_wconf 85' lang='lat'><strong>:</strong></span> <span class='ocrx_word' id='word_1_8' title='bbox 1201 344 1320 399; x_wconf 75' lang='lat' dir='ltr'><strong>Non</strong></span> <span class='ocrx_word' id='word_1_9' title='bbox 1354 345 1603 399; x_wconf 81' lang='lat' dir='ltr'><strong>iuturqu</strong></span> <span class='ocrx_word' id='word_1_10' title='bbox 1655 353 1739 399; x_wconf 84' lang='lat' dir='ltr'><strong>est</strong></span> <span class='ocrx_word' id='word_1_11' title='bbox 1771 349 1921 413; x_wconf 83' lang='lat' dir='ltr'><strong>post-</strong></span> <span class='ocrx_word' id='word_1_12' title='bbox 1948 337 2000 396; x_wconf 81' lang='grc' dir='ltr'><strong>Δ</strong></span> <span class='ocrx_word' id='word_1_13' title='bbox 2028 357 2143 403; x_wconf 90' lang='lat' dir='ltr'><strong>tum</strong></span> <span class='ocrx_word' id='word_1_14' title='bbox 2182 357 2364 400; x_wconf 75' lang='lat' dir='ltr'><strong>autem</strong></span> <span class='ocrx_word' id='word_1_15' title='bbox 2398 347 2520 401; x_wconf 43' lang='lat' dir='ltr'><strong>vilic</strong></span> <span class='ocrx_word' id='word_1_16' title='bbox 2555 345 2786 402; x_wconf 80' lang='lat' dir='ltr'><strong>Kainani</strong></span> <span class='ocrx_word' id='word_1_17' title='bbox 2834 344 2963 400; x_wconf 89' lang='lat' dir='ltr'><strong>anni</strong></span> <span class='ocrx_word' id='word_1_18' title='bbox 3010 343 3389 414; x_wconf 74' lang='lat' dir='ltr'><strong>quadringenti</strong></span> <span class='ocrx_word' id='word_1_19' title='bbox 3423 354 3472 396; x_wconf 65' lang='lat' dir='ltr'><strong>et</strong></span> <span class='ocrx_word' id='word_1_20' title='bbox 3501 351 3601 402; x_wconf 85' lang='lat' dir='ltr'><strong>lt&#39;i-</strong></span> 
     </span>
    </p>
   </div>
   <div class='ocr_carea' id='block_1_5' title="bbox 343 442 1047 515">
    <p class='ocr_par' dir='ltr' id='par_1_5' title="bbox 343 442 1047 515">
     <span class='ocr_line' id='line_1_5' title="bbox 343 442 1047 515; baseline -0.007 -15"><span class='ocrx_word' id='word_1_21' title='bbox 343 446 452 500; x_wconf 82' lang='lat' dir='ltr'><strong>bac</strong></span> <span class='ocrx_word' id='word_1_22' title='bbox 480 459 723 515; x_wconf 80' lang='lat' dir='ltr'><strong>unquam</strong></span> <span class='ocrx_word' id='word_1_23' title='bbox 756 442 1047 500; x_wconf 77' lang='lat' dir='ltr'><strong>diluvium.</strong></span> 
     </span>
    </p>
   </div>
   <div class='ocr_carea' id='block_1_6' title="bbox 418 530 1927 603">
    <p class='ocr_par' dir='ltr' id='par_1_6' title="bbox 418 530 1927 603">
     <span class='ocr_line' id='line_1_6' title="bbox 418 530 1927 603; baseline -0.001 -16"><span class='ocrx_word' id='word_1_24' title='bbox 418 534 563 601; x_wconf 82' lang='lat' dir='ltr'><strong>Quin</strong></span> <span class='ocrx_word' id='word_1_25' title='bbox 614 542 673 589; x_wconf 87' lang='lat' dir='ltr'><strong>et</strong></span> <span class='ocrx_word' id='word_1_26' title='bbox 708 535 894 603; x_wconf 83' lang='lat' dir='ltr'><strong>posuit</strong></span> <span class='ocrx_word' id='word_1_27' title='bbox 952 534 1215 589; x_wconf 77' lang='lat' dir='ltr'><strong>Dominus</strong></span> <span class='ocrx_word' id='word_1_28' title='bbox 1253 530 1443 589; x_wconf 71' lang='lat' dir='ltr'><strong>Noabo</strong></span> <span class='ocrx_word' id='word_1_29' title='bbox 1476 532 1677 597; x_wconf 68' lang='lat' dir='ltr'><strong>limitis,</strong></span> <span class='ocrx_word' id='word_1_30' title='bbox 1716 530 1927 587; x_wconf 72' lang='lat' dir='ltr'><strong>scilicet</strong></span> 
     </span>
    </p>
   </div>
   <div class='ocr_carea' id='block_1_7' title="bbox 350 620 1922 697">
    <p class='ocr_par' dir='ltr' id='par_1_7' title="bbox 350 620 1922 697">
     <span class='ocr_line' id='line_1_7' title="bbox 350 620 1922 697; baseline -0.003 -14"><span class='ocrx_word' id='word_1_31' title='bbox 350 642 543 683; x_wconf 86' lang='lat' dir='ltr'><strong>arcum</strong></span> <span class='ocrx_word' id='word_1_32' title='bbox 573 627 629 681; x_wconf 91' lang='lat' dir='ltr'><strong>in</strong></span> <span class='ocrx_word' id='word_1_33' title='bbox 670 626 908 681; x_wconf 85' lang='lat' dir='ltr'><strong>nubibus</strong></span> <span class='ocrx_word' id='word_1_34' title='bbox 957 636 1343 697; x_wconf 86' lang='lat' dir='ltr'><strong>apparentem,</strong></span> <span class='ocrx_word' id='word_1_35' title='bbox 1390 626 1584 682; x_wconf 85' lang='lat' dir='ltr'><strong>dicens</strong></span> <span class='ocrx_word' id='word_1_36' title='bbox 1625 626 1729 696; x_wconf 84' lang='lat' dir='ltr'><strong>ipsi</strong></span> <span class='ocrx_word' id='word_1_37' title='bbox 1769 645 1779 679; x_wconf 89' lang='lat'><strong>:</strong></span> <span class='ocrx_word' id='word_1_38' title='bbox 1818 620 1922 682; x_wconf 81' lang='lat' dir='ltr'><strong>Ubi</strong></span> 
     </span>
    </p>
   </div>
   <div class='ocr_carea' id='block_1_8' title="bbox 344 720 1925 790">
    <p class='ocr_par' dir='ltr' id='par_1_8' title="bbox 344 720 1925 790">
     <span class='ocr_line' id='line_1_8' title="bbox 344 720 1925 790; baseline 0.003 -19"><span class='ocrx_word' id='word_1_39' title='bbox 344 720 699 789; x_wconf 75' lang='lat' dir='ltr'><strong>conspexeris</strong></span> <span class='ocrx_word' id='word_1_40' title='bbox 728 733 915 774; x_wconf 80' lang='lat' dir='ltr'><strong>arcum</strong></span> <span class='ocrx_word' id='word_1_41' title='bbox 950 721 1139 784; x_wconf 83' lang='lat' dir='ltr'><strong>istum,</strong></span> <span class='ocrx_word' id='word_1_42' title='bbox 1165 721 1273 775; x_wconf 86' lang='lat' dir='ltr'><strong>erit</strong></span> <span class='ocrx_word' id='word_1_43' title='bbox 1310 722 1426 790; x_wconf 82' lang='lat' dir='ltr'><strong>ipse</strong></span> <span class='ocrx_word' id='word_1_44' title='bbox 1448 720 1545 778; x_wconf 91' lang='lat' dir='ltr'><strong>tibi</strong></span> <span class='ocrx_word' id='word_1_45' title='bbox 1572 721 1789 790; x_wconf 80' lang='lat' dir='ltr'><strong>signum</strong></span> <span class='ocrx_word' id='word_1_46' title='bbox 1823 720 1925 776; x_wconf 72' lang='grc' dir='ltr'><strong>ιω·-</strong></span> 
     </span>
    </p>
   </div>
   <div class='ocr_carea' id='block_1_9' title="bbox 338 810 1921 885">
    <p class='ocr_par' dir='ltr' id='par_1_9' title="bbox 338 810 1921 885">
     <span class='ocr_line' id='line_1_9' title="bbox 338 810 1921 885; baseline 0.001 -18"><span class='ocrx_word' id='word_1_47' title='bbox 338 810 516 868; x_wconf 82' lang='lat' dir='ltr'><strong>deris.</strong></span> <span class='ocrx_word' id='word_1_48' title='bbox 550 810 985 882; x_wconf 81' lang='lat' dir='ltr'><strong>Plantaruutque</strong></span> <span class='ocrx_word' id='word_1_49' title='bbox 1021 813 1115 867; x_wconf 88' lang='lat' dir='ltr'><strong>lilii</strong></span> <span class='ocrx_word' id='word_1_50' title='bbox 1154 811 1280 870; x_wconf 63' lang='lat' dir='ltr'><strong>No:</strong></span> <span class='ocrx_word' id='word_1_51' title='bbox 1313 816 1553 879; x_wconf 86' lang='lat' dir='ltr'><strong>vineam,</strong></span> <span class='ocrx_word' id='word_1_52' title='bbox 1600 831 1630 869; x_wconf 89' lang='lat' dir='ltr'><strong>e</strong></span> <span class='ocrx_word' id='word_1_53' title='bbox 1659 830 1767 885; x_wconf 89' lang='lat' dir='ltr'><strong>qua</strong></span> <span class='ocrx_word' id='word_1_54' title='bbox 1798 829 1921 869; x_wconf 91' lang='lat' dir='ltr'><strong>cum</strong></span> 
     </span>
    </p>
   </div>
   <div class='ocr_carea' id='block_1_10' title="bbox 340 901 1923 977">
    <p class='ocr_par' dir='ltr' id='par_1_10' title="bbox 340 901 1923 977">
     <span class='ocr_line' id='line_1_10' title="bbox 340 901 1923 977; baseline 0.004 -21"><span class='ocrx_word' id='word_1_55' title='bbox 340 901 530 957; x_wconf 85' lang='lat' dir='ltr'><strong>vinum</strong></span> <span class='ocrx_word' id='word_1_56' title='bbox 562 916 752 959; x_wconf 88' lang='lat' dir='ltr'><strong>recens</strong></span> <span class='ocrx_word' id='word_1_57' title='bbox 788 917 1109 971; x_wconf 80' lang='lat' dir='ltr'><strong>expressum</strong></span> <span class='ocrx_word' id='word_1_58' title='bbox 1135 907 1274 974; x_wconf 87' lang='lat' dir='ltr'><strong>patri</strong></span> <span class='ocrx_word' id='word_1_59' title='bbox 1305 921 1412 962; x_wconf 87' lang='lat' dir='ltr'><strong>suo</strong></span> <span class='ocrx_word' id='word_1_60' title='bbox 1440 906 1629 962; x_wconf 81' lang='lat' dir='ltr'><strong>Noaho</strong></span> <span class='ocrx_word' id='word_1_61' title='bbox 1653 907 1923 977; x_wconf 65' lang='lat' dir='ltr'><strong>prabuis-</strong></span> 
     </span>
    </p>
   </div>
   <div class='ocr_carea' id='block_1_11' title="bbox 340 996 1923 1066">
    <p class='ocr_par' dir='ltr' id='par_1_11' title="bbox 340 996 1923 1066">
     <span class='ocr_line' id='line_1_11' title="bbox 340 996 1923 1066; baseline 0.003 -16"><span class='ocrx_word' id='word_1_62' title='bbox 340 1006 491 1059; x_wconf 86' lang='lat' dir='ltr'><strong>sent,</strong></span> <span class='ocrx_word' id='word_1_63' title='bbox 548 996 745 1051; x_wconf 85' lang='lat' dir='ltr'><strong>bibens</strong></span> <span class='ocrx_word' id='word_1_64' title='bbox 802 998 920 1066; x_wconf 65' lang='lat' dir='ltr'><strong>ipse</strong></span> <span class='ocrx_word' id='word_1_65' title='bbox 976 999 1287 1055; x_wconf 81' lang='lat' dir='ltr'><strong>inebriatus</strong></span> <span class='ocrx_word' id='word_1_66' title='bbox 1334 1009 1442 1065; x_wconf 82' lang='lat' dir='ltr'><strong>est,</strong></span> <span class='ocrx_word' id='word_1_67' title='bbox 1476 1002 1617 1055; x_wconf 81' lang='lat' dir='ltr'><strong>adeo</strong></span> <span class='ocrx_word' id='word_1_68' title='bbox 1666 1009 1727 1055; x_wconf 91' lang='lat' dir='ltr'><strong>ut</strong></span> <span class='ocrx_word' id='word_1_69' title='bbox 1778 1001 1923 1057; x_wconf 87' lang='lat' dir='ltr'><strong>inter</strong></span> 
     </span>
    </p>
   </div>
   <div class='ocr_carea' id='block_1_12' title="bbox 340 1087 1922 1164">
    <p class='ocr_par' dir='ltr' id='par_1_12' title="bbox 340 1087 1922 1164">
     <span class='ocr_line' id='line_1_12' title="bbox 340 1087 1922 1164; baseline 0.004 -22"><span class='ocrx_word' id='word_1_70' title='bbox 340 1087 802 1144; x_wconf 78' lang='lat' dir='ltr'><strong>obdormiendum</strong></span> <span class='ocrx_word' id='word_1_71' title='bbox 854 1099 1196 1160; x_wconf 87' lang='lat' dir='ltr'><strong>retegeretur</strong></span> <span class='ocrx_word' id='word_1_72' title='bbox 1223 1092 1516 1162; x_wconf 82' lang='lat' dir='ltr'><strong>turpitudo</strong></span> <span class='ocrx_word' id='word_1_73' title='bbox 1537 1092 1743 1163; x_wconf 86' lang='lat' dir='ltr'><strong>ipsius;</strong></span> <span class='ocrx_word' id='word_1_74' title='bbox 1772 1094 1922 1164; x_wconf 85' lang='lat' dir='ltr'><strong>quod</strong></span> 
     </span>
    </p>
   </div>
   <div class='ocr_carea' id='block_1_13' title="bbox 340 1181 1919 1248">
    <p class='ocr_par' dir='ltr' id='par_1_13' title="bbox 340 1181 1919 1248">
     <span class='ocr_line' id='line_1_13' title="bbox 340 1181 1919 1248; baseline 0.003 -15"><span class='ocrx_word' id='word_1_75' title='bbox 340 1181 540 1235; x_wconf 82' lang='lat' dir='ltr'><strong>videns</strong></span> <span class='ocrx_word' id='word_1_76' title='bbox 585 1181 813 1245; x_wconf 76' lang='lat' dir='ltr'><strong>Hamus.</strong></span> <span class='ocrx_word' id='word_1_77' title='bbox 858 1181 1004 1248; x_wconf 89' lang='lat' dir='ltr'><strong>risit,</strong></span> <span class='ocrx_word' id='word_1_78' title='bbox 1038 1196 1103 1239; x_wconf 88' lang='lat' dir='ltr'><strong>ac</strong></span> <span class='ocrx_word' id='word_1_79' title='bbox 1155 1183 1430 1240; x_wconf 84' lang='lat' dir='ltr'><strong>iratribus</strong></span> <span class='ocrx_word' id='word_1_80' title='bbox 1463 1184 1583 1240; x_wconf 79' lang='lat' dir='ltr'><strong>suis</strong></span> <span class='ocrx_word' id='word_1_81' title='bbox 1628 1184 1919 1241; x_wconf 77' lang='lat' dir='ltr'><strong>indicavit.</strong></span> 
     </span>
    </p>
   </div>
   <div class='ocr_carea' id='block_1_14' title="bbox 338 1273 1924 1349">
    <p class='ocr_par' dir='ltr' id='par_1_14' title="bbox 338 1273 1924 1349">
     <span class='ocr_line' id='line_1_14' title="bbox 338 1273 1924 1349; baseline 0.004 -22"><span class='ocrx_word' id='word_1_82' title='bbox 338 1273 637 1343; x_wconf 69' lang='lat' dir='ltr'><strong>Arceptam</strong></span> <span class='ocrx_word' id='word_1_83' title='bbox 684 1289 820 1345; x_wconf 86' lang='lat' dir='ltr'><strong>ergo</strong></span> <span class='ocrx_word' id='word_1_84' title='bbox 856 1284 1065 1330; x_wconf 84' lang='lat' dir='ltr'><strong>vestem</strong></span> <span class='ocrx_word' id='word_1_85' title='bbox 1121 1275 1248 1333; x_wconf 84' lang='lat' dir='ltr'><strong>Sem</strong></span> <span class='ocrx_word' id='word_1_86' title='bbox 1300 1283 1355 1332; x_wconf 91' lang='lat' dir='ltr'><strong>et</strong></span> <span class='ocrx_word' id='word_1_87' title='bbox 1392 1277 1593 1347; x_wconf 75' lang='lat' dir='ltr'><strong>Japhet</strong></span> <span class='ocrx_word' id='word_1_88' title='bbox 1645 1278 1750 1333; x_wconf 88' lang='lat' dir='ltr'><strong>sibi</strong></span> <span class='ocrx_word' id='word_1_89' title='bbox 1796 1279 1924 1349; x_wconf 84' lang='lat' dir='ltr'><strong>inji-</strong></span> 
     </span>
    </p>
   </div>
   <div class='ocr_carea' id='block_1_15' title="bbox 334 1367 1919 1442">
    <p class='ocr_par' dir='ltr' id='par_1_15' title="bbox 334 1367 1919 1442">
     <span class='ocr_line' id='line_1_15' title="bbox 334 1367 1919 1442; baseline 0.004 -21"><span class='ocrx_word' id='word_1_90' title='bbox 334 1368 576 1431; x_wconf 76' lang='lat' dir='ltr'><strong>cientes,</strong></span> <span class='ocrx_word' id='word_1_91' title='bbox 624 1367 923 1436; x_wconf 85' lang='lat' dir='ltr'><strong>aversique</strong></span> <span class='ocrx_word' id='word_1_92' title='bbox 966 1376 1189 1437; x_wconf 88' lang='lat' dir='ltr'><strong>euntes,</strong></span> <span class='ocrx_word' id='word_1_93' title='bbox 1238 1383 1308 1425; x_wconf 91' lang='lat' dir='ltr'><strong>ne</strong></span> <span class='ocrx_word' id='word_1_94' title='bbox 1335 1371 1601 1440; x_wconf 79' lang='lat' dir='ltr'><strong>pudorem</strong></span> <span class='ocrx_word' id='word_1_95' title='bbox 1631 1372 1805 1442; x_wconf 89' lang='lat' dir='ltr'><strong>patris</strong></span> <span class='ocrx_word' id='word_1_96' title='bbox 1836 1373 1919 1428; x_wconf 88' lang='lat' dir='ltr'><strong>sui</strong></span> 
     </span>
    </p>
   </div>
   <div class='ocr_carea' id='block_1_16' title="bbox 338 1461 1917 1535">
    <p class='ocr_par' dir='ltr' id='par_1_16' title="bbox 338 1461 1917 1535">
     <span class='ocr_line' id='line_1_16' title="bbox 338 1461 1917 1535; baseline 0.003 -21"><span class='ocrx_word' id='word_1_97' title='bbox 338 1461 755 1530; x_wconf 78' lang='lat' dir='ltr'><strong>conspicerent,</strong></span> <span class='ocrx_word' id='word_1_98' title='bbox 805 1462 987 1531; x_wconf 85' lang='lat' dir='ltr'><strong>patris</strong></span> <span class='ocrx_word' id='word_1_99' title='bbox 1025 1462 1290 1532; x_wconf 81' lang='lat' dir='ltr'><strong>pudorem</strong></span> <span class='ocrx_word' id='word_1_100' title='bbox 1321 1463 1671 1520; x_wconf 72' lang='lat' dir='ltr'><strong>abluerent.</strong></span> <span class='ocrx_word' id='word_1_101' title='bbox 1711 1463 1917 1535; x_wconf 78' lang='lat' dir='ltr'><strong>Exper-</strong></span> 
     </span>
    </p>
   </div>
   <div class='ocr_carea' id='block_1_17' title="bbox 342 1552 1917 1629">
    <p class='ocr_par' dir='ltr' id='par_1_17' title="bbox 342 1552 1917 1629">
     <span class='ocr_line' id='line_1_17' title="bbox 342 1552 1917 1629; baseline 0.003 -20"><span class='ocrx_word' id='word_1_102' title='bbox 342 1565 533 1610; x_wconf 82' lang='lat' dir='ltr'><strong>rectus</strong></span> <span class='ocrx_word' id='word_1_103' title='bbox 580 1563 765 1609; x_wconf 79' lang='lat' dir='ltr'><strong>autem</strong></span> <span class='ocrx_word' id='word_1_104' title='bbox 814 1568 848 1609; x_wconf 87' lang='lat' dir='ltr'><strong>e</strong></span> <span class='ocrx_word' id='word_1_105' title='bbox 880 1568 1079 1609; x_wconf 80' lang='lat' dir='ltr'><strong>somno</strong></span> <span class='ocrx_word' id='word_1_106' title='bbox 1129 1568 1235 1609; x_wconf 86' lang='lat' dir='ltr'><strong>suo</strong></span> <span class='ocrx_word' id='word_1_107' title='bbox 1282 1552 1459 1620; x_wconf 80' lang='lat' dir='ltr'><strong>Noah,</strong></span> <span class='ocrx_word' id='word_1_108' title='bbox 1504 1569 1766 1621; x_wconf 73' lang='lat' dir='ltr'><strong>narrante</strong></span> <span class='ocrx_word' id='word_1_109' title='bbox 1813 1557 1917 1629; x_wconf 89' lang='lat' dir='ltr'><strong>ipsi</strong></span> 
     </span>
    </p>
   </div>
   <div class='ocr_carea' id='block_1_18' title="bbox 2026 436 3598 513">
    <p class='ocr_par' dir='ltr' id='par_1_18' title="bbox 2026 436 3598 513">
     <span class='ocr_line' id='line_1_18' title="bbox 2026 436 3598 513; baseline -0.002 -18"><span class='ocrx_word' id='word_1_110' title='bbox 2026 442 2200 513; x_wconf 88' lang='lat' dir='ltr'><strong>ginta.</strong></span> <span class='ocrx_word' id='word_1_111' title='bbox 2262 439 2536 496; x_wconf 74' lang='lat' dir='ltr'><strong>Slialecho</strong></span> <span class='ocrx_word' id='word_1_112' title='bbox 2591 448 2714 510; x_wconf 88' lang='lat' dir='ltr'><strong>post</strong></span> <span class='ocrx_word' id='word_1_113' title='bbox 2767 453 2944 497; x_wconf 87' lang='lat' dir='ltr'><strong>annos</strong></span> <span class='ocrx_word' id='word_1_114' title='bbox 2991 447 3214 495; x_wconf 86' lang='lat' dir='ltr'><strong>centum</strong></span> <span class='ocrx_word' id='word_1_115' title='bbox 3268 447 3323 493; x_wconf 90' lang='lat' dir='ltr'><strong>ct</strong></span> <span class='ocrx_word' id='word_1_116' title='bbox 3374 436 3598 511; x_wconf 78' lang='lat' dir='ltr'><strong>triginta</strong></span> 
     </span>
    </p>
   </div>
   <div class='ocr_carea' id='block_1_19' title="bbox 2027 530 3599 607">
    <p class='ocr_par' dir='ltr' id='par_1_19' title="bbox 2027 530 3599 607">
     <span class='ocr_line' id='line_1_19' title="bbox 2027 530 3599 607; baseline -0.004 -17"><span class='ocrx_word' id='word_1_117' title='bbox 2027 545 2193 592; x_wconf 90' lang='lat' dir='ltr'><strong>natus</strong></span> <span class='ocrx_word' id='word_1_118' title='bbox 2249 545 2337 592; x_wconf 89' lang='lat' dir='ltr'><strong>cst</strong></span> <span class='ocrx_word' id='word_1_119' title='bbox 2396 535 2577 600; x_wconf 79' lang='lat' dir='ltr'><strong>Eber;</strong></span> <span class='ocrx_word' id='word_1_120' title='bbox 2633 543 2918 607; x_wconf 87' lang='lat' dir='ltr'><strong>totumque</strong></span> <span class='ocrx_word' id='word_1_121' title='bbox 2973 534 3119 603; x_wconf 84' lang='lat' dir='ltr'><strong>quod</strong></span> <span class='ocrx_word' id='word_1_122' title='bbox 3176 532 3314 587; x_wconf 89' lang='lat' dir='ltr'><strong>vixit</strong></span> <span class='ocrx_word' id='word_1_123' title='bbox 3364 530 3599 587; x_wconf 80' lang='lat' dir='ltr'><strong>Shaleclt</strong></span> 
     </span>
    </p>
   </div>
   <div class='ocr_carea' id='block_1_20' title="bbox 2025 622 3600 702">
    <p class='ocr_par' dir='ltr' id='par_1_20' title="bbox 2025 622 3600 702">
     <span class='ocr_line' id='line_1_20' title="bbox 2025 622 3600 702; baseline -0.007 -15"><span class='ocrx_word' id='word_1_124' title='bbox 2025 631 2413 702; x_wconf 76' lang='lat' dir='ltr'><strong>quadringenti</strong></span> <span class='ocrx_word' id='word_1_125' title='bbox 2443 642 2489 684; x_wconf 82' lang='lat' dir='ltr'><strong>et</strong></span> <span class='ocrx_word' id='word_1_126' title='bbox 2526 628 2837 700; x_wconf 82' lang='lat' dir='ltr'><strong>sexaginta,</strong></span> <span class='ocrx_word' id='word_1_127' title='bbox 2866 626 3010 685; x_wconf 81' lang='lat' dir='ltr'><strong>Eber</strong></span> <span class='ocrx_word' id='word_1_128' title='bbox 3032 635 3216 681; x_wconf 90' lang='lat' dir='ltr'><strong>autem</strong></span> <span class='ocrx_word' id='word_1_129' title='bbox 3248 622 3600 681; x_wconf 70' lang='lat' dir='ltr'><strong>Hebraeorum</strong></span> 
     </span>
    </p>
   </div>
   <div class='ocr_carea' id='block_1_21' title="bbox 2026 714 3601 795">
    <p class='ocr_par' dir='ltr' id='par_1_21' title="bbox 2026 714 3601 795">
     <span class='ocr_line' id='line_1_21' title="bbox 2026 714 3601 795; baseline -0.005 -17"><span class='ocrx_word' id='word_1_130' title='bbox 2026 734 2178 795; x_wconf 85' lang='lat' dir='ltr'><strong>pater</strong></span> <span class='ocrx_word' id='word_1_131' title='bbox 2207 731 2312 785; x_wconf 88' lang='lat' dir='ltr'><strong>est.</strong></span> <span class='ocrx_word' id='word_1_132' title='bbox 2346 739 2509 793; x_wconf 90' lang='lat' dir='ltr'><strong>quem</strong></span> <span class='ocrx_word' id='word_1_133' title='bbox 2545 720 2752 777; x_wconf 78' lang='lat' dir='ltr'><strong>Arabes</strong></span> <span class='ocrx_word' id='word_1_134' title='bbox 2783 719 2902 777; x_wconf 80' lang='lat' dir='ltr'><strong>llud</strong></span> <span class='ocrx_word' id='word_1_135' title='bbox 2932 720 3232 791; x_wconf 87' lang='lat' dir='ltr'><strong>appellant.</strong></span> <span class='ocrx_word' id='word_1_136' title='bbox 3268 714 3448 772; x_wconf 84' lang='lat' dir='ltr'><strong>Ebero</strong></span> <span class='ocrx_word' id='word_1_137' title='bbox 3478 726 3601 786; x_wconf 84' lang='lat' dir='ltr'><strong>post</strong></span> 
     </span>
    </p>
   </div>
   <div class='ocr_carea' id='block_1_22' title="bbox 2024 807 3598 886">
    <p class='ocr_par' dir='ltr' id='par_1_22' title="bbox 2024 807 3598 886">
     <span class='ocr_line' id='line_1_22' title="bbox 2024 807 3598 886; baseline -0.006 -13"><span class='ocrx_word' id='word_1_138' title='bbox 2024 831 2196 873; x_wconf 85' lang='lat' dir='ltr'><strong>annos</strong></span> <span class='ocrx_word' id='word_1_139' title='bbox 2236 825 2456 873; x_wconf 84' lang='lat' dir='ltr'><strong>centum</strong></span> <span class='ocrx_word' id='word_1_140' title='bbox 2506 817 2729 886; x_wconf 74' lang='lat' dir='ltr'><strong>triginta</strong></span> <span class='ocrx_word' id='word_1_141' title='bbox 2763 823 3000 883; x_wconf 84' lang='lat' dir='ltr'><strong>quatuor</strong></span> <span class='ocrx_word' id='word_1_142' title='bbox 3037 821 3196 868; x_wconf 87' lang='lat' dir='ltr'><strong>natus</strong></span> <span class='ocrx_word' id='word_1_143' title='bbox 3237 821 3320 865; x_wconf 78' lang='lat' dir='ltr'><strong>est</strong></span> <span class='ocrx_word' id='word_1_144' title='bbox 3355 807 3598 875; x_wconf 71' lang='lat' dir='ltr'><strong>Pbaieit;</strong></span> 
     </span>
    </p>
   </div>
   <div class='ocr_carea' id='block_1_23' title="bbox 2024 900 3598 980">
    <p class='ocr_par' dir='ltr' id='par_1_23' title="bbox 2024 900 3598 980">
     <span class='ocr_line' id='line_1_23' title="bbox 2024 900 3598 980; baseline -0.007 -14"><span class='ocrx_word' id='word_1_145' title='bbox 2024 914 2121 980; x_wconf 90' lang='lat' dir='ltr'><strong>qui</strong></span> <span class='ocrx_word' id='word_1_146' title='bbox 2156 912 2281 967; x_wconf 84' lang='lat' dir='ltr'><strong>ideo</strong></span> <span class='ocrx_word' id='word_1_147' title='bbox 2316 912 2423 965; x_wconf 84' lang='lat' dir='ltr'><strong>hoc</strong></span> <span class='ocrx_word' id='word_1_148' title='bbox 2473 909 2695 964; x_wconf 87' lang='lat' dir='ltr'><strong>nomine</strong></span> <span class='ocrx_word' id='word_1_149' title='bbox 2727 908 3038 978; x_wconf 87' lang='lat' dir='ltr'><strong>appellatus</strong></span> <span class='ocrx_word' id='word_1_150' title='bbox 3089 911 3175 960; x_wconf 87' lang='lat' dir='ltr'><strong>est</strong></span> <span class='ocrx_word' id='word_1_151' title='bbox 3223 901 3371 974; x_wconf 81' lang='lat' dir='ltr'><strong>quod</strong></span> <span class='ocrx_word' id='word_1_152' title='bbox 3420 900 3598 972; x_wconf 82' lang='lat' dir='ltr'><strong>ipsius</strong></span> 
     </span>
    </p>
   </div>
   <div class='ocr_carea' id='block_1_24' title="bbox 2025 1004 2862 1077">
    <p class='ocr_par' dir='ltr' id='par_1_24' title="bbox 2025 1004 2862 1077">
     <span class='ocr_line' id='line_1_24' title="bbox 2025 1004 2862 1077; baseline -0.01 -14"><span class='ocrx_word' id='word_1_153' title='bbox 2025 1014 2275 1077; x_wconf 85' lang='lat' dir='ltr'><strong>tempore</strong></span> <span class='ocrx_word' id='word_1_154' title='bbox 2302 1004 2478 1061; x_wconf 89' lang='lat' dir='ltr'><strong>divisa</strong></span> <span class='ocrx_word' id='word_1_155' title='bbox 2508 1013 2662 1060; x_wconf 85' lang='lat' dir='ltr'><strong>esset</strong></span> <span class='ocrx_word' id='word_1_156' title='bbox 2690 1012 2862 1058; x_wconf 88' lang='lat' dir='ltr'><strong>terra.</strong></span> 
     </span>
    </p>
   </div>
   <div class='ocr_carea' id='block_1_25' title="bbox 2095 1084 3599 1164">
    <p class='ocr_par' dir='ltr' id='par_1_25' title="bbox 2095 1084 3599 1164">
     <span class='ocr_line' id='line_1_25' title="bbox 2095 1084 3599 1164; baseline -0.007 -13"><span class='ocrx_word' id='word_1_157' title='bbox 2095 1084 2266 1151; x_wconf 75' lang='lat' dir='ltr'><strong>Porro</strong></span> <span class='ocrx_word' id='word_1_158' title='bbox 2294 1092 2495 1159; x_wconf 80' lang='lat' dir='ltr'><strong>Ebero,</strong></span> <span class='ocrx_word' id='word_1_159' title='bbox 2542 1102 2665 1164; x_wconf 85' lang='lat' dir='ltr'><strong>post</strong></span> <span class='ocrx_word' id='word_1_160' title='bbox 2697 1091 3021 1155; x_wconf 76' lang='lat' dir='ltr'><strong>Pbalekum,</strong></span> <span class='ocrx_word' id='word_1_161' title='bbox 3056 1095 3217 1145; x_wconf 90' lang='lat' dir='ltr'><strong>natus</strong></span> <span class='ocrx_word' id='word_1_162' title='bbox 3245 1095 3334 1144; x_wconf 83' lang='lat' dir='ltr'><strong>est</strong></span> <span class='ocrx_word' id='word_1_163' title='bbox 3359 1084 3599 1153; x_wconf 76' lang='lat' dir='ltr'><strong>Kahtan,</strong></span> 
     </span>
    </p>
   </div>
   <div class='ocr_carea' id='block_1_26' title="bbox 2021 1180 3599 1261">
    <p class='ocr_par' dir='ltr' id='par_1_26' title="bbox 2021 1180 3599 1261">
     <span class='ocr_line' id='line_1_26' title="bbox 2021 1180 3599 1261; baseline -0.004 -18"><span class='ocrx_word' id='word_1_164' title='bbox 2021 1190 2116 1261; x_wconf 87' lang='lat' dir='ltr'><strong>qui</strong></span> <span class='ocrx_word' id='word_1_165' title='bbox 2163 1190 2402 1247; x_wconf 73' lang='lat' dir='ltr'><strong>Arabum</strong></span> <span class='ocrx_word' id='word_1_166' title='bbox 2445 1196 2617 1259; x_wconf 78' lang='lat' dir='ltr'><strong>pater.</strong></span> <span class='ocrx_word' id='word_1_167' title='bbox 2653 1186 2784 1256; x_wconf 83' lang='lat' dir='ltr'><strong>Ejus</strong></span> <span class='ocrx_word' id='word_1_168' title='bbox 2817 1197 3060 1256; x_wconf 89' lang='lat' dir='ltr'><strong>tempore</strong></span> <span class='ocrx_word' id='word_1_169' title='bbox 3088 1185 3335 1253; x_wconf 84' lang='lat' dir='ltr'><strong>cujusvis</strong></span> <span class='ocrx_word' id='word_1_170' title='bbox 3366 1182 3449 1237; x_wconf 84' lang='lat' dir='ltr'><strong>vel</strong></span> <span class='ocrx_word' id='word_1_171' title='bbox 3485 1180 3599 1238; x_wconf 77' lang='lat' dir='ltr'><strong>for-</strong></span> 
     </span>
    </p>
   </div>
   <div class='ocr_carea' id='block_1_27' title="bbox 2023 1275 3597 1349">
    <p class='ocr_par' dir='ltr' id='par_1_27' title="bbox 2023 1275 3597 1349">
     <span class='ocr_line' id='line_1_27' title="bbox 2023 1275 3597 1349; baseline -0.004 -11"><span class='ocrx_word' id='word_1_172' title='bbox 2023 1282 2281 1344; x_wconf 88' lang='lat' dir='ltr'><strong>titndine,</strong></span> <span class='ocrx_word' id='word_1_173' title='bbox 2325 1280 2410 1336; x_wconf 89' lang='lat' dir='ltr'><strong>vel</strong></span> <span class='ocrx_word' id='word_1_174' title='bbox 2456 1281 2647 1335; x_wconf 73' lang='lat' dir='ltr'><strong>forma:</strong></span> <span class='ocrx_word' id='word_1_175' title='bbox 2688 1279 3001 1349; x_wconf 75' lang='lat' dir='ltr'><strong>praestantia</strong></span> <span class='ocrx_word' id='word_1_176' title='bbox 3037 1276 3292 1345; x_wconf 81' lang='lat' dir='ltr'><strong>insignis,</strong></span> <span class='ocrx_word' id='word_1_177' title='bbox 3340 1275 3429 1330; x_wconf 82' lang='lat' dir='ltr'><strong>vel</strong></span> <span class='ocrx_word' id='word_1_178' title='bbox 3460 1290 3597 1332; x_wconf 78' lang='lat' dir='ltr'><strong>con-</strong></span> 
     </span>
    </p>
   </div>
   <div class='ocr_carea' id='block_1_28' title="bbox 2023 1366 3599 1445">
    <p class='ocr_par' dir='ltr' id='par_1_28' title="bbox 2023 1366 3599 1445">
     <span class='ocr_line' id='line_1_28' title="bbox 2023 1366 3599 1445; baseline -0.008 -13"><span class='ocrx_word' id='word_1_179' title='bbox 2023 1374 2151 1432; x_wconf 85' lang='lat' dir='ltr'><strong>siiio</strong></span> <span class='ocrx_word' id='word_1_180' title='bbox 2181 1373 2515 1445; x_wconf 70' lang='lat' dir='ltr'><strong>pmsuntis,</strong></span> <span class='ocrx_word' id='word_1_181' title='bbox 2558 1372 2638 1427; x_wconf 84' lang='lat' dir='ltr'><strong>vel</strong></span> <span class='ocrx_word' id='word_1_182' title='bbox 2670 1369 2813 1425; x_wconf 78' lang='lat' dir='ltr'><strong>fama</strong></span> <span class='ocrx_word' id='word_1_183' title='bbox 2847 1369 3074 1424; x_wconf 83' lang='lat' dir='ltr'><strong>illustris</strong></span> <span class='ocrx_word' id='word_1_184' title='bbox 3114 1368 3407 1439; x_wconf 78' lang='lat' dir='ltr'><strong>imaginem</strong></span> <span class='ocrx_word' id='word_1_185' title='bbox 3442 1366 3599 1436; x_wconf 81' lang='lat' dir='ltr'><strong>depi-</strong></span> 
     </span>
    </p>
   </div>
   <div class='ocr_carea' id='block_1_29' title="bbox 2021 1457 3600 1533">
    <p class='ocr_par' dir='ltr' id='par_1_29' title="bbox 2021 1457 3600 1533">
     <span class='ocr_line' id='line_1_29' title="bbox 2021 1457 3600 1533; baseline -0.005 -12"><span class='ocrx_word' id='word_1_186' title='bbox 2021 1474 2166 1521; x_wconf 88' lang='lat' dir='ltr'><strong>ctam</strong></span> <span class='ocrx_word' id='word_1_187' title='bbox 2194 1464 2448 1520; x_wconf 89' lang='lat' dir='ltr'><strong>colebant</strong></span> <span class='ocrx_word' id='word_1_188' title='bbox 2475 1463 2751 1517; x_wconf 90' lang='lat' dir='ltr'><strong>homines.</strong></span> <span class='ocrx_word' id='word_1_189' title='bbox 2782 1462 2960 1517; x_wconf 80' lang='lat' dir='ltr'><strong>Causa</strong></span> <span class='ocrx_word' id='word_1_190' title='bbox 3008 1461 3155 1515; x_wconf 85' lang='lat' dir='ltr'><strong>enim</strong></span> <span class='ocrx_word' id='word_1_191' title='bbox 3189 1459 3375 1515; x_wconf 89' lang='lat' dir='ltr'><strong>cultus</strong></span> <span class='ocrx_word' id='word_1_192' title='bbox 3406 1457 3600 1533; x_wconf 68' lang='lat' dir='ltr'><strong>imagio</strong></span> 
     </span>
    </p>
   </div>
   <div class='ocr_carea' id='block_1_30' title="bbox 2020 1553 3600 1626">
    <p class='ocr_par' dir='ltr' id='par_1_30' title="bbox 2020 1553 3600 1626">
     <span class='ocr_line' id='line_1_30' title="bbox 2020 1553 3600 1626; baseline -0.004 -14"><span class='ocrx_word' id='word_1_193' title='bbox 2020 1554 2183 1612; x_wconf 83' lang='lat' dir='ltr'><strong>nibus</strong></span> <span class='ocrx_word' id='word_1_194' title='bbox 2213 1555 2443 1626; x_wconf 70' lang='lat' dir='ltr'><strong>pmstiti</strong></span> <span class='ocrx_word' id='word_1_195' title='bbox 2472 1554 2588 1610; x_wconf 82' lang='lat' dir='ltr'><strong>haec</strong></span> <span class='ocrx_word' id='word_1_196' title='bbox 2620 1554 2742 1615; x_wconf 86' lang='lat' dir='ltr'><strong>iuit,</strong></span> <span class='ocrx_word' id='word_1_197' title='bbox 2774 1554 2916 1623; x_wconf 80' lang='lat' dir='ltr'><strong>quod</strong></span> <span class='ocrx_word' id='word_1_198' title='bbox 2948 1553 3079 1607; x_wconf 87' lang='lat' dir='ltr'><strong>olim</strong></span> <span class='ocrx_word' id='word_1_199' title='bbox 3110 1568 3233 1606; x_wconf 87' lang='lat' dir='ltr'><strong>cum</strong></span> <span class='ocrx_word' id='word_1_200' title='bbox 3286 1559 3600 1607; x_wconf 83' lang='lat' dir='ltr'><strong>moreretur</strong></span> 
     </span>
    </p>
   </div>
   <div class='ocr_carea' id='block_1_31' title="bbox 345 1642 3602 1745">
    <p class='ocr_par' dir='ltr' id='par_1_31' title="bbox 345 1642 3602 1745">
     <span class='ocr_line' id='line_1_31' title="bbox 345 1642 3602 1745; baseline 0 -46"><span class='ocrx_word' id='word_1_201' title='bbox 345 1646 481 1745; x_wconf 74' lang='lat' dir='ltr'><strong>quid</strong></span> <span class='ocrx_word' id='word_1_202' title='bbox 524 1654 743 1745; x_wconf 77' lang='lat' dir='ltr'><strong>gestum</strong></span> <span class='ocrx_word' id='word_1_203' title='bbox 780 1645 981 1745; x_wconf 65' lang='lat' dir='ltr'><strong>fuerat,</strong></span> <span class='ocrx_word' id='word_1_204' title='bbox 1030 1662 1224 1712; x_wconf 80' lang='lat' dir='ltr'><strong>uxore,</strong></span> <span class='ocrx_word' id='word_1_205' title='bbox 1257 1650 1434 1703; x_wconf 79' lang='lat' dir='ltr'><strong>Hamo</strong></span> <span class='ocrx_word' id='word_1_206' title='bbox 1460 1662 1567 1706; x_wconf 85' lang='lat' dir='ltr'><strong>suo</strong></span> <span class='ocrx_word' id='word_1_207' title='bbox 1599 1649 1714 1705; x_wconf 88' lang='lat' dir='ltr'><strong>tilio</strong></span> <span class='ocrx_word' id='word_1_208' title='bbox 1742 1650 1919 1708; x_wconf 89' lang='lat' dir='ltr'><strong>iratus</strong></span> <span class='ocrx_word' id='word_1_209' title='bbox 1948 1689 1994 1745; x_wconf 66' lang='grc' dir='ltr'><strong><em>Β</em></strong></span> <span class='ocrx_word' id='word_1_210' title='bbox 2019 1660 2086 1707; x_wconf 81' lang='lat' dir='ltr'><strong>es</strong></span> <span class='ocrx_word' id='word_1_211' title='bbox 2128 1648 2262 1719; x_wconf 74' lang='lat' dir='ltr'><strong>ipsis</strong></span> <span class='ocrx_word' id='word_1_212' title='bbox 2292 1648 2381 1706; x_wconf 89' lang='lat' dir='ltr'><strong>vir</strong></span> <span class='ocrx_word' id='word_1_213' title='bbox 2414 1647 2614 1720; x_wconf 88' lang='lat' dir='ltr'><strong>aliquis</strong></span> <span class='ocrx_word' id='word_1_214' title='bbox 2645 1645 2939 1719; x_wconf 79' lang='lat' dir='ltr'><strong>prudentia</strong></span> <span class='ocrx_word' id='word_1_215' title='bbox 2970 1655 3024 1700; x_wconf 90' lang='lat' dir='ltr'><strong>et</strong></span> <span class='ocrx_word' id='word_1_216' title='bbox 3050 1645 3287 1701; x_wconf 84' lang='lat' dir='ltr'><strong>consilio</strong></span> <span class='ocrx_word' id='word_1_217' title='bbox 3333 1643 3453 1704; x_wconf 92' lang='lat' dir='ltr'><strong>sive</strong></span> <span class='ocrx_word' id='word_1_218' title='bbox 3488 1642 3602 1699; x_wconf 82' lang='lat' dir='ltr'><strong>ior-</strong></span> 
     </span>
    </p>
   </div>
   <div class='ocr_carea' id='block_1_32' title="bbox 337 1737 1919 1808">
    <p class='ocr_par' dir='ltr' id='par_1_32' title="bbox 337 1737 1919 1808">
     <span class='ocr_line' id='line_1_32' title="bbox 337 1737 1919 1808; baseline 0.004 -16"><span class='ocrx_word' id='word_1_219' title='bbox 337 1737 643 1802; x_wconf 78' lang='lat' dir='ltr'><strong>msledixit,</strong></span> <span class='ocrx_word' id='word_1_220' title='bbox 675 1737 1255 1796; x_wconf 73' lang='lat' dir='ltr'><strong>dicenszlialedictus</strong></span> <span class='ocrx_word' id='word_1_221' title='bbox 1306 1738 1379 1795; x_wconf 86' lang='lat' dir='ltr'><strong>sit</strong></span> <span class='ocrx_word' id='word_1_222' title='bbox 1426 1740 1590 1808; x_wconf 80' lang='lat' dir='ltr'><strong>llam,</strong></span> <span class='ocrx_word' id='word_1_223' title='bbox 1616 1751 1671 1798; x_wconf 86' lang='lat' dir='ltr'><strong>et</strong></span> <span class='ocrx_word' id='word_1_224' title='bbox 1721 1757 1919 1800; x_wconf 83' lang='lat' dir='ltr'><strong>servus</strong></span> 
     </span>
    </p>
   </div>
   <div class='ocr_carea' id='block_1_33' title="bbox 342 1828 1914 1901">
    <p class='ocr_par' dir='ltr' id='par_1_33' title="bbox 342 1828 1914 1901">
     <span class='ocr_line' id='line_1_33' title="bbox 342 1828 1914 1901; baseline 0.006 -20"><span class='ocrx_word' id='word_1_225' title='bbox 342 1828 612 1885; x_wconf 81' lang='lat' dir='ltr'><strong>iratribus</strong></span> <span class='ocrx_word' id='word_1_226' title='bbox 654 1830 791 1886; x_wconf 86' lang='lat' dir='ltr'><strong>suis.</strong></span> <span class='ocrx_word' id='word_1_227' title='bbox 829 1832 963 1887; x_wconf 85' lang='lat' dir='ltr'><strong>Post</strong></span> <span class='ocrx_word' id='word_1_228' title='bbox 996 1833 1133 1897; x_wconf 63' lang='lat' dir='ltr'><strong>hunc,</strong></span> <span class='ocrx_word' id='word_1_229' title='bbox 1162 1846 1289 1887; x_wconf 91' lang='lat' dir='ltr'><strong>cum</strong></span> <span class='ocrx_word' id='word_1_230' title='bbox 1315 1834 1615 1901; x_wconf 76' lang='lat' dir='ltr'><strong>accepisset</strong></span> <span class='ocrx_word' id='word_1_231' title='bbox 1644 1835 1748 1891; x_wconf 91' lang='lat' dir='ltr'><strong>sibi</strong></span> <span class='ocrx_word' id='word_1_232' title='bbox 1779 1831 1914 1891; x_wconf 69' lang='lat' dir='ltr'><strong>[iam</strong></span> 
     </span>
    </p>
   </div>
   <div class='ocr_carea' id='block_1_34' title="bbox 335 1922 1920 1997">
    <p class='ocr_par' dir='ltr' id='par_1_34' title="bbox 335 1922 1920 1997">
     <span class='ocr_line' id='line_1_34' title="bbox 335 1922 1920 1997; baseline 0.005 -21"><span class='ocrx_word' id='word_1_233' title='bbox 335 1925 528 1977; x_wconf 78' lang='lat' dir='ltr'><strong>omnia</strong></span> <span class='ocrx_word' id='word_1_234' title='bbox 577 1922 946 1977; x_wconf 80' lang='lat' dir='ltr'><strong>instrumenta</strong></span> <span class='ocrx_word' id='word_1_235' title='bbox 996 1922 1234 1988; x_wconf 87' lang='lat' dir='ltr'><strong>ludicra,</strong></span> <span class='ocrx_word' id='word_1_236' title='bbox 1282 1925 1385 1981; x_wconf 84' lang='lat' dir='ltr'><strong>hac</strong></span> <span class='ocrx_word' id='word_1_237' title='bbox 1434 1928 1601 1981; x_wconf 90' lang='lat' dir='ltr'><strong>etiam</strong></span> <span class='ocrx_word' id='word_1_238' title='bbox 1651 1939 1715 1983; x_wconf 86' lang='lat' dir='ltr'><strong>ex</strong></span> <span class='ocrx_word' id='word_1_239' title='bbox 1761 1935 1920 1997; x_wconf 84' lang='lat' dir='ltr'><strong>parte</strong></span> 
     </span>
    </p>
   </div>
   <div class='ocr_carea' id='block_1_35' title="bbox 340 2015 1917 2089">
    <p class='ocr_par' dir='ltr' id='par_1_35' title="bbox 340 2015 1917 2089">
     <span class='ocr_line' id='line_1_35' title="bbox 340 2015 1917 2089; baseline 0.006 -19"><span class='ocrx_word' id='word_1_240' title='bbox 340 2015 696 2070; x_wconf 77' lang='lat' dir='ltr'><strong>maledictum</strong></span> <span class='ocrx_word' id='word_1_241' title='bbox 723 2025 810 2072; x_wconf 90' lang='lat' dir='ltr'><strong>est</strong></span> <span class='ocrx_word' id='word_1_242' title='bbox 838 2016 967 2087; x_wconf 83' lang='lat' dir='ltr'><strong>ipsi,</strong></span> <span class='ocrx_word' id='word_1_243' title='bbox 996 2017 1289 2089; x_wconf 79' lang='lat' dir='ltr'><strong>tactusque</strong></span> <span class='ocrx_word' id='word_1_244' title='bbox 1312 2028 1399 2076; x_wconf 85' lang='lat' dir='ltr'><strong>est</strong></span> <span class='ocrx_word' id='word_1_245' title='bbox 1428 2034 1624 2077; x_wconf 84' lang='lat' dir='ltr'><strong>servus</strong></span> <span class='ocrx_word' id='word_1_246' title='bbox 1653 2018 1917 2079; x_wconf 74' lang='lat' dir='ltr'><strong>fratribus</strong></span> 
     </span>
    </p>
   </div>
   <div class='ocr_carea' id='block_1_36' title="bbox 341 2108 1916 2183">
    <p class='ocr_par' dir='ltr' id='par_1_36' title="bbox 341 2108 1916 2183">
     <span class='ocr_line' id='line_1_36' title="bbox 341 2108 1916 2183; baseline 0.004 -21"><span class='ocrx_word' id='word_1_247' title='bbox 341 2108 499 2171; x_wconf 89' lang='lat' dir='ltr'><strong>suis;</strong></span> <span class='ocrx_word' id='word_1_248' title='bbox 564 2109 682 2176; x_wconf 85' lang='lat' dir='ltr'><strong>ipse</strong></span> <span class='ocrx_word' id='word_1_249' title='bbox 736 2110 953 2163; x_wconf 77' lang='lat' dir='ltr'><strong>scilicet</strong></span> <span class='ocrx_word' id='word_1_250' title='bbox 1003 2122 1070 2164; x_wconf 87' lang='lat' dir='ltr'><strong>ac</strong></span> <span class='ocrx_word' id='word_1_251' title='bbox 1126 2110 1332 2180; x_wconf 79' lang='lat' dir='ltr'><strong>posteri</strong></span> <span class='ocrx_word' id='word_1_252' title='bbox 1385 2110 1584 2181; x_wconf 83' lang='lat' dir='ltr'><strong>ipsius,</strong></span> <span class='ocrx_word' id='word_1_253' title='bbox 1635 2111 1731 2183; x_wconf 87' lang='lat' dir='ltr'><strong>qui</strong></span> <span class='ocrx_word' id='word_1_254' title='bbox 1785 2121 1916 2168; x_wconf 91' lang='lat' dir='ltr'><strong>sunt</strong></span> 
     </span>
    </p>
   </div>
   <div class='ocr_carea' id='block_1_37' title="bbox 338 2197 1917 2273">
    <p class='ocr_par' dir='ltr' id='par_1_37' title="bbox 338 2197 1917 2273">
     <span class='ocr_line' id='line_1_37' title="bbox 338 2197 1917 2273; baseline 0.006 -22"><span class='ocrx_word' id='word_1_255' title='bbox 338 2198 608 2270; x_wconf 58' lang='lat' dir='ltr'><strong>Egypt“,</strong></span> <span class='ocrx_word' id='word_1_256' title='bbox 661 2197 907 2271; x_wconf 74' lang='lat' dir='ltr'><strong>Nigritte,</strong></span> <span class='ocrx_word' id='word_1_257' title='bbox 938 2197 1253 2272; x_wconf 62' lang='lat' dir='ltr'><strong>Ethiopes,</strong></span> <span class='ocrx_word' id='word_1_258' title='bbox 1280 2212 1337 2257; x_wconf 89' lang='lat' dir='ltr'><strong>et</strong></span> <span class='ocrx_word' id='word_1_259' title='bbox 1381 2205 1478 2273; x_wconf 79' lang='lat' dir='ltr'><strong>(ut</strong></span> <span class='ocrx_word' id='word_1_260' title='bbox 1511 2202 1749 2272; x_wconf 83' lang='lat' dir='ltr'><strong>dicitur)</strong></span> <span class='ocrx_word' id='word_1_261' title='bbox 1782 2204 1917 2260; x_wconf 82' lang='lat' dir='ltr'><strong>itar-</strong></span> 
     </span>
    </p>
   </div>
   <div class='ocr_carea' id='block_1_38' title="bbox 336 2287 1917 2361">
    <p class='ocr_par' dir='ltr' id='par_1_38' title="bbox 336 2287 1917 2361">
     <span class='ocr_line' id='line_1_38' title="bbox 336 2287 1917 2361; baseline 0.006 -18"><span class='ocrx_word' id='word_1_262' title='bbox 336 2287 483 2343; x_wconf 85' lang='lat' dir='ltr'><strong>bari.</strong></span> <span class='ocrx_word' id='word_1_263' title='bbox 525 2289 749 2345; x_wconf 87' lang='lat' dir='ltr'><strong>Duobus</strong></span> <span class='ocrx_word' id='word_1_264' title='bbox 806 2301 993 2345; x_wconf 84' lang='lat' dir='ltr'><strong>autem</strong></span> <span class='ocrx_word' id='word_1_265' title='bbox 1040 2300 1167 2361; x_wconf 89' lang='lat' dir='ltr'><strong>post</strong></span> <span class='ocrx_word' id='word_1_266' title='bbox 1215 2292 1489 2348; x_wconf 83' lang='lat' dir='ltr'><strong>diluvium</strong></span> <span class='ocrx_word' id='word_1_267' title='bbox 1540 2295 1703 2350; x_wconf 82' lang='lat' dir='ltr'><strong>annis</strong></span> <span class='ocrx_word' id='word_1_268' title='bbox 1752 2305 1917 2352; x_wconf 88' lang='lat' dir='ltr'><strong>natus</strong></span> 
     </span>
    </p>
   </div>
   <div class='ocr_carea' id='block_1_39' title="bbox 337 2379 1919 2455">
    <p class='ocr_par' dir='ltr' id='par_1_39' title="bbox 337 2379 1919 2455">
     <span class='ocr_line' id='line_1_39' title="bbox 337 2379 1919 2455; baseline 0.005 -18"><span class='ocrx_word' id='word_1_269' title='bbox 337 2390 428 2437; x_wconf 85' lang='lat' dir='ltr'><strong>est</strong></span> <span class='ocrx_word' id='word_1_270' title='bbox 450 2379 616 2437; x_wconf 82' lang='lat' dir='ltr'><strong>Semo</strong></span> <span class='ocrx_word' id='word_1_271' title='bbox 660 2381 1081 2449; x_wconf 75' lang='lat' dir='ltr'><strong>Arpbacltshad,</strong></span> <span class='ocrx_word' id='word_1_272' title='bbox 1111 2382 1278 2441; x_wconf 85' lang='lat' dir='ltr'><strong>Semo</strong></span> <span class='ocrx_word' id='word_1_273' title='bbox 1306 2386 1422 2455; x_wconf 71' lang='lat' dir='ltr'><strong>iam</strong></span> <span class='ocrx_word' id='word_1_274' title='bbox 1442 2394 1663 2441; x_wconf 82' lang='lat' dir='ltr'><strong>centum</strong></span> <span class='ocrx_word' id='word_1_275' title='bbox 1695 2395 1751 2442; x_wconf 90' lang='lat' dir='ltr'><strong>et</strong></span> <span class='ocrx_word' id='word_1_276' title='bbox 1778 2386 1919 2445; x_wconf 90' lang='lat' dir='ltr'><strong>duos</strong></span> 
     </span>
    </p>
   </div>
   <div class='ocr_carea' id='block_1_40' title="bbox 334 2471 1916 2549">
    <p class='ocr_par' dir='ltr' id='par_1_40' title="bbox 334 2471 1916 2549">
     <span class='ocr_line' id='line_1_40' title="bbox 334 2471 1916 2549; baseline 0.004 -20"><span class='ocrx_word' id='word_1_277' title='bbox 334 2487 520 2529; x_wconf 82' lang='lat' dir='ltr'><strong>annos</strong></span> <span class='ocrx_word' id='word_1_278' title='bbox 560 2483 717 2531; x_wconf 86' lang='lat' dir='ltr'><strong>nato.</strong></span> <span class='ocrx_word' id='word_1_279' title='bbox 752 2471 1009 2544; x_wconf 82' lang='lat' dir='ltr'><strong>Visitqse</strong></span> <span class='ocrx_word' id='word_1_280' title='bbox 1032 2474 1189 2531; x_wconf 79' lang='lat' dir='ltr'><strong>Noah</strong></span> <span class='ocrx_word' id='word_1_281' title='bbox 1220 2474 1331 2549; x_wconf 60' lang='grc' dir='ltr'><strong>ω</strong></span> <span class='ocrx_word' id='word_1_282' title='bbox 1359 2487 1483 2549; x_wconf 87' lang='lat' dir='ltr'><strong>post</strong></span> <span class='ocrx_word' id='word_1_283' title='bbox 1520 2475 1786 2534; x_wconf 86' lang='lat' dir='ltr'><strong>diluvium</strong></span> <span class='ocrx_word' id='word_1_284' title='bbox 1814 2493 1916 2534; x_wconf 84' lang='lat' dir='ltr'><strong>an-</strong></span> 
     </span>
    </p>
   </div>
   <div class='ocr_carea' id='block_1_41' title="bbox 334 2567 1333 2639">
    <p class='ocr_par' dir='ltr' id='par_1_41' title="bbox 334 2567 1333 2639">
     <span class='ocr_line' id='line_1_41' title="bbox 334 2567 1333 2639; baseline 0.002 -18"><span class='ocrx_word' id='word_1_285' title='bbox 334 2579 441 2621; x_wconf 81' lang='lat' dir='ltr'><strong>nos</strong></span> <span class='ocrx_word' id='word_1_286' title='bbox 484 2575 791 2623; x_wconf 81' lang='lat' dir='ltr'><strong>tercentum</strong></span> <span class='ocrx_word' id='word_1_287' title='bbox 825 2580 879 2623; x_wconf 88' lang='lat' dir='ltr'><strong>et</strong></span> <span class='ocrx_word' id='word_1_288' title='bbox 913 2567 1333 2639; x_wconf 86' lang='lat' dir='ltr'><strong>quinquaginta.</strong></span> 
     </span>
    </p>
   </div>
   <div class='ocr_carea' id='block_1_42' title="bbox 409 2656 1918 2731">
    <p class='ocr_par' dir='ltr' id='par_1_42' title="bbox 409 2656 1918 2731">
     <span class='ocr_line' id='line_1_42' title="bbox 409 2656 1918 2731; baseline 0.005 -19"><span class='ocrx_word' id='word_1_289' title='bbox 409 2656 569 2712; x_wconf 75' lang='lat' dir='ltr'><strong>Itoni</strong></span> <span class='ocrx_word' id='word_1_290' title='bbox 596 2669 780 2713; x_wconf 85' lang='lat' dir='ltr'><strong>autem</strong></span> <span class='ocrx_word' id='word_1_291' title='bbox 816 2658 928 2729; x_wconf 69' lang='lat' dir='ltr'><strong>iam</strong></span> <span class='ocrx_word' id='word_1_292' title='bbox 964 2660 1176 2715; x_wconf 84' lang='lat' dir='ltr'><strong>vicinus</strong></span> <span class='ocrx_word' id='word_1_293' title='bbox 1203 2661 1463 2731; x_wconf 65' lang='lat' dir='ltr'><strong>pracepit</strong></span> <span class='ocrx_word' id='word_1_294' title='bbox 1485 2659 1634 2718; x_wconf 78' lang='lat' dir='ltr'><strong>Noah</strong></span> <span class='ocrx_word' id='word_1_295' title='bbox 1660 2660 1827 2719; x_wconf 86' lang='lat' dir='ltr'><strong>Semo</strong></span> <span class='ocrx_word' id='word_1_296' title='bbox 1856 2664 1918 2719; x_wconf 84' lang='lat' dir='ltr'><strong>li-</strong></span> 
     </span>
    </p>
   </div>
   <div class='ocr_carea' id='block_1_43' title="bbox 334 2751 1919 2825">
    <p class='ocr_par' dir='ltr' id='par_1_43' title="bbox 334 2751 1919 2825">
     <span class='ocr_line' id='line_1_43' title="bbox 334 2751 1919 2825; baseline 0.007 -21"><span class='ocrx_word' id='word_1_297' title='bbox 334 2751 415 2805; x_wconf 86' lang='lat' dir='ltr'><strong>lio</strong></span> <span class='ocrx_word' id='word_1_298' title='bbox 438 2765 559 2811; x_wconf 79' lang='lat' dir='ltr'><strong>suo,</strong></span> <span class='ocrx_word' id='word_1_299' title='bbox 583 2752 725 2805; x_wconf 88' lang='lat' dir='ltr'><strong>ciam</strong></span> <span class='ocrx_word' id='word_1_300' title='bbox 763 2752 871 2823; x_wconf 87' lang='lat' dir='ltr'><strong>ipsi</strong></span> <span class='ocrx_word' id='word_1_301' title='bbox 911 2753 1269 2809; x_wconf 72' lang='lat' dir='ltr'><strong>dicenszli&#39;ac</strong></span> <span class='ocrx_word' id='word_1_302' title='bbox 1293 2763 1354 2810; x_wconf 88' lang='lat' dir='ltr'><strong>ut</strong></span> <span class='ocrx_word' id='word_1_303' title='bbox 1392 2767 1629 2825; x_wconf 85' lang='lat' dir='ltr'><strong>corpore</strong></span> <span class='ocrx_word' id='word_1_304' title='bbox 1668 2756 1863 2813; x_wconf 75' lang='lat' dir='ltr'><strong>Adami</strong></span> <span class='ocrx_word' id='word_1_305' title='bbox 1886 2773 1919 2815; x_wconf 89' lang='lat' dir='ltr'><strong>e</strong></span> 
     </span>
    </p>
   </div>
   <div class='ocr_carea' id='block_1_44' title="bbox 334 2842 1918 2919">
    <p class='ocr_par' dir='ltr' id='par_1_44' title="bbox 334 2842 1918 2919">
     <span class='ocr_line' id='line_1_44' title="bbox 334 2842 1918 2919; baseline 0.008 -24"><span class='ocrx_word' id='word_1_306' title='bbox 334 2842 485 2906; x_wconf 87' lang='lat' dir='ltr'><strong>navi,</strong></span> <span class='ocrx_word' id='word_1_307' title='bbox 515 2843 735 2897; x_wconf 86' lang='lat' dir='ltr'><strong>nomine</strong></span> <span class='ocrx_word' id='word_1_308' title='bbox 757 2847 1006 2907; x_wconf 85' lang='lat' dir='ltr'><strong>conscio,</strong></span> <span class='ocrx_word' id='word_1_309' title='bbox 1046 2845 1290 2913; x_wconf 80' lang='lat' dir='ltr'><strong>sublato,</strong></span> <span class='ocrx_word' id='word_1_310' title='bbox 1342 2848 1695 2919; x_wconf 82' lang='lat' dir='ltr'><strong>acceptisque</strong></span> <span class='ocrx_word' id='word_1_311' title='bbox 1736 2859 1918 2906; x_wconf 87' lang='lat' dir='ltr'><strong>tecum</strong></span> 
     </span>
    </p>
   </div>
   <div class='ocr_carea' id='block_1_45' title="bbox 334 2932 1919 3004">
    <p class='ocr_par' dir='ltr' id='par_1_45' title="bbox 334 2932 1919 3004">
     <span class='ocr_line' id='line_1_45' title="bbox 334 2932 1919 3004; baseline 0.006 -16"><span class='ocrx_word' id='word_1_312' title='bbox 334 2932 397 2988; x_wconf 89' lang='lat' dir='ltr'><strong>in</strong></span> <span class='ocrx_word' id='word_1_313' title='bbox 432 2933 858 3004; x_wconf 85' lang='lat' dir='ltr'><strong>viatienm&#39;pane</strong></span> <span class='ocrx_word' id='word_1_314' title='bbox 898 2948 963 2991; x_wconf 90' lang='lat' dir='ltr'><strong>ac</strong></span> <span class='ocrx_word' id='word_1_315' title='bbox 1002 2938 1154 3003; x_wconf 86' lang='lat' dir='ltr'><strong>vino,</strong></span> <span class='ocrx_word' id='word_1_316' title='bbox 1193 2948 1248 2993; x_wconf 85' lang='lat' dir='ltr'><strong>et</strong></span> <span class='ocrx_word' id='word_1_317' title='bbox 1273 2938 1448 2995; x_wconf 89' lang='lat' dir='ltr'><strong>ascito</strong></span> <span class='ocrx_word' id='word_1_318' title='bbox 1486 2939 1919 2998; x_wconf 75' lang='lat' dir='ltr'><strong>Melchisedecho</strong></span> 
     </span>
    </p>
   </div>
   <div class='ocr_carea' id='block_1_46' title="bbox 2024 1734 3599 1810">
    <p class='ocr_par' dir='ltr' id='par_1_46' title="bbox 2024 1734 3599 1810">
     <span class='ocr_line' id='line_1_46' title="bbox 2024 1734 3599 1810; baseline -0.003 -14"><span class='ocrx_word' id='word_1_319' title='bbox 2024 1740 2266 1798; x_wconf 90' lang='lat' dir='ltr'><strong>litudine</strong></span> <span class='ocrx_word' id='word_1_320' title='bbox 2306 1748 2600 1808; x_wconf 68' lang='lat' dir='ltr'><strong>prastans,</strong></span> <span class='ocrx_word' id='word_1_321' title='bbox 2645 1738 2881 1810; x_wconf 69' lang='lat' dir='ltr'><strong>edigiem</strong></span> <span class='ocrx_word' id='word_1_322' title='bbox 2917 1738 3093 1809; x_wconf 85' lang='lat' dir='ltr'><strong>ipsius</strong></span> <span class='ocrx_word' id='word_1_323' title='bbox 3138 1738 3194 1791; x_wconf 92' lang='lat' dir='ltr'><strong>in</strong></span> <span class='ocrx_word' id='word_1_324' title='bbox 3239 1734 3599 1793; x_wconf 86' lang='lat' dir='ltr'><strong>concessibus</strong></span> 
     </span>
    </p>
   </div>
   <div class='ocr_carea' id='block_1_47' title="bbox 2023 1827 3599 1906">
    <p class='ocr_par' dir='ltr' id='par_1_47' title="bbox 2023 1827 3599 1906">
     <span class='ocr_line' id='line_1_47' title="bbox 2023 1827 3599 1906; baseline -0.004 -15"><span class='ocrx_word' id='word_1_325' title='bbox 2023 1832 2425 1906; x_wconf 87' lang='lat' dir='ltr'><strong>depingerent;</strong></span> <span class='ocrx_word' id='word_1_326' title='bbox 2456 1830 2656 1890; x_wconf 88' lang='lat' dir='ltr'><strong>deinde</strong></span> <span class='ocrx_word' id='word_1_327' title='bbox 2697 1848 2822 1887; x_wconf 89' lang='lat' dir='ltr'><strong>cum</strong></span> <span class='ocrx_word' id='word_1_328' title='bbox 2856 1830 2989 1900; x_wconf 88' lang='lat' dir='ltr'><strong>quid</strong></span> <span class='ocrx_word' id='word_1_329' title='bbox 3024 1832 3162 1900; x_wconf 86' lang='lat' dir='ltr'><strong>grati</strong></span> <span class='ocrx_word' id='word_1_330' title='bbox 3199 1827 3339 1901; x_wconf 87' lang='lat' dir='ltr'><strong>ipsis</strong></span> <span class='ocrx_word' id='word_1_331' title='bbox 3381 1828 3599 1885; x_wconf 79' lang='lat' dir='ltr'><strong>accide-</strong></span> 
     </span>
    </p>
   </div>
   <div class='ocr_carea' id='block_1_48' title="bbox 2025 1921 3602 1997">
    <p class='ocr_par' dir='ltr' id='par_1_48' title="bbox 2025 1921 3602 1997">
     <span class='ocr_line' id='line_1_48' title="bbox 2025 1921 3602 1997; baseline -0.003 -16"><span class='ocrx_word' id='word_1_332' title='bbox 2025 1936 2110 1982; x_wconf 86' lang='lat' dir='ltr'><strong>ret</strong></span> <span class='ocrx_word' id='word_1_333' title='bbox 2139 1926 2209 1986; x_wconf 88' lang='lat' dir='ltr'><strong>de</strong></span> <span class='ocrx_word' id='word_1_334' title='bbox 2234 1941 2348 1997; x_wconf 86' lang='lat' dir='ltr'><strong>quo</strong></span> <span class='ocrx_word' id='word_1_335' title='bbox 2373 1922 2704 1996; x_wconf 84' lang='lat' dir='ltr'><strong>captandum</strong></span> <span class='ocrx_word' id='word_1_336' title='bbox 2732 1931 2883 1981; x_wconf 83' lang='lat' dir='ltr'><strong>esset</strong></span> <span class='ocrx_word' id='word_1_337' title='bbox 2924 1921 3247 1987; x_wconf 82' lang='lat' dir='ltr'><strong>consilium,</strong></span> <span class='ocrx_word' id='word_1_338' title='bbox 3280 1923 3424 1994; x_wconf 80' lang='lat' dir='ltr'><strong>apud</strong></span> <span class='ocrx_word' id='word_1_339' title='bbox 3455 1921 3602 1977; x_wconf 87' lang='lat' dir='ltr'><strong>ima-</strong></span> 
     </span>
    </p>
   </div>
   <div class='ocr_carea' id='block_1_49' title="bbox 2024 2008 3599 2090">
    <p class='ocr_par' dir='ltr' id='par_1_49' title="bbox 2024 2008 3599 2090">
     <span class='ocr_line' id='line_1_49' title="bbox 2024 2008 3599 2090; baseline -0.001 -18"><span class='ocrx_word' id='word_1_340' title='bbox 2024 2017 2207 2090; x_wconf 83' lang='lat' dir='ltr'><strong>ginem</strong></span> <span class='ocrx_word' id='word_1_341' title='bbox 2238 2018 2401 2074; x_wconf 88' lang='lat' dir='ltr'><strong>istam</strong></span> <span class='ocrx_word' id='word_1_342' title='bbox 2442 2016 2835 2073; x_wconf 82' lang='lat' dir='ltr'><strong>convenientes</strong></span> <span class='ocrx_word' id='word_1_343' title='bbox 2864 2008 2977 2088; x_wconf 56' lang='lat'><strong>58</strong></span> <span class='ocrx_word' id='word_1_344' title='bbox 3009 2015 3410 2080; x_wconf 84' lang='lat' dir='ltr'><strong>consultarent,</strong></span> <span class='ocrx_word' id='word_1_345' title='bbox 3439 2012 3599 2086; x_wconf 86' lang='lat' dir='ltr'><strong>quasi</strong></span> 
     </span>
    </p>
   </div>
   <div class='ocr_carea' id='block_1_50' title="bbox 2025 2106 3601 2181">
    <p class='ocr_par' dir='ltr' id='par_1_50' title="bbox 2025 2106 3601 2181">
     <span class='ocr_line' id='line_1_50' title="bbox 2025 2106 3601 2181; baseline -0.005 -12"><span class='ocrx_word' id='word_1_346' title='bbox 2025 2114 2245 2169; x_wconf 81' lang='lat' dir='ltr'><strong>adesset</strong></span> <span class='ocrx_word' id='word_1_347' title='bbox 2292 2111 2424 2180; x_wconf 88' lang='lat' dir='ltr'><strong>ipsis</strong></span> <span class='ocrx_word' id='word_1_348' title='bbox 2478 2111 2625 2167; x_wconf 86' lang='lat' dir='ltr'><strong>inter</strong></span> <span class='ocrx_word' id='word_1_349' title='bbox 2667 2109 3100 2165; x_wconf 86' lang='lat' dir='ltr'><strong>consultandum</strong></span> <span class='ocrx_word' id='word_1_350' title='bbox 3140 2109 3321 2181; x_wconf 80' lang='lat' dir='ltr'><strong>imago</strong></span> <span class='ocrx_word' id='word_1_351' title='bbox 3368 2106 3498 2175; x_wconf 83' lang='lat' dir='ltr'><strong>ista,</strong></span> <span class='ocrx_word' id='word_1_352' title='bbox 3531 2120 3601 2162; x_wconf 87' lang='lat' dir='ltr'><strong>ne</strong></span> 
     </span>
    </p>
   </div>
   <div class='ocr_carea' id='block_1_51' title="bbox 2022 2200 3597 2273">
    <p class='ocr_par' dir='ltr' id='par_1_51' title="bbox 2022 2200 3597 2273">
     <span class='ocr_line' id='line_1_51' title="bbox 2022 2200 3597 2273; baseline -0.004 -12"><span class='ocrx_word' id='word_1_353' title='bbox 2022 2204 2242 2263; x_wconf 84' lang='lat' dir='ltr'><strong>deesset</strong></span> <span class='ocrx_word' id='word_1_354' title='bbox 2293 2204 2433 2273; x_wconf 82' lang='lat' dir='ltr'><strong>ipsis</strong></span> <span class='ocrx_word' id='word_1_355' title='bbox 2486 2202 2541 2258; x_wconf 88' lang='lat' dir='ltr'><strong>in</strong></span> <span class='ocrx_word' id='word_1_356' title='bbox 2593 2202 2834 2259; x_wconf 88' lang='lat' dir='ltr'><strong>consilio</strong></span> <span class='ocrx_word' id='word_1_357' title='bbox 2890 2200 3126 2269; x_wconf 85' lang='lat' dir='ltr'><strong>alicujus</strong></span> <span class='ocrx_word' id='word_1_358' title='bbox 3182 2207 3597 2256; x_wconf 87' lang='lat' dir='ltr'><strong>antecessorum</strong></span> 
     </span>
    </p>
   </div>
   <div class='ocr_carea' id='block_1_52' title="bbox 2023 2291 3602 2370">
    <p class='ocr_par' dir='ltr' id='par_1_52' title="bbox 2023 2291 3602 2370">
     <span class='ocr_line' id='line_1_52' title="bbox 2023 2291 3602 2370; baseline -0.003 -18"><span class='ocrx_word' id='word_1_359' title='bbox 2023 2296 2206 2370; x_wconf 83' lang='lat' dir='ltr'><strong>imago</strong></span> <span class='ocrx_word' id='word_1_360' title='bbox 2240 2314 2257 2352; x_wconf 89' lang='lat'><strong>:</strong></span> <span class='ocrx_word' id='word_1_361' title='bbox 2289 2296 2437 2368; x_wconf 88' lang='lat' dir='ltr'><strong>quod</strong></span> <span class='ocrx_word' id='word_1_362' title='bbox 2470 2310 2596 2352; x_wconf 87' lang='lat' dir='ltr'><strong>cum</strong></span> <span class='ocrx_word' id='word_1_363' title='bbox 2632 2293 2814 2351; x_wconf 79' lang='lat' dir='ltr'><strong>iacere</strong></span> <span class='ocrx_word' id='word_1_364' title='bbox 2842 2304 3279 2366; x_wconf 79' lang='lat' dir='ltr'><strong>perseverarent,</strong></span> <span class='ocrx_word' id='word_1_365' title='bbox 3307 2291 3375 2348; x_wconf 89' lang='lat' dir='ltr'><strong>ad</strong></span> <span class='ocrx_word' id='word_1_366' title='bbox 3406 2292 3602 2365; x_wconf 60' lang='lat' dir='ltr'><strong>imagio</strong></span> 
     </span>
    </p>
   </div>
   <div class='ocr_carea' id='block_1_53' title="bbox 2023 2384 3602 2461">
    <p class='ocr_par' dir='ltr' id='par_1_53' title="bbox 2023 2384 3602 2461">
     <span class='ocr_line' id='line_1_53' title="bbox 2023 2384 3602 2461; baseline -0.005 -15"><span class='ocrx_word' id='word_1_367' title='bbox 2023 2405 2157 2446; x_wconf 89' lang='lat' dir='ltr'><strong>num</strong></span> <span class='ocrx_word' id='word_1_368' title='bbox 2191 2388 2401 2446; x_wconf 84' lang='lat' dir='ltr'><strong>cultum</strong></span> <span class='ocrx_word' id='word_1_369' title='bbox 2450 2384 2663 2458; x_wconf 86' lang='lat' dir='ltr'><strong>delapsi</strong></span> <span class='ocrx_word' id='word_1_370' title='bbox 2694 2398 2848 2443; x_wconf 91' lang='lat' dir='ltr'><strong>sunt.</strong></span> <span class='ocrx_word' id='word_1_371' title='bbox 2891 2388 2936 2444; x_wconf 78' lang='grc' dir='ltr'>Α</span> <span class='ocrx_word' id='word_1_372' title='bbox 2965 2397 3213 2461; x_wconf 83' lang='lat' dir='ltr'><strong>tempore</strong></span> <span class='ocrx_word' id='word_1_373' title='bbox 3243 2396 3427 2443; x_wconf 87' lang='lat' dir='ltr'><strong>autem</strong></span> <span class='ocrx_word' id='word_1_374' title='bbox 3459 2384 3602 2442; x_wconf 83' lang='lat' dir='ltr'><strong>diiu-</strong></span> 
     </span>
    </p>
   </div>
   <div class='ocr_carea' id='block_1_54' title="bbox 2024 2476 3599 2550">
    <p class='ocr_par' dir='ltr' id='par_1_54' title="bbox 2024 2476 3599 2550">
     <span class='ocr_line' id='line_1_54' title="bbox 2024 2476 3599 2550; baseline -0.004 -14"><span class='ocrx_word' id='word_1_375' title='bbox 2024 2483 2099 2538; x_wconf 85' lang='lat' dir='ltr'><strong>vii</strong></span> <span class='ocrx_word' id='word_1_376' title='bbox 2144 2480 2211 2539; x_wconf 89' lang='lat' dir='ltr'><strong>ad</strong></span> <span class='ocrx_word' id='word_1_377' title='bbox 2249 2481 2591 2538; x_wconf 79' lang='lat' dir='ltr'><strong>nativitatem</strong></span> <span class='ocrx_word' id='word_1_378' title='bbox 2625 2477 2848 2536; x_wconf 74' lang='lat' dir='ltr'><strong>Phaleki</strong></span> <span class='ocrx_word' id='word_1_379' title='bbox 2922 2476 3417 2550; x_wconf 87' lang='lat' dir='ltr'><strong>(intercesserunt)</strong></span> <span class='ocrx_word' id='word_1_380' title='bbox 3469 2476 3599 2533; x_wconf 90' lang='lat' dir='ltr'><strong>anni</strong></span> 
     </span>
    </p>
   </div>
   <div class='ocr_carea' id='block_1_55' title="bbox 2024 2566 3600 2644">
    <p class='ocr_par' dir='ltr' id='par_1_55' title="bbox 2024 2566 3600 2644">
     <span class='ocr_line' id='line_1_55' title="bbox 2024 2566 3600 2644; baseline -0.004 -15"><span class='ocrx_word' id='word_1_381' title='bbox 2024 2574 2307 2644; x_wconf 85' lang='lat' dir='ltr'><strong>quingenti</strong></span> <span class='ocrx_word' id='word_1_382' title='bbox 2336 2572 2565 2643; x_wconf 85' lang='lat' dir='ltr'><strong>triginta</strong></span> <span class='ocrx_word' id='word_1_383' title='bbox 2592 2578 2647 2627; x_wconf 92' lang='lat' dir='ltr'><strong>et</strong></span> <span class='ocrx_word' id='word_1_384' title='bbox 2676 2588 2843 2628; x_wconf 84' lang='lat' dir='ltr'><strong>unus.</strong></span> <span class='ocrx_word' id='word_1_385' title='bbox 2870 2571 2952 2627; x_wconf 77' lang='lat' dir='ltr'><strong>Ab</strong></span> <span class='ocrx_word' id='word_1_386' title='bbox 2975 2568 3188 2626; x_wconf 77' lang='lat' dir='ltr'><strong>Adamn</strong></span> <span class='ocrx_word' id='word_1_387' title='bbox 3204 2571 3271 2627; x_wconf 88' lang='lat' dir='ltr'><strong>ad</strong></span> <span class='ocrx_word' id='word_1_388' title='bbox 3301 2566 3600 2625; x_wconf 77' lang='lat' dir='ltr'><strong>Phaieltum</strong></span> 
     </span>
    </p>
   </div>
   <div class='ocr_carea' id='block_1_56' title="bbox 2026 2663 3598 2735">
    <p class='ocr_par' dir='ltr' id='par_1_56' title="bbox 2026 2663 3598 2735">
     <span class='ocr_line' id='line_1_56' title="bbox 2026 2663 3598 2735; baseline -0.004 -13"><span class='ocrx_word' id='word_1_389' title='bbox 2026 2674 2220 2722; x_wconf 83' lang='lat' dir='ltr'><strong>natum</strong></span> <span class='ocrx_word' id='word_1_390' title='bbox 2252 2664 2380 2721; x_wconf 92' lang='lat' dir='ltr'><strong>anni</strong></span> <span class='ocrx_word' id='word_1_391' title='bbox 2408 2666 2493 2719; x_wconf 87' lang='lat' dir='ltr'><strong>bis</strong></span> <span class='ocrx_word' id='word_1_392' title='bbox 2524 2664 2672 2720; x_wconf 90' lang='lat' dir='ltr'><strong>mille</strong></span> <span class='ocrx_word' id='word_1_393' title='bbox 2698 2665 3024 2735; x_wconf 81' lang='lat' dir='ltr'><strong>septingenti</strong></span> <span class='ocrx_word' id='word_1_394' title='bbox 3052 2663 3327 2731; x_wconf 83' lang='lat' dir='ltr'><strong>octoginta</strong></span> <span class='ocrx_word' id='word_1_395' title='bbox 3361 2672 3598 2732; x_wconf 88' lang='lat' dir='ltr'><strong>septem.</strong></span> 
     </span>
    </p>
   </div>
   <div class='ocr_carea' id='block_1_57' title="bbox 2025 2751 3599 2815">
    <p class='ocr_par' dir='ltr' id='par_1_57' title="bbox 2025 2751 3599 2815">
     <span class='ocr_line' id='line_1_57' title="bbox 2025 2751 3599 2815; baseline -0.003 -1"><span class='ocrx_word' id='word_1_396' title='bbox 2025 2758 2200 2815; x_wconf 78' lang='lat' dir='ltr'><strong>Natus</strong></span> <span class='ocrx_word' id='word_1_397' title='bbox 2241 2768 2327 2815; x_wconf 88' lang='lat' dir='ltr'><strong>est</strong></span> <span class='ocrx_word' id='word_1_398' title='bbox 2378 2768 2559 2813; x_wconf 85' lang='lat' dir='ltr'><strong>autem</strong></span> <span class='ocrx_word' id='word_1_399' title='bbox 2612 2754 2853 2813; x_wconf 76' lang='lat' dir='ltr'><strong>Pitaieko</strong></span> <span class='ocrx_word' id='word_1_400' title='bbox 2899 2751 3267 2813; x_wconf 75' lang='lat' dir='ltr'><strong>Ilielcliiscdeit</strong></span> <span class='ocrx_word' id='word_1_401' title='bbox 3317 2753 3599 2809; x_wconf 88' lang='lat' dir='ltr'><strong>sacerdos.</strong></span> 
     </span>
    </p>
   </div>
   <div class='ocr_carea' id='block_1_58' title="bbox 2027 2846 3597 2921">
    <p class='ocr_par' dir='ltr' id='par_1_58' title="bbox 2027 2846 3597 2921">
     <span class='ocr_line' id='line_1_58' title="bbox 2027 2846 3597 2921; baseline -0.004 -14"><span class='ocrx_word' id='word_1_402' title='bbox 2027 2850 2179 2907; x_wconf 78' lang='lat' dir='ltr'><strong>Fecit</strong></span> <span class='ocrx_word' id='word_1_403' title='bbox 2225 2866 2359 2921; x_wconf 89' lang='lat' dir='ltr'><strong>ergo</strong></span> <span class='ocrx_word' id='word_1_404' title='bbox 2394 2849 2521 2904; x_wconf 70' lang='lat' dir='ltr'><strong>Seni</strong></span> <span class='ocrx_word' id='word_1_405' title='bbox 2555 2848 2698 2904; x_wconf 88' lang='lat' dir='ltr'><strong>sicut</strong></span> <span class='ocrx_word' id='word_1_406' title='bbox 2750 2856 3086 2919; x_wconf 73' lang='lat' dir='ltr'><strong>praeceperat</strong></span> <span class='ocrx_word' id='word_1_407' title='bbox 3127 2849 3227 2919; x_wconf 88' lang='lat' dir='ltr'><strong>ipsi</strong></span> <span class='ocrx_word' id='word_1_408' title='bbox 3262 2858 3417 2919; x_wconf 87' lang='lat' dir='ltr'><strong>pater</strong></span> <span class='ocrx_word' id='word_1_409' title='bbox 3452 2846 3597 2916; x_wconf 78' lang='lat' dir='ltr'><strong>ejus,</strong></span> 
     </span>
    </p>
   </div>
   <div class='ocr_carea' id='block_1_59' title="bbox 2025 2938 3594 3012">
    <p class='ocr_par' dir='ltr' id='par_1_59' title="bbox 2025 2938 3594 3012">
     <span class='ocr_line' id='line_1_59' title="bbox 2025 2938 3594 3012; baseline -0.005 -15"><span class='ocrx_word' id='word_1_410' title='bbox 2025 2941 2223 3008; x_wconf 80' lang='lat' dir='ltr'><strong>Noah;</strong></span> <span class='ocrx_word' id='word_1_411' title='bbox 2281 2952 2337 2997; x_wconf 90' lang='lat' dir='ltr'><strong>et</strong></span> <span class='ocrx_word' id='word_1_412' title='bbox 2394 2942 2575 2996; x_wconf 82' lang='lat' dir='ltr'><strong>navim</strong></span> <span class='ocrx_word' id='word_1_413' title='bbox 2635 2948 2802 2996; x_wconf 87' lang='lat' dir='ltr'><strong>noctu</strong></span> <span class='ocrx_word' id='word_1_414' title='bbox 2862 2939 3144 3012; x_wconf 86' lang='lat' dir='ltr'><strong>ingressus</strong></span> <span class='ocrx_word' id='word_1_415' title='bbox 3207 2938 3343 2995; x_wconf 83' lang='lat' dir='ltr'><strong>inde</strong></span> <span class='ocrx_word' id='word_1_416' title='bbox 3389 2953 3594 3008; x_wconf 82' lang='lat' dir='ltr'><strong>corpus</strong></span> 
     </span>
    </p>
   </div>
   <div class='ocr_carea' id='block_1_60' title="bbox 335 3027 3599 3107">
    <p class='ocr_par' dir='ltr' id='par_1_60' title="bbox 335 3027 3599 3107">
     <span class='ocr_line' id='line_1_60' title="bbox 335 3027 3599 3107; baseline 0 -24"><span class='ocrx_word' id='word_1_417' title='bbox 335 3027 560 3086; x_wconf 73' lang='lat' dir='ltr'><strong>Phaieki</strong></span> <span class='ocrx_word' id='word_1_418' title='bbox 584 3028 718 3097; x_wconf 81' lang='lat' dir='ltr'><strong>lilio,</strong></span> <span class='ocrx_word' id='word_1_419' title='bbox 742 3030 1358 3102; x_wconf 67' lang='lat' dir='ltr'><strong>pruilciscaminijdonec</strong></span> <span class='ocrx_word' id='word_1_420' title='bbox 1380 3034 1455 3089; x_wconf 92' lang='lat' dir='ltr'><strong>ibi</strong></span> <span class='ocrx_word' id='word_1_421' title='bbox 1476 3034 1917 3106; x_wconf 85' lang='lat' dir='ltr'><strong>ipsumdepona-</strong></span> <span class='ocrx_word' id='word_1_422' title='bbox 1949 3040 1995 3107; x_wconf 76' lang='grc' dir='ltr'>ο</span> <span class='ocrx_word' id='word_1_423' title='bbox 2027 3036 2242 3098; x_wconf 75' lang='lat' dir='ltr'><strong>Adami,</strong></span> <span class='ocrx_word' id='word_1_424' title='bbox 2317 3036 2535 3090; x_wconf 86' lang='lat' dir='ltr'><strong>nemine</strong></span> <span class='ocrx_word' id='word_1_425' title='bbox 2591 3031 2717 3090; x_wconf 87' lang='lat' dir='ltr'><strong>i&#39;acti</strong></span> <span class='ocrx_word' id='word_1_426' title='bbox 2777 3033 3029 3096; x_wconf 87' lang='lat' dir='ltr'><strong>conscio,</strong></span> <span class='ocrx_word' id='word_1_427' title='bbox 3088 3029 3345 3099; x_wconf 84' lang='lat' dir='ltr'><strong>sustulit;</strong></span> <span class='ocrx_word' id='word_1_428' title='bbox 3398 3028 3599 3086; x_wconf 82' lang='lat' dir='ltr'><strong>deinde</strong></span> 
     </span>
    </p>
   </div>
   <div class='ocr_carea' id='block_1_61' title="bbox 332 3121 1912 3195">
    <p class='ocr_par' dir='ltr' id='par_1_61' title="bbox 332 3121 1912 3195">
     <span class='ocr_line' id='line_1_61' title="bbox 332 3121 1912 3195; baseline 0.006 -19"><span class='ocrx_word' id='word_1_429' title='bbox 332 3123 414 3179; x_wconf 87' lang='lat' dir='ltr'><strong>tis</strong></span> <span class='ocrx_word' id='word_1_430' title='bbox 454 3121 547 3177; x_wconf 89' lang='lat' dir='ltr'><strong>ubi</strong></span> <span class='ocrx_word' id='word_1_431' title='bbox 577 3122 925 3179; x_wconf 86' lang='lat' dir='ltr'><strong>indicaturus</strong></span> <span class='ocrx_word' id='word_1_432' title='bbox 954 3135 1037 3179; x_wconf 86' lang='lat' dir='ltr'><strong>est</strong></span> <span class='ocrx_word' id='word_1_433' title='bbox 1066 3127 1297 3195; x_wconf 77' lang='lat' dir='ltr'><strong>angelus</strong></span> <span class='ocrx_word' id='word_1_434' title='bbox 1326 3124 1568 3182; x_wconf 88' lang='lat' dir='ltr'><strong>Domini.</strong></span> <span class='ocrx_word' id='word_1_435' title='bbox 1595 3124 1663 3183; x_wconf 70' lang='lat' dir='ltr'><strong>Et</strong></span> <span class='ocrx_word' id='word_1_436' title='bbox 1686 3128 1912 3189; x_wconf 80' lang='lat' dir='ltr'><strong>Melchi-</strong></span> 
     </span>
    </p>
   </div>
   <div class='ocr_carea' id='block_1_62' title="bbox 334 3215 1921 3292">
    <p class='ocr_par' dir='ltr' id='par_1_62' title="bbox 334 3215 1921 3292">
     <span class='ocr_line' id='line_1_62' title="bbox 334 3215 1921 3292; baseline 0.008 -21"><span class='ocrx_word' id='word_1_437' title='bbox 334 3215 575 3271; x_wconf 89' lang='lat' dir='ltr'><strong>sedecho</strong></span> <span class='ocrx_word' id='word_1_438' title='bbox 601 3216 1141 3289; x_wconf 65' lang='lat' dir='ltr'><strong>praeclpiensjubeas</strong></span> <span class='ocrx_word' id='word_1_439' title='bbox 1181 3221 1359 3292; x_wconf 85' lang='lat' dir='ltr'><strong>ipsum</strong></span> <span class='ocrx_word' id='word_1_440' title='bbox 1410 3236 1479 3278; x_wconf 86' lang='lat' dir='ltr'><strong>eo</strong></span> <span class='ocrx_word' id='word_1_441' title='bbox 1515 3220 1622 3278; x_wconf 90' lang='lat' dir='ltr'><strong>ioci</strong></span> <span class='ocrx_word' id='word_1_442' title='bbox 1646 3225 1810 3281; x_wconf 89' lang='lat' dir='ltr'><strong>sedes</strong></span> <span class='ocrx_word' id='word_1_443' title='bbox 1854 3225 1921 3282; x_wconf 84' lang='lat' dir='ltr'><strong>ii-</strong></span> 
     </span>
    </p>
   </div>
   <div class='ocr_carea' id='block_1_63' title="bbox 335 3308 1918 3386">
    <p class='ocr_par' dir='ltr' id='par_1_63' title="bbox 335 3308 1918 3386">
     <span class='ocr_line' id='line_1_63' title="bbox 335 3308 1918 3386; baseline 0.009 -27"><span class='ocrx_word' id='word_1_444' title='bbox 335 3319 485 3375; x_wconf 83' lang='lat' dir='ltr'><strong>gere,</strong></span> <span class='ocrx_word' id='word_1_445' title='bbox 534 3323 759 3365; x_wconf 89' lang='lat' dir='ltr'><strong>uxorem</strong></span> <span class='ocrx_word' id='word_1_446' title='bbox 807 3323 925 3364; x_wconf 87' lang='lat' dir='ltr'><strong>non</strong></span> <span class='ocrx_word' id='word_1_447' title='bbox 968 3308 1192 3375; x_wconf 89' lang='lat' dir='ltr'><strong>ducere,</strong></span> <span class='ocrx_word' id='word_1_448' title='bbox 1220 3312 1318 3367; x_wconf 87' lang='lat' dir='ltr'><strong>sed</strong></span> <span class='ocrx_word' id='word_1_449' title='bbox 1363 3312 1557 3384; x_wconf 81' lang='lat' dir='ltr'><strong>pietati</strong></span> <span class='ocrx_word' id='word_1_450' title='bbox 1604 3329 1701 3386; x_wconf 88' lang='lat' dir='ltr'><strong>per</strong></span> <span class='ocrx_word' id='word_1_451' title='bbox 1745 3322 1918 3373; x_wconf 87' lang='lat' dir='ltr'><strong>totam</strong></span> 
     </span>
    </p>
   </div>
   <div class='ocr_carea' id='block_1_64' title="bbox 333 3400 1918 3476">
    <p class='ocr_par' dir='ltr' id='par_1_64' title="bbox 333 3400 1918 3476">
     <span class='ocr_line' id='line_1_64' title="bbox 333 3400 1918 3476; baseline 0.009 -24"><span class='ocrx_word' id='word_1_452' title='bbox 333 3400 501 3453; x_wconf 88' lang='lat' dir='ltr'><strong>vitam</strong></span> <span class='ocrx_word' id='word_1_453' title='bbox 527 3416 589 3456; x_wconf 91' lang='lat' dir='ltr'><strong>se</strong></span> <span class='ocrx_word' id='word_1_454' title='bbox 613 3400 901 3469; x_wconf 85' lang='lat' dir='ltr'><strong>addicere;</strong></span> <span class='ocrx_word' id='word_1_455' title='bbox 927 3406 1184 3474; x_wconf 81' lang='lat' dir='ltr'><strong>quoniam</strong></span> <span class='ocrx_word' id='word_1_456' title='bbox 1226 3404 1403 3475; x_wconf 82' lang='lat' dir='ltr'><strong>ipsum</strong></span> <span class='ocrx_word' id='word_1_457' title='bbox 1447 3405 1613 3476; x_wconf 86' lang='lat' dir='ltr'><strong>elegit</strong></span> <span class='ocrx_word' id='word_1_458' title='bbox 1649 3406 1918 3466; x_wconf 85' lang='lat' dir='ltr'><strong>Dominus</strong></span> 
     </span>
    </p>
   </div>
   <div class='ocr_carea' id='block_1_65' title="bbox 336 3491 1919 3565">
    <p class='ocr_par' dir='ltr' id='par_1_65' title="bbox 336 3491 1919 3565">
     <span class='ocr_line' id='line_1_65' title="bbox 336 3491 1919 3565; baseline 0.006 -20"><span class='ocrx_word' id='word_1_459' title='bbox 336 3502 401 3546; x_wconf 90' lang='lat' dir='ltr'><strong>ut</strong></span> <span class='ocrx_word' id='word_1_460' title='bbox 423 3491 594 3547; x_wconf 87' lang='lat' dir='ltr'><strong>cultui</strong></span> <span class='ocrx_word' id='word_1_461' title='bbox 634 3493 755 3562; x_wconf 75' lang='lat' dir='ltr'><strong>ejus</strong></span> <span class='ocrx_word' id='word_1_462' title='bbox 785 3494 1078 3552; x_wconf 83' lang='lat' dir='ltr'><strong>inserviat.</strong></span> <span class='ocrx_word' id='word_1_463' title='bbox 1104 3494 1216 3552; x_wconf 81' lang='lat' dir='ltr'><strong>Nec</strong></span> <span class='ocrx_word' id='word_1_464' title='bbox 1256 3508 1386 3565; x_wconf 84' lang='lat' dir='ltr'><strong>ergo</strong></span> <span class='ocrx_word' id='word_1_465' title='bbox 1425 3498 1648 3554; x_wconf 87' lang='lat' dir='ltr'><strong>domum</strong></span> <span class='ocrx_word' id='word_1_466' title='bbox 1687 3500 1794 3555; x_wconf 89' lang='lat' dir='ltr'><strong>sibi</strong></span> <span class='ocrx_word' id='word_1_467' title='bbox 1822 3516 1919 3557; x_wconf 88' lang='lat' dir='ltr'><strong>ex-</strong></span> 
     </span>
    </p>
   </div>
   <div class='ocr_carea' id='block_1_66' title="bbox 331 3585 1920 3656">
    <p class='ocr_par' dir='ltr' id='par_1_66' title="bbox 331 3585 1920 3656">
     <span class='ocr_line' id='line_1_66' title="bbox 331 3585 1920 3656; baseline 0.003 -17"><span class='ocrx_word' id='word_1_468' title='bbox 331 3591 551 3650; x_wconf 80' lang='lat' dir='ltr'><strong>struat;</strong></span> <span class='ocrx_word' id='word_1_469' title='bbox 573 3597 677 3640; x_wconf 88' lang='lat' dir='ltr'><strong>nec</strong></span> <span class='ocrx_word' id='word_1_470' title='bbox 692 3587 1016 3656; x_wconf 83' lang='lat' dir='ltr'><strong>sanguinem</strong></span> <span class='ocrx_word' id='word_1_471' title='bbox 1040 3585 1112 3640; x_wconf 89' lang='lat' dir='ltr'><strong>ibi</strong></span> <span class='ocrx_word' id='word_1_472' title='bbox 1139 3586 1243 3640; x_wconf 77' lang='lat' dir='ltr'><strong>loci</strong></span> <span class='ocrx_word' id='word_1_473' title='bbox 1264 3585 1478 3651; x_wconf 79' lang='lat' dir='ltr'><strong>fundat,</strong></span> <span class='ocrx_word' id='word_1_474' title='bbox 1501 3586 1583 3642; x_wconf 91' lang='lat' dir='ltr'><strong>vel</strong></span> <span class='ocrx_word' id='word_1_475' title='bbox 1603 3588 1811 3654; x_wconf 67' lang='lat' dir='ltr'><strong>bestia,</strong></span> <span class='ocrx_word' id='word_1_476' title='bbox 1836 3590 1920 3644; x_wconf 86' lang='lat' dir='ltr'><strong>vel</strong></span> 
     </span>
    </p>
   </div>
   <div class='ocr_carea' id='block_1_67' title="bbox 333 3674 1920 3751">
    <p class='ocr_par' dir='ltr' id='par_1_67' title="bbox 333 3674 1920 3751">
     <span class='ocr_line' id='line_1_67' title="bbox 333 3674 1920 3751; baseline 0.006 -23"><span class='ocrx_word' id='word_1_477' title='bbox 333 3675 600 3741; x_wconf 80' lang='lat' dir='ltr'><strong>volueris,</strong></span> <span class='ocrx_word' id='word_1_478' title='bbox 636 3674 719 3730; x_wconf 88' lang='lat' dir='ltr'><strong>vel</strong></span> <span class='ocrx_word' id='word_1_479' title='bbox 766 3675 1020 3732; x_wconf 83' lang='lat' dir='ltr'><strong>animalis</strong></span> <span class='ocrx_word' id='word_1_480' title='bbox 1060 3678 1349 3745; x_wconf 85' lang='lat' dir='ltr'><strong>cujusvis;</strong></span> <span class='ocrx_word' id='word_1_481' title='bbox 1408 3690 1592 3751; x_wconf 86' lang='lat' dir='ltr'><strong>neque</strong></span> <span class='ocrx_word' id='word_1_482' title='bbox 1622 3679 1787 3735; x_wconf 78' lang='lat' dir='ltr'><strong>aliam</strong></span> <span class='ocrx_word' id='word_1_483' title='bbox 1844 3679 1920 3737; x_wconf 88' lang='lat' dir='ltr'><strong>ibi</strong></span> 
     </span>
    </p>
   </div>
   <div class='ocr_carea' id='block_1_68' title="bbox 335 3766 1921 3842">
    <p class='ocr_par' dir='ltr' id='par_1_68' title="bbox 335 3766 1921 3842">
     <span class='ocr_line' id='line_1_68' title="bbox 335 3766 1921 3842; baseline 0.003 -20"><span class='ocrx_word' id='word_1_484' title='bbox 335 3766 531 3822; x_wconf 70' lang='lat' dir='ltr'><strong>oﬂerat</strong></span> <span class='ocrx_word' id='word_1_485' title='bbox 588 3767 928 3824; x_wconf 81' lang='lat' dir='ltr'><strong>obiationem</strong></span> <span class='ocrx_word' id='word_1_486' title='bbox 984 3784 1148 3840; x_wconf 90' lang='lat' dir='ltr'><strong>quam</strong></span> <span class='ocrx_word' id='word_1_487' title='bbox 1193 3781 1391 3840; x_wconf 86' lang='lat' dir='ltr'><strong>panem</strong></span> <span class='ocrx_word' id='word_1_488' title='bbox 1440 3778 1498 3826; x_wconf 90' lang='lat' dir='ltr'><strong>et</strong></span> <span class='ocrx_word' id='word_1_489' title='bbox 1538 3770 1748 3837; x_wconf 89' lang='lat' dir='ltr'><strong>vinum,</strong></span> <span class='ocrx_word' id='word_1_490' title='bbox 1796 3787 1921 3842; x_wconf 70' lang='lat' dir='ltr'><strong>qua:</strong></span> 
     </span>
    </p>
   </div>
   <div class='ocr_carea' id='block_1_69' title="bbox 340 3859 1921 3933">
    <p class='ocr_par' dir='ltr' id='par_1_69' title="bbox 340 3859 1921 3933">
     <span class='ocr_line' id='line_1_69' title="bbox 340 3859 1921 3933; baseline 0.004 -18"><span class='ocrx_word' id='word_1_491' title='bbox 340 3859 579 3915; x_wconf 82' lang='lat' dir='ltr'><strong>Domino</strong></span> <span class='ocrx_word' id='word_1_492' title='bbox 606 3859 827 3924; x_wconf 78' lang='lat' dir='ltr'><strong>eﬂ&#39;eret,</strong></span> <span class='ocrx_word' id='word_1_493' title='bbox 875 3860 1059 3931; x_wconf 89' lang='lat' dir='ltr'><strong>sitque</strong></span> <span class='ocrx_word' id='word_1_494' title='bbox 1106 3877 1139 3918; x_wconf 92' lang='lat' dir='ltr'><strong>e</strong></span> <span class='ocrx_word' id='word_1_495' title='bbox 1190 3862 1423 3933; x_wconf 79' lang='lat' dir='ltr'><strong>pellibus</strong></span> <span class='ocrx_word' id='word_1_496' title='bbox 1475 3862 1710 3919; x_wconf 87' lang='lat' dir='ltr'><strong>leoninis</strong></span> <span class='ocrx_word' id='word_1_497' title='bbox 1757 3862 1921 3920; x_wconf 86' lang='lat' dir='ltr'><strong>indu-</strong></span> 
     </span>
    </p>
   </div>
   <div class='ocr_carea' id='block_1_70' title="bbox 338 3953 1921 4031">
    <p class='ocr_par' dir='ltr' id='par_1_70' title="bbox 338 3953 1921 4031">
     <span class='ocr_line' id='line_1_70' title="bbox 338 3953 1921 4031; baseline 0.004 -22"><span class='ocrx_word' id='word_1_498' title='bbox 338 3963 586 4010; x_wconf 88' lang='lat' dir='ltr'><strong>mentum</strong></span> <span class='ocrx_word' id='word_1_499' title='bbox 638 3954 850 4025; x_wconf 85' lang='lat' dir='ltr'><strong>ipsius;</strong></span> <span class='ocrx_word' id='word_1_500' title='bbox 898 3970 1002 4011; x_wconf 88' lang='lat' dir='ltr'><strong>nec</strong></span> <span class='ocrx_word' id='word_1_501' title='bbox 1039 3956 1228 4013; x_wconf 83' lang='lat' dir='ltr'><strong>crines</strong></span> <span class='ocrx_word' id='word_1_502' title='bbox 1276 3953 1520 4020; x_wconf 87' lang='lat' dir='ltr'><strong>tondeat,</strong></span> <span class='ocrx_word' id='word_1_503' title='bbox 1564 3973 1665 4015; x_wconf 84' lang='lat' dir='ltr'><strong>nec</strong></span> <span class='ocrx_word' id='word_1_504' title='bbox 1708 3974 1921 4031; x_wconf 88' lang='lat' dir='ltr'><strong>ungues</strong></span> 
     </span>
    </p>
   </div>
   <div class='ocr_carea' id='block_1_71' title="bbox 336 4043 1917 4123">
    <p class='ocr_par' dir='ltr' id='par_1_71' title="bbox 336 4043 1917 4123">
     <span class='ocr_line' id='line_1_71' title="bbox 336 4043 1917 4123; baseline 0.009 -27"><span class='ocrx_word' id='word_1_505' title='bbox 336 4043 624 4117; x_wconf 63' lang='grc' dir='ltr'><strong>ιιι-κατόπι,</strong></span> <span class='ocrx_word' id='word_1_506' title='bbox 684 4047 947 4118; x_wconf 85' lang='lat' dir='ltr'><strong>solusque</strong></span> <span class='ocrx_word' id='word_1_507' title='bbox 1000 4058 1346 4120; x_wconf 80' lang='lat' dir='ltr'><strong>permaneat,</strong></span> <span class='ocrx_word' id='word_1_508' title='bbox 1408 4050 1614 4123; x_wconf 86' lang='lat' dir='ltr'><strong>quippe</strong></span> <span class='ocrx_word' id='word_1_509' title='bbox 1671 4051 1765 4121; x_wconf 91' lang='lat' dir='ltr'><strong>qui</strong></span> <span class='ocrx_word' id='word_1_510' title='bbox 1825 4051 1917 4107; x_wconf 77' lang='lat' dir='ltr'><strong>Dei</strong></span> 
     </span>
    </p>
   </div>
   <div class='ocr_carea' id='block_1_72' title="bbox 337 4137 1920 4214">
    <p class='ocr_par' dir='ltr' id='par_1_72' title="bbox 337 4137 1920 4214">
     <span class='ocr_line' id='line_1_72' title="bbox 337 4137 1920 4214; baseline 0.004 -21"><span class='ocrx_word' id='word_1_511' title='bbox 337 4137 596 4194; x_wconf 82' lang='lat' dir='ltr'><strong>altissimi</strong></span> <span class='ocrx_word' id='word_1_512' title='bbox 646 4140 914 4195; x_wconf 87' lang='lat' dir='ltr'><strong>sacerdos</strong></span> <span class='ocrx_word' id='word_1_513' title='bbox 944 4148 1051 4195; x_wconf 86' lang='lat' dir='ltr'><strong>est.</strong></span> <span class='ocrx_word' id='word_1_514' title='bbox 1086 4137 1308 4197; x_wconf 62' lang='lat' dir='ltr'><strong>Prasibit</strong></span> <span class='ocrx_word' id='word_1_515' title='bbox 1346 4150 1535 4197; x_wconf 88' lang='lat' dir='ltr'><strong>autem</strong></span> <span class='ocrx_word' id='word_1_516' title='bbox 1560 4143 1721 4200; x_wconf 90' lang='lat' dir='ltr'><strong>vobis</strong></span> <span class='ocrx_word' id='word_1_517' title='bbox 1752 4158 1920 4214; x_wconf 79' lang='lat' dir='ltr'><strong>ange-</strong></span> 
     </span>
    </p>
   </div>
   <div class='ocr_carea' id='block_1_73' title="bbox 338 4227 1923 4306">
    <p class='ocr_par' dir='ltr' id='par_1_73' title="bbox 338 4227 1923 4306">
     <span class='ocr_line' id='line_1_73' title="bbox 338 4227 1923 4306; baseline 0.003 -20"><span class='ocrx_word' id='word_1_518' title='bbox 338 4231 431 4286; x_wconf 82' lang='lat' dir='ltr'><strong>lus</strong></span> <span class='ocrx_word' id='word_1_519' title='bbox 476 4227 693 4285; x_wconf 79' lang='lat' dir='ltr'><strong>Domini</strong></span> <span class='ocrx_word' id='word_1_520' title='bbox 748 4229 925 4287; x_wconf 84' lang='lat' dir='ltr'><strong>donec</strong></span> <span class='ocrx_word' id='word_1_521' title='bbox 977 4233 1045 4287; x_wconf 86' lang='lat' dir='ltr'><strong>ad</strong></span> <span class='ocrx_word' id='word_1_522' title='bbox 1102 4231 1283 4288; x_wconf 88' lang='lat' dir='ltr'><strong>locum</strong></span> <span class='ocrx_word' id='word_1_523' title='bbox 1321 4234 1413 4289; x_wconf 90' lang='lat' dir='ltr'><strong>ubi</strong></span> <span class='ocrx_word' id='word_1_524' title='bbox 1464 4235 1739 4306; x_wconf 86' lang='lat' dir='ltr'><strong>sepulturi</strong></span> <span class='ocrx_word' id='word_1_525' title='bbox 1784 4235 1923 4292; x_wconf 88' lang='lat' dir='ltr'><strong>estis</strong></span> 
     </span>
    </p>
   </div>
   <div class='ocr_carea' id='block_1_74' title="bbox 339 4319 3344 4402">
    <p class='ocr_par' dir='ltr' id='par_1_74' title="bbox 339 4319 3344 4402">
     <span class='ocr_line' id='line_1_74' title="bbox 339 4319 3344 4402; baseline 0.002 -26"><span class='ocrx_word' id='word_1_526' title='bbox 339 4319 537 4376; x_wconf 72' lang='grc' dir='ltr'><strong>Δάιιωί</strong></span> <span class='ocrx_word' id='word_1_527' title='bbox 602 4334 806 4392; x_wconf 80' lang='lat' dir='ltr'><strong>corpus</strong></span> <span class='ocrx_word' id='word_1_528' title='bbox 864 4322 1237 4394; x_wconf 81' lang='lat' dir='ltr'><strong>pervenistis;</strong></span> <span class='ocrx_word' id='word_1_529' title='bbox 1292 4325 1441 4381; x_wconf 85' lang='lat' dir='ltr'><strong>scias</strong></span> <span class='ocrx_word' id='word_1_530' title='bbox 1496 4333 1681 4380; x_wconf 88' lang='lat' dir='ltr'><strong>autem</strong></span> <span class='ocrx_word' id='word_1_531' title='bbox 1735 4326 1916 4383; x_wconf 84' lang='lat' dir='ltr'><strong>locum</strong></span> <span class='ocrx_word' id='word_1_532' title='bbox 1955 4400 1970 4402; x_wconf 31' lang='grc' dir='ltr'><strong>Α</strong></span> <span class='ocrx_word' id='word_1_533' title='bbox 2025 4329 2443 4402; x_wconf 85' lang='lat' dir='ltr'><strong>imposuissent,</strong></span> <span class='ocrx_word' id='word_1_534' title='bbox 2509 4336 2705 4398; x_wconf 85' lang='lat' dir='ltr'><strong>sponte</strong></span> <span class='ocrx_word' id='word_1_535' title='bbox 2771 4341 2875 4383; x_wconf 84' lang='lat' dir='ltr'><strong>sua</strong></span> <span class='ocrx_word' id='word_1_536' title='bbox 2940 4324 3264 4384; x_wconf 87' lang='lat' dir='ltr'><strong>dehiscebat</strong></span> <span class='ocrx_word' id='word_1_537' title='bbox 3327 4342 3344 4381; x_wconf 90' lang='lat'><strong>:</strong></span> 
     </span>
    </p>
   </div>
   <div class='ocr_carea' id='block_1_75' title="bbox 2017 3121 3602 3194">
    <p class='ocr_par' dir='ltr' id='par_1_75' title="bbox 2017 3121 3602 3194">
     <span class='ocr_line' id='line_1_75' title="bbox 2017 3121 3602 3194; baseline -0.005 -10"><span class='ocrx_word' id='word_1_538' title='bbox 2017 3128 2335 3184; x_wconf 75' lang='lat' dir='ltr'><strong>convocatis</strong></span> <span class='ocrx_word' id='word_1_539' title='bbox 2384 3124 2668 3194; x_wconf 78' lang='lat' dir='ltr'><strong>fratribus,</strong></span> <span class='ocrx_word' id='word_1_540' title='bbox 2707 3123 2890 3180; x_wconf 88' lang='lat' dir='ltr'><strong>dixit:</strong></span> <span class='ocrx_word' id='word_1_541' title='bbox 2918 3122 2981 3181; x_wconf 84' lang='lat' dir='ltr'><strong>In</strong></span> <span class='ocrx_word' id='word_1_542' title='bbox 3009 3121 3284 3179; x_wconf 83' lang='lat' dir='ltr'><strong>mandatis</strong></span> <span class='ocrx_word' id='word_1_543' title='bbox 3330 3121 3465 3177; x_wconf 80' lang='lat' dir='ltr'><strong>milii</strong></span> <span class='ocrx_word' id='word_1_544' title='bbox 3497 3122 3602 3177; x_wconf 87' lang='lat' dir='ltr'><strong>sub</strong></span> 
     </span>
    </p>
   </div>
   <div class='ocr_carea' id='block_1_76' title="bbox 2020 3213 3604 3289">
    <p class='ocr_par' dir='ltr' id='par_1_76' title="bbox 2020 3213 3604 3289">
     <span class='ocr_line' id='line_1_76' title="bbox 2020 3213 3604 3289; baseline -0.006 -12"><span class='ocrx_word' id='word_1_545' title='bbox 2020 3229 2199 3277; x_wconf 87' lang='lat' dir='ltr'><strong>morte</strong></span> <span class='ocrx_word' id='word_1_546' title='bbox 2244 3235 2345 3275; x_wconf 86' lang='lat' dir='ltr'><strong>sua</strong></span> <span class='ocrx_word' id='word_1_547' title='bbox 2399 3218 2552 3275; x_wconf 88' lang='lat' dir='ltr'><strong>dedit</strong></span> <span class='ocrx_word' id='word_1_548' title='bbox 2600 3223 2778 3289; x_wconf 88' lang='lat' dir='ltr'><strong>pater,</strong></span> <span class='ocrx_word' id='word_1_549' title='bbox 2815 3226 2876 3272; x_wconf 89' lang='lat' dir='ltr'><strong>ut</strong></span> <span class='ocrx_word' id='word_1_550' title='bbox 2932 3216 2987 3272; x_wconf 92' lang='lat' dir='ltr'><strong>in</strong></span> <span class='ocrx_word' id='word_1_551' title='bbox 3040 3224 3189 3273; x_wconf 91' lang='lat' dir='ltr'><strong>terra</strong></span> <span class='ocrx_word' id='word_1_552' title='bbox 3240 3213 3604 3284; x_wconf 88' lang='lat' dir='ltr'><strong>progredercr</strong></span> 
     </span>
    </p>
   </div>
   <div class='ocr_carea' id='block_1_77' title="bbox 2021 3304 3602 3384">
    <p class='ocr_par' dir='ltr' id='par_1_77' title="bbox 2021 3304 3602 3384">
     <span class='ocr_line' id='line_1_77' title="bbox 2021 3304 3602 3384; baseline -0.004 -17"><span class='ocrx_word' id='word_1_553' title='bbox 2021 3328 2195 3384; x_wconf 87' lang='lat' dir='ltr'><strong>usque</strong></span> <span class='ocrx_word' id='word_1_554' title='bbox 2242 3312 2374 3368; x_wconf 86' lang='lat' dir='ltr'><strong>dum</strong></span> <span class='ocrx_word' id='word_1_555' title='bbox 2406 3308 2477 3365; x_wconf 89' lang='lat' dir='ltr'><strong>ad</strong></span> <span class='ocrx_word' id='word_1_556' title='bbox 2497 3309 3045 3378; x_wconf 83' lang='lat' dir='ltr'><strong>marepertingerem,</strong></span> <span class='ocrx_word' id='word_1_557' title='bbox 3076 3304 3434 3375; x_wconf 85' lang='lat' dir='ltr'><strong>videremque</strong></span> <span class='ocrx_word' id='word_1_558' title='bbox 3460 3319 3602 3373; x_wconf 49' lang='lat' dir='ltr'><strong>quo-</strong></span> 
     </span>
    </p>
   </div>
   <div class='ocr_carea' id='block_1_78' title="bbox 2020 3395 3602 3470">
    <p class='ocr_par' dir='ltr' id='par_1_78' title="bbox 2020 3395 3602 3470">
     <span class='ocr_line' id='line_1_78' title="bbox 2020 3395 3602 3470; baseline -0.004 -11"><span class='ocrx_word' id='word_1_559' title='bbox 2020 3405 2184 3460; x_wconf 87' lang='lat' dir='ltr'><strong>modo</strong></span> <span class='ocrx_word' id='word_1_560' title='bbox 2226 3418 2288 3459; x_wconf 89' lang='lat' dir='ltr'><strong>se</strong></span> <span class='ocrx_word' id='word_1_561' title='bbox 2334 3402 2563 3459; x_wconf 81' lang='lat' dir='ltr'><strong>haberet</strong></span> <span class='ocrx_word' id='word_1_562' title='bbox 2606 3408 2753 3457; x_wconf 89' lang='lat' dir='ltr'><strong>terra</strong></span> <span class='ocrx_word' id='word_1_563' title='bbox 2797 3398 3031 3470; x_wconf 83' lang='lat' dir='ltr'><strong>ejusque</strong></span> <span class='ocrx_word' id='word_1_564' title='bbox 3073 3397 3226 3453; x_wconf 81' lang='lat' dir='ltr'><strong>ﬂuvii</strong></span> <span class='ocrx_word' id='word_1_565' title='bbox 3289 3412 3356 3453; x_wconf 84' lang='lat' dir='ltr'><strong>ac</strong></span> <span class='ocrx_word' id='word_1_566' title='bbox 3409 3395 3602 3462; x_wconf 86' lang='lat' dir='ltr'><strong>valles,</strong></span> 
     </span>
    </p>
   </div>
   <div class='ocr_carea' id='block_1_79' title="bbox 2021 3489 3604 3563">
    <p class='ocr_par' dir='ltr' id='par_1_79' title="bbox 2021 3489 3604 3563">
     <span class='ocr_line' id='line_1_79' title="bbox 2021 3489 3604 3563; baseline -0.005 -10"><span class='ocrx_word' id='word_1_567' title='bbox 2021 3508 2138 3553; x_wconf 86' lang='lat' dir='ltr'><strong>tum</strong></span> <span class='ocrx_word' id='word_1_568' title='bbox 2172 3494 2243 3551; x_wconf 88' lang='lat' dir='ltr'><strong>ad</strong></span> <span class='ocrx_word' id='word_1_569' title='bbox 2301 3509 2402 3551; x_wconf 90' lang='lat' dir='ltr'><strong>vos</strong></span> <span class='ocrx_word' id='word_1_570' title='bbox 2449 3502 2781 3549; x_wconf 88' lang='lat' dir='ltr'><strong>reverterer.</strong></span> <span class='ocrx_word' id='word_1_571' title='bbox 2818 3489 3056 3547; x_wconf 79' lang='lat' dir='ltr'><strong>Uxorem</strong></span> <span class='ocrx_word' id='word_1_572' title='bbox 3106 3505 3240 3563; x_wconf 90' lang='lat' dir='ltr'><strong>ergo</strong></span> <span class='ocrx_word' id='word_1_573' title='bbox 3285 3505 3351 3546; x_wconf 89' lang='lat' dir='ltr'><strong>ac</strong></span> <span class='ocrx_word' id='word_1_574' title='bbox 3398 3489 3604 3548; x_wconf 87' lang='lat' dir='ltr'><strong>liberos</strong></span> 
     </span>
    </p>
   </div>
   <div class='ocr_carea' id='block_1_80' title="bbox 2023 3581 3597 3657">
    <p class='ocr_par' dir='ltr' id='par_1_80' title="bbox 2023 3581 3597 3657">
     <span class='ocr_line' id='line_1_80' title="bbox 2023 3581 3597 3657; baseline -0.009 -10"><span class='ocrx_word' id='word_1_575' title='bbox 2023 3605 2175 3646; x_wconf 86' lang='lat' dir='ltr'><strong>meos</strong></span> <span class='ocrx_word' id='word_1_576' title='bbox 2234 3586 2378 3655; x_wconf 80' lang='lat' dir='ltr'><strong>apud</strong></span> <span class='ocrx_word' id='word_1_577' title='bbox 2431 3602 2530 3642; x_wconf 91' lang='lat' dir='ltr'><strong>vos</strong></span> <span class='ocrx_word' id='word_1_578' title='bbox 2588 3586 2859 3657; x_wconf 87' lang='lat' dir='ltr'><strong>relinquo,</strong></span> <span class='ocrx_word' id='word_1_579' title='bbox 2917 3600 3057 3655; x_wconf 84' lang='lat' dir='ltr'><strong>quos</strong></span> <span class='ocrx_word' id='word_1_580' title='bbox 3118 3581 3353 3639; x_wconf 83' lang='lat' dir='ltr'><strong>servetis</strong></span> <span class='ocrx_word' id='word_1_581' title='bbox 3433 3583 3597 3639; x_wconf 86' lang='lat' dir='ltr'><strong>velim</strong></span> 
     </span>
    </p>
   </div>
   <div class='ocr_carea' id='block_1_81' title="bbox 2021 3674 3599 3752">
    <p class='ocr_par' dir='ltr' id='par_1_81' title="bbox 2021 3674 3599 3752">
     <span class='ocr_line' id='line_1_81' title="bbox 2021 3674 3599 3752; baseline -0.006 -14"><span class='ocrx_word' id='word_1_582' title='bbox 2021 3698 2197 3752; x_wconf 85' lang='lat' dir='ltr'><strong>usque</strong></span> <span class='ocrx_word' id='word_1_583' title='bbox 2243 3681 2375 3736; x_wconf 91' lang='lat' dir='ltr'><strong>dum</strong></span> <span class='ocrx_word' id='word_1_584' title='bbox 2422 3683 2489 3734; x_wconf 82' lang='lat' dir='ltr'><strong>ad</strong></span> <span class='ocrx_word' id='word_1_585' title='bbox 2523 3695 2622 3735; x_wconf 87' lang='lat' dir='ltr'><strong>vos</strong></span> <span class='ocrx_word' id='word_1_586' title='bbox 2667 3687 2952 3743; x_wconf 89' lang='lat' dir='ltr'><strong>revertar;</strong></span> <span class='ocrx_word' id='word_1_587' title='bbox 2991 3676 3229 3732; x_wconf 73' lang='lat' dir='ltr'><strong>Phaleko</strong></span> <span class='ocrx_word' id='word_1_588' title='bbox 3281 3683 3463 3730; x_wconf 87' lang='lat' dir='ltr'><strong>autem</strong></span> <span class='ocrx_word' id='word_1_589' title='bbox 3498 3674 3599 3729; x_wconf 88' lang='lat' dir='ltr'><strong>di-</strong></span> 
     </span>
    </p>
   </div>
   <div class='ocr_carea' id='block_1_82' title="bbox 2024 3766 3598 3834">
    <p class='ocr_par' dir='ltr' id='par_1_82' title="bbox 2024 3766 3598 3834">
     <span class='ocr_line' id='line_1_82' title="bbox 2024 3766 3598 3834; baseline -0.008 -3"><span class='ocrx_word' id='word_1_590' title='bbox 2024 3777 2103 3831; x_wconf 88' lang='lat' dir='ltr'><strong>xit</strong></span> <span class='ocrx_word' id='word_1_591' title='bbox 2137 3796 2151 3830; x_wconf 88' lang='lat'><strong>:</strong></span> <span class='ocrx_word' id='word_1_592' title='bbox 2193 3772 2340 3831; x_wconf 83' lang='lat' dir='ltr'><strong>Cede</strong></span> <span class='ocrx_word' id='word_1_593' title='bbox 2380 3772 2515 3828; x_wconf 86' lang='lat' dir='ltr'><strong>mihi</strong></span> <span class='ocrx_word' id='word_1_594' title='bbox 2566 3770 2741 3826; x_wconf 87' lang='lat' dir='ltr'><strong>lilium</strong></span> <span class='ocrx_word' id='word_1_595' title='bbox 2779 3780 2931 3825; x_wconf 89' lang='lat' dir='ltr'><strong>tuum</strong></span> <span class='ocrx_word' id='word_1_596' title='bbox 2983 3766 3447 3824; x_wconf 72' lang='lat' dir='ltr'><strong>Melchisedeimm</strong></span> <span class='ocrx_word' id='word_1_597' title='bbox 3504 3767 3598 3834; x_wconf 86' lang='lat' dir='ltr'><strong>qui</strong></span> 
     </span>
    </p>
   </div>
   <div class='ocr_carea' id='block_1_83' title="bbox 2023 3860 3603 3931">
    <p class='ocr_par' dir='ltr' id='par_1_83' title="bbox 2023 3860 3603 3931">
     <span class='ocr_line' id='line_1_83' title="bbox 2023 3860 3603 3931; baseline -0.008 -6"><span class='ocrx_word' id='word_1_598' title='bbox 2023 3869 2159 3925; x_wconf 86' lang='lat' dir='ltr'><strong>mihi</strong></span> <span class='ocrx_word' id='word_1_599' title='bbox 2206 3866 2411 3923; x_wconf 82' lang='lat' dir='ltr'><strong>auxilio</strong></span> <span class='ocrx_word' id='word_1_600' title='bbox 2446 3867 2523 3923; x_wconf 90' lang='lat' dir='ltr'><strong>sit</strong></span> <span class='ocrx_word' id='word_1_601' title='bbox 2563 3867 2617 3921; x_wconf 90' lang='lat' dir='ltr'><strong>in</strong></span> <span class='ocrx_word' id='word_1_602' title='bbox 2664 3864 2780 3922; x_wconf 86' lang='lat' dir='ltr'><strong>via.</strong></span> <span class='ocrx_word' id='word_1_603' title='bbox 2810 3861 2950 3920; x_wconf 84' lang='lat' dir='ltr'><strong>Cum</strong></span> <span class='ocrx_word' id='word_1_604' title='bbox 2980 3876 3139 3931; x_wconf 84' lang='lat' dir='ltr'><strong>ergo,</strong></span> <span class='ocrx_word' id='word_1_605' title='bbox 3184 3860 3483 3929; x_wconf 87' lang='lat' dir='ltr'><strong>assumptis</strong></span> <span class='ocrx_word' id='word_1_606' title='bbox 3515 3873 3603 3913; x_wconf 80' lang='lat' dir='ltr'><strong>sc-</strong></span> 
     </span>
    </p>
   </div>
   <div class='ocr_carea' id='block_1_84' title="bbox 2021 3944 3603 4030">
    <p class='ocr_par' dir='ltr' id='par_1_84' title="bbox 2021 3944 3603 4030">
     <span class='ocr_line' id='line_1_84' title="bbox 2021 3944 3603 4030; baseline -0.006 -14"><span class='ocrx_word' id='word_1_607' title='bbox 2021 3977 2147 4016; x_wconf 82' lang='lat' dir='ltr'><strong>cutn</strong></span> <span class='ocrx_word' id='word_1_608' title='bbox 2196 3959 2392 4017; x_wconf 76' lang='lat' dir='ltr'><strong>Adami</strong></span> <span class='ocrx_word' id='word_1_609' title='bbox 2433 3971 2667 4030; x_wconf 85' lang='lat' dir='ltr'><strong>corpore</strong></span> <span class='ocrx_word' id='word_1_610' title='bbox 2699 3965 2755 4013; x_wconf 86' lang='lat' dir='ltr'><strong>et</strong></span> <span class='ocrx_word' id='word_1_611' title='bbox 2813 3955 3278 4027; x_wconf 60' lang='lat' dir='ltr'><strong>Melchisedecho,</strong></span> <span class='ocrx_word' id='word_1_612' title='bbox 3324 3944 3603 4025; x_wconf 45' lang='lat' dir='ltr'><strong>prof-dus</strong></span> 
     </span>
    </p>
   </div>
   <div class='ocr_carea' id='block_1_85' title="bbox 2022 4046 3603 4120">
    <p class='ocr_par' dir='ltr' id='par_1_85' title="bbox 2022 4046 3603 4120">
     <span class='ocr_line' id='line_1_85' title="bbox 2022 4046 3603 4120; baseline -0.006 -11"><span class='ocrx_word' id='word_1_613' title='bbox 2022 4061 2172 4109; x_wconf 81' lang='lat' dir='ltr'><strong>esset</strong></span> <span class='ocrx_word' id='word_1_614' title='bbox 2221 4049 2374 4116; x_wconf 88' lang='lat' dir='ltr'><strong>Scm,</strong></span> <span class='ocrx_word' id='word_1_615' title='bbox 2398 4050 2648 4107; x_wconf 90' lang='lat' dir='ltr'><strong>occurrit</strong></span> <span class='ocrx_word' id='word_1_616' title='bbox 2687 4050 2826 4119; x_wconf 83' lang='lat' dir='ltr'><strong>ipsis</strong></span> <span class='ocrx_word' id='word_1_617' title='bbox 2854 4049 3082 4120; x_wconf 88' lang='lat' dir='ltr'><strong>angelus</strong></span> <span class='ocrx_word' id='word_1_618' title='bbox 3116 4046 3362 4110; x_wconf 89' lang='lat' dir='ltr'><strong>Domini,</strong></span> <span class='ocrx_word' id='word_1_619' title='bbox 3398 4061 3500 4101; x_wconf 88' lang='lat' dir='ltr'><strong>nec</strong></span> <span class='ocrx_word' id='word_1_620' title='bbox 3532 4047 3603 4100; x_wconf 87' lang='lat' dir='ltr'><strong>ab</strong></span> 
     </span>
    </p>
   </div>
   <div class='ocr_carea' id='block_1_86' title="bbox 2023 4139 3599 4214">
    <p class='ocr_par' dir='ltr' id='par_1_86' title="bbox 2023 4139 3599 4214">
     <span class='ocr_line' id='line_1_86' title="bbox 2023 4139 3599 4214; baseline -0.007 -13"><span class='ocrx_word' id='word_1_621' title='bbox 2023 4146 2162 4214; x_wconf 85' lang='lat' dir='ltr'><strong>ipsis</strong></span> <span class='ocrx_word' id='word_1_622' title='bbox 2210 4143 2487 4208; x_wconf 86' lang='lat' dir='ltr'><strong>discessit,</strong></span> <span class='ocrx_word' id='word_1_623' title='bbox 2538 4141 2715 4198; x_wconf 89' lang='lat' dir='ltr'><strong>donec</strong></span> <span class='ocrx_word' id='word_1_624' title='bbox 2761 4140 2845 4196; x_wconf 91' lang='lat' dir='ltr'><strong>eis</strong></span> <span class='ocrx_word' id='word_1_625' title='bbox 2879 4141 2947 4195; x_wconf 88' lang='lat' dir='ltr'><strong>ad</strong></span> <span class='ocrx_word' id='word_1_626' title='bbox 2996 4139 3233 4194; x_wconf 86' lang='lat' dir='ltr'><strong>medium</strong></span> <span class='ocrx_word' id='word_1_627' title='bbox 3280 4146 3440 4195; x_wconf 61' lang='lat' dir='ltr'><strong>terra</strong></span> <span class='ocrx_word' id='word_1_628' title='bbox 3473 4154 3599 4207; x_wconf 88' lang='lat' dir='ltr'><strong>per-</strong></span> 
     </span>
    </p>
   </div>
   <div class='ocr_carea' id='block_1_87' title="bbox 2024 4234 3602 4304">
    <p class='ocr_par' dir='ltr' id='par_1_87' title="bbox 2024 4234 3602 4304">
     <span class='ocr_line' id='line_1_87' title="bbox 2024 4234 3602 4304; baseline -0.004 -12"><span class='ocrx_word' id='word_1_629' title='bbox 2024 4239 2205 4296; x_wconf 88' lang='lat' dir='ltr'><strong>ductis</strong></span> <span class='ocrx_word' id='word_1_630' title='bbox 2255 4237 2439 4293; x_wconf 91' lang='lat' dir='ltr'><strong>locum</strong></span> <span class='ocrx_word' id='word_1_631' title='bbox 2471 4236 2843 4303; x_wconf 86' lang='lat' dir='ltr'><strong>ostendisset;</strong></span> <span class='ocrx_word' id='word_1_632' title='bbox 2883 4235 2971 4290; x_wconf 92' lang='lat' dir='ltr'><strong>cui</strong></span> <span class='ocrx_word' id='word_1_633' title='bbox 3002 4248 3127 4291; x_wconf 89' lang='lat' dir='ltr'><strong>cum</strong></span> <span class='ocrx_word' id='word_1_634' title='bbox 3171 4247 3380 4304; x_wconf 89' lang='lat' dir='ltr'><strong>corpus</strong></span> <span class='ocrx_word' id='word_1_635' title='bbox 3411 4234 3602 4288; x_wconf 75' lang='lat' dir='ltr'><strong>Adami</strong></span> 
     </span>
    </p>
   </div>
   <div class='ocr_carea' id='block_1_88' title="bbox 3406 4325 3604 4379">
    <p class='ocr_par' dir='ltr' id='par_1_88' title="bbox 3406 4325 3604 4379">
     <span class='ocr_line' id='line_1_88' title="bbox 3406 4325 3604 4379; baseline 0.01 -2"><span class='ocrx_word' id='word_1_636' title='bbox 3406 4325 3604 4379; x_wconf 82' lang='lat' dir='ltr'><strong>deinde</strong></span> 
     </span>
    </p>
   </div>
   <div class='ocr_carea' id='block_1_89' title="bbox 340 4400 3599 4493">
    <p class='ocr_par' dir='ltr' id='par_1_89' title="bbox 340 4400 3599 4493">
     <span class='ocr_line' id='line_1_89' title="bbox 340 4400 3599 4493; baseline 0.001 -26"><span class='ocrx_word' id='word_1_637' title='bbox 340 4415 511 4468; x_wconf 84' lang='lat' dir='ltr'><strong>istum</strong></span> <span class='ocrx_word' id='word_1_638' title='bbox 564 4418 727 4468; x_wconf 63' lang='lat' dir='ltr'><strong>terra</strong></span> <span class='ocrx_word' id='word_1_639' title='bbox 778 4411 1020 4470; x_wconf 83' lang='lat' dir='ltr'><strong>medium</strong></span> <span class='ocrx_word' id='word_1_640' title='bbox 1067 4429 1213 4473; x_wconf 85' lang='lat' dir='ltr'><strong>esse.</strong></span> <span class='ocrx_word' id='word_1_641' title='bbox 1246 4410 1375 4471; x_wconf 80' lang='lat' dir='ltr'><strong>llaec</strong></span> <span class='ocrx_word' id='word_1_642' title='bbox 1404 4431 1531 4473; x_wconf 89' lang='lat' dir='ltr'><strong>cum</strong></span> <span class='ocrx_word' id='word_1_643' title='bbox 1581 4415 1747 4472; x_wconf 78' lang='lat' dir='ltr'><strong>Semo</strong></span> <span class='ocrx_word' id='word_1_644' title='bbox 1776 4432 1921 4490; x_wconf 70' lang='lat' dir='ltr'><strong>pra-</strong></span> <span class='ocrx_word' id='word_1_645' title='bbox 1949 4400 1998 4460; x_wconf 74' lang='grc' dir='ltr'><strong>Ῑ)</strong></span> <span class='ocrx_word' id='word_1_646' title='bbox 2025 4400 2282 4493; x_wconf 84' lang='lat' dir='ltr'><strong>deposito</strong></span> <span class='ocrx_word' id='word_1_647' title='bbox 2330 4422 2387 4476; x_wconf 91' lang='lat' dir='ltr'><strong>in</strong></span> <span class='ocrx_word' id='word_1_648' title='bbox 2433 4421 2554 4492; x_wconf 88' lang='lat' dir='ltr'><strong>ipso</strong></span> <span class='ocrx_word' id='word_1_649' title='bbox 2600 4432 2857 4489; x_wconf 81' lang='lat' dir='ltr'><strong>corpore,</strong></span> <span class='ocrx_word' id='word_1_650' title='bbox 2913 4432 3139 4473; x_wconf 87' lang='lat' dir='ltr'><strong>rursum</strong></span> <span class='ocrx_word' id='word_1_651' title='bbox 3188 4416 3446 4474; x_wconf 85' lang='lat' dir='ltr'><strong>occlusus</strong></span> <span class='ocrx_word' id='word_1_652' title='bbox 3493 4426 3599 4472; x_wconf 83' lang='lat' dir='ltr'><strong>est.</strong></span> 
     </span>
    </p>
   </div>
   <div class='ocr_carea' id='block_1_90' title="bbox 340 4503 1917 4575">
    <p class='ocr_par' dir='ltr' id='par_1_90' title="bbox 340 4503 1917 4575">
     <span class='ocr_line' id='line_1_90' title="bbox 340 4503 1917 4575; baseline 0.002 -13"><span class='ocrx_word' id='word_1_653' title='bbox 340 4506 601 4575; x_wconf 76' lang='lat' dir='ltr'><strong>cepisset,</strong></span> <span class='ocrx_word' id='word_1_654' title='bbox 653 4515 904 4562; x_wconf 87' lang='lat' dir='ltr'><strong>mortuas</strong></span> <span class='ocrx_word' id='word_1_655' title='bbox 942 4515 1027 4562; x_wconf 88' lang='lat' dir='ltr'><strong>est</strong></span> <span class='ocrx_word' id='word_1_656' title='bbox 1078 4506 1255 4573; x_wconf 78' lang='lat' dir='ltr'><strong>Noab,</strong></span> <span class='ocrx_word' id='word_1_657' title='bbox 1308 4509 1401 4564; x_wconf 85' lang='lat' dir='ltr'><strong>die</strong></span> <span class='ocrx_word' id='word_1_658' title='bbox 1448 4503 1730 4574; x_wconf 70' lang='lat' dir='ltr'><strong>Mercurii,</strong></span> <span class='ocrx_word' id='word_1_659' title='bbox 1783 4511 1917 4566; x_wconf 86' lang='lat' dir='ltr'><strong>hora</strong></span> 
     </span>
    </p>
   </div>
   <div class='ocr_carea' id='block_1_91' title="bbox 341 4597 1924 4673">
    <p class='ocr_par' dir='ltr' id='par_1_91' title="bbox 341 4597 1924 4673">
     <span class='ocr_line' id='line_1_91' title="bbox 341 4597 1924 4673; baseline 0.004 -21"><span class='ocrx_word' id='word_1_660' title='bbox 341 4597 452 4653; x_wconf 85' lang='lat' dir='ltr'><strong>diei</strong></span> <span class='ocrx_word' id='word_1_661' title='bbox 501 4597 770 4661; x_wconf 86' lang='lat' dir='ltr'><strong>secunda,</strong></span> <span class='ocrx_word' id='word_1_662' title='bbox 804 4598 1051 4655; x_wconf 87' lang='lat' dir='ltr'><strong>secundo</strong></span> <span class='ocrx_word' id='word_1_663' title='bbox 1094 4601 1305 4655; x_wconf 89' lang='lat' dir='ltr'><strong>mensis</strong></span> <span class='ocrx_word' id='word_1_664' title='bbox 1334 4601 1501 4673; x_wconf 75' lang='lat' dir='ltr'><strong>Ayar,</strong></span> <span class='ocrx_word' id='word_1_665' title='bbox 1536 4601 1629 4671; x_wconf 89' lang='lat' dir='ltr'><strong>qui</strong></span> <span class='ocrx_word' id='word_1_666' title='bbox 1660 4602 1805 4657; x_wconf 86' lang='lat' dir='ltr'><strong>idem</strong></span> <span class='ocrx_word' id='word_1_667' title='bbox 1838 4614 1924 4658; x_wconf 86' lang='lat' dir='ltr'><strong>est</strong></span> 
     </span>
    </p>
   </div>
   <div class='ocr_carea' id='block_1_92' title="bbox 350 4682 1920 4759">
    <p class='ocr_par' dir='ltr' id='par_1_92' title="bbox 350 4682 1920 4759">
     <span class='ocr_line' id='line_1_92' title="bbox 350 4682 1920 4759; baseline 0.003 -17"><span class='ocrx_word' id='word_1_668' title='bbox 350 4701 416 4742; x_wconf 89' lang='lat' dir='ltr'><strong>ac</strong></span> <span class='ocrx_word' id='word_1_669' title='bbox 472 4682 760 4756; x_wconf 74' lang='lat' dir='ltr'><strong>Basbnes;</strong></span> <span class='ocrx_word' id='word_1_670' title='bbox 797 4688 1015 4759; x_wconf 73' lang='lat' dir='ltr'><strong>fuitque</strong></span> <span class='ocrx_word' id='word_1_671' title='bbox 1064 4684 1405 4755; x_wconf 72' lang='lat' dir='ltr'><strong>vita-Noahi</strong></span> <span class='ocrx_word' id='word_1_672' title='bbox 1456 4705 1725 4747; x_wconf 85' lang='lat' dir='ltr'><strong>annorum</strong></span> <span class='ocrx_word' id='word_1_673' title='bbox 1777 4708 1920 4750; x_wconf 85' lang='lat' dir='ltr'><strong>non-</strong></span> 
     </span>
    </p>
   </div>
   <div class='ocr_carea' id='block_1_93' title="bbox 341 4780 1922 4854">
    <p class='ocr_par' dir='ltr' id='par_1_93' title="bbox 341 4780 1922 4854">
     <span class='ocr_line' id='line_1_93' title="bbox 341 4780 1922 4854; baseline 0.003 -19"><span class='ocrx_word' id='word_1_674' title='bbox 341 4789 633 4852; x_wconf 80' lang='lat' dir='ltr'><strong>gentorum</strong></span> <span class='ocrx_word' id='word_1_675' title='bbox 668 4782 1088 4852; x_wconf 79' lang='lat' dir='ltr'><strong>quinquaginta.</strong></span> <span class='ocrx_word' id='word_1_676' title='bbox 1120 4780 1365 4854; x_wconf 81' lang='lat' dir='ltr'><strong>Contigit</strong></span> <span class='ocrx_word' id='word_1_677' title='bbox 1408 4794 1588 4841; x_wconf 85' lang='lat' dir='ltr'><strong>autem</strong></span> <span class='ocrx_word' id='word_1_678' title='bbox 1626 4783 1731 4839; x_wconf 91' lang='lat' dir='ltr'><strong>hoc</strong></span> <span class='ocrx_word' id='word_1_679' title='bbox 1776 4799 1922 4839; x_wconf 90' lang='lat' dir='ltr'><strong>anno</strong></span> 
     </span>
    </p>
   </div>
   <div class='ocr_carea' id='block_1_94' title="bbox 341 4869 1924 4945">
    <p class='ocr_par' dir='ltr' id='par_1_94' title="bbox 341 4869 1924 4945">
     <span class='ocr_line' id='line_1_94' title="bbox 341 4869 1924 4945; baseline 0.003 -20"><span class='ocrx_word' id='word_1_680' title='bbox 341 4871 523 4926; x_wconf 60' lang='lat' dir='ltr'><strong>atatis</strong></span> <span class='ocrx_word' id='word_1_681' title='bbox 547 4869 697 4933; x_wconf 74' lang='lat' dir='ltr'><strong>Seni</strong></span> <span class='ocrx_word' id='word_1_682' title='bbox 722 4871 1275 4943; x_wconf 80' lang='lat' dir='ltr'><strong>quadringentesimo</strong></span> <span class='ocrx_word' id='word_1_683' title='bbox 1297 4870 1774 4945; x_wconf 78' lang='lat' dir='ltr'><strong>quimptagesimo.</strong></span> <span class='ocrx_word' id='word_1_684' title='bbox 1799 4872 1924 4929; x_wconf 86' lang='lat' dir='ltr'><strong>Pol-</strong></span> 
     </span>
    </p>
   </div>
   <div class='ocr_carea' id='block_1_95' title="bbox 344 4965 1922 5042">
    <p class='ocr_par' dir='ltr' id='par_1_95' title="bbox 344 4965 1922 5042">
     <span class='ocr_line' id='line_1_95' title="bbox 344 4965 1922 5042; baseline 0.003 -21"><span class='ocrx_word' id='word_1_685' title='bbox 344 4965 575 5035; x_wconf 67' lang='lat' dir='ltr'><strong>linctum</strong></span> <span class='ocrx_word' id='word_1_686' title='bbox 598 4979 734 5036; x_wconf 85' lang='lat' dir='ltr'><strong>ergo</strong></span> <span class='ocrx_word' id='word_1_687' title='bbox 760 4965 940 5037; x_wconf 83' lang='lat' dir='ltr'><strong>ipsum</strong></span> <span class='ocrx_word' id='word_1_688' title='bbox 970 4967 1305 5040; x_wconf 81' lang='lat' dir='ltr'><strong>sepelierunt</strong></span> <span class='ocrx_word' id='word_1_689' title='bbox 1346 4966 1595 5041; x_wconf 58' lang='lat'><strong>‘5-57</strong></span> <span class='ocrx_word' id='word_1_690' title='bbox 1626 4968 1727 5025; x_wconf 78' lang='lat' dir='ltr'><strong>diil</strong></span> <span class='ocrx_word' id='word_1_691' title='bbox 1745 4969 1922 5042; x_wconf 81' lang='lat' dir='ltr'><strong>ipsius</strong></span> 
     </span>
    </p>
   </div>
   <div class='ocr_carea' id='block_1_96' title="bbox 346 5054 1923 5132">
    <p class='ocr_par' dir='ltr' id='par_1_96' title="bbox 346 5054 1923 5132">
     <span class='ocr_line' id='line_1_96' title="bbox 346 5054 1923 5132; baseline 0.004 -20"><span class='ocrx_word' id='word_1_692' title='bbox 346 5057 497 5123; x_wconf 78' lang='lat' dir='ltr'><strong>Sera,</strong></span> <span class='ocrx_word' id='word_1_693' title='bbox 529 5054 691 5123; x_wconf 76' lang='lat' dir='ltr'><strong>llam,</strong></span> <span class='ocrx_word' id='word_1_694' title='bbox 740 5067 797 5114; x_wconf 88' lang='lat' dir='ltr'><strong>et</strong></span> <span class='ocrx_word' id='word_1_695' title='bbox 830 5055 1049 5131; x_wconf 76' lang='lat' dir='ltr'><strong>Japhet,</strong></span> <span class='ocrx_word' id='word_1_696' title='bbox 1081 5074 1148 5115; x_wconf 87' lang='lat' dir='ltr'><strong>ac</strong></span> <span class='ocrx_word' id='word_1_697' title='bbox 1188 5059 1555 5132; x_wconf 86' lang='lat' dir='ltr'><strong>quadraginta</strong></span> <span class='ocrx_word' id='word_1_698' title='bbox 1608 5060 1728 5117; x_wconf 86' lang='lat' dir='ltr'><strong>dies</strong></span> <span class='ocrx_word' id='word_1_699' title='bbox 1764 5058 1923 5132; x_wconf 88' lang='lat' dir='ltr'><strong>plan-</strong></span> 
     </span>
    </p>
   </div>
   <div class='ocr_carea' id='block_1_97' title="bbox 343 5143 1924 5223">
    <p class='ocr_par' dir='ltr' id='par_1_97' title="bbox 343 5143 1924 5223">
     <span class='ocr_line' id='line_1_97' title="bbox 343 5143 1924 5223; baseline 0.003 -18"><span class='ocrx_word' id='word_1_700' title='bbox 343 5157 570 5205; x_wconf 78' lang='lat' dir='ltr'><strong>xerunt.</strong></span> <span class='ocrx_word' id='word_1_701' title='bbox 598 5143 799 5205; x_wconf 74' lang='lat' dir='ltr'><strong>Totdm</strong></span> <span class='ocrx_word' id='word_1_702' title='bbox 845 5161 1030 5208; x_wconf 87' lang='lat' dir='ltr'><strong>autem</strong></span> <span class='ocrx_word' id='word_1_703' title='bbox 1086 5152 1234 5223; x_wconf 88' lang='lat' dir='ltr'><strong>quod</strong></span> <span class='ocrx_word' id='word_1_704' title='bbox 1285 5151 1426 5207; x_wconf 88' lang='lat' dir='ltr'><strong>vixit</strong></span> <span class='ocrx_word' id='word_1_705' title='bbox 1458 5149 1608 5217; x_wconf 84' lang='lat' dir='ltr'><strong>Sem,</strong></span> <span class='ocrx_word' id='word_1_706' title='bbox 1651 5168 1924 5215; x_wconf 84' lang='lat' dir='ltr'><strong>annorum</strong></span> 
     </span>
    </p>
   </div>
   <div class='ocr_carea' id='block_1_98' title="bbox 338 5242 1927 5314">
    <p class='ocr_par' dir='ltr' id='par_1_98' title="bbox 338 5242 1927 5314">
     <span class='ocr_line' id='line_1_98' title="bbox 338 5242 1927 5314; baseline 0.003 -19"><span class='ocrx_word' id='word_1_707' title='bbox 338 5247 461 5295; x_wconf 88' lang='lat' dir='ltr'><strong>erat</strong></span> <span class='ocrx_word' id='word_1_708' title='bbox 490 5249 921 5309; x_wconf 81' lang='lat' dir='ltr'><strong>sexcentarum;</strong></span> <span class='ocrx_word' id='word_1_709' title='bbox 952 5255 1187 5314; x_wconf 87' lang='lat' dir='ltr'><strong>quorum</strong></span> <span class='ocrx_word' id='word_1_710' title='bbox 1219 5254 1439 5299; x_wconf 86' lang='lat' dir='ltr'><strong>centum</strong></span> <span class='ocrx_word' id='word_1_711' title='bbox 1469 5250 1601 5299; x_wconf 89' lang='lat' dir='ltr'><strong>ante</strong></span> <span class='ocrx_word' id='word_1_712' title='bbox 1635 5242 1927 5311; x_wconf 83' lang='lat' dir='ltr'><strong>diluvium,</strong></span> 
     </span>
    </p>
   </div>
   <div class='ocr_carea' id='block_1_99' title="bbox 325 5333 1929 5408">
    <p class='ocr_par' dir='ltr' id='par_1_99' title="bbox 325 5333 1929 5408">
     <span class='ocr_line' id='line_1_99' title="bbox 325 5333 1929 5408; baseline 0.001 -21"><span class='ocrx_word' id='word_1_713' title='bbox 325 5340 477 5404; x_wconf 66' lang='lat' dir='ltr'><strong>&#39;post</strong></span> <span class='ocrx_word' id='word_1_714' title='bbox 520 5333 790 5389; x_wconf 86' lang='lat' dir='ltr'><strong>diluvium</strong></span> <span class='ocrx_word' id='word_1_715' title='bbox 826 5335 1136 5405; x_wconf 84' lang='lat' dir='ltr'><strong>quingenti.</strong></span> <span class='ocrx_word' id='word_1_716' title='bbox 1169 5335 1626 5408; x_wconf 78' lang='lat' dir='ltr'><strong>Arpbachshado,</strong></span> <span class='ocrx_word' id='word_1_717' title='bbox 1672 5345 1799 5405; x_wconf 87' lang='lat' dir='ltr'><strong>post</strong></span> <span class='ocrx_word' id='word_1_718' title='bbox 1828 5352 1929 5390; x_wconf 82' lang='lat' dir='ltr'><strong>an-</strong></span> 
     </span>
    </p>
   </div>
   <div class='ocr_carea' id='block_1_100' title="bbox 349 5425 1927 5499">
    <p class='ocr_par' dir='ltr' id='par_1_100' title="bbox 349 5425 1927 5499">
     <span class='ocr_line' id='line_1_100' title="bbox 349 5425 1927 5499; baseline 0.002 -20"><span class='ocrx_word' id='word_1_719' title='bbox 349 5439 451 5480; x_wconf 90' lang='lat' dir='ltr'><strong>nos</strong></span> <span class='ocrx_word' id='word_1_720' title='bbox 498 5434 719 5483; x_wconf 85' lang='lat' dir='ltr'><strong>centum</strong></span> <span class='ocrx_word' id='word_1_721' title='bbox 779 5428 1009 5496; x_wconf 80' lang='lat' dir='ltr'><strong>triginta</strong></span> <span class='ocrx_word' id='word_1_722' title='bbox 1055 5428 1321 5499; x_wconf 74' lang='lat' dir='ltr'><strong>quinque,</strong></span> <span class='ocrx_word' id='word_1_723' title='bbox 1358 5436 1521 5484; x_wconf 88' lang='lat' dir='ltr'><strong>natus</strong></span> <span class='ocrx_word' id='word_1_724' title='bbox 1564 5436 1647 5482; x_wconf 89' lang='lat' dir='ltr'><strong>est</strong></span> <span class='ocrx_word' id='word_1_725' title='bbox 1679 5425 1927 5495; x_wconf 81' lang='lat' dir='ltr'><strong>Kainan;</strong></span> 
     </span>
    </p>
   </div>
   <div class='ocr_carea' id='block_1_101' title="bbox 343 5519 1922 5589">
    <p class='ocr_par' dir='ltr' id='par_1_101' title="bbox 343 5519 1922 5589">
     <span class='ocr_line' id='line_1_101' title="bbox 343 5519 1922 5589; baseline 0.001 -19"><span class='ocrx_word' id='word_1_726' title='bbox 343 5523 517 5571; x_wconf 87' lang='lat' dir='ltr'><strong>totum</strong></span> <span class='ocrx_word' id='word_1_727' title='bbox 545 5530 729 5573; x_wconf 88' lang='lat' dir='ltr'><strong>autem</strong></span> <span class='ocrx_word' id='word_1_728' title='bbox 754 5519 903 5589; x_wconf 85' lang='lat' dir='ltr'><strong>quod</strong></span> <span class='ocrx_word' id='word_1_729' title='bbox 928 5520 1063 5574; x_wconf 78' lang='lat' dir='ltr'><strong>visit</strong></span> <span class='ocrx_word' id='word_1_730' title='bbox 1090 5519 1484 5588; x_wconf 71' lang='lat' dir='ltr'><strong>Arpbacbshad</strong></span> <span class='ocrx_word' id='word_1_731' title='bbox 1506 5529 1623 5575; x_wconf 88' lang='lat' dir='ltr'><strong>erat</strong></span> <span class='ocrx_word' id='word_1_732' title='bbox 1654 5534 1922 5573; x_wconf 86' lang='lat' dir='ltr'><strong>annorum</strong></span> 
     </span>
    </p>
   </div>
   <div class='ocr_carea' id='block_1_102' title="bbox 344 5609 1921 5683">
    <p class='ocr_par' dir='ltr' id='par_1_102' title="bbox 344 5609 1921 5683">
     <span class='ocr_line' id='line_1_102' title="bbox 344 5609 1921 5683; baseline 0.003 -22"><span class='ocrx_word' id='word_1_733' title='bbox 344 5609 873 5682; x_wconf 85' lang='lat' dir='ltr'><strong>quadringentorum</strong></span> <span class='ocrx_word' id='word_1_734' title='bbox 905 5613 1184 5683; x_wconf 78' lang='lat' dir='ltr'><strong>sexaginta</strong></span> <span class='ocrx_word' id='word_1_735' title='bbox 1214 5613 1478 5683; x_wconf 88' lang='lat' dir='ltr'><strong>quinque.</strong></span> <span class='ocrx_word' id='word_1_736' title='bbox 1514 5609 1767 5665; x_wconf 76' lang='lat' dir='ltr'><strong>Kaiuano</strong></span> <span class='ocrx_word' id='word_1_737' title='bbox 1801 5620 1921 5680; x_wconf 91' lang='lat' dir='ltr'><strong>post</strong></span> 
     </span>
    </p>
   </div>
   <div class='ocr_carea' id='block_1_103' title="bbox 350 5704 1922 5776">
    <p class='ocr_par' dir='ltr' id='par_1_103' title="bbox 350 5704 1922 5776">
     <span class='ocr_line' id='line_1_103' title="bbox 350 5704 1922 5776; baseline -0.001 -17"><span class='ocrx_word' id='word_1_738' title='bbox 350 5716 527 5759; x_wconf 84' lang='lat' dir='ltr'><strong>annos</strong></span> <span class='ocrx_word' id='word_1_739' title='bbox 579 5712 801 5761; x_wconf 85' lang='lat' dir='ltr'><strong>centum</strong></span> <span class='ocrx_word' id='word_1_740' title='bbox 828 5712 883 5761; x_wconf 90' lang='lat' dir='ltr'><strong>ct</strong></span> <span class='ocrx_word' id='word_1_741' title='bbox 930 5706 1155 5776; x_wconf 83' lang='lat' dir='ltr'><strong>triginta</strong></span> <span class='ocrx_word' id='word_1_742' title='bbox 1204 5714 1365 5763; x_wconf 87' lang='lat' dir='ltr'><strong>natus</strong></span> <span class='ocrx_word' id='word_1_743' title='bbox 1399 5714 1481 5762; x_wconf 87' lang='lat' dir='ltr'><strong>est</strong></span> <span class='ocrx_word' id='word_1_744' title='bbox 1514 5704 1789 5770; x_wconf 80' lang='lat' dir='ltr'><strong>Sitaiech;</strong></span> <span class='ocrx_word' id='word_1_745' title='bbox 1841 5716 1922 5760; x_wconf 79' lang='lat' dir='ltr'><strong>to-</strong></span> 
     </span>
    </p>
   </div>
   <div class='ocr_carea' id='block_1_104' title="bbox 2021 4506 3599 4582">
    <p class='ocr_par' dir='ltr' id='par_1_104' title="bbox 2021 4506 3599 4582">
     <span class='ocr_line' id='line_1_104' title="bbox 2021 4506 3599 4582; baseline -0.004 -14"><span class='ocrx_word' id='word_1_746' title='bbox 2021 4511 2231 4570; x_wconf 79' lang='lat' dir='ltr'><strong>Nomen</strong></span> <span class='ocrx_word' id='word_1_747' title='bbox 2276 4523 2453 4567; x_wconf 85' lang='lat' dir='ltr'><strong>autem</strong></span> <span class='ocrx_word' id='word_1_748' title='bbox 2493 4510 2601 4569; x_wconf 89' lang='lat' dir='ltr'><strong>loci</strong></span> <span class='ocrx_word' id='word_1_749' title='bbox 2641 4510 2801 4567; x_wconf 85' lang='lat' dir='ltr'><strong>istius</strong></span> <span class='ocrx_word' id='word_1_750' title='bbox 2835 4518 2922 4567; x_wconf 84' lang='lat' dir='ltr'><strong>est</strong></span> <span class='ocrx_word' id='word_1_751' title='bbox 2956 4506 3211 4579; x_wconf 79' lang='lat' dir='ltr'><strong>Jaljalalt,</strong></span> <span class='ocrx_word' id='word_1_752' title='bbox 3244 4506 3484 4582; x_wconf 56' lang='lat'><strong>59-51</strong></span> <span class='ocrx_word' id='word_1_753' title='bbox 3545 4509 3599 4563; x_wconf 81' lang='lat' dir='ltr'><strong>id</strong></span> 
     </span>
    </p>
   </div>
   <div class='ocr_carea' id='block_1_105' title="bbox 2020 4601 2440 4669">
    <p class='ocr_par' dir='ltr' id='par_1_105' title="bbox 2020 4601 2440 4669">
     <span class='ocr_line' id='line_1_105' title="bbox 2020 4601 2440 4669; baseline -0.007 -11"><span class='ocrx_word' id='word_1_754' title='bbox 2020 4610 2128 4669; x_wconf 87' lang='lat' dir='ltr'><strong>est,</strong></span> <span class='ocrx_word' id='word_1_755' title='bbox 2165 4601 2440 4659; x_wconf 86' lang='lat' dir='ltr'><strong>craniutn.</strong></span> 
     </span>
    </p>
   </div>
   <div class='ocr_carea' id='block_1_106' title="bbox 2094 4688 3605 4765">
    <p class='ocr_par' dir='ltr' id='par_1_106' title="bbox 2094 4688 3605 4765">
     <span class='ocr_line' id='line_1_106' title="bbox 2094 4688 3605 4765; baseline -0.005 -14"><span class='ocrx_word' id='word_1_756' title='bbox 2094 4692 2235 4751; x_wconf 78' lang='lat' dir='ltr'><strong>Tum</strong></span> <span class='ocrx_word' id='word_1_757' title='bbox 2266 4693 2524 4765; x_wconf 70' lang='lat' dir='ltr'><strong>praecepit</strong></span> <span class='ocrx_word' id='word_1_758' title='bbox 2548 4690 2673 4749; x_wconf 84' lang='lat' dir='ltr'><strong>Sem</strong></span> <span class='ocrx_word' id='word_1_759' title='bbox 2700 4688 3099 4749; x_wconf 74' lang='lat' dir='ltr'><strong>Melcliisedeko</strong></span> <span class='ocrx_word' id='word_1_760' title='bbox 3129 4690 3313 4745; x_wconf 87' lang='lat' dir='ltr'><strong>omnia</strong></span> <span class='ocrx_word' id='word_1_761' title='bbox 3344 4705 3467 4760; x_wconf 77' lang='lat' dir='ltr'><strong>quze</strong></span> <span class='ocrx_word' id='word_1_762' title='bbox 3485 4691 3605 4758; x_wconf 82' lang='lat' dir='ltr'><strong>jus-</strong></span> 
     </span>
    </p>
   </div>
   <div class='ocr_carea' id='block_1_107' title="bbox 2024 4770 3604 4863">
    <p class='ocr_par' dir='ltr' id='par_1_107' title="bbox 2024 4770 3604 4863">
     <span class='ocr_line' id='line_1_107' title="bbox 2024 4770 3604 4863; baseline -0.006 -18"><span class='ocrx_word' id='word_1_763' title='bbox 2024 4796 2174 4845; x_wconf 84' lang='lat' dir='ltr'><strong>serat</strong></span> <span class='ocrx_word' id='word_1_764' title='bbox 2202 4787 2379 4863; x_wconf 90' lang='lat' dir='ltr'><strong>ipsum</strong></span> <span class='ocrx_word' id='word_1_765' title='bbox 2415 4782 2591 4850; x_wconf 78' lang='lat' dir='ltr'><strong>Noah,</strong></span> <span class='ocrx_word' id='word_1_766' title='bbox 2622 4784 2811 4841; x_wconf 82' lang='lat' dir='ltr'><strong>dicens</strong></span> <span class='ocrx_word' id='word_1_767' title='bbox 2840 4782 2916 4839; x_wconf 87' lang='lat' dir='ltr'><strong>illi</strong></span> <span class='ocrx_word' id='word_1_768' title='bbox 2950 4798 2966 4837; x_wconf 93' lang='lat'><strong>:</strong></span> <span class='ocrx_word' id='word_1_769' title='bbox 2993 4770 3093 4837; x_wconf 77' lang='lat' dir='ltr'><strong>ilic</strong></span> <span class='ocrx_word' id='word_1_770' title='bbox 3119 4795 3349 4839; x_wconf 87' lang='lat' dir='ltr'><strong>manens</strong></span> <span class='ocrx_word' id='word_1_771' title='bbox 3378 4781 3458 4835; x_wconf 87' lang='lat' dir='ltr'><strong>sis</strong></span> <span class='ocrx_word' id='word_1_772' title='bbox 3494 4780 3604 4836; x_wconf 75' lang='lat' dir='ltr'><strong>Do~</strong></span> 
     </span>
    </p>
   </div>
   <div class='ocr_carea' id='block_1_108' title="bbox 2026 4871 3607 4945">
    <p class='ocr_par' dir='ltr' id='par_1_108' title="bbox 2026 4871 3607 4945">
     <span class='ocr_line' id='line_1_108' title="bbox 2026 4871 3607 4945; baseline -0.006 -12"><span class='ocrx_word' id='word_1_773' title='bbox 2026 4876 2178 4933; x_wconf 83' lang='lat' dir='ltr'><strong>mino</strong></span> <span class='ocrx_word' id='word_1_774' title='bbox 2207 4875 2493 4939; x_wconf 87' lang='lat' dir='ltr'><strong>sacerdos,</strong></span> <span class='ocrx_word' id='word_1_775' title='bbox 2516 4873 2778 4945; x_wconf 88' lang='lat' dir='ltr'><strong>quoniam</strong></span> <span class='ocrx_word' id='word_1_776' title='bbox 2810 4872 2977 4944; x_wconf 83' lang='lat' dir='ltr'><strong>elegit</strong></span> <span class='ocrx_word' id='word_1_777' title='bbox 3007 4878 3063 4929; x_wconf 87' lang='lat' dir='ltr'><strong>te</strong></span> <span class='ocrx_word' id='word_1_778' title='bbox 3087 4871 3354 4927; x_wconf 87' lang='lat' dir='ltr'><strong>Dominus</strong></span> <span class='ocrx_word' id='word_1_779' title='bbox 3384 4872 3450 4926; x_wconf 91' lang='lat' dir='ltr'><strong>ad</strong></span> <span class='ocrx_word' id='word_1_780' title='bbox 3485 4873 3607 4926; x_wconf 91' lang='lat' dir='ltr'><strong>cul-</strong></span> 
     </span>
    </p>
   </div>
   <div class='ocr_carea' id='block_1_109' title="bbox 2028 4963 3605 5038">
    <p class='ocr_par' dir='ltr' id='par_1_109' title="bbox 2028 4963 3605 5038">
     <span class='ocr_line' id='line_1_109' title="bbox 2028 4963 3605 5038; baseline -0.003 -16"><span class='ocrx_word' id='word_1_781' title='bbox 2028 4976 2146 5022; x_wconf 90' lang='lat' dir='ltr'><strong>tum</strong></span> <span class='ocrx_word' id='word_1_782' title='bbox 2174 4967 2279 5023; x_wconf 82' lang='lat' dir='ltr'><strong>sibi</strong></span> <span class='ocrx_word' id='word_1_783' title='bbox 2314 4968 2726 5038; x_wconf 76' lang='lat' dir='ltr'><strong>praestandum;</strong></span> <span class='ocrx_word' id='word_1_784' title='bbox 2756 4974 2925 5037; x_wconf 87' lang='lat' dir='ltr'><strong>atque</strong></span> <span class='ocrx_word' id='word_1_785' title='bbox 2970 4965 3199 5037; x_wconf 87' lang='lat' dir='ltr'><strong>angelus</strong></span> <span class='ocrx_word' id='word_1_786' title='bbox 3247 4966 3351 5021; x_wconf 86' lang='lat' dir='ltr'><strong>iste</strong></span> <span class='ocrx_word' id='word_1_787' title='bbox 3391 4963 3605 5018; x_wconf 82' lang='lat' dir='ltr'><strong>Domini</strong></span> 
     </span>
    </p>
   </div>
   <div class='ocr_carea' id='block_1_110' title="bbox 2031 5057 3610 5116">
    <p class='ocr_par' dir='ltr' id='par_1_110' title="bbox 2031 5057 3610 5116">
     <span class='ocr_line' id='line_1_110' title="bbox 2031 5057 3610 5116; baseline -0.004 -1"><span class='ocrx_word' id='word_1_788' title='bbox 2031 5060 2103 5116; x_wconf 92' lang='lat' dir='ltr'><strong>ad</strong></span> <span class='ocrx_word' id='word_1_789' title='bbox 2128 5066 2185 5115; x_wconf 92' lang='lat' dir='ltr'><strong>te</strong></span> <span class='ocrx_word' id='word_1_790' title='bbox 2214 5058 2477 5115; x_wconf 88' lang='lat' dir='ltr'><strong>continue</strong></span> <span class='ocrx_word' id='word_1_791' title='bbox 2506 5058 2824 5114; x_wconf 84' lang='lat' dir='ltr'><strong>descendet.</strong></span> <span class='ocrx_word' id='word_1_792' title='bbox 2868 5057 3074 5114; x_wconf 88' lang='lat' dir='ltr'><strong>Deinde</strong></span> <span class='ocrx_word' id='word_1_793' title='bbox 3112 5057 3178 5112; x_wconf 89' lang='lat' dir='ltr'><strong>ad</strong></span> <span class='ocrx_word' id='word_1_794' title='bbox 3228 5057 3427 5112; x_wconf 76' lang='lat' dir='ltr'><strong>fratres</strong></span> <span class='ocrx_word' id='word_1_795' title='bbox 3480 5072 3610 5109; x_wconf 79' lang='lat' dir='ltr'><strong>suos</strong></span> 
     </span>
    </p>
   </div>
   <div class='ocr_carea' id='block_1_111' title="bbox 2030 5146 3609 5221">
    <p class='ocr_par' dir='ltr' id='par_1_111' title="bbox 2030 5146 3609 5221">
     <span class='ocr_line' id='line_1_111' title="bbox 2030 5146 3609 5221; baseline -0.006 -12"><span class='ocrx_word' id='word_1_796' title='bbox 2030 5165 2307 5216; x_wconf 88' lang='lat' dir='ltr'><strong>reversus,</strong></span> <span class='ocrx_word' id='word_1_797' title='bbox 2346 5152 2710 5221; x_wconf 88' lang='lat' dir='ltr'><strong>interroganti</strong></span> <span class='ocrx_word' id='word_1_798' title='bbox 2748 5148 3007 5216; x_wconf 75' lang='lat' dir='ltr'><strong>Phaleko,</strong></span> <span class='ocrx_word' id='word_1_799' title='bbox 3040 5150 3261 5205; x_wconf 83' lang='lat' dir='ltr'><strong>ubinam</strong></span> <span class='ocrx_word' id='word_1_800' title='bbox 3290 5156 3440 5204; x_wconf 83' lang='lat' dir='ltr'><strong>esset</strong></span> <span class='ocrx_word' id='word_1_801' title='bbox 3471 5146 3609 5201; x_wconf 80' lang='lat' dir='ltr'><strong>Mel-</strong></span> 
     </span>
    </p>
   </div>
   <div class='ocr_carea' id='block_1_112' title="bbox 2032 5238 3608 5312">
    <p class='ocr_par' dir='ltr' id='par_1_112' title="bbox 2032 5238 3608 5312">
     <span class='ocr_line' id='line_1_112' title="bbox 2032 5238 3608 5312; baseline -0.002 -14"><span class='ocrx_word' id='word_1_802' title='bbox 2032 5240 2291 5298; x_wconf 79' lang='lat' dir='ltr'><strong>chisedek</strong></span> <span class='ocrx_word' id='word_1_803' title='bbox 2317 5238 2491 5312; x_wconf 75' lang='lat' dir='ltr'><strong>pu&#39;er?</strong></span> <span class='ocrx_word' id='word_1_804' title='bbox 2515 5242 2820 5312; x_wconf 86' lang='lat' dir='ltr'><strong>respondit,</strong></span> <span class='ocrx_word' id='word_1_805' title='bbox 2844 5256 2905 5298; x_wconf 85' lang='lat' dir='ltr'><strong>se</strong></span> <span class='ocrx_word' id='word_1_806' title='bbox 2936 5241 3113 5312; x_wconf 90' lang='lat' dir='ltr'><strong>ipsum</strong></span> <span class='ocrx_word' id='word_1_807' title='bbox 3143 5244 3197 5296; x_wconf 86' lang='lat' dir='ltr'><strong>in</strong></span> <span class='ocrx_word' id='word_1_808' title='bbox 3220 5242 3303 5296; x_wconf 89' lang='lat' dir='ltr'><strong>via</strong></span> <span class='ocrx_word' id='word_1_809' title='bbox 3330 5252 3608 5296; x_wconf 88' lang='lat' dir='ltr'><strong>mortuum</strong></span> 
     </span>
    </p>
   </div>
   <div class='ocr_carea' id='block_1_113' title="bbox 2034 5331 3609 5405">
    <p class='ocr_par' dir='ltr' id='par_1_113' title="bbox 2034 5331 3609 5405">
     <span class='ocr_line' id='line_1_113' title="bbox 2034 5331 3609 5405; baseline 0 -16"><span class='ocrx_word' id='word_1_810' title='bbox 2034 5334 2354 5405; x_wconf 81' lang='lat' dir='ltr'><strong>sepeliisse;</strong></span> <span class='ocrx_word' id='word_1_811' title='bbox 2392 5348 2585 5405; x_wconf 83' lang='lat' dir='ltr'><strong>magna</strong></span> <span class='ocrx_word' id='word_1_812' title='bbox 2616 5347 2745 5403; x_wconf 82' lang='lat' dir='ltr'><strong>ergo</strong></span> <span class='ocrx_word' id='word_1_813' title='bbox 2799 5333 2869 5387; x_wconf 89' lang='lat' dir='ltr'><strong>ob</strong></span> <span class='ocrx_word' id='word_1_814' title='bbox 2922 5332 3101 5403; x_wconf 85' lang='lat' dir='ltr'><strong>ipsum</strong></span> <span class='ocrx_word' id='word_1_815' title='bbox 3153 5332 3379 5388; x_wconf 86' lang='lat' dir='ltr'><strong>tristitia</strong></span> <span class='ocrx_word' id='word_1_816' title='bbox 3431 5331 3609 5389; x_wconf 85' lang='lat' dir='ltr'><strong>stl‘ecti</strong></span> 
     </span>
    </p>
   </div>
   <div class='ocr_carea' id='block_1_114' title="bbox 2036 5424 3612 5495">
    <p class='ocr_par' dir='ltr' id='par_1_114' title="bbox 2036 5424 3612 5495">
     <span class='ocr_line' id='line_1_114' title="bbox 2036 5424 3612 5495; baseline -0.004 -10"><span class='ocrx_word' id='word_1_817' title='bbox 2036 5439 2188 5485; x_wconf 88' lang='lat' dir='ltr'><strong>sunt.</strong></span> <span class='ocrx_word' id='word_1_818' title='bbox 2223 5426 2379 5482; x_wconf 80' lang='lat' dir='ltr'><strong>Anno</strong></span> <span class='ocrx_word' id='word_1_819' title='bbox 2413 5437 2593 5482; x_wconf 87' lang='lat' dir='ltr'><strong>autem</strong></span> <span class='ocrx_word' id='word_1_820' title='bbox 2625 5425 2750 5481; x_wconf 69' lang='lat' dir='ltr'><strong>vita</strong></span> <span class='ocrx_word' id='word_1_821' title='bbox 2782 5424 2945 5480; x_wconf 84' lang='lat' dir='ltr'><strong>Eberi</strong></span> <span class='ocrx_word' id='word_1_822' title='bbox 3010 5425 3412 5495; x_wconf 81' lang='lat' dir='ltr'><strong>septuagesimo</strong></span> <span class='ocrx_word' id='word_1_823' title='bbox 3460 5438 3612 5479; x_wconf 56' lang='lat' dir='ltr'><strong>more</strong></span> 
     </span>
    </p>
   </div>
   <div class='ocr_carea' id='block_1_115' title="bbox 2037 5513 3608 5588">
    <p class='ocr_par' dir='ltr' id='par_1_115' title="bbox 2037 5513 3608 5588">
     <span class='ocr_line' id='line_1_115' title="bbox 2037 5513 3608 5588; baseline -0.006 -13"><span class='ocrx_word' id='word_1_824' title='bbox 2037 5528 2165 5575; x_wconf 87' lang='lat' dir='ltr'><strong>tuus</strong></span> <span class='ocrx_word' id='word_1_825' title='bbox 2198 5527 2286 5574; x_wconf 86' lang='lat' dir='ltr'><strong>est</strong></span> <span class='ocrx_word' id='word_1_826' title='bbox 2304 5515 2724 5588; x_wconf 78' lang='lat' dir='ltr'><strong>Arpliachshad,</strong></span> <span class='ocrx_word' id='word_1_827' title='bbox 2755 5530 2943 5572; x_wconf 87' lang='lat' dir='ltr'><strong>mense</strong></span> <span class='ocrx_word' id='word_1_828' title='bbox 2976 5516 3143 5572; x_wconf 83' lang='lat' dir='ltr'><strong>Nisan</strong></span> <span class='ocrx_word' id='word_1_829' title='bbox 3172 5516 3287 5588; x_wconf 88' lang='lat' dir='ltr'><strong>(qui</strong></span> <span class='ocrx_word' id='word_1_830' title='bbox 3339 5522 3424 5569; x_wconf 80' lang='lat' dir='ltr'><strong>cst</strong></span> <span class='ocrx_word' id='word_1_831' title='bbox 3473 5513 3608 5567; x_wconf 74' lang='lat' dir='ltr'><strong>[iar-</strong></span> 
     </span>
    </p>
   </div>
   <div class='ocr_carea' id='block_1_116' title="bbox 2037 5606 3610 5681">
    <p class='ocr_par' dir='ltr' id='par_1_116' title="bbox 2037 5606 3610 5681">
     <span class='ocr_line' id='line_1_116' title="bbox 2037 5606 3610 5681; baseline -0.006 -16"><span class='ocrx_word' id='word_1_832' title='bbox 2037 5612 2296 5681; x_wconf 86' lang='lat' dir='ltr'><strong>mudab);</strong></span> <span class='ocrx_word' id='word_1_833' title='bbox 2334 5609 2546 5681; x_wconf 79' lang='lat' dir='ltr'><strong>fuitque</strong></span> <span class='ocrx_word' id='word_1_834' title='bbox 2580 5609 2692 5665; x_wconf 86' lang='lat' dir='ltr'><strong>vita</strong></span> <span class='ocrx_word' id='word_1_835' title='bbox 2725 5607 2902 5679; x_wconf 86' lang='lat' dir='ltr'><strong>ipsius</strong></span> <span class='ocrx_word' id='word_1_836' title='bbox 2937 5622 3206 5663; x_wconf 89' lang='lat' dir='ltr'><strong>annorum</strong></span> <span class='ocrx_word' id='word_1_837' title='bbox 3238 5606 3610 5680; x_wconf 62' lang='lat' dir='ltr'><strong>quadringen-</strong></span> 
     </span>
    </p>
   </div>
   <div class='ocr_carea' id='block_1_117' title="bbox 2039 5696 3610 5773">
    <p class='ocr_par' dir='ltr' id='par_1_117' title="bbox 2039 5696 3610 5773">
     <span class='ocr_line' id='line_1_117' title="bbox 2039 5696 3610 5773; baseline -0.009 -12"><span class='ocrx_word' id='word_1_838' title='bbox 2039 5714 2219 5761; x_wconf 85' lang='lat' dir='ltr'><strong>torum</strong></span> <span class='ocrx_word' id='word_1_839' title='bbox 2264 5702 2546 5773; x_wconf 80' lang='lat' dir='ltr'><strong>sesagiuta</strong></span> <span class='ocrx_word' id='word_1_840' title='bbox 2600 5699 2863 5771; x_wconf 85' lang='lat' dir='ltr'><strong>quinque.</strong></span> <span class='ocrx_word' id='word_1_841' title='bbox 2909 5697 3067 5753; x_wconf 82' lang='lat' dir='ltr'><strong>Anno</strong></span> <span class='ocrx_word' id='word_1_842' title='bbox 3112 5712 3241 5753; x_wconf 86' lang='lat' dir='ltr'><strong>vero</strong></span> <span class='ocrx_word' id='word_1_843' title='bbox 3272 5698 3392 5753; x_wconf 70' lang='lat' dir='ltr'><strong>vitm</strong></span> <span class='ocrx_word' id='word_1_844' title='bbox 3448 5696 3610 5751; x_wconf 63' lang='lat' dir='ltr'><strong>liberi</strong></span> 
     </span>
    </p>
   </div>
  </div>
