4070 6152
504 287 608 345 919

1557 293 1920 355 EUTYCHII
1973 296 2505 360 ALEXANDRINI
2550 300 2766 360 PATR.

3650 301 3754 367 920

503 399 807 453 centesimo
839 404 997 456 tertio
1015 418 1260 461 moituns
1282 416 1365 461 est
1396 407 1519 473 5pm
1548 450 1563 471 ,
1596 409 1764 464 Noahi
1799 411 1962 471 ﬁlius,
1995 411 2083 466 die
2110 412 2157 471 Α
2188 412 2486 482 'l‘ogargar,
2513 414 2777 478 Al-Tobt,
2809 412 2968 484 Yajni
2999 424 3053 469 et
3081 412 3267 482 Hajni,
3297 414 3627 480 AloChozar,
3670 417 3755 469 Al-

503 488 755 554 Vencris,
786 508 971 548 mense
1007 496 1103 550 llul
1139 501 1249 566 (qui
1280 510 1363 551 cst
1392 500 1560 565 Thnt)
1595 516 1718 555 cum
1745 518 1920 556 annos
1946 519 2074 556 ses-

501 589 694 635 centos
728 584 977 639 vixisset.
1019 588 1323 657 'l‘otumque
1362 592 1505 657 quod
1544 592 1674 645 vixit
1716 593 1855 647 Eber
1891 610 2068 649 anno-

501 684 623 725 rum
650 682 768 727 erat
793 678 1320 748 quadringentorum
1348 694 1630 752 sexaginta
1658 698 1913 755 quatuor.
1948 686 2078 740 Fuit

503 773 635 820 tunc
674 769 938 835 temporis
968 770 1146 840 lingua
1181 775 1461 828 hominum
1484 792 1610 835 una,
1647 792 1828 829 sermo
1868 793 2012 832 unus
2054 792 2069 830 :

501 857 685 927 lingua
744 860 951 915 scilicet
978 861 1132 932 juxta
1169 868 1463 921 nonnullos
1492 866 1737 937 Syriaca,
1759 869 1914 938 juxta
1940 870 2077 925 alios

500 950 795 1016 Hebraica,
849 954 1004 1021 juxta
1064 956 1205 1012 alios
1245 957 1461 1024 Grseca;
1515 976 1747 1029 quorum
1802 963 2077 1017 sententia

498 1044 631 1098 mihi
668 1047 980 1102 verisimilis
1020 1050 1238 1105 videtur
1270 1093 1286 1115 ,
1319 1056 1462 1121 quod
1494 1056 1679 1125 lingua
1717 1057 1928 1125 Grmca,
1971 1055 2078 1129 Sy-

499 1139 647 1192 riaca
680 1149 736 1194 et
781 1139 1043 1197 Hebraica
1092 1144 1303 1199 firmius
1337 1146 1587 1211 fundata,
1621 1148 1891 1217 latiorque
1916 1151 1987 1206 sit
2017 1164 2083 1205 ac

498 1230 752 1300 amplior.
786 1231 1116 1303 Congregati
1148 1248 1282 1306 ergo
1315 1252 1377 1291 ex
1411 1238 1546 1307 ipsis
1590 1240 1691 1292 viri
1740 1242 2081 1311 septuaginta

499 1326 610 1373 duo
656 1320 915 1375 dixerunt
969 1341 983 1377 :
1031 1321 1350 1382 Condamus
1384 1326 1576 1381 urbem
1608 1367 1624 1392 ,
1676 1342 1911 1397 eamque
1957 1342 2084 1386 arce

499 1414 814 1470 muniamus
848 1414 901 1468 in
941 1431 1047 1485 qua
1078 1417 1269 1470 turrim
1298 1429 1650 1474 exstruamus
1688 1436 1808 1490 quas
1845 1421 1909 1474 ad
1959 1436 2080 1479 cm-

500 1507 613 1559 lnm
652 1510 951 1578 pertingat,
984 1519 1043 1564 ut
1080 1515 1128 1565 si
1164 1510 1304 1565 forte
1347 1513 1632 1581 conlingat
1666 1514 1961 1582 aliquando
1996 1515 2082 1569 di-

501 1598 730 1663 luvium,
759 1598 829 1653 ab
853 1616 917 1654 eo
938 1600 1258 1654 liberemur.
1284 1600 1418 1655 Tres
1444 1616 1575 1670 ergo
1608 1618 1783 1657 annos
1813 1603 2085 1661 lateribus

499 1685 860 1741 conficiendis
878 1696 931 1740 et
949 1688 1253 1757 coquendis
1274 1689 1705 1757 insumpserunt;
1725 1690 1830 1760 52
1852 1706 2083 1761 quorum

2180 505 2313 563 Lan,
2357 506 2701 565 Al-Anchaz,
2735 506 2795 557 Al
2829 504 3148 560 Sanarehah
3172 548 3185 569 ,
3218 506 3420 560 hraan
3445 549 3459 569 ,
3499 506 3751 559 Armenia

2180 598 2354 661 major
2391 604 2445 651 et
2474 599 2676 660 minor,
2715 595 2957 662 llauran,
3000 597 3316 662 Antiochia,
3343 596 3755 659 Al—Chalediah,

2180 691 2583 759 Aphlaguniah,
2609 688 2981 759 Cappadocia,
3011 688 3395 754 Charshenab,
3428 688 3625 753 Grmci,
3657 688 3759 743 Ro-

2184 781 2327 835 mani
2355 822 2370 845 ,
2406 780 2727 851 Byzantium
2756 822 2772 843 ,
2817 781 3057 836 Rutheni
3086 823 3102 846 ,
3135 781 3405 836 Al-Dilam
3433 821 3448 845 ,
3502 781 3718 851 Bolgari
3740 824 3756 844 ,

2186 872 2393 933 Sclavi,
2423 872 2821 937 Al-Ancirdah,
2868 871 3090 939 Franci,
3122 871 3479 935 Al-lalfatini,
3512 871 3757 943 llispani.

2181 964 2429 1033 Suntque
2460 964 2595 1033 ipsis
2628 966 2825 1020 insula:
2858 965 3173 1031 duodecim,
3200 980 3231 1020 e
3262 966 3469 1035 quibus
3504 967 3754 1031 Rhodus,

2184 1055 2396 1119 Sicilia,
2435 1056 2671 1127 Cyprus.
2707 1057 2926 1118 Samos.
2958 1066 3094 1118 ctc.:
3128 1067 3181 1113 et
3206 1060 3492 1128 scripturae
3521 1058 3764 1130 (genera)

2183 1164 2302 1215 ses,
2333 1150 2553 1205 scilicet
2579 1149 2767 1205 Grmca
2794 1188 2810 1214 ,
2840 1149 3085 1206 llumana
3112 1194 3127 1212 .
3158 1150 3487 1207 Armeniaca
3517 1193 3533 1216 ,
3569 1148 3767 1221 Hispa-

2182 1243 2329 1309 nica,
2349 1242 2627 1305 Francica,
2649 1241 2952 1299 Darbanica
2980 1262 2999 1308 ;
3044 1251 3097 1297 et
3120 1240 3353 1313 Japheto
3384 1258 3415 1297 e
3448 1242 3633 1298 ﬂuviis
3663 1242 3769 1313 56

2182 1331 2570 1403 grandioribus
2621 1329 2825 1403 Tigris.
2912 1329 3087 1388 Porro
3143 1346 3174 1386 a
3220 1332 3430 1388 diluvio
3482 1345 3657 1402 usque
3700 1332 3767 1388 ad

2183 1424 2598 1479 :ediﬂcationem
2655 1424 2824 1479 turris
2903 1432 2957 1479 et
3011 1423 3327 1493 linguarum
3383 1425 3764 1481 confusionem

2185 1516 2312 1570 anni
2360 1522 2491 1571 sunt
2535 1516 2817 1585 quingenti
2856 1514 3132 1582 octoginta
3182 1527 3415 1586 septem;
3446 1518 3517 1571 ab
3562 1516 3771 1573 Adamo

2186 1614 2366 1661 autem
2415 1605 2484 1660 ad
2540 1608 2733 1661 turrim
2769 1607 3047 1663 conditam
3082 1607 3211 1662 anni
3262 1607 3349 1663 bis
3398 1607 3550 1661 mille
3594 1608 3771 1662 octin-

2185 1700 2332 1767 genti
2377 1699 2599 1767 triginta
2626 1709 2884 1769 quatuor.
2915 1697 3152 1756 Phalelto
3191 1709 3314 1769 post
3342 1714 3520 1755 annos
3547 1706 3768 1755 centum

500 1775 699 1845 singuli
731 1777 994 1832 tredecim
1022 1778 1237 1833 cubitos
1271 1781 1442 1849 longi,
1475 1782 1663 1835 decem
1694 1781 1895 1845 lati,ac
1926 1782 2088 1851 quin.
2117 1775 2159 1830 Β
2190 1789 2409 1857 triginta
2447 1799 2607 1843 natus
2644 1798 2727 1846 est
2760 1788 2914 1859 Ragu
2943 1807 2957 1856 ;
2987 1804 3135 1846 anno
3169 1800 3352 1846 autem
3405 1791 3526 1845 vita:
3548 1789 3774 1845 Pbaleki

500 1886 610 1940 que
630 1871 724 1925 alti
749 1884 933 1927 esSent
955 1888 979 1938 ;_
1004 1874 1308 1943 urbemque
1349 1876 1491 1929 inter
1512 1874 1717 1943 Tyrum
1746 1884 1799 1929 et
1825 1874 2081 1931 Babelem

501 1971 896 2019 exstruxerunt
916 1978 1114 2035 orgyas
1140 1968 1353 2036 longam
1379 1975 1682 2021 tercentum
1716 1976 1769 2021 et
1799 1965 2084 2027 tredecim,

502 2056 669 2110 latam
702 2067 920 2113 centum
955 2060 1350 2128 quinquaginta
1380 2074 1544 2113 unam
1580 2077 1594 2111 :
1630 2058 1792 2127 cujus
1816 2058 1957 2113 nutri
1982 2058 2081 2116 alti

504 2162 707 2219 ogyras
758 2150 1056 2220 quinquies
1106 2151 1256 2207 mille
1302 2152 1634 2223 quingentas
1676 2152 1898 2221 triginta
1926 2160 2083 2215 tres;

506 2242 603 2294 lati
639 2242 863 2310 triginta
898 2251 1045 2310 tres;
1072 2244 1243 2300 turris
1282 2253 1462 2298 autem
1501 2260 1702 2315 orgyas
1728 2243 1912 2299 decies
1936 2244 2084 2298 mille

504 2332 615 2386 alta
643 2350 657 2385 :
686 2333 884 2403 quibus
917 2336 1262 2390 exstruendis
1278 2337 1641 2406 quadraginta
1667 2350 1841 2391 annos
1872 2336 2089 2391 insum-

503 2433 755 2489 pserunt.
816 2425 1009 2482 Adhuc
1075 2437 1258 2485 autem
1313 2427 1715 2483 aedificantibus
1766 2427 1901 2497 ipsis
1957 2441 2087 2481 ecce

505 2517 737 2573 immisit
768 2518 909 2575 Deus
942 2519 1195 2590 angelum
1232 2534 1262 2576 e
1296 2520 1437 2575 coelo
1460 2520 1555 2588 qui
1590 2518 1804 2589 linguas
1836 2518 2084 2589 ipsorum

504 2607 906 2674 confunderet,
936 2620 992 2664 et
1028 2609 1290 2667 dialectos
1335 2620 1619 2674 mutaret,
1670 2609 1807 2666 adeo
1852 2617 1911 2665 ut
1959 2624 2085 2663 cum

502 2699 629 2765 quis
658 2699 975 2766 loqueretur
1014 2716 1121 2756 non
1159 2702 1486 2770 intelligeret
1514 2702 1658 2756 alius
1690 2702 1822 2771 quid
1855 2702 2084 2756 diceret.

503 2790 635 2844 lude
664 2791 967 2863 appellatus
1009 2802 1094 2846 est
1122 2793 1276 2847 locus
1310 2792 1413 2847 iste
1441 2791 1629 2854 Babel,
1663 2791 1810 2860 quod
1846 2790 1917 2843 ibi
1949 2805 2083 2843 cuu-

507 2883 645 2936 fusae
674 2891 859 2936 essent
894 2883 1092 2953 lingua:
1135 2897 1150 2938 :
1192 2894 1358 2949 atque
1398 2886 1471 2939 ita
1504 2884 1739 2953 dispersi
1775 2883 1998 2937 fuerunt
2026 2882 2083 2937 in

504 2981 656 3025 terra
680 2991 703 3039 ;‘
728 2973 890 3041 idque
920 2988 1064 3028 anno
1112 2991 1143 3027 a
1192 2976 1429 3030 Phaleko
1479 2984 1610 3032 nato
1660 2976 2087 3044 quadragesimo

507 3072 684 3118 sexto.
721 3063 794 3116 Es
828 3062 938 3118 illis
969 3076 1151 3118 autem
1184 3065 1530 3135 septuaginta
1583 3074 1639 3120 et
1681 3064 1898 3119 duobus
1930 3061 2086 3126 viris,

505 3162 665 3207 erant
698 3171 728 3208 e
762 3155 890 3208 filiis
940 3154 1089 3209 Semi
1136 3155 1326 3226 viginti
1384 3157 1671 3228 quinque,
1724 3155 1816 3225 qni
1859 3153 1930 3209 ab
1979 3152 2088 3207 Eu-

508 3246 704 3314 phrate
729 3255 777 3299 et
800 3245 973 3300 Mnsal
1004 3245 1071 3300 ad
1101 3256 1410 3302 extremum
1437 3262 1609 3317 usque
1630 3244 1907 3302 Orientem
1940 3242 2093 3298 habi-

506 3346 697 3390 tarum
735 3355 748 3391 :
792 3353 826 3392 ο
857 3339 1057 3403 quibus
1086 3347 1216 3393 sunt
1249 3338 1373 3412 Syri
1406 3379 1421 3399 ,
1474 3339 1669 3394 incola:
1702 3338 1869 3407 Diyar
1902 3333 2092 3399 Rabia

508 3442 562 3483 υι
596 3428 1022 3497 MesOpotamia,
1054 3429 1393 3496 Jarmakani,
1428 3429 1666 3485 Chaldmi
1696 3430 1916 3500 (incola
1981 3426 2092 3483 sci-

510 3521 637 3574 licet
666 3520 899 3589 Babclis)
927 3530 981 3577 et
1013 3521 1253 3591 (populi)
1302 3523 1500 3577 Persia:
1524 3564 1539 3588 ,
1571 3532 1626 3577 et
1654 3522 1935 3576 Chorasan
1964 3560 1979 3585 ,
2026 3529 2085 3575 et

511 3611 835 3682 Pbarganah
862 3653 877 3677 ,
904 3621 959 3669 et
983 3612 1189 3668 Sindia!
1209 3654 1223 3677 ,
1253 3623 1307 3669 et
1334 3613 1523 3679 India),
1555 3622 1609 3667 et
1643 3612 1838 3669 insula:
1865 3611 1962 3666 Sin
1994 3650 2010 3674 ,
2040 3619 2095 3665 et

512 3703 747 3767 llebrzei,
783 3712 837 3758 et
867 3704 1109 3774 (incola)
1138 3702 1371 3766 Yaman.
1399 3716 1451 3763 et
1478 3704 1770 3777 Al-Payef,
1802 3716 1858 3760 et
1882 3702 2093 3758 Al-Ya-

513 3794 761 3860 tnamab,
786 3802 842 3849 et
863 3794 1218 3859 Al-Bahrain,
1242 3803 1297 3850 et
1322 3798 1539 3851 diversa
1580 3797 1819 3852 Arabum
1852 3809 2049 3864 genera
2076 3812 2091 3860 ;

513 3894 751 3955 suntque
780 3885 912 3955 ipsis
964 3886 1252 3955 scriptura:
1282 3903 1480 3956 genera
1517 3897 1680 3951 octo;
1734 3886 1947 3941 scilicet
1976 3884 2091 3940 lle-

513 3976 728 4040 braica,
762 3974 1012 4046 Syriaca,
1048 3974 1289 4038 Persiva,
1315 3975 1522 4038 indica,
1549 3974 1801 4031 Cbaldsea
1845 3975 1989 4041 (qua!
2030 3982 2086 4028 et

514 4068 871 4139 Babylonica)
905 4067 1177 4129 Sinensis.
1210 4066 1632 4139 Hamyarensis;
1668 4066 1912 4137 53-55
1958 4068 2096 4121 Ara-

514 4161 638 4216 bica
674 4177 690 4216 :
722 4168 961 4230 suntque
990 4160 1155 4217 Semo
1206 4160 1361 4215 ﬂuvii
1405 4159 1642 4231 majores
1689 4159 1994 4230 Euphrates
2041 4166 2095 4214 et

516 4252 716 4308 ﬂuvius
748 4251 941 4307 Balcb.

589 4341 631 4396 Ε
662 4341 789 4404 filiis
836 4351 1018 4398 autem
1067 4341 1225 4397 Πειηὶ
1257 4342 1356 4397 viri
1393 4342 1618 4413 triginta
1647 4343 1779 4404 duo,
1807 4342 1901 4412 qui
1934 4340 2093 4396 inco-

2186 1879 2466 1936 tricesimo
2500 1889 2657 1937 sexto
2710 1881 2849 1935 obiit
2890 1882 3107 1936 Kainan
3132 1918 3150 1947 ,
3207 1896 3395 1937 mense
3444 1881 3529 1935 Ab
3564 1881 3683 1950 (qui
3714 1890 3771 1935 et

2187 1971 2387 2027 liesbri
2433 1974 2542 2041 est)
2586 1973 2799 2042 fuitque
2834 1976 2943 2028 vita
2983 1973 3160 2043 ipsius
3188 1988 3460 2028 annorum
3494 1973 3767 2043 quadrin~

2187 2073 2475 2133 gentorum
2512 2074 2566 2119 et
2597 2064 2843 2131 triginta.
2877 2063 3189 2134 Totumque
3218 2066 3366 2131 quod
3402 2063 3536 2118 visit
3568 2062 3774 2118 Phalelt

2187 2156 2313 2210 anni
2354 2162 2659 2209 tercentum
2695 2155 2921 2226 triginta
2958 2169 3179 2212 novem.
3208 2154 3386 2225 Ragu,
3421 2164 3545 2224 post
3580 2171 3763 2210 annos

2187 2254 2407 2300 centum
2438 2245 2660 2316 triginta
2685 2246 2848 2309 duos,
2878 2253 3038 2301 natus
3065 2254 3152 2300 est
3176 2243 3413 2309 Sbarua,
3439 2246 3603 2316 cujus
3631 2254 3775 2300 tem-

2188 2336 2412 2406 poribus
2444 2337 2737 2391 coluerunt
2771 2335 3027 2392 homines
3057 2334 3223 2399 idola,
3257 2350 3594 2405 unoquoque
3618 2334 3776 2406 quod

2187 2427 2291 2481 sibi
2324 2425 2575 2481 alliberet
2604 2427 2822 2482 colente
2857 2437 2913 2482 et
2945 2426 3235 2483 adorante.
3269 2423 3520 2480 Fuerunt
3547 2441 3677 2495 ergo
3702 2441 3774 2480 es

2190 2516 2329 2585 ipsis
2354 2515 2443 2571 alii
2473 2517 2568 2587 qui
2602 2516 2828 2580 caelum,
2856 2517 2950 2571 alii
2978 2516 3071 2587 qui
3096 2516 3294 2579 solem,
3326 2516 3417 2570 alii
3441 2518 3534 2586 qui
3561 2516 3774 2580 lunam,

2186 2607 2278 2660 alii
2317 2606 2413 2677 qui
2445 2606 2637 2663 stellas
2664 2649 2677 2673 ,
2712 2606 2803 2663 alii
2835 2606 2929 2677 qui
2962 2607 3241 2669 volucres,
3268 2606 3361 2661 alii
3392 2606 3486 2675 qui
3530 2616 3731 2659 terram
3753 2646 3773 2670 ,

2188 2698 2280 2753 alii
2317 2698 2410 2768 qui
2447 2698 2614 2763 feras,
2647 2698 2737 2752 alii
2778 2700 2870 2768 qui
2920 2697 3117 2754 ﬂuvios
3154 2739 3168 2763 ,
3216 2698 3308 2752 alii
3361 2699 3454 2767 qui
3492 2697 3725 2751 arbores
3752 2736 3770 2760 ,

2189 2789 2280 2843 alii
2314 2790 2406 2859 qui
2437 2798 2653 2847 montes
2679 2790 2959 2857 colerent;
2995 2789 3086 2844 alii
3119 2791 3211 2860 qui
3243 2789 3310 2845 ad
3341 2789 3770 2844 similitudinem

2189 2881 2362 2951 patris
2396 2890 2492 2939 aut
2527 2881 2721 2937 matris
2751 2882 2857 2947 sui,
2894 2892 2990 2937 aut
3015 2882 3135 2951 ejus
3162 2896 3325 2952 quem
3357 2897 3423 2936 es
3456 2880 3561 2935 sibi
3589 2878 3780 2934 charis

2189 2972 2399 3027 honore
2433 2981 2919 3043 prosequerentur,
2956 2988 3080 3027 cum
3130 2979 3384 3027 mortuus
3432 2978 3604 3033 esset,
3642 2972 3780 3024 ima-

2197 3066 2380 3136 ginem
2412 3064 2717 3119 conﬂarent
2746 3079 2910 3135 quam
2950 3064 3226 3125 colerent,
3267 3079 3330 3119 ac
3363 3063 3469 3118 sibi
3510 3063 3565 3117 in
3603 3060 3776 3117 Deum

2196 3164 2584 3221 assumerent;
2628 3156 2721 3210 alii
2757 3156 2851 3226 qui
2902 3157 3194 3225 imaginem
3232 3169 3299 3209 ex
3332 3168 3490 3218 auro,
3523 3160 3777 3220 argento,

2194 3242 2397 3313 lapide,
2439 3254 2533 3296 aut
2564 3243 2713 3314 ligno
2755 3243 3116 3299 conficerent.
3141 3242 3308 3297 Primi
3338 3253 3521 3299 autem
3553 3243 3657 3297 hoc
3690 3241 3778 3297 fe-

2195 3340 2393 3389 cerunt
2443 3333 2716 3405 Egyptii,
2764 3332 3075 3405 Babylonii,
3126 3330 3352 3397 Franci.
3406 3341 3464 3389 et
3524 3334 3783 3388 locorum

2200 3423 2607 3481 maritimorum
2656 3424 2876 3479 incolae.
2910 3422 3119 3478 Dicitur
3166 3424 3332 3478 etiam
3367 3422 3553 3480 cultus
3594 3424 3776 3480 idolo.-

2196 3531 2318 3570 rum
2351 3516 2619 3586 originem
2672 3516 2812 3571 hanc
2856 3514 3053 3575 fuisse.
3095 3515 3241 3585 quod
3290 3528 3415 3572 cum
3468 3526 3783 3571 moreretur

2199 3609 2341 3679 apud
2372 3608 2495 3663 illos
2530 3609 2805 3679 quispiam
2842 3606 3136 3676 imaginem
3184 3607 3253 3663 ad
3300 3608 3423 3679 ejus
3458 3607 3783 3664 similitudi.

2198 3717 2323 3755 nem
2356 3701 2600 3773 57-59
2628 3701 2922 3760 conﬂatam
2954 3702 3168 3757 tumulo
3199 3700 3371 3772 ipsius
3402 3703 3775 3773 imponerent,

2195 3810 2306 3863 quo
2349 3796 2533 3851 minus
2576 3794 2837 3852 oblivioni
2889 3794 3205 3850 traderetur
3247 3794 3513 3850 memoria
3561 3794 3779 3865 ipsius.

2198 3888 2326 3957 (qua
2357 3887 2592 3956 ratione)
2625 3887 2843 3957 impleta
2872 3896 2958 3943 est
2990 3897 3133 3943 terra
3163 3887 3363 3945 idolis:
3388 3886 3634 3944 virorum
3664 3887 3776 3945 sci-

2198 3982 2348 4045 licet,
2390 3979 2715 4035 feminarum
2745 3987 2801 4035 et
2830 3994 3123 4049 puerorum
3159 3978 3497 4036 simulacris.

2268 4071 2469 4131 Eodem
2499 4081 2742 4144 tempore
2774 4087 2897 4128 cum
2932 4079 3185 4127 mortuus
3235 4077 3384 4126 esset
3431 4072 3515 4126 vir
3550 4070 3775 4142 quidam

2198 4162 2373 4227 dives,
2408 4164 2555 4219 illius
2588 4164 2766 4235 ipsius
2802 4170 3039 4219 statuam
3075 4164 3218 4229 sibi,
3267 4164 3335 4217 ad
3366 4163 3539 4233 patris
3567 4163 3655 4220 sui
3704 4164 3783 4221 sia

2199 4255 2564 4310 militudinem
2623 4254 2953 4321 confectam,
2996 4256 3206 4311 tumulo
3248 4254 3424 4325 ipsius
3471 4255 3776 4326 imposuit,

2198 4348 2471 4403 collocato
2491 4348 2653 4403 etiam
2684 4348 2755 4401 ibi
2783 4363 2943 4404 servo
2963 4347 3057 4419 qui
3089 4348 3265 4416 ipsam
3290 4347 3615 4405 custodiret.
3640 4347 3779 4405 Cum

514 4433 741 4490 luerunt
766 4431 1002 4503 Syriam,
1035 4446 1157 4503 qum
1185 4440 1241 4487 et
1270 4442 1410 4487 terra
1449 4432 1792 4487 Chanaanma
1839 4432 1984 4487 dicta
2011 4444 2095 4486 eat
2127 4444 2171 4498 ι)
2200 4439 2554 4493 advenientes
2601 4438 2801 4493 deinde
2836 4438 2985 4494 fures
3016 4437 3284 4509 quidquid
3322 4438 3438 4493 ﬂlio
3471 4437 3619 4494 domi
3666 4452 3779 4495 sue

517 4527 683 4595 (quod
715 4533 862 4581 esset
890 4523 1063 4579 ilamo
1086 4521 1229 4579 filius
1257 4524 1345 4578 cui
1382 4538 1582 4579 nomen
1603 4523 1885 4591 Chanaan)
1917 4537 2094 4592 usque
2200 4529 2303 4584 fuit
2332 4530 2763 4601 subripuissent,
2790 4529 3066 4601 profectus
3091 4528 3269 4601 iilelad
3292 4528 3466 4601 patris
3490 4529 3577 4587 sui
3598 4539 3779 4586 tumu-

517 4620 584 4673 ad
610 4626 892 4673 extremos
927 4616 1241 4672 Occidentis
1265 4616 1566 4672 terminos:
1593 4625 1831 4683 stantque
1860 4630 1926 4669 ex
1958 4613 2094 4683 ipsis
2199 4622 2311 4684 luxu
2352 4622 2478 4678 nere
2506 4632 2562 4677 et
2598 4624 2863 4691 conqueri
2890 4622 3034 4703 apud
3067 4630 3308 4679 statuam
3333 4622 3494 4678 istam
3532 4635 3778 4687 auream,

515 4710 881 4776 Chanaanaei,
918 4709 1177 4765 Pbilistaei
1204 4748 1220 4772 ,
1255 4710 1445 4763 incolae
1473 4708 1729 4779 .Egypti,
1758 4708 2031 4777 Kopbtitze
2062 4747 2077 4768 .
2200 4715 2357 4783 quasi
2404 4712 2547 4785 apud
2592 4722 2803 4782 patrem
2856 4729 3046 4770 suum.
3084 4714 3370 4770 Allocutus
3417 4728 3550 4785 ergo
3603 4714 3785 4785 ipsum

518 4803 748 4865 Mztrisii,
768 4803 985 4857 diversa
1015 4801 1349 4877 Nigritarnm
1381 4817 1605 4871 genera,
1638 4800 1952 4870 Ethiopes,
1985 4798 2097 4854 Nu-
2200 4805 2451 4862 diabolus
2482 4821 2513 4860 e
2538 4813 2728 4861 ventre
2765 4814 2958 4860 statuae
2982 4821 3001 4859 :
3027 4802 3105 4861 Ne
3131 4803 3283 4869 ﬂeas,
3318 4803 3517 4876 inquit,
3542 4804 3629 4860 abi
3664 4815 3786 4860 tan-

520 4896 759 4957 bicuses,
808 4893 1145 4961 Al-Bajaitaa,
1195 4892 1470 4959 Al-Zenii,
1516 4892 1781 4957 Al~Zntti,
1816 4891 2045 4947 Karrani
2076 4931 2092 4954 ,

522 4986 829 5047 Samaritae.
864 4984 1172 5047 Al—Zabeli,
1206 4985 1620 5057 Al-Dlogrebini.
1657 4984 1903 5041 Barbari.
1930 4983 2100 5039 Sunt-

519 5094 627 5143 que
682 5077 790 5132 illis
839 5077 1034 5131 insulze
1079 5076 1269 5145 viginti
1314 5092 1436 5142 sex,
1471 5093 1503 5131 e
1540 5077 1739 5146 quibus
1792 5076 2046 5132 Sardinia
2078 5116 2093 5143 ,

522 5170 717 5231 Multa.
749 5169 948 5227 Creta.
989 5179 1044 5233 et
1076 5185 1205 5239 pars
1252 5170 1447 5225 insula:
1498 5169 1697 5240 Cypri.
1750 5183 1873 5223 cum
1930 5168 2097 5233 aliis;

524 5263 809 5329 scriptura:
834 5270 1013 5316 autem
1048 5265 1292 5333 (genera)
1327 5279 1418 5318 ses
1448 5279 1463 5315 :
1495 5262 1724 5318 scilicet
1751 5262 2096 5333 Egyptiaca,

530 5352 852 5420 Nubicnsis,
885 5354 1219 5427 Ethiopica,
1257 5355 1519 5412 Francica
1556 5397 1571 5419 ,
1610 5355 1837 5419 Punica,
1881 5355 2101 5411 Kanke-

532 5448 661 5501 lica.
702 5448 871 5501 l’nrro
900 5449 1072 5503 Hanno
1100 5465 1130 5505 e
1157 5449 1337 5505 ﬂuviis
1366 5448 1747 5519 grandioribus
1778 5447 1952 5502 Nilus.
1998 5448 2105 5503 Eo-

527 5556 653 5595 rum
701 5541 939 5611 denique
974 5557 1004 5596 e
1037 5542 1166 5596 ﬂliis
1211 5541 1409 5613 Japhet
1467 5542 1567 5597 viri
1618 5540 1956 5612 quindecim,
2010 5542 2104 5611 qui

529 5631 842 5685 habitarunt
872 5647 902 5685 a
926 5632 1074 5703 Tigri
1096 5649 1271 5703 usque
1290 5635 1356 5689 ad
1381 5643 1656 5690 extremas
1681 5634 1720 5688 S
1740 5631 2103 5703 eptentrionis

530 5732 748 5794 partes;
791 5734 1033 5801 suntque
1062 5740 1130 5781 ex
1187 5726 1322 5802 ipsis
1372 5726 1567 5784 Turca:
1593 5770 1609 5795 ,
1663 5724 1969 5797 Al-Baitac,
2009 5725 2102 5781 Al-

2203 4906 2339 4959 tum,
2371 4904 2425 4952 et
2454 4896 2615 4951 allato
2640 4895 2750 4952 filio
2777 4903 2873 4950 tuo
2905 4903 3037 4950 natu
3072 4895 3299 4950 minimo
3329 4898 3508 4965 ipsum
3524 4895 3671 4977 .mibi
3717 4894 3772 4950 in

2204 4988 2534 5043 sacrificium
2559 4997 2807 5043 mactans
2832 4988 3099 5059 sanguine
3116 4987 3237 5056 ejus
3261 4986 3460 5042 calenti
3487 4996 3541 5042 te
3566 4986 3785 5049 abluas.

2205 5079 2277 5136 ita
2342 5080 2456 5148 (iii-t
2498 5081 2576 5148 ut)
2607 5095 2707 5146 ego
2744 5077 2931 5134 omnia
2975 5078 3074 5135 tibi
3113 5094 3236 5149 quae
3278 5078 3581 5149 perdideris
3630 5079 3789 5137 resti-

2206 5179 2378 5225 tuam.
2427 5170 2565 5225 Cum
2596 5185 2727 5239 ergo
2774 5170 2864 5225 ille
2910 5167 3085 5226 lilium
3122 5182 3284 5225 suum
3331 5167 3554 5222 allatum
3602 5181 3787 5223 coram

2208 5262 2352 5319 idolo
2402 5269 2718 5325 mactasset,
2771 5261 3004 5333 ejusque
3058 5259 3325 5330 sanguine
3376 5274 3437 5315 se
3490 5258 3786 5321 abluisset,

2208 5370 2462 5425 egressus
2494 5370 2559 5407 ex
2594 5352 2741 5408 idolo
2770 5353 3047 5415 diabolus,
3081 5352 3477 5421 hominemque
3514 5351 3669 5406 illum
3701 5350 3788 5411 in-

2210 5461 2460 5515 gressus.
2482 5447 2657 5515 ipsum
2694 5444 2997 5516 przestigias
3021 5453 3073 5500 et
3096 5444 3503 5498 incantamenta
3527 5440 3783 5497 edocuit:

2214 5537 2533 5613 atqnebinc
2586 5546 2875 5608 coeperunt
2922 5534 3173 5598 homines
3208 5534 3350 5591 filios
3396 5548 3527 5590 suos
3556 5532 3790 5589 diabolis

2214 5641 2477 5693 mactare,
2508 5642 2562 5685 et
2592 5630 2883 5701 praestigiis
2910 5628 3037 5701 (uti)
3068 5627 3399 5683 didicerunt.

2287 5724 2457 5781 Porro
2481 5722 2673 5783 diebus
2702 5722 2851 5797 Ragu
2878 5722 3079 5780 multos
3108 5734 3286 5778 annos
3334 5717 3577 5791 regnavit
3606 5716 3790 5789 resina

3965 1600 3967 1651 l

3960 1684 3969 1725 l
