4068 6160
412 329 512 393 921

1853 344 2058 404 ΑΝΝΑ
2070 345 2231 407 LE5.

3566 351 3675 415 922

416 450 577 505 Saba!
601 489 614 510 .
646 462 709 503 ca
745 463 867 518 qua:
894 449 1082 504 urbem
1114 447 1313 505 Sabam
1349 452 1615 509 condidit.
1649 451 1782 509 Post
1820 460 1987 525 quam
2019 475 2064 530 Α
2094 456 2385 523 accedens.
2421 458 2598 529 ipsum
2638 460 2951 516 adoravcrit
2979 478 2992 515 :
3025 462 3207 533 ibique
3243 465 3536 533 quemdam
3563 476 3677 521 sta-

410 543 532 597 urbi
565 541 742 607 Sabe,
778 557 951 612 usque
987 543 1053 597 ad
1086 558 1314 613 regnum
1342 541 1657 601 Salomonis
1685 543 1781 599 lilii
1827 544 1989 600 Davi-

409 636 521 703 dis,
546 638 807 694 continue
832 640 1170 711 imperarunt
1195 639 1306 712 60
1336 638 1571 696 ieiunium.
1597 641 1796 698 Diebus
1822 644 1988 696 etiam

412 727 567 801 Ragu
606 730 859 801 regnavit
895 732 1085 787 Karon
1116 734 1209 803 qui
1254 733 1445 789 urbem
1477 733 1678 789 Ukinin
1712 733 1987 790 condidit.

411 820 610 876 Fertur
650 830 831 878 autem
862 824 1038 894 ipsum
1067 824 1329 883 lateribus
1361 842 1427 883 ex
1459 843 1595 882 auro
1633 830 1756 882 fuso
1780 827 1991 886 conﬂa-

412 915 486 969 tis
532 915 723 970 urbem
776 913 980 972 Ukinin
1034 920 1405 977 exstruxisse.
1464 919 1626 976 Anno
1669 922 1789 976 vitae
1841 920 1990 993 Ragu

410 1010 760 1079 sexagesimo
816 1017 974 1066 sexto
1035 1020 1291 1068 mortuus
1345 1020 1430 1068 est
1498 1012 1755 1079 Shalech,
1805 1029 1993 1071 mense

409 1099 693 1171 Adar(qui
727 1108 814 1156 est
839 1101 1185 1175 Bormahut.)
1223 1118 1350 1160 cum
1382 1105 1611 1161 vixisset
1640 1121 1818 1163 annos
1851 1124 1981 1178 qua-

412 1188 739 1262 dringentos
764 1203 819 1248 et
864 1195 1172 1263 sexaginta.
1204 1194 1403 1251 Totum
1440 1208 1621 1252 autem
1666 1196 1813 1269 quod
1860 1198 1995 1252 vixit

412 1283 567 1356 liagu
598 1300 868 1341 annorum
895 1294 1014 1342 erat
1052 1296 1357 1344 tercentum
1392 1289 1612 1360 triginta
1638 1305 1854 1346 novem.
1888 1290 1993 1344 Sa-

414 1393 575 1447 rugo,
604 1390 725 1451 post
752 1395 931 1436 annos
956 1390 1177 1435 centum
1208 1389 1265 1437 et
1298 1382 1546 1454 triginta,
1571 1391 1733 1438 uatus
1768 1392 1854 1438 est
1883 1382 1995 1439 Na-

410 1472 580 1537 chor;
608 1486 754 1545 anno
782 1482 964 1528 autem
999 1473 1127 1527 vice
1160 1473 1354 1544 Sarugi
1409 1476 1751 1543 sexagesimo
1790 1485 1988 1531 octavo

408 1564 547 1618 obiit
591 1562 735 1619 Ehcr
777 1578 965 1621 mense
1013 1565 1211 1621 Canuu
1245 1565 1517 1631 secundo,
1555 1568 1671 1638 (qui
1711 1573 1765 1622 et
1804 1565 1991 1621 Tubah

407 1656 585 1727 audit)
617 1672 741 1714 cum
777 1657 1006 1713 vixisset
1031 1673 1206 1713 annos
1237 1659 1682 1728 quadringentos
1709 1660 1993 1729 sexaginta

404 1760 664 1822 quatuor.
701 1751 972 1822 Antioque
1016 1752 1142 1805 vita:
1172 1750 1369 1822 Sarugi
1408 1752 1818 1823 septuagesimo
1854 1766 1987 1819 sep-

2099 548 2265 602 tuerit
2295 549 2390 619 qui
2424 550 2535 621 igni
2566 552 2875 617 inserviret,
2910 554 3068 623 eique
3100 554 3229 611 thus
3261 554 3511 631 injiceret
3540 574 3556 611 :
3586 565 3676 613 at-

2097 655 2206 708 que
2244 655 2308 696 cx
2340 655 2406 697 eo
2438 651 2681 712 tempore
2724 655 3011 712 coeperunt
3065 647 3209 717 magi
3251 647 3431 717 ignem
3471 648 3676 719 colere,

2092 747 2330 804 eumque
2378 734 2630 792 adorare.
2670 734 2805 792 Fuit
2840 746 3021 794 autem
3055 739 3191 805 viri,
3233 756 3393 810 quem
3444 741 3515 796 ad
3564 742 3676 813 igni

2094 824 2468 882 famulandum
2501 831 2787 885 constituit
2816 828 3062 896 Nimrod,
3092 848 3291 889 nomen
3330 833 3625 892 Andesbau
3656 853 3674 903 ;

2094 918 2204 984 cui,
2228 932 2261 975 e
2293 918 2474 975 medio
2514 920 2663 992 ignis
2699 922 2879 991 ipsum
2912 924 3209 990 allocutus.
3235 925 3489 984 diabolus
3513 928 3676 984 dixit:

2093 1006 2213 1065 Non
2278 1021 2464 1081 potest
2515 1014 2639 1083 quis
2690 1013 2800 1085 igni
2853 1014 3146 1079 inservire.
3203 1024 3297 1071 aut
3361 1017 3678 1087 religionem

2098 1117 2274 1157 meam
2305 1102 2613 1170 addiscere,
2648 1106 2752 1161 nisi
2788 1106 2943 1178 prius
2969 1122 3094 1162 cum
3145 1118 3323 1165 matre
3369 1124 3491 1175 sua,
3522 1126 3680 1167 soro-

2096 1208 2264 1267 reque
2291 1204 2347 1251 et
2381 1196 2489 1253 lilia
2539 1211 2656 1255 rem
2708 1199 2985 1255 habuerit.
3016 1198 3173 1257 Fecit
3203 1217 3336 1273 ergo
3386 1203 3681 1260 Andesban

2096 1290 2243 1345 sicut
2268 1289 2411 1346 dixit
2434 1291 2542 1363 ipsi
2576 1291 2866 1361 diabolus;
2900 1303 3067 1365 atque
3097 1296 3294 1352 exinde
3327 1295 3497 1363 (soliti
3528 1296 3680 1361 sunt)

2098 1396 2380 1452 magorum
2420 1383 2733 1439 sacerdotes
2764 1400 2887 1439 cum
2944 1388 3236 1452 matribus.
3270 1389 3589 1452 sororibus,
3626 1396 3683 1443 et

2099 1471 2313 1528 ﬁliabus
2347 1474 2462 1528 suis
2496 1488 2605 1527 rem
2638 1475 2858 1530 habere.
2888 1474 3104 1531 Primus
3135 1485 3316 1533 autem
3355 1476 3522 1548 hujus
3552 1493 3675 1534 seu-

2099 1563 2281 1618 teutiae
2315 1574 2507 1620 auctor
2541 1563 2645 1618 t‘uit
2678 1564 2972 1621 Audeshan
3026 1568 3154 1624 iste.
3190 1568 3364 1626 l'orro
3413 1571 3681 1625 exstruxit

2098 1653 2288 1709 Nimio
2310 1656 2347 1718 l,
2375 1654 2691 1725 Aderhijan.
2724 1656 2999 1721 Babelcm,
3037 1656 3280 1714 Nineven
3302 1696 3318 1717 .
3358 1658 3560 1723 limen,
3589 1676 3684 1714 ur-

2099 1748 2307 1817 besque
2354 1762 2514 1816 quam
2568 1748 2863 1816 plurimas.
2897 1747 3099 1803 Totum
3150 1758 3332 1805 autem
3366 1752 3514 1820 quod
3548 1749 3684 1806 vixit

408 1846 563 1908 timo.
600 1844 739 1900 obiit
762 1842 1031 1907 Phalcch.
1066 1860 1256 1901 mense
1290 1844 1392 1900 llul
1424 1846 1539 1916 (qui
1571 1855 1624 1901 et
1670 1844 1837 1909 Thut)
1864 1856 1989 1899 cum
2027 1838 2068 1896 Β
2098 1838 2347 1893 Tharcch
2404 1838 2533 1893 anni
2587 1850 2719 1894 sunt
2771 1840 2989 1896 ducenti
3056 1841 3344 1913 sexaginta
3396 1844 3641 1914 quinque
3664 1885 3681 1909 ,

404 1937 635 1992 vixisset
679 1950 857 1992 annos
913 1944 1189 1993 trecentos
1239 1936 1463 2008 triginta
1522 1952 1742 1993 novem.
1797 1936 1994 1991 Totum

413 2026 768 2094 autemquod
802 2027 941 2082 vixit
981 2026 1160 2097 Sarug
1195 2029 1324 2083 anni
1371 2038 1504 2084 sunt
1546 2028 1775 2084 trecenti
1810 2034 1867 2084 et
1896 2027 1997 2082 tri-

405 2120 580 2190 ginta.
620 2118 874 2174 Nachoro
904 2128 1027 2189 post
1072 2135 1253 2174 annos
1278 2121 1625 2191 septuaginta
1665 2135 1858 2176 novem
1891 2136 1998 2176 na-

404 2223 495 2267 tus
526 2222 611 2267 est
640 2212 894 2269 Tharecb
922 2230 938 2280 ;
969 2214 1200 2284 ejusque
1242 2212 1439 2269 diebus
1472 2213 1829 2283 multiplicati
1862 2222 1997 2269 sunt

404 2306 678 2376 gigantes.
735 2305 970 2376 Fuitque
1005 2308 1118 2361 Aad
1170 2307 1316 2363 illius
1362 2307 1575 2374 Arami,
1622 2309 1764 2363 Illius
1805 2306 1992 2374 Semi,

404 2398 553 2452 illius
591 2396 721 2451 Nom
754 2414 771 2450 :
814 2398 917 2452 sub
942 2396 1134 2451 eodem
1170 2397 1437 2452 institutae
1463 2407 1595 2452 sunt
1638 2412 1911 2454 mensurae
1938 2405 1997 2452 et

403 2491 673 2562 pondera.
722 2491 859 2559 Ejus
898 2492 1067 2547 etiam
1110 2500 1357 2562 tempore
1389 2491 1597 2547 accidit
1649 2500 1994 2548 tememotus

404 2581 664 2653 insignis,
692 2582 1018 2645 vehemens,
1048 2597 1175 2635 cum
1225 2582 1410 2637 nullus
1440 2590 1600 2637 antea
1650 2590 1996 2637 terraemotus

405 2674 626 2738 fuisset,
655 2674 819 2742 idque
845 2673 990 2739 quod
1019 2672 1109 2727 ubi
1143 2672 1497 2741 multiplicati
1524 2670 2023 2730 essentidololatrte

403 2768 499 2831 otii
530 2767 674 2821 lilios
699 2781 833 2823 suos
881 2776 935 2820 et
978 2762 1129 2821 lilias'
1164 2765 1459 2821 da:moniis
1487 2766 1860 2830 immolarent,
1886 2766 1991 2822 im-

400 2862 648 2915 mitteret
674 2861 728 2914 in
782 2860 934 2929 ipsos
985 2869 1211 2915 ventum
1271 2860 1681 2930 procellosum,
1730 2867 1989 2927 essetque

400 2952 566 3006 turbo
590 2951 683 3021 qui
721 2951 860 3006 idola
906 2953 1092 3007 omnia
1125 2954 1516 3024 contingeret,
1549 2964 1858 3021 eorumque
1887 2949 1987 3004 de-

402 3043 563 3097 luhra
595 3045 875 3111 dirueret;
905 3046 1157 3117 61-63
1181 3043 1321 3100 adeo
1367 3051 1428 3098 ut
1473 3042 1719 3113 pulveris
1766 3040 1991 3097 tumulis

400 3128 795 3199 obruerentur;
825 3134 920 3203 qui
948 3136 1247 3189 etiamnum
1279 3135 1579 3190 exsistunt.

473 3226 631 3279 Anno
657 3233 837 3280 autem
870 3226 993 3280 vitae
1015 3225 1255 3282 Nacbori
1288 3228 1694 3297 septuagesimo
1729 3230 1974 3298 septimo

403 3326 659 3373 mortuus
694 3327 783 3373 est
802 3316 983 3387 Ragu,
1014 3333 1206 3374 mense
1234 3317 1402 3375 Nisan
1433 3320 1550 3390 (qui
1581 3318 1723 3375 idem
1751 3328 1835 3376 est
1862 3319 1993 3375 Bar-

401 3409 633 3480 mudah)
662 3425 789 3464 cum
820 3425 999 3468 annos
1027 3420 1309 3468 trecentos
1344 3412 1568 3483 triginta
1600 3428 1795 3467 novem
1817 3413 1992 3467 vixis-

399 3508 505 3555 set.
544 3498 799 3571 Ejusdem
846 3509 1094 3571 tempore
1141 3501 1325 3557 ﬂoruit
1356 3504 1440 3556 vir
1477 3503 1698 3571 quidam
1731 3503 1987 3573 (origine)

399 3592 592 3654 Persa,
622 3593 845 3647 nomine
873 3592 1182 3648 Zorodasht
1208 3635 1223 3657 ,
1252 3593 1346 3662 qui
1381 3594 1662 3663 religionis
1694 3594 1988 3648 Sabiorum

407 3693 604 3741 auctor
645 3683 790 3747 fuit,
848 3695 1111 3755 regnante
1166 3688 1220 3739 in
1273 3685 1455 3742 Persia
1511 3702 1636 3757 rege
1687 3685 1989 3741 Tacbmurt

401 3770 696 3842 appellato.
759 3773 1063 3828 Autumant
1100 3789 1231 3830 vero
1280 3775 1526 3829 nonnulli
1576 3777 1810 3844 primum
1854 3776 1987 3830 reli-

401 3865 585 3935 gionis
619 3865 910 3921 Sabiorum
942 3877 1226 3922 auctorem
1267 3867 1440 3921 fuisse
1487 3868 1737 3923 Grzccum
1788 3885 1988 3939 quem-

399 3957 526 4012 dam
558 3957 781 4012 nomine
810 3955 1015 4020 Juuan.
1050 3955 1377 4015 Jearakliusi
1413 3959 1610 4022 illium,
1642 3960 1803 4029 cujus
1825 3960 1987 4018 sedes

400 4048 507 4104 fuit
530 4048 698 4121 Alyas
727 4065 744 4104 :
770 4058 827 4104 at
850 4049 1004 4117 juxta
1027 4050 1166 4105 alios
1198 4050 1300 4104 fuit
1325 4066 1391 4104 ex
1424 4049 1560 4105 urbe
1583 4050 1982 4117 Al-Zaitunah.

396 4155 521 4211 qua
542 4140 764 4195 condita
790 4149 874 4195 est
904 4141 959 4195 in
986 4139 1323 4197 Athenarum
1358 4143 1652 4211 (regione.)
1678 4140 1851 4199 Graeci
1880 4160 1985 4200 au~
2010 4126 2017 4136 ’

401 4245 510 4289 tem
552 4233 714 4303 primi
765 4232 911 4288 hanc
962 4234 1293 4288 sententiam
1330 4234 1566 4304 amplexi
1603 4245 1775 4303 sunt,
1808 4236 1987 4307 deque

396 4334 677 4382 astrorum
737 4324 1001 4388 scientia,
1053 4340 1118 4380 ac
1176 4326 1393 4380 orbium
1470 4327 1777 4383 caelestium
1830 4337 1982 4384 motu

397 4417 569 4472 libros
601 4415 1310 4485 multosconscripserunl.
1352 4417 1553 4474 Fertur
1602 4420 1770 4475 etiam
1823 4421 1976 4476 illum

2099 1929 2294 1986 deinde
2325 1929 2482 1986 obiit.
2513 1929 2634 1986 1am
2668 1946 2698 1986 a
2727 1932 2969 1989 Phaleko
3015 1934 3081 1987 ad
3133 1934 3503 1990 Abrahamum
3553 1937 3681 1990 anui

2098 2032 2228 2078 sunt
2273 2022 2561 2094 quingenti
2594 2023 2956 2095 quadraginta
2990 2034 3047 2081 et
3079 2040 3258 2092 unus;
3293 2041 3324 2081 a
3368 2025 3578 2081 diluvio
3612 2027 3681 2082 ad

2096 2112 2466 2169 Abrahamum
2497 2113 2648 2170 mille
2689 2115 3038 2186 septuaginta
3067 2114 3219 2183 duo;
3255 2116 3325 2171 ab
3369 2116 3578 2171 Adamo
3608 2119 3679 2172 ad

2095 2206 2471 2263 Abrahamum
2528 2217 2612 2264 ter
2666 2208 2817 2263 mille
2867 2216 2953 2263 ter
2998 2218 3219 2264 centum
3281 2209 3474 2280 viginti
3530 2220 3678 2265 octo.

2095 2298 2434 2365 Abrahamo,
2462 2314 2589 2355 cum
2624 2317 2894 2358 annorum
2942 2312 3087 2358 esset
3128 2304 3477 2374 septuaginta
3513 2303 3677 2374 quit.-

2095 2406 2225 2462 que,
2260 2391 2521 2462 praecepit
2554 2390 2699 2447 Deus
2731 2402 2791 2447 ut
2814 2409 2845 2449 e
2876 2402 3020 2449 terra
3048 2395 3223 2464 patria
3255 2394 3467 2451 Harran
3489 2410 3683 2469 egres-

2096 2498 2195 2539 sus
2229 2483 2282 2538 in
2317 2491 2464 2538 terra
2495 2480 2803 2539 Chauanma
2837 2484 2981 2554 (quae
3008 2485 3230 2540 Alsham
3254 2484 3362 2553 est)
3385 2485 3679 2544 habitaret.

2095 2577 2321 2646 Accepit
2350 2591 2480 2648 ergo
2507 2576 2784 2633 Abraham
2831 2592 3057 2633 uxorem
3098 2577 3347 2649 65-67
3391 2593 3549 2633 suam
3577 2577 3681 2633 Sa-

2096 2687 2238 2735 ram,
2265 2685 2385 2740 quae
2414 2681 2467 2726 et
2495 2671 2597 2741 ipsi
2630 2685 2697 2726 ex
2731 2679 2885 2740 patre
2908 2686 3069 2725 soror
3099 2672 3513 2735 erat;'l‘harerh
3529 2671 3676 2727 enim

2092 2760 2388 2817 Abrahami
2416 2769 2591 2831 pater,
2628 2769 2842 2816 mortua
2883 2759 3100 2826 Yuana,
3139 2760 3434 2816 Abrahami
3468 2771 3674 2828 matre,

2093 2854 2256 2910 aliam
2286 2852 2445 2907 duxit
2478 2868 2703 2909 uxorem
2734 2852 2952 2908 nomine
2982 2853 3254 2917 Tohwait.
3288 2870 3356 2909 ex
3406 2870 3516 2924 qua
3550 2865 3679 2909 nata

2091 2956 2177 3005 est
2216 2949 2314 3018 ipsi
2348 2947 2548 3010 Sarah,
2577 2962 2743 3017 quam
2772 2947 2929 3003 duxit
2958 2948 3279 3015 Abraham;
3312 2956 3481 3020 atque
3531 2950 3676 3006 hanc

2090 3044 2162 3097 ob
2192 3055 2414 3096 causam
2447 3039 2587 3095 dixit
2626 3039 2903 3096 Abraham
2932 3057 2948 3095 :
2983 3040 3149 3095 Soror
3193 3058 3309 3097 meo
3350 3051 3434 3097 est
3457 3079 3475 3102 .
3506 3042 3680 3112 patris

2090 3134 2195 3187 nisi
2223 3172 2240 3196 ,
2280 3142 2335 3187 at
2375 3149 2480 3187 non
2524 3133 2711 3188 matris
2747 3149 2877 3189 mea:
2929 3134 3047 3203 ﬁlia
3079 3133 3120 3186 ⁸.
3155 3133 3469 3203 Assumpsit
3512 3136 3679 3189 etiam

2102 3222 2377 3288 Latinum,
2413 3224 2599 3281 fratris
2631 3225 2713 3280 sui
2738 3224 2907 3279 lilium
2933 3264 2949 3288 ,
2987 3233 3042 3277 et
3075 3225 3128 3278 in
3161 3234 3362 3281 terram
3393 3224 3685 3281 Al-Nana—

2094 3313 2360 3371 rieusium
2417 3314 2822 3371 Amorrteoruni
2883 3316 3162 3384 profectus
3220 3322 3345 3378 est,
3411 3314 3502 3369 ubi
3551 3328 3678 3369 cum

2092 3407 2298 3477 egressi
2324 3415 2512 3461 contra
2534 3408 2711 3476 ipsum
2741 3408 2990 3462 nonnulli
3020 3407 3253 3463 Lollium
3276 3406 3549 3478 captivum
3579 3408 3676 3462 ab-

2104 3496 2413 3562 duxisscnt,
2446 3499 2730 3553 insecutus
2758 3498 2905 3569 ipsos
2931 3498 3232 3563 Abraham,
3262 3497 3498 3553 Lothum
3517 3512 3548 3553 e
3566 3511 3682 3551 ma-

2093 3592 2255 3648 nibus
2290 3591 2539 3661 ipsorum
2569 3590 2843 3647 liberavit.
2879 3590 3123 3648 Reverso
3148 3597 3331 3646 autem
3357 3590 3426 3644 ad
3460 3597 3678 3644 montes

2089 3683 2463 3743 Jebusaaorum
2502 3686 2745 3742 occurrit
2782 3683 3170 3749 Melchisedek,
3216 3685 3309 3754 qui
3336 3684 3489 3756 pacis
3522 3698 3616 3738 rex
3646 3720 3664 3746 ,

2093 3777 2187 3833 Dei
2228 3778 2522 3836 celsissimi
2573 3780 2875 3845 sacerdos,
2904 3779 3080 3836 audit.
3117 3780 3291 3845 Quem
3320 3794 3354 3835 e
3378 3778 3679 3849 longinquo

2091 3879 2449 3942 conspectum
2482 3871 2733 3927 adoravit
2756 3871 3054 3933 Abraham.
3082 3871 3282 3927 deinde
3313 3872 3494 3940 ipsum
3526 3884 3677 3925 eom-

2092 3962 2289 4034 piexus
2338 3971 2506 4034 atque
2548 3964 2929 4026 deosculatus.
2979 3965 3417 4021 benedictionem
3452 3963 3522 4021 ab
3554 3966 3677 4034 ipso

2088 4056 2265 4126 petiit.
2299 4055 2590 4112 Benedixit
2614 4072 2745 4125 ergo
2777 4056 2881 4128 ipsi
2908 4056 3279 4114 Melchisedek
3309 4096 3325 4122 ,
3364 4070 3677 4126 panemque

2086 4157 2144 4204 et
2169 4148 2353 4203 vinum
2390 4148 2492 4216 ipsi
2540 4149 2783 4218 obtulit;
2833 4151 2983 4206 dedit
3014 4157 3195 4206 autem
3224 4149 3504 4205 Abraham
3538 4149 3677 4205 Mel-

2086 4238 2384 4297 chisedelto
2418 4240 2664 4296 omnium
2693 4257 2815 4311 qua:
2869 4242 3059 4299 habuit
3109 4242 3373 4297 decimas.
3403 4240 3545 4298 Tum
3576 4256 3676 4312 per

2088 4330 2477 4388 revelationem
2524 4331 2663 4388 dixit
2717 4332 2859 4388 Deus
2893 4333 3204 4390 Ahrahamo
3242 4353 3258 4390 :
3295 4336 3372 4391 Ab
3407 4337 3505 4389 hoc
3534 4344 3671 4388 tem-

2088 4438 2215 4492 pore
2250 4438 2475 4493 magnas
2495 4422 2703 4488 suades,
2744 4423 3047 4479 benedicens
3088 4428 3229 4481 enim
3260 4426 3389 4489 tibi,
3419 4434 3469 4481 et
3499 4439 3674 4480 semen

395 4508 491 4577 qui
519 4508 729 4579 primus
749 4507 1043 4565 Sabiorum
1079 4508 1397 4580 religionem
1428 4510 1670 4575 instituit
1692 4527 1758 4567 ex
1783 4526 1974 4567 eorum
2010 4523 2056 4579 ι)
2084 4520 2235 4565 tuam
2256 4509 2637 4578 multiplicabo.
2671 4511 2917 4581 Cumque
2939 4512 3050 4582 jam
3085 4513 3420 4571 innotuisset
3448 4495 3673 4569 Melchi-

394 4615 629 4656 numero
661 4599 833 4657 fuisse
863 4601 958 4671 qui
998 4602 1141 4655 turri
1174 4599 1391 4658 Babelis
1420 4604 1764 4659 exstruendze
1788 4602 1985 4659 adfue-

394 4702 547 4749 runt.
593 4693 792 4751 Totum
823 4702 1006 4750 autem
1039 4692 1187 4764 quod
1225 4693 1359 4751 vixit
1411 4694 1650 4762 Nachor,
1699 4710 1969 4751 annorum

391 4786 498 4841 luit
526 4785 888 4842 ducentorum
926 4798 980 4843 et
1006 4796 1156 4845 octo.
1187 4786 1476 4845 Tharecho
1509 4799 1633 4860 post
1665 4803 1843 4846 annos
1882 4802 1974 4846 se-

392 4881 674 4951 ptuaginta
715 4888 876 4937 natus
905 4890 992 4938 est
1042 4882 1346 4939 Abraham.
1396 4880 1575 4954 Hujus
1604 4892 1848 4952 tempore
1878 4881 1983 4938 fuit

392 4970 621 5027 Nimrod
676 4973 853 5044 gigas,
900 4988 997 5030 rex
1048 4972 1285 5045 Babelis,
1335 4973 1428 5030 ubi
1473 4974 1686 5045 primus
1734 4973 1980 5029 omnium

391 5077 655 5135 regnasse
685 5064 894 5131 fertur;
938 5079 1176 5137 eumque
1204 5066 1261 5122 in
1301 5066 1445 5123 caelo
1491 5080 1710 5123 coronae
1744 5064 1977 5120 formam

390 5168 421 5209 e
451 5155 597 5210 nube
629 5154 878 5217 vidisset.
920 5158 1189 5213 accersito
1219 5154 1614 5230 [metallorum]
1646 5154 1839 5211 lusere
1866 5166 1966 5209 co-

390 5257 587 5299 ronam
616 5244 721 5300 sibi
754 5243 1047 5313 conﬂasse,
1076 5261 1243 5317 quam
1273 5246 1442 5319 capiti
1468 5246 1799 5317 imponeret,
1832 5239 1978 5297 unde

390 5336 597 5394 factum
624 5350 686 5394 ut
709 5338 956 5397 dicerent
984 5339 1238 5397 homines
1283 5354 1549 5399 coronam
1603 5339 1710 5411 ipsi
1754 5353 1786 5396 e
1829 5337 1977 5395 uelo

389 5428 677 5498 delapsam
705 5446 855 5489 esse.
888 5431 1099 5488 Dicitur
1125 5431 1238 5506 BE.
1267 5441 1322 5488 et
1351 5432 1501 5489 hunc
1524 5431 1760 5504 primum
1790 5430 1971 5501 ignem

389 5520 648 5589 coluisse,
683 5524 831 5592 quod
863 5523 1081 5581 scilicet
1128 5524 1196 5580 ad
1235 5526 1436 5596 ignem,
1480 5539 1642 5596 quem
1690 5521 1881 5592 procul
1912 5521 1967 5577 in

389 5610 609 5671 Oriente
629 5631 659 5670 e
684 5625 829 5672 terra
854 5618 1215 5689 prodeuntem
1241 5619 1644 5691 conspexisset,
1669 5616 1964 5675 videndum

466 5794 485 5828 ³
507 5791 645 5851 Gen.
683 5811 775 5866 xx,
808 5796 895 5852 12.

2084 4601 2270 4667 sedelt,
2302 4602 2398 4673 qui
2428 4602 2496 4659 de
2533 4617 2599 4657 eo
2634 4602 2987 4659 audivissent
3014 4618 3191 4674 reges,
3220 4602 3287 4659 ad
3312 4603 3492 4674 ipsum
3536 4616 3674 4657 con-

2083 4697 2295 4767 gregati
2324 4704 2490 4764 sunt;
2528 4712 2559 4750 e
2588 4697 2790 4768 quibus
2833 4705 2953 4750 erat
2999 4696 3314 4752 Abimelech
3344 4710 3439 4751 rex
3470 4694 3668 4757 Gerar,

2087 4787 2293 4849 Harkal
2321 4804 2414 4845 rex
2444 4788 2609 4855 Zoar,
2638 4788 2842 4845 Ariush
2872 4803 2966 4844 rex
2991 4786 3206 4854 Destar,
3234 4786 3555 4843 Jardaomer
3576 4802 3669 4842 rex

2085 4880 2203 4939 llan
2228 4922 2245 4946 ,
2277 4879 2496 4952 Targali
2527 4897 2622 4939 rex
2670 4880 2857 4953 Zaglai
2883 4921 2899 4944 .
2930 4880 3071 4936 Baaz
3106 4896 3203 4937 rex
3236 4879 3452 4939 Gailath
3475 4917 3494 4945 ,
3526 4884 3670 4946 Yaez

2088 4991 2181 5033 rex
2212 4973 2460 5037 Sodomi,
2502 4973 2709 5030 Barsha
2756 4989 2851 5029 rex
2888 4971 3210 5033 Gomorrhm
3235 5011 3254 5035 ,
3279 4969 3518 5028 Sebaath
3547 4971 3663 5043 68

2086 5082 2183 5123 rex
2212 5065 2406 5132 Edam,
2434 5064 2625 5121 Banbu
2659 5078 2755 5120 rex
2783 5062 3060 5127 Damasci,
3096 5062 3298 5119 Balttar
3330 5077 3425 5117 rex
3455 5060 3666 5118 Al-Ra-

2086 5158 2217 5217 bah.
2249 5158 2486 5213 Samaan
2517 5173 2611 5212 rex
2644 5156 3068 5213 Amorhzeorum
3112 5171 3125 5207 :
3157 5169 3316 5223 reges
3345 5154 3434 5210 isti
3461 5153 3669 5209 duode-

2087 5252 2196 5308 cim
2223 5252 2290 5307 ad
2316 5248 2795 5315 Melchisedeltum,
2816 5249 2909 5322 qui
2936 5257 2989 5305 et
3002 5263 3096 5305 rex
3130 5248 3280 5318 pacis
3310 5245 3485 5309 audit,
3509 5259 3670 5301 acce-

2086 5345 2300 5405 dentes.
2336 5341 2429 5398 ubi
2474 5342 2650 5411 ipsum
2688 5340 3131 5413 conspexissent,
3168 5347 3225 5394 et
3254 5338 3426 5407 ipsius
3453 5350 3666 5392 sermo-

2082 5450 2183 5492 nes
2217 5434 2547 5498 audiissent,
2574 5433 2642 5491 ab
2692 5434 2787 5491 illo
2847 5443 2904 5488 ut
2930 5448 3035 5488 una
3054 5447 3176 5488 cum
3204 5429 3535 5503 ipsisfabiret
3569 5442 3666 5485 ro-

2080 5536 2277 5598 garunt
2305 5568 2320 5591 ,
2374 5528 2470 5597 qui
2532 5526 2857 5596 respondit:
2892 5525 3009 5581 Non
3048 5539 3270 5595 possum
3304 5537 3405 5595 cgo
3432 5520 3501 5576 ab
3553 5519 3659 5574 hoc

2075 5618 2195 5674 loro
2213 5616 2824 5676 discrdere.Consilium
2850 5617 3138 5691 ergogintcr
3158 5630 3217 5672 se
3240 5613 3305 5671 de
3327 5608 3661 5671 exstruenda
