4070 6152
117 220 264 286 925
1597 227 1742 290 ANN

1845 232 1969 294 .ES.
3309 228 3421 299 926

124 339 452 409 gemellos;
485 352 719 411 quorum
751 339 987 411 primum
1010 338 1300 411 appellavit
1328 336 1478 395 lsaac
1510 337 1735 405 Eanum;
1764 345 1813 405 Α
1837 342 1948 414 33
1996 341 2154 399 ilane
2176 358 2305 414 ergo
2351 340 2492 400 dixit
2514 335 2689 401 iacob
2710 338 2982 400 avunculo
3020 357 3123 399 suo
3150 366 3157 392 :
3198 342 3422 415 Septem

116 429 489 495 secundum,
513 426 803 495 incohnm,
820 429 911 483 cui
943 427 1070 485 ideo
1091 426 1281 484 Jacobi
1316 444 1515 485 nomen
1539 429 1739 484 indidit
1841 450 2017 492 annos
2041 436 2138 490 tibi
2162 437 2329 492 sevivi
2348 447 2402 492 ut
2424 435 2561 492 mihi
2584 432 2876 493 Rachelem
2897 434 2952 490 in
2979 450 3202 491 uxorem
3226 437 3420 501 dares;

124 520 311 590 quod
335 536 462 578 cum
487 538 553 577 ex
597 530 755 577 utero
804 532 1050 579 materno
1082 524 1346 593 prodiret,
1368 539 1532 577 manu
1566 521 1736 577 Esaul
1841 526 2117 599 quomodo
2138 541 2269 597 ergo
2298 526 2364 582 ad
2394 542 2480 583 me
2518 540 2766 584 sororem
2819 527 2940 593 eius
2974 524 3140 580 Leam
3171 526 3426 581 intromi-

119 611 478 667 caicaacum
522 613 759 672 teneret.
814 610 987 667 Porro
1038 609 1192 667 Isaac
1244 611 1445 668 Esaum
1508 611 1738 677 amavit.
1846 617 2012 673 sistit
2044 617 2345 688 Respondit
2371 619 2453 674 illi
2479 616 2705 675 Laban:
2756 616 2813 673 Si
2843 619 2973 671 mihi
3004 633 3179 674 annos
3213 625 3423 687 septem

122 700 412 760 Rebecca
449 718 581 759 vero
611 700 901 759 iacebum.
948 701 1073 758 Fuit
1129 712 1310 761 autem
1360 703 1504 759 Esau
1554 705 1741 760 hirsu-
1839 704 1983 761 alios
2015 706 2394 773 iuserviveris,
2431 708 2598 763 etiam
2627 706 2924 764 Rachclem
2950 709 3046 761 tibi
3080 707 3245 762 dabo.
3293 708 3426 777 Sep-

122 806 273 867 tua,
296 797 535 871 pilosus,
590 796 906 853 subolidus.
932 797 1121 854 Etuta
1146 811 1280 853 vero
1303 798 1413 868 iam
1442 807 1738 869 provectus
1840 807 1955 854 teut
1972 814 2106 869 ergo
2135 812 2311 854 annos
2341 800 2484 857 alios
2514 814 2643 855 eum
2668 800 2767 867 ipsi
2797 800 3106 863 serviisset,
3127 800 3421 855 nncbelem

121 888 309 946 Isaae
337 890 452 946 lilio
506 901 611 947 suo
660 890 845 947 Esauo
892 890 1165 954 accersito
1192 890 1367 947 dixit:
1412 891 1601 946 Armis
1625 892 1737 948 tuis
1842 891 1947 963 ipsi
1986 904 2210 949 uxorem
2252 892 2423 957 dedit,
2450 878 2611 964 atque
2637 891 2713 947 ita
2748 892 2884 947 duas
2920 891 3078 947 duxit
3107 904 3345 947 sorores.

120 984 488 1053 assumptis.
530 982 591 1038 in
619 997 877 1056 campum
899 998 1227 1055 progressus
1261 981 1513 1057 77-79
1542 997 1745 1039 venare
1914 984 2131 1055 Peperit
2163 994 2345 1041 autem
2374 978 2483 1041 Lea
2507 984 2733 1049 iacebo,
2755 984 3060 1049 Rubenem,
3081 983 3421 1049 Simeonem,

124 1074 291 1129 mihi
312 1076 553 1146 prodam
586 1091 621 1132 e
644 1089 753 1146 qua
781 1075 967 1130 cibum
1002 1074 1136 1129 mibi
1162 1090 1324 1146 pares
1352 1090 1517 1144 quem
1547 1089 1739 1129 ceme-

1845 1078 2055 1147 Levim,
2087 1076 2309 1145 indam.
2336 1081 2709 1147 issacharum,
2744 1078 3105 1144 Zabulenem,
3128 1090 3254 1135 cum
3276 1090 3424 1135 nono

119 1165 330 1229 deos.
345 1166 448 1223 tibi
478 1176 769 1239 antequam
795 1169 1003 1225 moriar
1048 1166 1395 1224 benedicam.
1424 1167 1576 1232 Quod
1606 1180 1734 1222 cum
1842 1170 1972 1227 dum
2008 1174 2307 1242 peperisset
2342 1171 2561 1227 Rachel.
2608 1170 2754 1227 Dixit
2780 1184 2911 1242 ergo
2941 1166 3143 1225 Rachel
3180 1165 3419 1227 iacebo:

126 1256 460 1317 ιιιάδνίπθῑ
500 1258 774 1324 Rebecca.
817 1268 1103 1330 αεοθριυηι
1131 1258 1398 1315 “collum
1432 1258 1597 1314 Εειυῖ
1645 1272 1738 1315 τοι
1843 1262 2097 1333 Accipias
2127 1265 2381 1321 ancillam
2412 1277 2591 1319 meam
2623 1260 2862 1327 Bilham,
2902 1273 2985 1331 ut,
3008 1262 3101 1319 illa
3123 1276 3190 1317 ex
3218 1273 3271 1319 te
3298 1276 3420 1331 gra-

123 1352 337 1411 uibus
360 1353 561 1424 induit,
601 1354 854 1426 haedique
890 1355 1029 1425 pelle
1056 1355 1328 1424 prehensa
1379 1362 1588 1421 partem
1616 1353 1742 1421 eius
1846 1354 1968 1411 vida
2011 1354 2183 1422 facta,
2216 1359 2291 1411 sit
2318 1354 2451 1410 mihi
2486 1355 2689 1426 proles.
2719 1352 2936 1426 Peperit
2971 1354 3135 1426 igitur
3158 1354 3289 1408 Bilis
3312 1352 3421 1408 iia-

129 1448 394 1515 pectori,
434 1446 709 1511 humeris,
743 1456 799 1500 et
830 1445 1074 1513 brachiis
1100 1447 1277 1515 ipsius
1307 1440 1745 1516 snperimposuit
1843 1445 2023 1506 cnctis
2061 1450 2263 1505 ancilla
2306 1448 2513 1505 iacebo
2552 1463 2755 1521 pueros
2803 1449 2968 1516 deos,
3008 1446 3122 1505 Dan
3154 1455 3207 1502 et
3235 1444 3422 1516 Napi:-

124 1550 461 1612 parateqne
488 1540 615 1597 cibo
638 1540 778 1595 dixit
800 1539 941 1610 ipsi:
967 1542 1043 1594 Ad
1070 1547 1280 1609 patrem
1312 1548 1463 1594 tuum
1490 1538 1739 1594 lsaacutn

128 1630 445 1703 ingressus
485 1632 673 1687 dicas:
718 1630 830 1703 Ego
874 1645 1001 1689 sum
1049 1630 1195 1686 Esau
1244 1628 1390 1685 illius
1428 1639 1579 1697 tuus,
1630 1645 1742 1703 quo

129 1724 251 1780 tibi
287 1734 421 1780 aute
453 1733 687 1780 mortem
721 1736 881 1786 suam
914 1722 1227 1779 benedicat.

215 1816 478 1887 Ingresso
499 1831 634 1889 ergo
662 1817 729 1870 ad
752 1816 999 1872 lsaacum
1018 1814 1249 1882 iacebo,
1268 1816 1409 1872 dixit
1437 1818 1540 1886 ipsi
1562 1815 1737 1873 Isaac:

127 1910 405 1967 Aecedaa
429 1909 500 1967 ad
527 1922 647 1964 me.
679 1909 1153 1977 Accedentémque
1177 1925 1303 1964 cum
1339 1918 1739 1966 contrectassct

129 2002 331 2061 dixit:
377 2001 576 2059 Seruio
609 2011 756 2059 certe
788 1994 981 2057 Jacobi
1017 2015 1201 2056 sermo
1232 2012 1340 2065 est,
1373 2014 1427 2057 at
1454 2014 1739 2058 contac'us

131 2093 323 2151 Eseui
348 2102 658 2152 contactus.
679 2091 988 2150 Comedens
1006 2108 1142 2162 ergo
1166 2092 1316 2147 isaac
1344 2088 1551 2148 iacebo
1573 2095 1740 2148 bruc-

130 2186 317 2252 dixlt.
332 2196 572 2255 euntque
608 2182 767 2240 fratri
800 2199 905 2243 suo
934 2186 1239 2257 principem
1266 2186 1576 2241 constituit.
1595 2183 1737 2240 Tum

132 2293 413 2337 reversus
441 2277 588 2333 Esau
622 2292 656 2334 ι
684 2285 890 2335 venatu
923 2278 1138 2349 paravit
1171 2279 1337 2333 etiam
1360 2280 1543 2333 cilmm
1573 2291 1737 2348 quem

135 2370 300 2442 patri
345 2384 448 2428 suo
484 2371 675 2429 lsaaco
717 2370 942 2425 obtulit.
986 2361 1092 2425 Cui
1149 2371 1289 2426 dixit
1331 2378 1486 2441 pater
1519 2370 1737 2441 ipsius:

135 2462 295 2528 Quis
340 2470 427 2517 est
469 2475 568 2533 qui
613 2474 667 2517 te
697 2460 956 2531 pmvenit
1006 2467 1067 2516 ut
1112 2460 1548 2517 benedictionem
1595 2461 1740 2515 acci-

137 2554 345 2626 peret!
369 2548 533 2611 Piens
551 2568 685 2623 ergo
709 2552 888 2609 Esau:
919 2552 965 2610 0
984 2554 1053 2607 ml
1081 2564 1261 2623 pater.
1310 2553 1509 2621 inquit,
1553 2563 1737 2607 annon

135 2655 235 2702 est
261 2645 363 2702 tibi
401 2653 601 2717 printer
627 2658 792 2700 unam
827 2642 1307 2701 benedictionem!
1356 2642 1505 2697 Dixit
1544 2641 1734 2697 isaac:

138 2735 293 2793 Eum
315 2737 417 2793 tibi
442 2738 741 2807 principem
774 2736 1055 2801 constitui,
1112 2746 1169 2790 et
1196 2735 1329 2803 quid
1361 2734 1460 2789 tibi
1500 2733 1740 2790 faciami

139 2828 475 2885 Accedente
519 2837 706 2885 autem
750 2828 959 2893 Esauo,
997 2826 1277 2882 benedixit
1315 2827 1419 2897 ipsi
1471 2824 1647 2893 isaac,
1680 2833 1739 2883 at

137 2918 418 2979 iacebam
445 2922 547 2991 ipsi
599 2920 902 2991 principem
943 2920 1267 2986 constituit;
1321 2932 1496 2991 quam
1553 2919 1740 2975 animo

1848 1540 2025 1607 taiim;
2058 1549 2173 1596 tum
2199 1539 2343 1596 dixit
2368 1539 2476 1596 Lea
2499 1538 2728 1598 iacebo:
2759 1540 2906 1610 Cape
2940 1541 3107 1596 etiam
3159 1536 3421 1594 ancillam

1844 1644 2020 1686 meant
2049 1640 2109 1687 ut
2138 1632 2225 1686 illa
2259 1642 2324 1686 rs
2382 1641 2435 1688 te
2455 1633 2802 1704 concipiente
2832 1632 2944 1689 sin:
2972 1629 3113 1686 mihi
3148 1628 3294 1685 ultra
3324 1641 3425 1685 na-

1844 1730 1933 1777 tos
1963 1737 2117 1779 meos
2143 1724 2280 1787 nati,
2326 1721 2548 1793 Peperit
2590 1737 2725 1794 ergo
2768 1724 2937 1780 etiam
2981 1720 3175 1791 lilpha
3221 1719 3423 1778 ancilla

1842 1809 1970 1871 Lee
1998 1814 2139 1871 duos
2158 1806 2364 1871 iacebo
2388 1815 2548 1879 illius,
2580 1811 2697 1870 Gad
2718 1822 2774 1870 et
2798 1812 3002 1871 Asber.
3023 1811 3275 1868 Postbcc
3300 1825 3428 1882 grao

1843 1906 2024 1961 vitiata
2072 1904 2272 1960 liachel
2322 1907 2533 1974 peperit
2580 1903 2880 1976 iosephum
2921 1914 2977 1961 et
3019 1903 3422 1975 Benjaminum,

1843 1995 2093 2066 Suntque
2115 1996 2204 2054 isti
2227 1998 2514 2053 duodecim
2534 1995 2720 2055 iambi
2736 1996 2853 2062 ﬁlii,
2880 2011 2912 2052 e
2931 1996 3132 2067 quibus
3170 1996 3278 2050 orti
3297 1999 3427 2051 sunt

1841 2102 2035 2144 omnes
2062 2089 2154 2144 filii
2180 2089 2419 2145 isneiis.
2448 2087 2585 2143 Tum
2626 2103 2879 2144 reversus
2904 2095 2996 2143 est
3026 2085 3200 2142 iaceb
3231 2086 3291 2145 in
3315 2095 3427 2142 ter-

1843 2196 1956 2238 ram
1969 2183 2252 2249 Chanaan;
2278 2179 2532 2238 israeletn
2559 2195 2738 2239 autem
2756 2182 2932 2252 ipsum
2947 2179 3237 2254 appellavit
3257 2178 3426 2237 Deus.

1844 2278 2000 2332 Anno
2019 2275 2208 2332 Jacobi
2236 2276 2576 2345 octogesimo
2592 2280 2825 2345 septimo
2847 2277 3056 2346 peperit
3078 2272 3187 2332 Lua
3209 2272 3424 2338 Levim.

1843 2371 2064 2424 tertium
2125 2368 2301 2436 ipsius
2342 2368 2537 2423 illium.
2587 2367 2763 2423 Porro
2814 2370 3152 2440 descriptum
3176 2376 3429 2424 esttam.

1841 2474 1945 2531 pus
1977 2463 2088 2517 nati
2118 2457 2248 2516 chi
2290 2475 2401 2529 pra:
2452 2464 2667 2517 caeteris
2717 2461 3011 2527 fratribus,
3059 2477 3128 2519 eo
3169 2459 3318 2533 quod
3353 2474 3427 2518 ex

1845 2550 2023 2621 ipsius
2058 2552 2230 2620 stirpe
2278 2549 2444 2608 fuerit
2494 2548 2693 2609 loses.
2740 2551 3075 2610 Prosecutus
3126 2560 3211 2610 est
3238 2560 3425 2609 autem

1840 2643 2012 2702 iaceb
2061 2645 2365 2713 iosepbnm
2421 2660 2607 2703 amore
2660 2643 2991 2711 vehementi,
3034 2644 3149 2719 8⁸
3185 2657 3424 2717 eumque

1842 2736 2109 2794 fratribus
2147 2737 2264 2795 suis
2291 2739 2555 2808 praetulit,
2610 2740 2756 2795 unde
2796 2737 2875 2794 illi
2906 2737 3110 2794 invidia
3146 2740 3203 2793 in
3230 2739 3416 2808 ipsum

1842 2831 2103 2887 commoti
2138 2828 2207 2886 de
2238 2827 2410 2904 ipsoe
2429 2831 2608 2885 medio
2639 2830 2880 2888 tollendo
2920 2832 3255 2902 cogitarunt.
3280 2829 3422 2887 Dum

1845 2924 2012 2993 igitur
2047 2923 2149 2993 ipsi
2188 2932 2320 2980 ovee
2349 2940 2484 2981 suus
2521 2934 2577 2979 et
2631 2925 2873 2983 camelos
2908 2934 3223 2997 pascerent,
3284 2938 3419 2982 ecce

142 3014 351 3070 statuit
395 3011 540 3066 Esau
578 3011 849 3066 iacebam
880 3011 1209 3067 interﬁcere.
1238 3009 1465 3083 Aufugit
1493 3024 1624 3081 ergo
1650 3008 1734 3066 ia-
1766 3017 1810 3077 c
1845 3014 2064 3070 transiit
2115 3013 2273 3084 juxta
2318 3013 2467 3084 ipsos
2524 3024 2893 3071 mercatorum
2938 3012 3426 3087 Iadayenitarum

140 3105 330 3162 uobis
355 3121 388 3160 a
417 3104 585 3161 fratre
613 3119 717 3159 suo
732 3103 914 3159 Esauo
941 3104 1278 3172 ilarranum,
1309 3105 1375 3160 ad
1406 3102 1739 3159 avunculum

143 3213 315 3254 suum
342 3195 652 3253 Labanum.
680 3194 857 3252 Porro
887 3204 1138 3265 tempore
1161 3192 1368 3261 isaaci,
1406 3196 1627 3250 condita
1659 3203 1744 3251 est

144 3286 406 3352 iericbo,
439 3286 860 3343 exstruentibus
887 3288 1065 3355 ipsam
1105 3294 1315 3354 septem
1348 3285 1577 3357 regibus
1608 3299 1744 3353 quo-

144 3398 281 3439 rum
307 3380 683 3451 unusquisque
720 3378 835 3451 α)
861 3391 1080 3434 murum
1118 3377 1199 3432 illi
1239 3377 1533 3433 exstruxit.
1583 3378 1745 3432 Anno

145 3483 341 3531 autem
371 3477 494 3528 vita
523 3472 693 3527 isaaci
717 3471 1127 3540 septuagesimo
1161 3468 1357 3537 quinto
1386 3474 1637 3523 mortuas
1656 3475 1743 3525 est

143 3564 430 3623 Abraham
448 3578 638 3619 mense
668 3560 836 3618 Nisae
858 3558 1076 3630 (quiest
1095 3556 1431 3625 Barmudah)
1454 3555 1536 3629 [at
1562 3556 1619 3613 in
1635 3555 1745 3611 alio

144 3656 457 3729 exemplari
488 3656 705 3725 legitur,
765 3667 952 3709 mense
1002 3651 1192 3715 Adar,
1250 3652 1347 3719 qui
1388 3661 1477 3705 est
1518 3646 1745 3703 Borma-

147 3748 289 3821 batj
324 3763 450 3803 cum
491 3747 721 3801 vixisset
755 3758 933 3799 annos
962 3752 1186 3799 centum
1209 3742 1559 3811 septuaginta
1580 3740 1745 3810 quia-

151 3856 290 3913 que.
336 3842 497 3896 Anno
534 3838 663 3892 vita:
714 3835 883 3894 isaaei
930 3833 1236 3891 centesimo
1280 3833 1550 3889 vicesimo
1583 3833 1745 3887 tertio

153 3940 415 3991 monitus
446 3940 536 3988 est
554 3929 772 3996 lsmael,
803 3943 995 3984 mense
1023 3928 1192 3983 Nisae
1234 3928 1370 3999 (qui
1398 3932 1488 3981 est
1514 3925 1746 3979 Darmo-

152 4026 302 4099 dab)
344 4041 472 4080 cum
519 4024 749 4080 vixisset
786 4036 964 4077 annos
1001 4026 1222 4077 centum
1264 4018 1480 4089 triginta
1508 4026 1743 4085 septem.

156 4110 362 4194 Totum
395 4126 579 4173 autem
611 4116 758 4187 quod
785 4117 922 4170 vixit
948 4115 1103 4169 lsaae
1130 4110 1260 4168 anni
1285 4118 1417 4166 sunt
1447 4118 1666 4164 centum
1689 4113 1746 4163 et

154 4209 463 4283 octoginta.
533 4207 677 4263 Esau
716 4221 894 4262 annos
959 4201 1551 4274 natus\quadraginta
1609 4212 1747 4255 uxo-

157 4317 278 4359 rem
326 4302 483 4358 duxit
522 4317 555 4357 e
590 4300 811 4357 ﬁliabus
836 4301 1016 4370 patrui
1064 4298 1153 4354 sui
1194 4296 1465 4358 ismaelis.
1522 4294 1747 4350 nomine

1844 3106 1972 3177 (qui
2026 3103 2311 3162 lsmaelitae
2359 3118 2509 3173 sunt,
2535 3115 2591 3165 et
2628 3107 2915 3180 Arabes).
2942 3121 3179 3178 quorum
3214 3120 3429 3163 merces

1844 3205 2003 3253 erant
2022 3212 2192 3254 nuces
2218 3199 2413 3269 pinea,
2432 3197 2836 3263 terebinthinae.
2861 3210 2918 3255 et
2944 3200 3148 3263 oleum.
3172 3201 3227 3255 in
3254 3193 3427 3271 Egy—

1845 3300 1999 3365 ptum
2030 3290 2373 3347 tendentium
2406 3302 2656 3358 caterva,
2692 3293 2894 3362 quibus
2922 3290 3251 3362 prehensum
3266 3289 3426 3348 ioseo

1844 3385 2014 3455 phum
2042 3384 2419 3439 vendiderunt
2466 3381 2667 3440 fratres
2718 3384 2893 3452 ipsius
2920 3383 3115 3453 viginti
3159 3381 3423 3445 nummis,

1845 3489 2022 3530 annos
2068 3484 2255 3529 natum
2298 3476 2711 3545 septemdecim.
2732 3472 2870 3528 Tum
2928 3482 3156 3544 accepto
3196 3470 3425 3542 insopiti

1845 3566 2067 3623 inducto
2094 3567 2439 3637 manicisque
2476 3570 2603 3640 eius
2665 3564 2937 3638 sanguine
2956 3564 3227 3637 impletis,
3268 3564 3426 3620 dixe-

1847 3667 1977 3714 runt
2000 3654 2250 3713 iacebo:
2296 3656 2890 3729 iievoravitiosephum
2905 3656 3092 3729 lupus.
3125 3652 3428 3729 iesepbum

1846 3758 2030 3805 autem
2057 3748 2113 3804 in
2143 3744 2442 3822 Egyptum
2486 3765 2520 3805 a
2565 3750 2965 3808 mercatoribus
3012 3748 3310 3807 abductum
3356 3749 3429 3806 ab

1848 3840 1958 3897 illis
1998 3841 2134 3896 emit
2163 3840 2470 3898 Pharaonis
2513 3854 2709 3897 servus
2733 3883 2751 3907 ,
2800 3840 3110 3898 satellitum.
3143 3843 3428 3914 princeps:

1847 3931 2008 4004 cuius
2039 3948 2178 3989 uxor
2200 3947 2326 3989 cum
2355 3934 2505 3989 illum
2536 3932 2835 4004 deperiret,
2856 3937 2926 3990 ab
2957 3949 3021 3990 ea
3057 3947 3121 3991 se
3150 3933 3427 4000 cohibuit;

1848 4040 2021 4096 quare
2045 4026 2137 4081 illa
2163 4026 2232 4082 de
2260 4026 2379 4096 ipso
2397 4027 2537 4095 apud
2561 4028 2820 4083 maritum
2852 4040 3015 4083 suum
3041 4026 3268 4083 mentita
3297 4041 3426 4083 cum

1858 4118 2098 4173 diceret:
2131 4116 2277 4172 Puer
2300 4118 2406 4173 iste
2441 4117 2701 4173 Hebraeus
2730 4134 2817 4173 me
2857 4119 3033 4190 petiit,
3061 4118 3300 4189 coniecit
3338 4118 3431 4174 ille

1849 4211 2028 4282 ipsum
2066 4210 2123 4265 in
2158 4222 2458 4266 carcerem.
2504 4216 2665 4266 Anno
2695 4205 2893 4267 Jacobi
2937 4210 3245 4268 centesimo
3279 4211 3431 4266 vice-

1851 4301 1999 4355 sitne
2046 4299 2183 4354 obiit
2223 4298 2378 4355 lsaac
2423 4315 2615 4356 mense
2643 4300 2812 4371 Alyar
2848 4299 2978 4373 (qui
3027 4310 3113 4357 est
3143 4300 3429 4370 Bashnes)

158 4395 429 4463 Nahalat,
467 4409 591 4464 qua:
624 4395 766 4448 illios
799 4391 903 4463 ipsi
934 4392 1287 4463 qnatnplures
1309 4390 1538 4461 peperit.
1573 4386 1741 4443 Duxit
1776 4386 1821 4443 ο
1852 4407 1973 4446 cum
2010 4406 2187 4456 annos
2208 4401 2431 4447 centum
2461 4400 2515 4447 et
2546 4392 2828 4462 octoginta
2860 4390 3111 4449 vixisset.
3144 4392 3306 4448 Anno
3329 4407 3432 4447 ano

157 4493 327 4547 etiam
379 4503 412 4545 e
472 4487 691 4545 ﬁliabus
745 4486 972 4542 Canaan
1022 4484 1283 4539 feminam
1336 4483 1559 4539 nomine
1606 4480 1743 4545 Λα»,

160 4582 331 4639 tiliam
374 4582 510 4639 Elea
546 4580 766 4637 iiitttei:
815 4594 921 4635 nec
953 4592 1065 4634 non
1105 4595 1135 4631 υ
1174 4576 1390 4631 filiabus
1424 4573 1744 4629 Griecornm

161 4679 311 4734 unde
340 4676 418 4732 illi
448 4677 591 4731 inter
617 4674 769 4745 ipsos
793 4673 1111 4741 progenies.
1143 4670 1435 4737 Progenies
1465 4674 1746 4722 autemest

163 4770 244 4829 illi
269 4769 721 4839 copiosiorquam
756 4775 812 4821 ut
835 4763 1114 4820 numerari
1147 4764 1340 4832 possit.
1378 4762 1515 4816 Sunt
1548 4775 1579 4814 e
1604 4758 1743 4815 stir—

163 4879 232 4935 pe
256 4864 382 4933 ejus
417 4857 737 4916 Amalekita:
763 4871 820 4915 et
854 4856 1058 4912 Korzi.
1109 4855 1421 4923 Totumque
1461 4851 1610 4923 quod
1655 4851 1741 4906 ri-

166 4956 248 5014 sit
268 4954 411 5011 Bsau
431 4968 700 5010 annorum
728 4959 849 5008 erat
864 4959 1089 5006 centum
1111 4948 1305 5019 viginti
1334 4961 1550 5003 novem.
1573 4944 1744 5001 iaceb

164 5061 299 5104 vero
343 5045 412 5101 ad
437 5043 771 5100 avunculum
813 5056 976 5098 suum
1000 5038 1186 5095 Laban
1213 5039 1519 5093 Harrannm
1548 5051 1743 5108 perve-

168 5138 252 5195 nit
277 5181 292 5206 ,
319 5138 409 5195 cui
448 5138 595 5193 bina
619 5143 778 5192 erant
823 5133 971 5199 filia,
1000 5147 1234 5206 quarum
1264 5140 1396 5185 natu
1420 5128 1614 5199 majori
1642 5144 1745 5184 no-

167 5246 293 5289 men
340 5228 601 5286 fuitLeah
632 5226 1033 5298 (caqueoculis
1059 5222 1481 5294 lippa),minori
1517 5220 1743 5276 Rachel.

170 5321 386 5379 Amavit
419 5330 608 5376 autem
624 5315 797 5375 iaceb
812 5316 1131 5381 Rachelem,
1161 5330 1394 5383 eamque
1414 5314 1484 5369 ab
1502 5328 1746 5367 avuncu-

171 5414 225 5472 lo
249 5430 354 5472 suo
384 5414 441 5469 in
472 5425 702 5469 uxorem
734 5411 917 5480 petiit;
968 5408 1059 5465 cui
1092 5407 1217 5464 ille:
1256 5408 1314 5463 Si
1350 5406 1509 5470 mihi,
1540 5406 1741 5476 inquit,

172 5519 374 5575 septem
417 5519 595 5562 annos
619 5503 1002 5570 inscrvireris,
1044 5502 1343 5558 Rachelem
1378 5502 1473 5556 tibi
1497 5516 1740 5569 ,uxorem

174 5596 332 5662 dabo;
357 5603 415 5652 at
437 5607 562 5651 eum
583 5603 790 5665 septem
823 5606 1000 5649 annos
1030 5593 1131 5665 ipsi
1165 5593 1450 5648 serviisset
1476 5600 1641 5646 noctu
1671 5592 1741 5646 ad

177 5688 350 5762 unum
402 5683 596 5758 Lcam,
640 5682 895 5745 Rachelis
933 5699 1180 5743 sororem
1226 5682 1554 5740 introduxit.
1600 5684 1740 5754 81-

1851 4492 1961 4540 tom
1995 4483 2122 4539 vita
2156 4482 2345 4539 iacobi
2373 4484 2673 4539 centesimo
2700 4482 2967 4540 vicesimo
2993 4499 3143 4540 neno
3170 4483 3427 4539 mortuus

1849 4584 1939 4631 est
1978 4574 2146 4643 Esau,
2180 4590 2377 4631 mense
2404 4576 2626 4632 Tishrin
2667 4576 2849 4647 primo
2900 4577 3034 4647 (imi
3078 4587 3137 4635 et
3180 4575 3426 4642 Babab),

1847 4678 2023 4721 annos
2046 4673 2206 4721 nates
2227 4678 2441 4724 centum
2470 4667 2660 4740 viginti
2682 4685 2902 4728 novem.
2948 4668 3122 4725 Porro
3150 4671 3206 4726 in
3233 4685 3427 4725 carce—

1848 4773 1963 4814 rem
1992 4774 2103 4815 una
2126 4774 2253 4815 cum
2282 4758 2546 4832 iosepho,
2570 4762 2810 4833 cenjecit
2843 4760 3101 4822 Pharaolt
3152 4762 3425 4834 pistorum

1846 4859 1898 4909 ei
1932 4852 2316 4922 pocillatorem
2350 4855 2654 4927 principes,
2688 4856 2783 4913 ubi
2812 4855 3206 4914 dormientium
3252 4869 3426 4918 more.

1847 4946 1982 5003 vidit
2008 4945 2158 5028 quia
2184 4946 2398 5016 poculis
2429 4955 2550 5005 erat
2583 4962 2645 5005 se
2664 4948 2826 5019 quasi
2856 4949 3114 5007 manibus
3145 4955 3424 5004 tenentem

1846 5053 2073 5096 uvarum
2096 5053 2402 5105 racemum.
2423 5054 2456 5097 e
2476 5055 2587 5111 quo
2598 5040 2710 5113 85
2737 5037 2850 5112 87
2870 5055 3096 5097 succum
3113 5041 3427 5112 exptimena

1849 5131 2119 5190 Pharaoni
2157 5132 2453 5189 bibendum
2498 5132 2785 5204 praberet;
2838 5134 2929 5189 cui
2981 5129 3294 5205 ioscpltus:
3344 5132 3423 5187 ita

1846 5225 2102 5295 (inquit)
2130 5225 2236 5281 erit
2266 5226 2417 5281 sicut
2444 5224 2655 5291 vidisti:
2683 5225 2785 5281 mei
2829 5235 3015 5280 autem
3055 5224 3199 5294 apud
3245 5222 3426 5279 domi-

1847 5332 1976 5371 num
2012 5326 2165 5372 tuum
2191 5315 2510 5374 memoriam
2527 5313 2873 5372 faciasJIdit
2896 5317 3061 5373 etiam
3088 5315 3263 5388 pistor
3283 5330 3388 5385 qna
3403 5343 3426 5357 -

1844 5410 1891 5466 si
1909 5411 2208 5466 canistrum
2242 5411 2397 5481 panis
2414 5425 2581 5481 super
2602 5409 2784 5479 capite
2814 5422 2938 5474 suo,
2972 5424 3003 5464 e
3036 5422 3147 5478 quo
3166 5406 3426 5464 comede-

1849 5510 1972 5557 rent
2000 5502 2298 5560 volucres:
2334 5502 2422 5559 cui
2448 5500 2757 5575 ioscphus:
2788 5499 2974 5566 Cruci,
3011 5499 3212 5573 inquit,
3244 5496 3426 5566 allige-

1846 5597 1945 5659 ris,
1981 5594 2381 5668 comedentqnc
2413 5610 2635 5653 carnem
2666 5603 2818 5653 tuam
2855 5592 3150 5650 volucres:
3178 5589 3326 5663 quod
3367 5603 3389 5640 τ

1849 5687 2050 5743 factum
2089 5697 2195 5745 cst.
2772 5682 2775 5685 ἢ
