4070 6152
642 774 841 816 vaccas
864 806 878 826 ,
913 768 1141 835 pingues
1173 787 1204 827 e
1234 778 1373 832 mari
1410 781 1758 854 prodeuntes,
1788 797 1842 844 et
1877 802 1999 860 post
2023 808 2118 849 eas
2136 812 2225 852 se-

646 862 791 922 ptem
810 858 1273 934 macilentas,quaz
1292 871 1521 939 pingues
1540 858 1897 939 devorarent:
1922 895 2035 940 tum
2054 891 2219 945 etiam

640 946 846 1003 vidisse
879 964 939 1004 se
968 964 1174 1023 septem
1207 960 1388 1027 spicas
1411 979 1628 1022 crassas
1657 985 1688 1025 e
1719 984 1859 1027 terra
1886 980 2219 1046 prodeuntes

640 1036 841 1094 deinde
877 1053 1084 1111 septem
1117 1051 1373 1119 graciles,
1404 1056 1607 1123 aridas,
1660 1078 1782 1131 qum
1830 1082 2047 1126 crassas
2096 1074 2218 1130 illas

640 1129 1008 1200 deglutirent;
1042 1139 1183 1195 dixit
1220 1159 1350 1214 ergo
1393 1148 1472 1203 illi
1506 1129 1741 1223 Ieseph:
1782 1156 1974 1217 Futuri
2005 1178 2133 1220 sunt
2159 1129 2215 1221 in

640 1236 805 1289 regno
834 1232 927 1279 tuo
953 1240 1161 1298 septem
1194 1238 1322 1291 anni
1348 1238 1560 1298 feraces
1581 1284 1598 1309 ,
1624 1248 1821 1305 deinde
1841 1262 1963 1321 post
1986 1271 2082 1313 eos
2122 1272 2214 1315 se-

634 1323 780 1382 ptem
833 1322 961 1372 anni
1016 1325 1219 1391 quibus
1246 1331 1349 1385 erit
1384 1348 1615 1393 annona:
1663 1344 1893 1409 penuria
1948 1358 2004 1402 et
2043 1348 2215 1408 fames

635 1405 894 1475 insignis.
926 1413 1063 1467 Tum
1096 1416 1354 1488 imposuit
1391 1424 1638 1484 Pharaou
1663 1405 1914 1507 'Iosepbo
1944 1442 2096 1510 regni

634 1498 1061 1561 administrandi
1093 1524 1307 1579 curam,
1348 1520 1551 1576 tradito
1570 1522 1670 1592 ipsi
1692 1498 1899 1585 annulo
1918 1498 2041 1590 sud.
2060 1536 2210 1592 Con-

631 1587 770 1643 didit
801 1606 933 1663 ergo
961 1594 1235 1669 Iosephus
1260 1616 1464 1675 septem
1498 1587 1656 1669 annis
1682 1587 1942 1676 uberibus
1968 1587 2213 1684 frumen-

630 1688 746 1735 tunt
787 1684 840 1737 in
874 1688 1045 1755 spicis
1073 1693 1227 1759 suis,
1260 1698 1435 1756 donec
1466 1702 1824 1773 implerentur
1848 1729 1969 1782 qua:
2014 1733 2204 1775 nume-

630 1786 750 1826 rum
792 1790 1056 1848 siiperant
1109 1791 1386 1852 granaria.
1423 1794 1566 1851 Anni
1612 1808 1742 1857 tunc
1769 1814 1926 1861 erant
1963 1807 2207 1883 Iosepho

630 1864 854 1933 triginta
878 1906 895 1933 ,
946 1874 1042 1941 qui
1070 1891 1293 1934 uxorem
1322 1880 1481 1939 duxit
1507 1890 1729 1948 nomine
1773 1894 2000 1956 Asinath
2032 1864 2205 1964 quibi;

629 1953 953 2019 Einshemes
971 1970 1275 2028 sacerdotis
1293 1973 1485 2044 titiam,
1514 1995 1638 2050 quae
1668 1983 1828 2044 binos

626 2048 790 2114 ﬁlios,
820 2070 1052 2123 quorum
1072 2063 1358 2132 majorem,
1385 2065 1807 2147 primogenitum
1830 2084 2061 2150 scilicet,
2090 2089 2203 2143 Ha-

623 2152 827 2196 nasscn
858 2145 975 2217 88
995 2154 1308 2222 appellavit,
1338 2145 1982 2236 alterumﬁEphraimum.
2020 2176 2197 2237 Porro

621 2240 900 2291 exstruxit
929 2241 1206 2312 Iosephus
1253 2250 1539 2312 columnas
1592 2264 1917 2331 mensorias,
1991 2272 2197 2337 quibus

620 2340 796 2395 aquae,
825 2343 1107 2392 crescente
1137 2338 1280 2409 Nilo,
1306 2357 1563 2404 mensura
1602 2354 1817 2424 capitur
1840 2358 1894 2414 in
1933 2358 2193 2436 Egypto,

627 2419 748 2476 loco
769 2438 930 2492 quem
964 2428 1233 2501 Memphin
1268 2448 1487 2496 vocant.
1548 2419 1739 2503 Sinum
1791 2452 1953 2507 etiam
1986 2419 2195 2524 caedit:

623 2513 717 2583 qui
744 2513 936 2572 litenba
966 2520 1163 2586 audit;
1219 2527 1350 2596 quin
1388 2540 1443 2585 et
1476 2531 1686 2601 lapides
1725 2539 1935 2596 viarum
1988 2513 2199 2605 indices

619 2605 812 2665 erexit.
838 2606 1007 2664 Natus
1028 2622 1113 2668 est
1134 2626 1319 2672 autem
1347 2620 1499 2687 Levi,
1528 2625 1715 2685 Iacobi
1742 2633 1875 2697 tilio,
1908 2646 2029 2705 post
2059 2653 2200 2709 quas.

613 2693 864 2764 draginta
902 2715 1078 2760 annos
1113 2707 1317 2775 Kaliat,
1349 2713 1401 2768 in
1429 2725 1570 2772 terra
1590 2693 1977 2794 Chaiiaiiitica,

615 2797 910 2861 antequam
943 2794 1241 2869 Egyptum
1265 2805 1686 2876 ingrederentur
1717 2818 1902 2874 annis.
1934 2820 2044 2877 Illis
2077 2826 2195 2881 die—

616 2879 721 2935 bus
748 2885 948 2941 accidit
978 2889 1032 2942 in
1074 2890 1309 2963 Egypto
1335 2907 1390 2952 et
1416 2900 1570 2971 Syria
1596 2905 1766 2964 fames
1798 2910 2045 2980 insignis;
2071 2879 2196 2972 coe-

615 2985 835 3030 merunt
867 2993 998 3050 ergo
1019 2996 1050 3036 a
1084 2981 1324 3055 Iosepho
1355 2989 1598 3065 Egyptii
1633 2995 1993 3069 frumentum,
2019 3004 2195 3063 donec

2326 800 2541 858 ritatcm
2573 819 2910 877 perspectam
2950 812 3201 871 habeam.

2431 895 2568 950 Cum
2614 913 2750 968 ergo
2817 899 3039 956 fratrem
3096 903 3340 974 ipsorum
3367 906 3686 963 Simeonem
3767 909 3905 979 apud

2324 987 2504 1058 ipsum
2572 992 2943 1061 reliquissent,
2991 998 3138 1051 sacci
3187 999 3432 1068 ipsorum
3470 998 3701 1070 Iosephi
3747 1004 3903 1070 jussu

2322 1076 2599 1135 frumento
2647 1083 2857 1152 impleti
2889 1094 3050 1149 sunt,
3091 1084 3531 1157 uniuscujusque
3580 1089 3826 1158 pecunia
3857 1092 3904 1143 in

2320 1183 2483 1224 sacco
2528 1185 2633 1224 suo
2679 1173 2944 1243 reposita.
2980 1174 3115 1230 Cum
3149 1176 3318 1246 igitur
3361 1177 3427 1231 ad
3476 1188 3691 1247 patrem
3742 1194 3903 1234 stiu-

2315 1258 2582 1315 Iacohnm
2634 1266 3045 1331 pervenientes,
3090 1281 3154 1322 ac
3198 1269 3329 1338 quid
3374 1268 3721 1343 [accidisset]
3779 1287 3903 1327 nar-

2318 1360 2503 1408 rantes
2543 1359 2836 1423 pecuniam
2890 1373 3045 1412 suam
3095 1360 3151 1415 in
3195 1363 3374 1417 saccis
3409 1365 3799 1435 reperissent,
3841 1369 3903 1420 ad

2317 1442 2649 1500 frumentum
2695 1463 2759 1503 ex
2795 1447 3033 1521 .Egypto
3067 1455 3427 1511 coemendum
3462 1458 3697 1519 reversi,
3732 1474 3904 1527 pecu-

2314 1536 2459 1591 niam
2495 1537 2680 1603 istam,
2737 1554 2803 1595 ac
2837 1556 3083 1598 summas
3116 1546 3253 1602 istas
3297 1558 3654 1617 acceperunt,
3678 1565 3903 1621 unaque

2312 1625 2692 1697 Benjaminum
2714 1672 2730 1695 ,
2780 1633 2893 1703 92
2927 1632 3150 1705 Iosephi
3192 1636 3416 1693 fratrem
3463 1640 3772 1705 uterinum,
3803 1640 3901 1694 ad-

2310 1719 2610 1778 duxerunt.
2642 1723 2765 1791 Quo
2809 1727 2925 1783 viso
2962 1728 3272 1785 honoriﬁce
3299 1730 3449 1800 ipsos
3470 1733 3701 1788 tractari
3727 1732 3902 1802 jussit

2308 1812 2511 1883 Ioseph
2542 1814 2924 1871 misericordia
2961 1833 3091 1889 erga
3123 1818 3278 1888 ipsos
3307 1823 3897 1894 commotustpleu

2310 1915 2441 1960 sunt
2487 1920 2623 1978 ergo
2671 1922 2802 1963 vasa
2838 1910 3083 1978 ipsorum
3115 1910 3432 1977 frumento.
3480 1924 3540 1969 et
3625 1915 3901 1970 uniuscu-

2302 1999 2506 2069 jusque
2539 2001 2653 2055 vasi
2687 2004 2915 2069 pecunia
2941 2003 3120 2074 ipsius
3149 2003 3405 2086 imposita
3435 2012 3530 2071 ;at
3552 2009 3672 2063 vasi
3706 2007 3901 2064 fratris

2309 2089 2392 2145 sui
2423 2088 2725 2159 Benjamini
2778 2090 3034 2161 poculum
3090 2106 3345 2157 aureum,
3392 2094 3540 2163 quod
3581 2091 3897 2150 Pharaonis

2308 2180 2508 2244 fuerat,
2563 2182 2850 2251 imposuit.
2899 2181 3149 2253 Cumque
3185 2198 3218 2240 a
3254 2182 3498 2255 Iosepbo
3531 2187 3747 2259 egressi
3802 2203 3896 2245 es-

2305 2282 2452 2337 sent,
2478 2273 2693 2346 Syriam
2726 2291 2917 2331 versus
2942 2276 3253 2341 tendentes,
3286 2277 3520 2333 insecuti
3548 2278 3706 2349 ipsos
3732 2278 3897 2335 Iose-

2306 2365 2400 2437 phi
2458 2366 2601 2423 servi
2649 2365 2912 2422 dixerunt
2974 2365 3513 2439 ipsis:0mnimode
3557 2368 3701 2426 bene
3731 2371 3896 2426 vobis

2304 2456 2434 2511 fecit
2486 2457 2743 2513 dominus
2795 2468 3001 2523 noster,
3052 2474 3152 2514 vos
3185 2473 3321 2515 vero
3350 2460 3671 2516 omnimodo
3722 2462 3893 2525 male,

2302 2548 2566 2619 poculum
2591 2549 2737 2619 regis
2785 2565 3011 2606 aureum
3038 2547 3226 2605 furati.
3253 2549 3684 2621 Responderunt
3715 2553 3892 2641 ipsis:

2300 2638 2461 2709 Apud
2483 2655 2870 2711 quemcunque
2895 2643 3071 2712 ipsum
3088 2643 3425 2711 repereritis,
3449 2642 3707 2700 abducite
3725 2640 3892 2701 illum

2306 2741 2362 2786 ut
2383 2732 2456 2788 sit
2494 2732 2723 2789 domino
2752 2741 2939 2789 vestro
2978 2749 3191 2789 servus.
3223 2734 3428 2791 Saccos
3460 2748 3594 2806 ergo
3616 2735 3892 2806 ipsorum

2302 2825 2659 2893 perscrutati,
2714 2827 2972 2896 poculum
3008 2827 3061 2881 in
3099 2826 3405 2895 Benjamini
3451 2842 3615 2883 sacco
3648 2827 3892 2886 invew

2301 2926 2473 2971 runt:
2529 2930 2693 2985 quem
2741 2931 2873 2988 ergo
2917 2918 3255 2987 prehensum
3299 2918 3367 2972 ad
3424 2919 3731 2990 Iosepbum
3794 2936 3891 2976 re-

2301 3009 2600 3071 duxerunt,
2636 3010 3000 3067 redeuntibus
3048 3025 3159 3066 una
3207 3010 3474 3068 fratribus
3511 3014 3732 3083 ipsius,
3786 3016 3886 3085 qui

615 3063 752 3131 ipsis
784 3084 891 3125 non
919 3087 1229 3143 superesset
1253 3063 1514 3140 nummus
1535 3102 1739 3145 aureus
1769 3092 1855 3147 vel
1877 3063 2191 3165 argenteus.
2224 3130 2268 3189 ο
2297 3097 2538 3169 Iosepho
2588 3098 2848 3155 dixerunt
2879 3117 2895 3155 :
2958 3100 3209 3163 Domine,
3253 3111 3407 3171 pater
3465 3114 3654 3158 noster
3709 3120 3887 3161 senex

617 3159 763 3189 naan
793 3160 985 3189 A..:...l-
1011 3168 1153 3189 -__!-
1234 3170 1246 3189 ρ
1427 3176 1464 3189 ,ο
1558 3185 1569 3189 Α
1690 3182 1746 3189 ---
1954 3188 1959 3189 ,

617 3159 764 3224 quod
791 3160 987 3219 deinde
1010 3168 1157 3237 agris
1180 3210 1196 3236 ,
1226 3170 1495 3240 jumeutis
1520 3185 1576 3235 et
1624 3182 1835 3243 aadibus
1879 3159 1997 3242 suis
2040 3203 2192 3245 eme-

616 3257 865 3315 runt;ac
914 3268 1126 3327 postea,
1172 3279 1294 3319 cum
1337 3267 1471 3322 nihil
1517 3269 1654 3342 ipsis
1684 3275 1954 3346 reliquum
2000 3292 2190 3352 esset,

613 3341 868 3400 dixerunt
892 3344 1133 3419 Iosepho
1172 3352 1327 3411 :Nos
1386 3341 1551 3428 ipsos,
1586 3341 1856 3422 Pharaoni
1895 3370 1949 3423 in
2001 3387 2195 3432 servos

610 3435 933 3503 vendemus,
960 3440 1122 3497 modo
1144 3447 1306 3502 nobis
1339 3448 1674 3509 frumentum
1708 3461 1775 3511 ad
1796 3462 2189 3521 comedendum

606 3531 661 3573 et
691 3527 981 3582 serendum
1018 3531 1301 3603 largiatur.
1368 3539 1514 3597 Emit
1557 3558 1689 3614 ergo
1739 3547 2016 3622 Iosephus
2052 3556 2192 3612 Pha~

608 3618 763 3671 reoni
797 3632 826 3672 a
859 3621 1053 3692 seipsis
1089 3625 1394 3700 Egyptios,
1429 3635 1555 3691 dato
1574 3636 1679 3693 illis
1715 3618 2011 3713 frumento,
2030 3650 2178 3719 quod

606 3709 837 3766 ederunt
860 3722 916 3769 et
936 3726 1094 3773 terrae
1113 3722 1465 3791 mandarunt,
1500 3731 1803 3800 accipiente
1836 3736 1905 3791 ab
1936 3709 2072 3807 ipsis
2093 3739 2187 3797 Io-

609 3803 781 3869 sepho
812 3803 1079 3861 decimam
1122 3820 1354 3879 partem,
1386 3821 1530 3885 quod
1563 3820 1631 3874 ad
1653 3821 1756 3877 hoc
1777 3803 2191 3901 usquevtempus

608 3894 662 3947 in
697 3898 867 3963 legent
899 3898 1055 3963 abiit,
1088 3899 1328 3972 factique
1350 3918 1478 3961 sunt
1503 3908 1743 3983 Egyptii
1780 3894 2186 3977 Pharaoniser-

606 3988 682 4041 vi.
721 3987 851 4056 Ejus
874 3991 1072 4048 diebus
1119 3993 1306 4050 floruit
1333 3998 1549 4057 Iobille
1586 4005 1794 4073 justus,
1841 4012 2049 4067 scilicet
2078 4012 2185 4071 Iob

608 4082 749 4135 ﬁlius
796 4084 981 4139 Διηοεί
1015 4128 1031 4152 ,
1094 4086 1191 4142 ϐιΞί
1257 4090 1529 4161 Zarachi,
1582 4098 1676 4153 lilii
1726 4098 2027 4174 ﬂagueiis,
2086 4106 2183 4164 lilii

607 4174 796 4237 lisaui,
820 4174 912 4231 filii
938 4176 1135 4244 isaaki,
1152 4180 1575 4250 iiliiAbrabami,
1599 4203 1761 4257 opum
1781 4192 1957 4257 dives,
1981 4197 2187 4266 quique

605 4260 877 4327 aliligente
900 4266 1076 4334 ipsum
1106 4269 1356 4337 Domino,
1389 4277 1591 4345 gratias
1615 4280 1723 4348 egit
1745 4289 1799 4334 et
1819 4260 2185 4350 patienter-se

603 4353 795 4418 gessit,
823 4368 994 4423 quare
1027 4366 1206 4415 amota
1234 4360 1304 4418 ab
1328 4362 1445 4432 ipso
1487 4364 1783 4426 afﬂictione
1810 4372 2048 4429 restituit
2077 4377 2181 4442 ipsi

602 4442 747 4499 Deus
784 4459 917 4514 opes
944 4464 1097 4505 suas.

675 4536 891 4592 Accidit
905 4538 1069 4593 etiam
1090 4541 1143 4596 in
1164 4545 1384 4614 regione
1404 4545 1575 4618 Syriae
1593 4549 1759 4610 fames
1782 4554 2025 4629 89-91
2051 4575 2179 4630 gra-

607 4628 710 4691 vis,
739 4629 876 4684 adeo
917 4639 974 4685 ut
1006 4632 1211 4690 diceret
1240 4634 1474 4696 Iacobus
1506 4642 1633 4699 filiis
1660 4660 1723 4700 su
1750 4661 1776 4700 s
1811 4664 1828 4705 :
1854 4628 2092 4709 Profecti
2123 4654 2179 4709 in

603 4718 896 4790 Egyptum
920 4724 1082 4778 emite
1111 4726 1269 4782 nobis
1297 4727 1651 4789 frumentum:
1679 4734 1955 4795 Venerunt
1979 4743 2180 4809 ergoin

599 4806 894 4879 Egyptum
917 4809 1138 4884 Iosephi
1185 4815 1400 4885 fratres,
1423 4836 1561 4891 quos
1608 4824 1752 4881 visos
1775 4830 1957 4884 statim
1978 4806 2182 4904 cogno-

602 4902 677 4954 vit
701 4900 993 4972 Iosephus,
1023 4907 1140 4977 ipse
1161 4909 1231 4965 ab
1252 4910 1358 4967 illis
1386 4913 1717 4986 incognitus,
1739 4935 1846 4976 non
1868 4900 2178 4984 antem'fuit

596 5007 721 5052 cu-n
757 4996 889 5067 ipsis
907 4997 1075 5055 frater
1105 5003 1224 5072 ejus
1257 5006 1506 5066 uterinus
1529 5008 1811 5080 Benjamin
1836 5030 1848 5068 :
1882 5016 2019 5072 dixit
2045 5034 2178 5091 ergo

601 5086 735 5155 ipsis
780 5087 1050 5161 Iosephus
1108 5112 1122 5147 :
1172 5095 1405 5162 Quinam
1460 5102 1597 5158 estis
1640 5107 1787 5162 vos?
1822 5108 1968 5165 unde
2016 5114 2173 5167 veni-

598 5178 726 5234 stis?
756 5189 809 5235 et
841 5183 972 5251 quid
994 5185 1315 5245 vultisiCui
1351 5192 1428 5248 illi
1457 5210 1471 5246 :
1502 5192 1704 5252 Sumus
1728 5212 1827 5253 nos
1843 5198 2172 5271 Iacobitiilii;

599 5271 889 5328 duodecim
924 5275 1030 5345 ipsi
1062 5294 1186 5333 cum
1223 5282 1334 5337 nati
1382 5298 1658 5353 essemus,
1711 5304 1882 5346 unum
1936 5295 2176 5352 comedit

599 5364 782 5433 lupus,
812 5366 972 5438 cujus
1022 5370 1186 5428 etiam
1232 5374 1402 5430 frater
1461 5379 1712 5437 uterinus
1762 5384 1904 5454 apud
1960 5393 2168 5456 patrem

599 5469 759 5511 suum
792 5468 914 5526 est;
943 5472 1095 5530 pater
1116 5473 1264 5520 enim
1288 5476 1497 5535 noster,
1530 5485 1653 5525 cum
1684 5487 1848 5531 senex
1878 5475 2170 5534 admodum

598 5550 694 5612 sit,
725 5560 886 5607 noctu
914 5560 1335 5626 atqueintcrdiu
1386 5562 1555 5619 lilium
1593 5580 1753 5620 suum
1779 5582 1808 5621 a
1843 5568 1973 5638 lupo
1999 5568 2170 5626 devo-

603 5651 781 5697 ratum
826 5645 994 5712 luget.
1066 5650 1364 5721 liespondit
1431 5654 1536 5709 illis
1586 5654 1823 5727 Ioseph:
1869 5657 1986 5715 Non
2036 5663 2171 5721 estis

604 5748 698 5789 vos
731 5737 815 5790 alii
849 5754 1007 5807 quam
1037 5744 1430 5813 exploratores.
1460 5749 1522 5803 Et
1551 5750 1866 5821 iurantibus
1899 5752 1999 5823 ipsi
2033 5752 2167 5822 illis,

2300 3199 2385 3246 est
2425 3198 2585 3244 atate
2616 3200 2930 3260 provectus,
2964 3190 3131 3260 hujus
3170 3200 3350 3247 autem
3390 3193 3615 3250 fratrem
3656 3211 3690 3249 a
3725 3196 3885 3266 lupo,

2298 3284 2377 3337 uti
2414 3282 2512 3337 tibi
2551 3283 2921 3349 narravimus,
2962 3284 3283 3340 devoratum
3324 3286 3629 3357 hocusque
3659 3298 3887 3358 tempus

2293 3373 2490 3441 deﬂet;
2553 3375 2601 3430 si
2647 3390 2779 3447 ergo
2826 3376 2972 3431 hunc
3018 3391 3049 3430 a
3094 3376 3258 3432 nobis
3305 3376 3625 3444 abstuleris,
3668 3396 3890 3449 nequa-

2292 3482 2458 3537 quam
2490 3468 2649 3524 nobis
2689 3479 2776 3525 est
2800 3468 2867 3521 ad
2902 3477 3112 3538 patrem
3145 3468 3509 3537 redeundum,
3536 3482 3736 3540 utpote
3755 3477 3882 3544 qui,

2293 3559 2398 3614 nisi
2459 3560 2748 3615 nobiscum
2800 3559 3041 3615 adfuerit
3102 3575 3262 3630 puer,
3308 3561 3496 3618 dolore
3566 3564 3884 3620 moriturus

2287 3657 2404 3703 est:
2429 3645 2660 3700 dimisso
2691 3659 2825 3715 ergo
2854 3644 2977 3714 ipso
3002 3653 3061 3699 ut
3090 3645 3157 3703 ad
3189 3655 3397 3715 patrem
3425 3648 3631 3715 redeat,
3654 3665 3687 3705 e
3712 3654 3882 3708 nobis

2290 3750 2674 3807 quemcunque
2707 3735 2950 3790 volueris
2989 3734 3089 3790 tibi
3139 3736 3193 3791 in
3231 3750 3452 3792 servum
3494 3738 3720 3795 habeas.
3762 3740 3876 3795 Be-

2290 3830 2510 3899 spondit
2527 3828 2728 3900 Ioseph
2753 3846 2765 3882 :
2784 3827 2939 3883 Absit
2955 3839 3012 3882 ut
3030 3828 3199 3882 aiium
3222 3843 3386 3898 quam
3403 3843 3527 3882 eum
3545 3830 3688 3899 apud
3701 3847 3875 3899 quem

2292 3938 2383 3977 res
2414 3929 2632 3977 nostras
2656 3920 3030 3974 invenerimus
3060 3920 3422 3974 detineamus.
3448 3917 3587 3975 Tum
3617 3920 3874 3992 ipsorum

2294 4019 2558 4073 misertus
2592 4034 2607 4068 :
2645 4014 2779 4085 Ego,
2823 4015 3019 4084 inquit,
3052 4011 3292 4084 93-95
3320 4012 3489 4068 frater
3525 4031 3647 4070 sum
3685 4026 3875 4073 vester

2294 4108 2519 4176 Ioseph,
2556 4123 2625 4161 ne
2665 4107 2807 4162 male
2836 4121 2935 4162 vos
2966 4107 3178 4169 habeat,
3210 4121 3389 4177 neque
3428 4107 3686 4163 timentis.

2357 4199 2538 4256 Ilissis
2578 4214 2713 4269 ergo
2764 4198 2830 4254 ad
2873 4195 3146 4255 Iacobum
3180 4199 3436 4255 tentoriis
3486 4208 3541 4254 et
3570 4200 3873 4269 plaustris,

2286 4289 2462 4357 ipsum
2517 4302 2644 4344 cum
2706 4296 2819 4343 tota
2867 4288 3126 4357 progenie
3160 4304 3263 4345 sua
3313 4304 3346 4344 a
3391 4298 3537 4346 terra
3597 4292 3867 4349 Citanaan

2288 4381 2343 4435 in
2395 4378 2688 4449 Egyptian:
2740 4379 3006 4433 traduxit.
3062 4377 3465 4449 ingressusque
3525 4389 3614 4437 est
3691 4379 3870 4439 Iacob

2214 4466 2260 4523 ι)
2288 4471 2585 4543 Egyptum
2641 4485 2786 4525 anno
2845 4469 3009 4526 famis
3057 4469 3301 4526 secundo
3358 4469 3467 4544 [vel
3507 4471 3665 4541 juxta
3713 4476 3864 4531 aliud

2282 4562 2581 4632 exemplar,
2612 4560 2817 4635 tertio],
2876 4578 3093 4631 unaque
3123 4577 3249 4618 cum
3269 4563 3393 4633 ipso
3434 4565 3549 4619 nati
3584 4568 3788 4636 ipsius,
3810 4579 3867 4625 et

2280 4667 2507 4722 nepOtes
2534 4668 2602 4706 ex
2634 4653 2811 4723 ipsius
2850 4652 3054 4709 lumbis
3083 4654 3357 4726 prognati,
3391 4663 3589 4726 praeter
3619 4658 3859 4713 filiorum

2280 4758 2480 4799 uxores
2523 4744 2591 4799 ab
2642 4746 2763 4817 ipso
2814 4760 2922 4800 non
2972 4756 3295 4817 prognatae.
3340 4762 3464 4803 cum
3505 4746 3750 4819 Iosepbo
3798 4767 3862 4806 ae

2278 4834 2686 4905 duobusipsius
2735 4837 2861 4891 iiliis
2919 4834 3173 4893 homines
3218 4839 3566 4910 septuaginta
3595 4881 3614 4906 ,
3666 4838 3869 4897 Iacobo

2283 4939 2414 4986 tunc
2451 4928 2715 4998 temporis
2746 4943 2925 4984 annos
2953 4938 3172 4984 centum
3193 4938 3250 4984 et
3280 4930 3503 5000 triginta
3528 4940 3681 4988 nato.
3716 4934 3860 4990 Sub-

2277 5020 2414 5076 stitit
2444 5029 2625 5074 autem
2650 5017 2822 5073 Iacob
2855 5020 2907 5073 in
2930 5017 3165 5091 18gypto
3212 5034 3389 5076 annos
3421 5024 3853 5091 septemdecim;

2277 5114 2368 5168 ubi
2431 5128 2576 5169 anno
2604 5114 2729 5168 vitae
2763 5111 2892 5167 Levi
2922 5115 3263 5179 octogesimo
3304 5114 3447 5168 diem
3487 5113 3666 5170 obiit:
3712 5120 3853 5173 unde

2275 5206 2330 5261 in
2368 5215 2569 5261 terram
2616 5206 2875 5262 Chanaan
2908 5214 3241 5274 reportatum
3273 5206 3608 5277 sepelierunt
3636 5207 3842 5278 Ioseph

2275 5296 2567 5364 caeterique
2622 5296 2742 5365 ejus
2778 5294 2871 5351 iilii
2918 5294 3072 5364 juxta
3111 5293 3352 5352 lsaacum
3400 5304 3607 5366 patrem
3653 5314 3838 5355 suum.

2273 5390 2472 5445 Totum
2502 5398 2682 5443 autem
2721 5389 2866 5457 quod
2908 5387 3041 5442 vixit
3083 5385 3255 5443 Iacob
3281 5388 3407 5443 anni
3445 5400 3575 5446 sunt
3613 5402 3834 5447 centum

2273 5482 2633 5553 quadraginta
2673 5491 2903 5549 septem.
2937 5479 3155 5535 Kahato
3189 5488 3312 5550 post
3335 5481 3624 5551 sexaginta
3655 5499 3835 5541 annos

2276 5584 2441 5629 natus
2486 5584 2568 5626 est
2615 5572 2669 5626 in
2724 5571 2961 5643 1Egypto
3003 5570 3251 5625 Amram.
3291 5573 3450 5628 Anno
3489 5581 3675 5630 autem
3723 5578 3843 5631 vita:

2276 5663 2469 5719 Kahati
2516 5662 2731 5717 decimo
2763 5664 2975 5733 quinto,
3021 5661 3160 5716 obiit
3205 5660 3448 5733 Iosrph,
3491 5679 3656 5733 quem
3707 5683 3843 5724 arca:

2279 5754 2596 5827 impositum
2630 5755 2968 5824 sepelierunt
3037 5753 3235 5810 fratres
3284 5753 3458 5827 ipsius
3500 5755 3554 5811 in
3584 5754 3838 5830 ὥσπερ,
