4068 6160
257 268 371 335 929

1706 276 2076 342 ANNALES.

3411 291 3518 355 930

253 404 381 442 cum
413 404 591 445 annos
629 399 850 446 ecuttun
886 400 939 445 et
974 394 1160 447 decem
1207 392 1451 447 vixisset.
1499 389 1704 447 Ferunt
1746 395 1834 445 alii
1867 395 1911 453 Α
1942 396 2156 463 gionctu
2190 394 2372 465 llejnzi
2412 397 2621 469 aufugit
2647 441 2661 465 ,
2698 399 2789 454 ubi
2838 400 2892 454 in
2935 401 3070 457 urbe
3098 400 3323 475 Matlyau
3362 407 3516 463 habi-

250 477 479 548 Josephi
510 494 717 552 corpus
763 496 908 535 arcte
951 496 1270 536 marmorea:
1299 482 1613 550 impositum
1648 478 1704 533 in
1738 478 1831 533 Ni-

253 574 367 627 lum
404 573 711 642 projectum
768 572 959 631 fuisse.
1003 574 1175 629 Porro
1213 577 1453 627 Amrauo
1485 582 1609 641 post
1656 585 1831 625 annos

250 667 610 737 septuaginta
652 674 770 723 tres
813 674 979 724 natus
1017 674 1103 723 est
1138 665 1390 732 Niriam;
1444 672 1566 733 post
1608 669 1830 733 septua-

250 759 404 828 ginta
456 768 665 828 septem
705 758 942 814 Altron:
996 766 1123 827 post
1162 758 1441 829 octoginta
1488 754 1685 819 Moses,
1735 754 1825 809 cui

252 862 379 917 pax.
417 847 564 905 Vixit
594 859 776 905 autem
811 849 867 904 in
896 859 1073 903 totum
1122 848 1325 902 Amran
1382 861 1557 902 annos
1602 857 1823 901 centum

249 940 474 1010 triginta
522 956 643 996 sex.
679 942 839 996 Anno
866 941 989 995 vita:
1018 938 1243 995 Atnrani
1292 939 1572 994 tricesimo
1594 938 1829 1008 septimo

250 1043 508 1088 tnmtuus
538 1043 624 1087 est
652 1032 765 1105 96
793 1032 947 1096 Levi,
982 1046 1109 1086 curn
1142 1045 1319 1087 annos
1349 1038 1568 1085 centum
1605 1029 1827 1099 triginta

248 1134 463 1192 septem
508 1126 757 1180 vixiSst't.
804 1124 966 1179 Anno
1010 1126 1135 1177 vita:
1188 1122 1436 1192 ejusdem
1484 1119 1828 1188 sexagesimo

249 1217 489 1284 septimo
518 1216 655 1271 obiit
696 1214 900 1282 Kahat,
952 1229 1129 1269 annos
1159 1224 1322 1268 natus
1368 1224 1591 1268 centum
1634 1209 1826 1279 viginti

248 1319 484 1373 septem.
541 1308 769 1367 Mortuis
796 1318 977 1363 autem
1005 1304 1247 1377 lost-pho
1274 1313 1331 1361 et
1362 1303 1628 1359 fratribus
1651 1303 1827 1371 ipsius

247 1399 583 1466 ceterisque
633 1400 753 1468 ejus
787 1399 976 1455 seculi
1002 1398 1282 1461 oti-nibus,
1319 1410 1447 1451 cum
1482 1390 1824 1463 multiplicati

244 1499 434 1543 essent
488 1487 589 1543 lilii
639 1489 858 1544 lsraelis
925 1489 1179 1559 ﬁliosque
1252 1488 1575 1558 genuissent
1624 1487 1827 1552 quibus

246 1577 571 1649 impleretur
617 1590 764 1636 terra
811 1578 1057 1652 :Egypti,
1107 1580 1399 1650 praefectus
1446 1576 1685 1651 Egypto
1732 1596 1825 1635 rex

242 1673 343 1739 qui
390 1671 694 1743 Josephum
747 1689 858 1729 non
891 1681 1076 1736 norat,
1118 1673 1260 1727 dixit
1297 1673 1640 1729 consiliariis
1672 1675 1822 1730 suis:

1945 490 2127 556 tavit,
2186 490 2368 560 ibique
2410 506 2637 547 uxorem
2679 491 2875 558 duxit,
2942 496 3164 551 nomine
3218 499 3514 568 Sipburant

1940 578 2109 635 ﬁliam
2159 580 2353 637 Jethro
2413 589 2597 655 (quem
2645 584 2853 642 Arabes
2903 585 3121 644 Slroarb
3172 591 3514 661 appellant),

1937 668 2191 735 lsruaelc,
2238 672 2533 728 Abrabatni
2587 672 2719 739 lilio,
2765 673 3011 742 oriundi,
3046 679 3233 747 templi
3268 679 3322 733 in
3379 684 3517 736 urbe

1938 761 2182 834 Iladyan
2250 764 2574 823 sacerdotls.
2630 765 2961 839 Peperitque
3014 768 3291 842 Sipbnralt
3350 772 3515 829 Mosis

1935 853 2074 910 duos
2105 856 2268 921 ﬁlios,
2300 857 2527 913 Gersom
2578 868 2633 915 et
2673 858 2918 931 Elyazer.
2948 859 3086 915 Dum
3119 873 3298 918 autem
3322 879 3516 934 pasee-

1934 957 2017 1002 ret
2053 947 2211 1018 ιοο
2239 946 2417 1004 bloses
2452 964 2585 1005 oves
2624 952 2803 1007 soceri
2843 953 2930 1010 sui
2967 950 3181 1017 Jethro,
3216 970 3344 1010 ecce
3378 970 3514 1011 con-

1933 1040 2116 1111 spexit
2150 1042 2203 1095 in
2236 1050 2422 1096 monte
2449 1042 2644 1095 rubum
2677 1042 2824 1112 igne,
2856 1043 3037 1099 medio
3069 1044 3181 1108 die,
3218 1043 3514 1101 {laruman-

1933 1142 2064 1199 tem,
2096 1134 2299 1188 arbore
2342 1133 2466 1203 igne
2499 1148 2606 1187 non
2643 1145 2990 1204 consumpta.
3022 1136 3179 1203 Quod
3209 1148 3267 1191 ut
3302 1139 3512 1192 rideret

1932 1225 2619 1295 accedentetnjinclamavit
2644 1224 2908 1280 Dominus
2931 1229 3155 1296 ajrubo:
3184 1227 3259 1280 Ne
3284 1232 3509 1296 timeas,

1935 1314 2131 1382 Moses,
2176 1334 2280 1389 ego
2332 1318 2602 1389 siquidem
2648 1318 2907 1374 Dominus
2940 1335 3084 1374 sum.
3128 1320 3206 1373 Ad
3259 1321 3508 1375 Pharao-

1934 1423 2056 1463 nem
2103 1409 2296 1464 abiens
2330 1410 2528 1481 jubeas
2562 1410 2735 1480 ipsum
2780 1410 2921 1465 ﬁlios
2976 1410 3197 1466 lsi-aclis
3231 1411 3510 1468 dimittere

1930 1517 2043 1572 quo
2092 1501 2232 1556 mibi
2282 1504 2547 1557 serviant.
2584 1503 2729 1557 Abiit
2770 1510 2903 1573 ergo
2937 1501 3117 1560 Moses
3160 1504 3227 1558 ad
3265 1504 3508 1559 Pharao-

1934 1609 2079 1659 nem,
2112 1608 2307 1657 annos,
2338 1609 2450 1664 quo
2482 1604 2723 1663 tempore
2766 1594 3041 1651 allocutus
3070 1607 3156 1651 εει
3183 1596 3360 1665 ipsum
3407 1595 3510 1648 Do-

1934 1687 2157 1749 minus,
2222 1694 2383 1741 natus
2434 1687 2739 1755 octoginta,
2779 1684 3001 1739 Abrone
3054 1686 3328 1756 octogin'a
3394 1695 3507 1741 tres

250 1762 408 1819 Iulti
432 1774 730 1821 evaserunt
757 1763 1041 1830 Israelita,
1073 1780 1253 1835 neque
1275 1766 1450 1821 securi
1482 1779 1606 1819 esse
1632 1780 1821 1834 possu-

1934 1788 2086 1843 nato,
2122 1775 2373 1831 Miriama
2419 1791 2609 1831 sorore
2655 1777 2897 1847 ipsorum
2937 1778 3216 1847 octoginta
3269 1789 3503 1848 septem.

246 1872 397 1920 mus,
422 1858 557 1927 quin
592 1859 638 1915 si
666 1858 894 1928 prodeat
925 1858 982 1914 in
1014 1872 1117 1914 nos
1158 1858 1379 1913 rebellis
1424 1857 1627 1927 aliquis
1664 1871 1825 1926 οριτιιι

246 1946 350 2019 ipsi
384 1950 547 2004 laturi
580 1950 693 2006 sint
721 1950 787 2006 ad
822 1965 923 2007 nos
961 1965 1029 2006 ex
1061 1950 1299 2022 Egypto
1322 1951 1628 2021 pellendos.
1677 1950 1828 2003 Prc—

244 2042 380 2097 le¢it
405 2058 539 2114 ergo
574 2043 711 2113 ipsis
755 2042 1045 2114 Egyptios
1082 2044 1175 2113 qui
1209 2043 1359 2113 ipsos
1392 2042 1448 2096 in
1498 2041 1823 2097 servitutem

244 2132 578 2203 redigeutes.
614 2135 752 2191 dare
794 2135 1005 2191 servire
1051 2143 1351 2205 coegerunt
1408 2133 1557 2188 eirea
1614 2132 1824 2199 lututn,

246 2222 473 2285 lateres.
508 2233 565 2280 et
608 2224 815 2296 lapides
855 2235 1183 2296 montesque
1219 2224 1592 2288 cxravandos,
1640 2239 1830 2280 caver-

247 2332 353 2374 nas
406 2314 799 2391 [edodiendas]
846 2327 903 2373 ct
941 2327 1145 2373 terram
1195 2318 1523 2373 colendam:
1598 2320 1729 2388 quin
1770 2328 1825 2373 et

244 2410 569 2464 mandatum
598 2408 999 2464 obstetricibus
1028 2407 1177 2463 dedit
1203 2422 1396 2463 omnes
1426 2408 1517 2477 qui
1554 2408 1822 2463 lsraelitis

244 2508 614 2557 noscerentur
643 2514 825 2554 orares
856 2516 888 2555 e
918 2499 1102 2554 medio
1150 2499 1403 2565 tollendi,
1432 2508 1596 2569 atque
1627 2500 1681 2552 ιιι
1722 2497 1824 2552 llu-

242 2595 398 2649 vium
458 2591 785 2663 projiciendi
839 2614 853 2648 :
921 2593 1058 2646 adeo
1107 2601 1165 2645 nt
1222 2591 1387 2647 occisi
1440 2601 1497 2645 et
1560 2592 1613 2645 in
1658 2590 1824 2645 ﬂuvio

242 2682 524 2737 submersi
586 2682 791 2737 fuerint
853 2682 1090 2738 infantes
1138 2684 1233 2753 qui
1299 2696 1589 2737 numerum
1655 2698 1819 2738 exce-

238 2774 403 2830 dant.

316 2867 455 2922 Cum
509 2881 642 2939 ergo
693 2875 858 2921 natus
907 2876 1055 2922 esset
1095 2865 1294 2928 Moses.
1343 2874 1594 2923 metuens
1645 2877 1821 2923 mater

249 2959 424 3029 ipsius
453 2974 520 3014 ne
550 2974 581 3014 e
618 2959 800 3014 medio
841 2957 1150 3024 tolleretur,
1182 2959 1361 3027 ipsum
1397 2959 1574 3013 tribus
1618 2960 1822 3014 mensi-

244 3050 353 3106 bus
395 3049 729 3147 abscondit:
780 3049 975 3107 deinde
1010 3050 1115 3105 sibi
1165 3058 1413 3105 metuens
1446 3049 1669 3121 (nomen
1715 3051 1819 3122 ipsi
1848 3085 1896 3147 ο

240 3153 365 3198 erat
396 3141 700 3213 Joehabad)
752 3156 937 3198 arcam
958 3158 989 3197 e
1011 3145 1195 3213 juncis
1221 3143 1464 3198 coniecit
1508 3144 1587 3213 (in
1625 3144 1761 3214 lege,
1789 3161 1822 3201 e

244 3234 411 3305 li’iis
447 3234 623 3305 pineis
650 3233 899 3289 coniecta
931 3235 1160 3303 dicitur)
1209 3250 1274 3290 ac
1299 3236 1421 3305 pice
1452 3234 1621 3300 intus,
1654 3247 1822 3306 atque

241 3336 401 3384 extra
424 3326 653 3389 oblevit,
691 3327 782 3382 cui
814 3342 1041 3397 puerum
1075 3327 1392 3398 impositum
1432 3330 1486 3383 in
1535 3328 1722 3383 brevia
1754 3330 1822 3384 ad

241 3418 355 3475 Nili
386 3417 543 3473 littus
575 3416 830 3488 projecit,
864 3419 918 3472 in
952 3420 1085 3472 urbe
1122 3416 1275 3472 Dbau
1304 3420 1571 3489 appellata
1596 3462 1611 3484 ,
1654 3423 1821 3477 ditio-

244 3509 335 3566 nis
383 3508 737 3579 A‘Igyptiacte,
777 3522 888 3577 quo
923 3507 1173 3562 sublatus
1202 3507 1492 3571 ﬂuctibus,
1547 3512 1662 3580 ipsa
1712 3528 1820 3567 non

243 3602 466 3656 sidente
495 3601 966 3670 submergeretur.
1004 3597 1259 3669 97-99
1312 3599 1462 3654 Sedit
1496 3613 1682 3655 autem
1729 3602 1821 3656 bli-

242 3693 384 3747 riam
428 3704 591 3747 soror
641 3689 811 3745 Hosis
842 3704 876 3744 ο
912 3690 1213 3760 longinquo
1262 3702 1319 3743 nt
1370 3692 1505 3761 quid
1553 3692 1619 3748 de
1651 3710 1821 3762 puero

241 3782 403 3837 ﬂeret
444 3780 675 3835 videret.
734 3779 1083 3836 Descendens
1124 3796 1259 3850 ergo
1302 3779 1610 3839 Pharaonis
1671 3786 1817 3849 lilia,

241 3875 466 3930 nomine
498 3870 696 3943 Siyuo,
726 3880 785 3924 ut
812 3886 873 3925 se
900 3872 954 3925 in
977 3869 1100 3925 Nilo
1142 3873 1406 3936 ablueret,
1440 3875 1627 3929 audito
1662 3878 1817 3943 pueri

241 3967 300 4021 in
330 3979 460 4019 arca
495 3965 701 4034 vagitu,
734 3974 790 4018 et
822 3963 1222 4027 misericordia,
1275 3975 1577 4037 teneroque
1611 3968 1817 4027 affectu

238 4070 374 4126 erga
405 4054 586 4126 ipsum
614 4063 917 4119 commota,
955 4056 1134 4125 ipsum
1159 4056 1226 4108 ad
1255 4072 1316 4111 se
1343 4059 1570 4127 ret-cpit,
1613 4058 1819 4128 jubcns

239 4149 416 4220 quarri
463 4148 732 4202 nutricem
778 4162 900 4217 qua
947 4146 1126 4215 ipsum
1162 4148 1391 4203 lactaret
1420 4158 1587 4220 atque
1615 4153 1814 4207 eddea.

241 4247 352 4294 ret.
385 4239 700 4293 Accurrens
743 4252 876 4306 ergo
904 4236 972 4289 ad
1019 4238 1199 4307 ipsum
1232 4240 1474 4304 Miriam,
1525 4241 1694 4298 Musis
1718 4259 1815 4298 so-

240 4344 358 4393 ror,
409 4328 573 4394 dixit,
623 4329 979 4399 quaesituram
1026 4344 1087 4383 se
1139 4332 1408 4385 nutricem
1443 4346 1510 4386 ex
1546 4331 1814 4389 lsraelitis

1930 1867 2103 1923 Porro
2136 1882 2283 1922 anno
2311 1868 2433 1922 vita
2466 1866 2634 1923 Mosis
2668 1868 3126 1939 quinquagesimo
3158 1881 3316 1925 sexto
3361 1886 3508 1924 mor-

1927 1972 2058 2017 tuus
2078 1970 2165 2017 est
2196 1969 2351 2030 pater
2383 1960 2557 2031 ipsius
2592 1965 2819 2023 Amran.
2847 1962 3010 2031 cujus
3033 1964 3143 2017 vita
3182 1972 3299 2017 erat
3333 1978 3507 2017 amto-

1928 2066 2046 2106 rum
2074 2062 2294 2107 centum
2337 2053 2561 2122 triginta
2606 2066 2725 2107 sex.
2774 2050 3177 2122 Pr0pltetarunt
3219 2064 3402 2108 autem
3449 2056 3504 2108 in

1925 2140 2163 2214 Egypto
2203 2144 2256 2197 in
2284 2142 2549 2197 lsraelitis
2577 2139 2814 2207 Zarach,
2848 2158 2879 2196 e
2917 2142 3040 2197 ﬁliis
3067 2140 3242 2208 Iudae,
3272 2142 3456 2197 Zamri
3482 2182 3497 2205 .

1923 2233 2209 2298 Abiathar,
2253 2232 2505 2299 llaiman,
2556 2230 2780 2297 Balcuc,
2828 2232 3028 2297 Derda.
3064 2242 3120 2290 et
3155 2234 3353 2288 deinde
3388 2234 3505 2288 Mo-

1925 2339 2038 2379 ses.
2081 2322 2206 2378 Fuit
2246 2339 2511 2379 numerus
2544 2322 2783 2378 ﬁliorum
2834 2322 3004 2380 lsrael
3042 2339 3164 2379 cum
3196 2325 3502 2397 (Egyptum

1926 2417 2339 2487 ingrederentur
2362 2416 2642 2470 hominum
2670 2416 3035 2485 septuaginta,
3076 2417 3504 2486 habilnl‘tttttquo

1925 2510 1979 2563 in
2004 2504 2239 2580 Egypto
2270 2522 2445 2563 annos
2469 2508 2736 2563 ducentos
2768 2517 2824 2562 et
2844 2507 3258 2578 septemdecim,
3297 2525 3326 2560 a
3364 2508 3503 2563 Pha-

1925 2604 2185 2657 raonibus
2224 2602 2325 2656 sibi
2359 2601 2593 2655 invicem
2626 2599 3055 2656 succedentibus
3093 2602 3147 2654 in
3174 2602 3498 2655 servitutum

1923 2692 2154 2747 redacti.
2177 2688 2333 2757 Quod
2361 2688 2409 2745 si
2437 2689 2640 2744 dixerit
2660 2690 2805 2758 quis,
2831 2691 3097 2759 scripturn
3125 2705 3246 2744 esse
3268 2689 3321 2743 iu
3357 2690 3499 2761 lege,

1922 2774 2062 2830 ﬁlios
2116 2775 2414 2830 Abrahami
2465 2775 2521 2830 in
2580 2776 2843 2831 servitute
2890 2778 3169 2832 detentum
3218 2777 3282 2831 iri
3322 2793 3499 2833 annos

1921 2864 2375 2935 quadringentos,
2427 2864 2504 2938 [in
2557 2866 2668 2921 alio
2720 2870 3043 2936 exemplari,
3073 2869 3213 2923 ﬁlios
3260 2869 3499 2944 lsraelis]

1922 2955 2199 3022 quomodo
2228 2967 2359 3023 ergo
2389 2952 2722 3025 dicasipsos
2752 2956 3015 3011 serviisse
3033 2971 3209 3014 annos
3228 2959 3499 3021 ducentos

1922 3052 1977 3097 et
2012 3043 2441 3112 septemdecim?
2476 3049 2870 3116 respondemus
2914 3049 3041 3117 ipsi,
3075 3054 3291 3108 nescire
3317 3056 3495 3128 ipsum

1921 3149 1953 3189 a
1983 3148 2096 3204 quo
2119 3144 2360 3203 tempore
2393 3143 2694 3205 supputare
2733 3136 2929 3193 debeat
2966 3150 3024 3194 ut
3055 3154 3324 3199 annorum
3361 3164 3498 3217 qua-

1922 3228 2335 3295 dringentorum
2378 3230 2611 3297 spatium
2652 3230 2929 3287 conﬁciat.
2984 3233 3141 3288 Scias
3175 3236 3314 3292 libro
3360 3241 3496 3311 legis

1924 3322 2099 3391 primo
2149 3320 2492 3392 101-103
2547 3322 2713 3376 Deum
2766 3324 2948 3391 (cujus
2988 3326 3105 3382 laus
3144 3330 3492 3403 celebranda)

1921 3412 2129 3467 dixisse
2157 3413 2471 3468 Abrahamo
2502 3433 2516 3468 :
2546 3413 2736 3483 Aspice
2761 3417 2950 3471 cretum
2991 3429 3039 3472 et
3082 3422 3286 3487 stellas,
3321 3428 3369 3477 si
3400 3441 3496 3494 po-

1922 3506 2070 3566 teris.
2099 3522 2390 3570 enumeres,
2440 3508 2515 3560 ita
2571 3510 2713 3561 enim
2741 3525 2797 3563 se
2848 3510 3052 3564 habebit
3100 3530 3270 3568 senten
3322 3528 3491 3583 tuum,

1925 3596 2073 3651 Dixit
2102 3597 2271 3652 etiam
2305 3596 2408 3665 ipsi
2445 3594 2749 3651 Dominus:
2782 3597 2902 3668 Ego
2949 3615 3068 3652 sum
3121 3600 3373 3653 Dominus
3406 3604 3497 3669 qui

1921 3704 1971 3746 te
1998 3691 2158 3744 eduxi
2191 3705 2218 3742 e
2249 3687 2427 3742 Karra
2451 3688 2821 3743 Ultaldteorum
2871 3691 2925 3743 in
2953 3693 3109 3754 hanc,
3130 3710 3288 3761 quant
3316 3695 3412 3746 tibi
3442 3696 3497 3746 in

1921 3780 2279 3833 bwreddatent
2332 3779 2453 3831 dedi
2500 3790 2719 3832 terram.
2792 3780 2853 3835 Et
2902 3782 3107 3834 dicenti
3166 3782 3492 3849 librabat-io,

1920 3869 2145 3925 Domine
2184 3874 2275 3935 mi,
2320 3870 2581 3939 quomodo
2639 3873 2807 3925 sciam
2854 3890 2933 3927 tne
2973 3890 3091 3927 eam
3146 3874 3494 3929 Ita'redilttill-

1919 3979 2039 4017 runt
2064 3963 2089 4015 ἱ)
2139 3963 2276 4017 dixit
2310 3961 2570 4016 Dominus
2601 3982 2615 4016 :
2647 3964 2911 4031 Acceptis,
2930 3966 3181 4034 jurenco,
3213 3969 3400 4034 ariete,
3445 3979 3497 4023 et

1919 4071 2082 4124 capra
2112 4055 2421 4116 triennibus,
2472 4070 2679 4123 unaque
2705 4065 2911 4109 turture
2939 4066 2988 4111 et
3021 4056 3295 4126 columba,
3332 4061 3497 4129 ipsis-

1917 4165 2014 4217 que
2039 4148 2312 4217 arqrraliter
2340 4148 2545 4211 divisis,
2580 4149 2763 4201 omnia
2790 4149 3028 4215 ipsorum
3054 4154 3289 4205 membra
3331 4168 3359 4208 α
3404 4170 3490 4207 τεο

1916 4242 2066 4311 gione
2109 4241 2323 4306 pariunt
2372 4256 2589 4293 suorum
2623 4250 2853 4306 statuas,
2901 4243 3089 4297 avibus
3142 4253 3348 4298 tantum
3391 4262 3435 4299 ιι,
3462 4265 3494 4301 ιι

1917 4332 2100 4387 diuisis
2125 4338 2166 4387 ⁸.
2230 4333 2384 4400 Quod
2463 4349 2585 4386 tum
2654 4333 2877 4389 fecisset
2961 4334 3264 4401 Abraham,
3324 4353 3494 4408 prope

236 4437 365 4494 qua:
396 4422 499 4492 ipsi
524 4422 692 4477 ubera
721 4419 992 4491 praeberet
1014 4430 1070 4475 et
1098 4422 1326 4476 foveret.
1362 4423 1681 4493 Abiensque
1706 4440 1810 4478 tna-
1846 4414 1890 4471 υ
1917 4426 2105 4480 aberat
2153 4434 2213 4480 ut
2268 4424 2572 4481 involarent
2610 4440 2739 4481 aves
2805 4427 2859 4480 in
2906 4434 3089 4496 partes
3140 4428 3213 4482 ita
3260 4430 3488 4497 divisas,

238 4524 379 4571 trem
415 4528 572 4567 suam
610 4517 755 4582 (qua:
785 4510 959 4567 Hosis
989 4512 1150 4566 etiam
1189 4517 1384 4583 mater)
1431 4515 1680 4580 adduxit,
1712 4534 1809 4572 ne-

236 4608 449 4663 sciente
487 4604 790 4661 Pharaonis
818 4600 929 4659 ﬁlia
959 4605 1134 4675 ipsam
1172 4617 1399 4660 matrem
1441 4606 1562 4676 ejus
1594 4605 1767 4663 luisse
1790 4648 1810 4675 ,

236 4716 365 4771 quae
428 4715 654 4770 puerum
718 4700 825 4770 ipsi
872 4699 1185 4756 lactandum
1237 4706 1405 4768 atque
1458 4700 1804 4754 educandum

240 4793 488 4848 tradidit.

309 4888 446 4941 Cum
497 4896 680 4941 autem
722 4885 790 4941 ad
817 4894 1034 4941 aetatem
1064 4883 1177 4954 jam
1214 4882 1431 4939 virilem
1468 4883 1808 4951 pervenisset

1919 4534 2058 4588 quas
2088 4532 2213 4573 cum
2248 4524 2498 4573 vocasset
2545 4518 2847 4583 Abraham,
2884 4518 2988 4573 illa:
3015 4521 3082 4571 ad
3114 4520 3293 4589 ipsum
3326 4536 3491 4576 vene-

1920 4620 2071 4665 runt.
2106 4608 2334 4665 Factum
2357 4621 2445 4664 est
2478 4611 2582 4663 hoc
2605 4613 2671 4662 ad
2700 4624 2963 4663 occasum
2987 4610 3122 4665 solis
3148 4628 3163 4677 ;
3206 4623 3494 4682 occupat-tt

1916 4710 2098 4755 auten
2144 4700 2517 4755 Abrahamum
2572 4700 2752 4768 quies,
2796 4709 2850 4754 et
2877 4699 3040 4753 timor
3064 4716 3315 4771 magnus.
3364 4720 3497 4771 ope-

1915 4793 2187 4846 rientibus
2218 4794 2397 4860 ipsum
2434 4791 2677 4847 tenebris
2730 4790 2949 4861 spissis.
2998 4789 3251 4862 Dixitque
3312 4790 3494 4847 Domi—

1916 4898 2019 4937 nus
2034 4882 2346 4935 Abraltatno
2372 4895 2387 4933 :
2417 4879 2580 4934 Certo
2604 4881 2741 4933 scias
2761 4896 2931 4934 semen
2961 4890 3110 4933 tuum
3126 4882 3491 4936 habitatorum

241 4980 444 5047 Moses,
473 4991 771 5050 conspecto
812 4976 1061 5034 Israelita
1099 4975 1336 5046 quodam
1365 4975 1458 5044 qui
1492 4990 1616 5029 cum
1644 4974 1812 5047 IEgy-
1910 4976 1966 5028 in
2020 4984 2161 5028 terra
2206 4974 2511 5043 peregrina,
2547 4974 2601 5025 in
2623 4990 2726 5044 qna
2759 4972 3081 5027 laborabunt
3112 4974 3166 5026 in
3190 4977 3490 5031 servitutem

238 5074 357 5144 ptio
383 5071 765 5134 cantenderet,
797 5070 917 5140 ipse
946 5067 1264 5138 [Egyptium
1299 5063 1507 5119 inﬂicto
1554 5067 1661 5120 ictu
1712 5081 1809 5120 oc-

236 5167 395 5229 cidit,
422 5164 668 5235 atquein
707 5177 877 5218 arena
907 5160 1197 5231 sepelirit;
1225 5167 1393 5228 atque
1433 5158 1641 5225 aliquot
1692 5165 1813 5225 post

237 5261 456 5324 diebus,
508 5274 631 5311 t-um
664 5257 809 5312 inter
841 5270 902 5311 se
926 5254 1271 5309 certantibus
1297 5252 1562 5307 lsraelitis
1591 5251 1810 5304 duobus

235 5363 589 5422 sequestrum
615 5364 675 5405 se
703 5350 995 5418 ingereret,
1039 5348 1299 5401 dixerunt
1332 5346 1406 5400 illi
1447 5362 1460 5397 :
1509 5342 1718 5399 Forsan
1754 5352 1809 5397 et

236 5458 489 5504 nostrum
516 5445 749 5498 alterum
801 5440 1195 5497 interfecturus
1251 5455 1311 5493 es
1360 5440 1435 5493 uti
1492 5438 1607 5492 heri
1640 5436 1809 5507 Αἰκι-

238 5543 410 5613 ptium
431 5534 777 5592 interfecisti.
803 5531 985 5599 Quare
1012 5545 1264 5588 metuens
1295 5533 1396 5587 sibi
1431 5530 1608 5586 Moses
1636 5532 1689 5583 in
1726 5547 1803 5585 re.

308 5718 582 5783 ‘Gen.xv,
606 5714 723 5771 5-9.
803 5712 981 5772 ‘ibid.
1017 5712 1103 5775 l5,
1140 5713 1225 5767 15.

1913 5065 2116 5119 redacti
2160 5067 2316 5119 annis
2366 5064 2789 5134 quadringentis.
2815 5063 2927 5134 Ego
2970 5078 3092 5119 vero
3136 5064 3486 5133 judicatnrus

1911 5173 2027 5211 sum
2050 5165 2248 5226 gentem
2276 5172 2393 5225 qua:
2415 5174 2505 5211 eos
2535 5157 2589 5210 in
2610 5159 2913 5211 servitutem
2940 5154 3138 5228 rediget
3176 5160 3494 5231 exibuntquc

1918 5250 2126 5302 tandem
2174 5251 2227 5301 in
2267 5252 2602 5304 bnnclocum
2632 5268 2750 5305 cum
2786 5254 2972 5323 opibus
3012 5256 3239 5324 magnis.
3280 5256 3359 5309 Tu
3386 5275 3489 5309 au-

1919 5354 2021 5395 tent
2068 5344 2134 5394 ad
2174 5351 2352 5410 patres
2412 5355 2528 5397 tuos
2575 5346 2627 5397 in
2676 5361 2810 5412 pace
2859 5346 3184 5413 translatus,
3226 5361 3492 5404 senectute

1918 5437 2042 5487 bene
2068 5446 2189 5486 acta
2223 5436 2482 5502 sepelieris
2507 5438 2545 5490 ⁸.
2580 5434 2697 5491 Jarn
2722 5440 2789 5492 ab
2814 5440 2921 5492 isto
2944 5450 3187 5510 tempore
3214 5456 3323 5510 quo
3351 5445 3488 5497 dixit

1920 5526 2177 5580 Dominus
2238 5528 2566 5594 Abrahamo,
2591 5528 2779 5586 Semen
2801 5542 2952 5588 tuum
2980 5533 3171 5586 servire
3198 5534 3390 5601 [aciem
3418 5552 3486 5587 an
