4070 6152
446 248 554 312 935

440 370 610 412 tntum
643 354 921 423 redegisse
946 352 1203 411 1.ιὶιῖιιιιιιι
1241 356 1523 413 Clianaani
1560 376 1736 427 regem
1770 377 1781 418 ;

439 466 575 519 ergo
610 450 875 505 Israclitis
912 466 1116 520 eosque
1148 467 1177 505 c
1212 468 1373 505 manu
1427 454 1600 521 ipsius
1652 450 1873 519 eripias.
1928 450 2027 501 De-

443 542 614 595 boralt
702 557 835 612 ergo
911 553 1251 613 asstttnptum
1334 543 1622 607 Baraltum,
1706 538 2029 595 Abi-Nnami

443 635 805 705 121-123
859 634 1029 690 illium
1061 675 1076 698 ,
1146 652 1177 691 e
1217 637 1361 689 tribu
1417 636 1762 706 Neplitalim,
1831 633 2031 703 populo

442 728 631 800 [juxta
680 729 828 783 aliud
881 730 1179 800 exemplar,
1252 728 1545 802 exercitui]
1608 727 1847 795 regendo
1891 740 2028 794 prle-

441 818 600 876 fecit.
654 820 829 875 Barak
906 836 1038 890 ergo
1106 820 1295 875 ascitis
1362 819 1499 873 .sibi
1592 816 1774 872 decies
1884 814 2035 869 mille

447 915 728 978 lsraelitis,
758 930 788 968 e
819 915 943 969 [iliis
974 914 1288 983 Neplttalim
1319 923 1375 969 et
1405 911 1649 968 Zabulon
1673 948 1690 975 ,
1734 910 2035 965 comitante

448 1003 699 1059 llcliorali
738 1016 975 1059 montem
1012 1005 1193 1060 Tabor
1232 1004 1592 1070 conscendit,
1634 1017 1873 1071 quorum
1903 1014 2030 1055 cum

447 1096 515 1150 ad
571 1098 810 1150 Siseram
846 1096 1027 1151 Jabiui
1056 1099 1316 1151 vicarium
1350 1096 1693 1166 pervenisset
1720 1093 1862 1147 fama
1893 1131 1908 1153 .
1943 1092 2034 1147 ille

445 1189 511 1240 ad
550 1190 697 1258 ipsos
732 1190 902 1243 movit
935 1208 951 1255 ;
998 1192 1064 1244 ad
1126 1205 1287 1262 quem
1332 1206 1363 1245 e
1414 1198 1601 1244 monte
1638 1183 2034 1241 descendentes

449 1280 674 1334 victoria
704 1283 755 1334 in
789 1282 968 1351 ipsum
997 1284 1187 1337 doiiati
1244 1294 1417 1345 sunt,
1481 1280 1617 1334 adeo
1654 1288 1714 1333 ut
1770 1280 1862 1348 qui
1908 1291 2032 1331 cum

448 1375 631 1429 Sisera
664 1374 845 1429 Jabini
877 1376 1082 1430 vicario
1110 1385 1295 1431 essent
1324 1390 1542 1437 omnes,
1569 1372 1857 1427 occidione
1883 1370 2036 1425 dele-

449 1479 636 1519 rentur
664 1486 679 1525 :
713 1469 828 1534 ipse
858 1484 990 1521 vero
1023 1468 1240 1536 fugiens
1295 1467 1680 1537 ingrederetur
1727 1465 2029 1519 tentorium

444 1559 612 1614 .laelis
646 1562 834 1615 uxoris
871 1559 1063 1615 liebcri
1090 1561 1274 1615 Κειιωί
1306 1560 1393 1629 (id
1424 1567 1505 1614 est
1538 1560 1808 1627 eposteris
1848 1557 2033 1621 Kaiui,

1469 244 1836 310 EUTYCHH
1881 246 1920 300 Α
1934 238 2185 301 LEXAN
2201 242 2299 299 Dii
2315 242 2417 301 lNl
2466 242 2685 301 PATR.

3588 235 3716 301 ΒΜ

1837 370 2026 425 ιιι-αιδιδ
2059 365 2099 409 Α
2132 358 2342 423 peperit
2383 356 2485 424 ipsi
2521 356 2710 421 lilium,
2746 368 2906 425 quem
2943 353 3348 410 Abimctccbum
3402 355 3713 425 appellavit.

2136 447 2431 516 Postquam
2472 464 2604 519 ergo
2632 450 2893 519 populum
2947 449 3305 519 quadraginta
3347 448 3506 503 annis
3540 449 3719 504 rexis-

2134 549 2215 595 set
2249 541 2459 595 Gideon
2484 580 2499 605 ,
2540 551 2793 597 mortuus
2828 550 2946 606 est,
2975 556 3037 595 ac
3061 540 3216 608 juxta
3256 542 3571 611 sepulcrum
3619 556 3716 613 pa-

2137 634 2236 688 tris
2263 634 2348 687 sui
2372 632 2540 688 Joasb
2568 635 2623 689 in
2665 633 2848 703 Ophra
2878 634 3089 688 Azaria:
3113 633 3383 704 sepultus.

2204 726 2310 781 Mor
2326 735 2418 781 tuo
2442 736 2623 781 autem
2655 724 2899 782 Gideone
2927 741 3053 781 cum
3082 728 3289 782 reversi
3326 735 3512 781 essent
3549 727 3725 784 lsrae-

2135 822 2246 875 lita:
2289 819 2357 874 ad
2390 819 2600 874 cultum
2634 818 2913 873 idolorum
2966 817 3179 871 Baalim
3225 827 3281 871 et
3327 819 3626 874 Asbtarotlt
3667 830 3725 876 ct

2136 914 2287 977 Bari,
2336 912 2622 981 proiectos
2663 911 2977 966 Abimelecli
3030 908 3384 974 Nabelesum,
3430 910 3498 964 ad
3543 928 3721 965 avun-

2136 1008 2294 1062 culos
2331 1023 2489 1074 suos,
2535 1006 2674 1061 dixit
2726 1006 2899 1076 ipsis:
2932 1004 3155 1061 Fratres
3214 1007 3316 1060 mei
3370 1012 3718 1076 septuaginta

2137 1100 2340 1170 pOpulo
2374 1102 2644 1168 imperare
2669 1098 2921 1168 cupiunt,
2955 1112 3053 1150 vos
3073 1106 3257 1151 autem
3286 1106 3533 1152 vestrum
3568 1099 3723 1151 anxi-

2137 1194 2270 1249 litttn
2306 1193 2437 1247 milii
2477 1192 2736 1261 praebete,
2767 1205 2877 1260 quo
2910 1192 3065 1247 solus
3099 1193 3206 1246 illis
3249 1192 3541 1258 imperent,
3586 1204 3726 1243 unus

2136 1286 2283 1341 enim
2308 1285 2507 1340 melius
2529 1299 2691 1355 quam
2721 1286 3070 1355 septuaginta
3097 1283 3360 1352 populum
3388 1292 3558 1351 reget.
3582 1283 3719 1335 Cum

2136 1393 2268 1448 ergo
2303 1376 2647 1448 septuaginta
2692 1376 2898 1430 talenta
2943 1377 3155 1444 argenti
3189 1374 3294 1444 ipsi
3326 1390 3356 1430 e
3392 1374 3557 1428 domo
3590 1374 3720 1427 idoli

2139 1468 2266 1525 Bacl
2304 1467 2686 1530 tradidissent,
2725 1468 2969 1537 acceptis
3008 1461 3097 1522 ille
3126 1482 3317 1523 secum
3364 1468 3523 1529 viris,
3575 1475 3627 1519 et
3655 1463 3722 1518 ad

2138 1562 2359 1615 domum
2414 1559 2588 1629 patris
2630 1558 2714 1611 sui
2766 1556 2951 1627 Opbra
3000 1557 3310 1624 profectus,
3372 1554 3726 1623 septuaginta

446 1653 539 1722 qui
568 1669 726 1707 socer
761 1653 865 1706 fuit
896 1652 1084 1717 Mosis,
1138 1653 1274 1707 alias
1302 1651 1493 1706 Jetliro
1518 1651 1829 1720 appellatus
1855 1650 1872 1717 )
1903 1662 2025 1717 quae
2071 1686 2118 1748 Β
2144 1653 2346 1708 fratres
2378 1666 2508 1707 suos
2555 1648 2857 1715 interfecit,
2887 1666 2998 1705 uno
3050 1654 3267 1703 tantum
3299 1662 3365 1702 ex
3418 1646 3551 1715 ipsis
3601 1660 3727 1698 evat

448 1743 651 1813 ipsum,
676 1741 818 1812 apud
852 1758 911 1799 se
939 1742 1327 1797 ab3c0;iditum
1352 1782 1367 1805 ,
1395 1740 1541 1810 quod
1599 1741 1806 1793 biberet
1846 1748 2033 1808 peten-

449 1846 582 1899 tem,
615 1837 751 1889 lacte
777 1834 1021 1903 potavit,
1074 1834 1143 1888 ad
1191 1835 1365 1905 ipStttIl
1418 1831 1814 1903 probandum,
1870 1842 2041 1901 utque

453 1927 795 1997 perspiceret
835 1940 963 1980 num
1022 1940 1158 1980 sano
1221 1936 1364 1979 esset
1422 1925 1745 1988 intellectu,
1817 1939 2037 1977 necne:

449 2019 598 2090 quod
654 2018 745 2074 ille
791 2026 1024 2089 epotum
1084 2032 1283 2086 aquam
1326 2031 1449 2073 esse
1497 2017 1853 2072 existimavit.
1903 2016 2041 2071 Cum

446 2125 581 2181 ergo
611 2112 789 2179 ipsum
815 2108 1151 2165 decumbere
1172 2108 1413 2171 fecisset,
1441 2116 1687 2177 tempora
1718 2107 1819 2177 ipsi
1839 2108 2043 2177 paxillo

457 2202 685 2257 tentorii
717 2201 993 2257 transﬁxit
1027 2201 1162 2257 adeo
1195 2209 1253 2254 ιιι
1282 2200 1525 2270 paxillus
1564 2212 1721 2254 terrae
1762 2204 2039 2269 ﬁgeretur,

451 2293 676 2362 ipseque
704 2301 1049 2358 moreretur;
1086 2292 1239 2346 illum
1264 2307 1395 2361 ergo
1440 2299 1717 2344 mortuum
1761 2305 1886 2344 cum
1940 2306 2031 2341 re-

454 2388 687 2458 perisset
725 2386 1001 2451 Deborah,
1037 2386 1152 2456 ipsa
1184 2401 1248 2440 ac
1284 2387 1455 2440 Barac
1507 2386 1573 2438 ad
1608 2384 1864 2439 Jabinuni
1898 2381 2044 2438 Cita-

455 2479 626 2533 naaui
661 2491 839 2550 regem
874 2477 1103 2548 profecti
1132 2518 1146 2541 ,
1179 2479 1329 2532 illum
1381 2484 1697 2546 superatum
1750 2490 1857 2531 una
1918 2489 2043 2529 cum

454 2572 685 2626 asseclis
721 2571 896 2640 ipsius
933 2570 1189 2625 erunibus
1216 2570 1631 2625 interfecerunt.
1667 2567 1893 2623 Prailuit
1944 2584 2044 2621 au-

455 2672 565 2718 tem
589 2664 793 2733 populo
830 2660 1081 2717 Deborali
1112 2676 1297 2718 annos
1333 2661 1723 2733 quadraginta.

527 2752 642 2819 Qua
670 2760 887 2806 mortua
917 2768 1171 2808 reversos
1203 2753 1268 2807 ad
1296 2753 1661 2807 idololatriam
1720 2751 1998 2806 israelitas
2028 2792 2043 2813 ,

456 2849 513 2903 in
548 2852 875 2916 potestatem
906 2860 1061 2899 suam
1092 2846 1421 2914 redegerunt
1452 2844 1762 2899 Madianitze
1821 2844 1962 2899 Oreb
1996 2854 2048 2896 ct

457 2940 594 3007 Zeb,
629 2940 722 3011 qui
759 2941 885 2997 illos
923 2947 1131 3008 septem
1160 2938 1319 2992 anuis
1346 2937 1482 2991 dure
1514 2947 1571 2991 et
1606 2936 1904 2992 crudeliter
1962 2951 2049 2988 re-

2145 1745 2335 1807 dente,
2374 1745 2624 1798 omnium
2678 1742 2927 1807 minimo,
2974 1741 3062 1794 cui
3104 1755 3301 1795 nomen
3352 1736 3602 1800 Jotliam,
3633 1738 3725 1804 qui

2146 1836 2373 1892 Beeram
2435 1834 2652 1904 fugiens
2699 1833 2776 1889 ibi
2837 1834 3161 1902 permansit.
3209 1830 3350 1886 Cum
3400 1832 3730 1900 imperasset

2146 1937 2328 1984 autem
2354 1926 2669 1981 Abimeleclt
2690 1924 2867 1979 tribus
2890 1924 3069 1986 annis,
3091 1925 3442 1991 insurgentes
3470 1922 3523 1974 in
3549 1923 3727 1990 ipsum

2148 2021 2345 2079 incolae
2379 2017 2615 2074 Nabeles
2651 2017 2828 2086 ipsum
2863 2014 3067 2082 pellere
3113 2013 3428 2068 voluerunt.
3474 2012 3566 2065 Ille
3591 2023 3727 2079 ergo

2146 2115 2395 2171 collectis
2429 2111 2597 2167 sociis
2629 2110 2749 2163 suis
2781 2120 2978 2176 magna
3027 2106 3180 2175 ipsos
3208 2114 3390 2172 strage
3430 2102 3729 2163 interemit,

2146 2219 2515 2278 egressusque
2561 2218 2628 2258 ex
2682 2200 2821 2254 urbe
2881 2198 3159 2267 congestis
3207 2197 3352 2251 circa
3405 2208 3527 2249 eam
3572 2190 3736 2260 lignis

2147 2302 2327 2373 ignem
2358 2298 2468 2370 ipsi
2503 2296 2714 2366 injecit,
2750 2291 2886 2347 adeo
2912 2301 2993 2354 ut,
3039 2304 3147 2343 una
3181 2303 3305 2344 eum
3346 2287 3607 2341 omnibus
3636 2284 3734 2353 qui

2149 2394 2204 2448 in
2248 2392 2364 2463 ipsa
2394 2397 2600 2454 essent,
2629 2385 3014 2453 conflagraret.
3047 2379 3187 2434 Tum
3220 2380 3289 2435 ad
3332 2387 3577 2433 montem
3620 2376 3738 2429 Να-

2150 2486 2309 2541 belest'
2339 2496 2602 2553 egressus
2639 2480 2815 2551 ipsum
2848 2478 3142 2533 obsidione
3185 2473 3381 2536 cinxit,
3420 2471 3581 2538 cujus
3628 2483 3728 2522 arx

2147 2578 2372 2651 grandis
2404 2574 2567 2645 128
2594 2571 2889 2628 admodum
2929 2571 3050 2635 fuit,
3100 2584 3130 2623 a
3159 2570 3322 2637 cujus
3354 2566 3574 2634 fastigio
3612 2579 3738 2615 nm-

2150 2672 2252 2727 lier
2288 2670 2539 2739 quaedam
2585 2664 2823 2735 lapidem
2872 2661 3108 2732 deiecit,
3145 2661 3240 2731 qui
3295 2659 3351 2713 in
3389 2654 3733 2710 Abimelcclti

2149 2773 2317 2835 caput
2343 2761 2568 2818 decidit.
2595 2757 2693 2813 Ille
2718 2767 2905 2811 autem
2938 2754 3032 2809 ubi
3079 2760 3311 2807 mortem
3340 2742 3735 2821 [ingruentem]

2150 2860 2347 2921 sensit,
2377 2868 2546 2925 puero
2572 2852 2663 2923 qui
2702 2848 2805 2920 ipsi
2835 2860 3003 2919 prope
3040 2844 3215 2900 astitit
3259 2843 3399 2898 dixit
3427 2857 3444 2895 :
3477 2836 3735 2910 Jugulum

2154 2952 2286 3009 mibi
2300 2947 2478 3021 gladio
2496 2944 2663 3001 ferito
2677 2957 2789 3013 quo
2807 2940 3034 3003 moriar,
3061 2944 3129 2991 ne
3141 2936 3359 3007 dicatur
3372 2932 3642 2987 occidisse
3653 2944 3744 2984 me

462 3042 686 3095 xerunt,
713 3032 781 3087 ab
807 3033 937 3100 ipsis
966 3046 1158 3102 pecora
1185 3069 1201 3096 ,
1238 3030 1397 3101 124
1424 3031 1587 3085 liores
1631 3037 1685 3084 et
1730 3044 1862 3099 Opes
1906 3029 2047 3082 aeci-
2075 3054 2118 3115 C
2154 3040 2569 3109 muiigrcmmui
2591 3038 2768 3106 ipsum
2783 3033 2960 3104 gladio
2979 3045 3299 3102 percussum
3321 3026 3619 3082 interfecit-

466 3126 702 3196 pientes.
742 3126 949 3179 Contra
980 3140 1119 3193 quos
1152 3139 1411 3193 egressus
1440 3121 1651 3177 Gidcon
1697 3120 1846 3177 Joasi
1879 3122 2045 3185 (illus,

456 3235 491 3275 ο
523 3218 668 3273 tribu
700 3216 989 3283 Mauassis,
1020 3216 1323 3285 assumptis
1358 3231 1544 3270 secum
1579 3224 1741 3270 noctu
1802 3229 1833 3270 e
1865 3215 2040 3270 seri-is

465 3310 586 3365 suis
624 3312 815 3364 decem
849 3308 1005 3372 viris,
1042 3307 1219 3361 Baetis
1251 3308 1381 3361 idoli
1408 3308 1669 3376 templum
1693 3306 1881 3371 diruit,
1902 3307 2048 3376 quod

460 3417 593 3456 eum
622 3399 936 3455 Madianitis
976 3400 1213 3453 innotuit
1246 3436 1265 3465 ,
1299 3399 1367 3452 ab
1412 3399 1547 3468 ipsis
1572 3398 1717 3467 fuga]
1758 3413 1818 3453 se
1881 3398 2051 3465 prori-

466 3492 629 3563 puit;
666 3492 865 3547 deinde
889 3490 1236 3561 congregatis
1268 3507 1329 3543 ex
1364 3490 1626 3544 lsraelitis
1667 3490 1800 3545 viris
1834 3499 2046 3543 trecen-

458 3585 531 3638 tis
557 3584 679 3639 illos
705 3590 869 3637 noctu
894 3583 1184 3644 accedens,
1218 3581 1307 3635 ubi
1342 3581 1406 3633 ad
1436 3580 1852 3633 Madianltnrum
1881 3594 2047 3633 excr-

458 3676 629 3732 citatn
683 3678 1038 3746 pervenisst-t,
1093 3676 1225 3729 viris
1292 3676 1408 3727 suis
1472 3674 1683 3726 circum
1747 3674 2049 3725 exercitum

458 3768 745 3837 dispersis,
784 3775 1039 3837 tympana
1074 3766 1337 3837 pulsavit,
1376 3764 1637 3833 tubisque
1669 3764 1917 3833 clanxit(
1944 3779 2052 3831 quo

460 3858 665 3928 pacto)
698 3859 855 3913 tracti
891 3859 1199 3914 llladianitze
1225 3897 1243 3924 ,
1307 3856 1541 3925 aliisque
1601 3854 1737 3908 alios
1782 3856 2053 3909 caedentes

460 3966 645 4006 coram
671 3951 940 4007 lsraelitis
1002 3953 1287 4021 fugerunt.
1328 3947 1567 4017 Scripsit
1624 3958 1807 4000 autem
1844 3944 2050 3999 Gideon

461 4043 528 4096 ad
557 4039 837 4096 lsraelitas
867 4053 899 4095 e
931 4041 1078 4094 tribu
1110 4038 1405 4107 Epitraim,
1442 4038 1535 4105 qui
1567 4037 1620 4089 in
1648 4036 1905 4104 partibus
1925 4034 2053 4088 Jor-

462 4134 589 4188 dani
621 4134 1001 4203 adjacentibus
1030 4132 1318 4199 degerent,
1351 4138 1412 4182 ut
1442 4128 1647 4199 egressi
1698 4128 2011 4182 Madiauitis
2037 4166 2052 4192 ,

464 4235 651 4295 utpote
684 4230 738 4278 in
764 4223 950 4294 fugam
972 4224 1277 4287 conversis,
1309 4231 1706 4276 occurrerent:
1735 4221 1827 4289 qui
1851 4221 2056 4287 egressi

465 4331 662 4386 magna
692 4316 814 4370 illos
844 4324 1028 4385 strage
1072 4320 1467 4385 peremerunt,
1528 4312 1820 4380 captisque
1873 4310 2056 4366 Orebo

2221 3141 2344 3210 ipso
2385 3143 2599 3190 mortuo
2636 3127 2836 3200 p0pulo
2873 3124 3160 3195 imperavit
3196 3120 3326 3176 Joas
3347 3120 3493 3174 [ilius
3513 3117 3734 3179 Pbudaz,

2158 3234 2253 3289 lilii
2278 3230 2439 3284 llalat
2458 3242 2488 3281 e
2507 3226 2651 3280 tribu
2670 3221 2911 3283 lsachar,
2932 3230 3108 3271 annos
3126 3213 3314 3285 viginti
3333 3222 3466 3277 tres;
3482 3210 3573 3280 qui
3587 3210 3745 3263 dein-

2151 3328 2219 3381 de
2240 3332 2492 3379 mortuus
2513 3321 2566 3374 in
2600 3316 2780 3372 Samir
2800 3310 3047 3382 sepultus
3070 3319 3176 3365 est.
3213 3306 3538 3373 Postipsum
3571 3318 3746 3374 popu-

2152 3417 2205 3472 lo
2234 3414 2447 3488 praefuit
2466 3411 2581 3467 Jair
2617 3409 2807 3479 Algadi
2828 3408 2972 3461 illius
2988 3421 3017 3460 e
3035 3404 3178 3459 tribu
3194 3401 3460 3455 Manassis
3478 3414 3648 3453 annos
3666 3396 3747 3488 ινι-

2160 3486 2300 3581 ginti
2328 3508 2496 3569 duos;
2516 3502 2606 3557 cui
2624 3501 2718 3556 lilii
2739 3510 2895 3555 erant
2913 3494 3133 3566 triginta
3156 3492 3369 3562 duoqui
3390 3493 3565 3581 ipsum
3586 3486 3743 3557 equis

2154 3580 2295 3657 vecti
2360 3596 2768 3665 sequebantur;
2828 3590 3026 3645 deinde
3087 3594 3338 3640 mortuus
3395 3584 3447 3636 in
3508 3580 3738 3633 Katnara

2155 3691 2399 3761 sepultus
2438 3694 2543 3744 est.
2579 3686 2675 3740 illo
2702 3691 2921 3737 mortuo
2946 3696 3070 3735 cum
3110 3678 3316 3733 reversi
3348 3684 3532 3731 essent
3564 3673 3736 3726 Israe-

2156 3783 2265 3839 lita!
2294 3782 2362 3837 ad
2404 3781 2615 3836 cultum
2664 3777 2935 3831 idolorum
2974 3771 3205 3832 Baalim,
3243 3777 3299 3823 et
3345 3766 3643 3821 Aslitarotb
3684 3771 3741 3818 et

2158 3874 2316 3939 Bael,
2368 3885 2473 3927 nec
2520 3885 2630 3924 non
2685 3869 2913 3921 deorum
2962 3862 3170 3933 Syrias,
3221 3858 3486 3921 Sidonis,
3550 3855 3735 3916 Moab,

2156 3967 2417 4029 Ammon,
2443 3970 2498 4018 et
2524 3960 2859 4023 Palaestinae,
2887 3955 3249 4025 praavalentes
3282 3950 3480 4021 populo
3512 3948 3739 4003 Animo-

2158 4062 2306 4123 uitae,
2335 4056 2473 4125 ipsis
2498 4069 2625 4110 cum
2659 4050 2908 4116 tristitia,
2934 4047 3136 4101 duritie
3160 4054 3213 4099 et
3235 4043 3558 4099 crudelitate
3586 4040 3744 4094 annis

2157 4148 2461 4205 octodecim
2514 4146 2909 4213 imperarunt:
2959 4139 3094 4209 quin
3148 4142 3204 4190 et
3247 4132 3545 4188 Jordauem
3596 4140 3747 4183 tran-

2157 4242 2372 4297 sierunt
2401 4234 2473 4292 od
2495 4231 2897 4304 oppugnandos
2942 4228 3244 4288 lsraelitas,
3275 4223 3431 4279 ludat
3466 4236 3661 4291 nempe
3690 4230 3745 4273 et

2159 4328 2501 4400 Benjamiuis
2551 4325 2712 4387 illius,
2750 4323 2842 4393 qui
2880 4320 2954 4375 ob
2996 4320 3148 4389 ipsos
3184 4331 3382 4387 magno
3427 4325 3578 4369 ntetu
3611 4328 3744 4367 con-

463 4417 521 4461 ct
552 4407 744 4471 Zeibo,
775 4404 1197 4459 Madianitarum
1223 4405 1466 4472 regibus,
1494 4402 1638 4457 Oreb
1664 4405 1718 4456 in
1749 4404 1864 4470 ripa
1888 4403 2050 4464 Ureb,
2079 4400 2132 4461 Ι)
2166 4420 2397 4477 sum“;
2430 4427 2582 4472 sum.
2610 4415 2751 4469 Cum
2795 4428 2927 4482 ergo
2950 4424 3126 4480 usque
3154 4406 3367 4462 Gileadi
3407 4406 3598 4461 urbe...
3628 4420 3751 4474 per.

468 4495 600 4553 Zeib
635 4498 688 4551 in
727 4512 852 4550 area
881 4494 1040 4550 Zeibi
1072 4495 1386 4549 occisorum
1434 4493 1619 4562 capita
1652 4492 1721 4547 ad
1746 4490 2046 4547 Gideoncni

468 4591 538 4645 ad
569 4590 759 4645 urbem
794 4588 1043 4642 Sliuccut
1089 4587 1408 4652 miserunt;
1463 4586 1622 4654 cujus
1676 4583 1957 4658 [incolas]
1999 4594 2056 4637 ut

468 4682 735 4739 exercitui
770 4696 876 4736 suo
909 4680 1092 4735 cibum
1127 4679 1435 4748 przeberent
1461 4693 1667 4747 eosque
1694 4679 1933 4749 li05pitio
1963 4696 2058 4731 ex-

470 4778 719 4845 cipcrent
747 4789 873 4828 cum
907 4783 1150 4842 rogaret,
1212 4771 1618 4841 responderunt
1672 4771 1798 4825 illi:
1848 4771 1960 4825 tino
2011 4773 2057 4826 si

472 4879 662 4926 essent
702 4878 886 4925 tecum
912 4868 1095 4938 capita
1131 4865 1297 4921 Zabai
1332 4875 1388 4920 et
1421 4866 1698 4922 Salmanai
1722 4883 1908 4937 regunt
1942 4866 2061 4920 Ma-

478 4962 843 5027 dianitarnm,
869 4970 984 5015 tum
1007 4960 1312 5015 exercitum
1340 4971 1493 5014 tuum
1521 4961 1645 5016 cibo
1670 4970 1722 5014 et
1750 4975 2058 5016 commeatu

476 5056 848 5112 reficerentus.
882 5053 1109 5109 Relictis
1140 5068 1273 5125 ergo
1303 5054 1413 5108 illis
1450 5062 1645 5109 contra
1704 5054 1947 5111 Zabaum
2004 5065 2066 5111 et

480 5152 871 5214 Salmanautu,
911 5145 1332 5202 Madianitarum
1432 5162 1584 5219 reges
1618 5148 1901 5218 prolectus
1925 5166 1939 5202 :
1964 5149 2057 5220 qui

479 5260 608 5300 cum
646 5244 938 5311 quinquies
977 5241 1125 5296 mille
1152 5240 1299 5296 bello
1344 5241 1556 5297 idoneis
1596 5241 1855 5305 fuerunt,
1900 5254 1957 5296 ct
2004 5244 2060 5296 in

484 5335 634 5403 ipsos
664 5332 892 5385 victoria
933 5332 1164 5396 potitus,
1191 5330 1341 5400 ipsos
1376 5346 1496 5386 cum
1545 5332 1773 5387 asseclis
1827 5332 1943 5386 suis
1974 5333 2064 5386 iii-

482 5424 715 5479 terctnit.
751 5424 954 5476 Deinde
984 5422 1050 5477 ad
1083 5423 1329 5477 Sbuccut
1354 5438 1608 5479 reversus
1629 5439 1770 5489 eam,
1805 5426 2059 5479 omnibus

480 5517 572 5585 qui
610 5515 961 5585 125127
998 5516 1051 5568 in
1087 5517 1201 5583 ipsa
1233 5529 1390 5569 erant
1456 5532 1487 5571 e
1553 5517 1733 5571 medio
1782 5518 2012 5571 sublatis
2046 5556 2060 5577 ,

479 5610 695 5663 delevit.
734 5608 978 5661 Fuerunt
1016 5620 1192 5661 autem
1218 5606 1454 5662 Gideoni
1509 5610 1603 5662 lilii
1672 5610 2059 5679 septuaginta;

483 5703 582 5757 fuit
613 5707 776 5757 etiam
813 5704 915 5773 ipsi
948 5703 1251 5757 concubina
1288 5719 1345 5758 cs
1386 5703 1605 5776 [urbe]
1663 5704 1890 5761 Nabclcs
1938 5722 2056 5777 qua:

2163 4514 2444 4567 venissent
2470 4506 2819 4570 Ammonitae,
2854 4501 3176 4572 congregati
3229 4499 3509 4568 principes
3537 4498 3747 4568 populi,

2167 4605 2425 4660 dixerunt
2462 4619 2476 4657 :
2511 4600 2566 4655 Si
2617 4599 2745 4669 quis
2795 4596 3157 4650 Atnmonitas
3194 4607 3370 4663 pugna
3406 4590 3751 4660 aggredietur

2164 4698 2271 4757 erit
2313 4694 2473 4749 nobis
2518 4693 2572 4745 in
2610 4691 2935 4760 principem.
2972 4685 3097 4742 Fuit
3160 4695 3341 4740 autem
3388 4681 3622 4752 Jepbtab
3653 4682 3747 4735 Gi-

2169 4789 2313 4844 leadi
2349 4786 2518 4850 ﬁlius,
2561 4800 2592 4839 e
2620 4787 2768 4839 tribu
2813 4781 3105 4841 Manassis,
3151 4780 3236 4833 vir
3276 4778 3444 4833 fortis
3469 4788 3523 4830 et
3557 4777 3749 4830 robore

2170 4889 2477 4950 praestans;
2505 4891 2783 4946 quemque
2805 4887 2933 4927 cum
2971 4871 3120 4927 illius
3145 4878 3294 4925 esset
3319 4869 3569 4924 mulieris
3603 4868 3752 4921 fura-

2170 4973 2275 5038 cis,
2306 4970 2629 5040 repulerunt
2678 4969 2879 5022 fratres
2911 4964 3259 5035 129-131
3304 4962 3480 5034 ipsius
3528 4960 3751 5015 abdica-

2171 5075 2399 5134 tumque
2446 5061 2513 5117 ad
2547 5059 2922 5115 haereditatem
2965 5073 3073 5113 non
3105 5058 3452 5111 admiserunt
3473 5092 3490 5117 ,
3527 5054 3667 5107 adeo
3695 5062 3751 5105 ut

2170 5156 2229 5211 in
2266 5164 2467 5209 terram
2502 5150 2615 5206 Tob
2652 5152 2720 5206 ab
2764 5150 2899 5222 ipsis
2930 5149 3160 5220 lugeret.
3198 5147 3279 5202 Ad
3324 5147 3477 5202 illum
3522 5160 3752 5215 congre-

2171 5246 2282 5317 gati
2308 5245 2412 5300 viri
2448 5258 2716 5314 pauperes
2757 5243 3103 5297 Animonitas
3137 5250 3541 5309 oppugnarunt.

2250 5339 2436 5406 Quare
2468 5338 2676 5407 egressi
2723 5337 2788 5391 ad
2816 5333 3147 5405 Jeplitaltum
3180 5335 3447 5404 primores
3477 5333 3629 5388 urbis
3658 5332 3752 5387 Gi-

2176 5432 2335 5494 leaul,
2370 5430 2551 5500 ipsum
2603 5438 2867 5499 rogarunt
2911 5437 2970 5481 ut
3009 5441 3171 5481 manu
3220 5441 3323 5480 sua
3369 5426 3584 5480 lirmata
3632 5438 3755 5479 cum

2178 5522 2510 5578 Ammonitis
2560 5530 2852 5591 pugnaret,
2916 5521 3160 5589 ipsisque
3213 5518 3467 5587 princeps
3531 5531 3595 5570 ac
3649 5524 3756 5569 dux

2179 5623 2345 5670 esset.
2383 5612 2599 5679 Quibus
2644 5627 2892 5665 annuens
2933 5612 3043 5674 ille,
3068 5607 3317 5663 collectis
3352 5607 3528 5677 copiis
3584 5603 3761 5674 profe-

2183 5720 2308 5764 ctus
2336 5718 2416 5764 εει
2444 5704 2512 5761 ad
2542 5704 2889 5762 bellumeum
2922 5700 3248 5760 Aunnouitis
3284 5700 3601 5770 gerendum,
3634 5704 3759 5755 voto
