4070 6152
406 383 514 446 931

1848 402 2216 468 ANNALES.

3548 423 3651 485 938

412 494 471 531 se
502 481 717 535 interim
757 483 862 538 Deo
893 484 1262 557 obstringens,
1285 503 1410 541 cum
1439 491 1540 560 ipsi
1571 495 1624 544 in
1657 493 1781 547 illos
1809 494 1982 549 victo-
2002 504 2053 561 Α
2082 503 2458 570 imposuerunt
2486 503 2749 564 Samson.
2795 508 2895 565 llic
2922 511 3030 581 jam
3062 515 3320 581 grandior
3350 516 3549 585 lactus,
3584 523 3649 574 ad

412 571 548 624 riam
594 574 917 632 concederet
965 576 1247 644 Dominus,
1291 583 1526 649 primum
1578 598 1639 639 se
1687 587 1779 652 qui
1816 587 1912 655 ipsi
1946 602 1977 642 e

410 664 575 717 ilomo
602 681 699 719 sua
728 680 1046 724 occurreret
1076 672 1130 725 in
1172 672 1449 728 victimam
1502 673 1613 730 Deo
1637 676 1973 735 oblaturum.

412 753 711 813 Victoriam
755 769 939 814 autem
968 765 1243 820 concessit
1280 764 1384 836 ipsi
1434 765 1721 834 Dominus,
1752 772 1886 827 adeo
1916 780 1978 827 ut

406 848 751 906 Ammonitas
798 863 981 921 strage
1032 870 1223 926 magna
1266 858 1522 924 alliceret,
1567 870 1623 912 et.
1664 863 1856 933 viginti
1906 866 1977 917 ab

408 941 545 1008 ipsis
595 943 757 997 nrbes
804 946 1087 1014 eriperet:
1125 964 1234 1017 quo
1291 953 1479 1004 audito
1528 968 1747 1022 egressa
1797 956 1971 1019 ipsius

407 1029 517 1082 tilia
560 1030 625 1082 ad
665 1041 880 1100 portam
916 1050 1039 1088 cum
1088 1038 1345 1093 omnibus
1398 1040 1552 1095 lusus
1595 1042 1974 1099 instrumentis

406 1118 619 1194 [veluti]
658 1125 926 1193 tympanis
956 1134 1012 1180 ct
1054 1130 1337 1198 cymbalis,
1381 1130 1433 1186 in
1484 1145 1775 1189 occursum
1806 1138 1975 1205 patris

404 1214 489 1266 sui
522 1218 687 1269 stetit.
719 1218 858 1271 adeo
891 1230 952 1272 ut
1000 1222 1176 1289 primo
1205 1225 1306 1293 ipsi
1356 1224 1422 1279 ad
1462 1227 1661 1282 domus
1712 1245 1824 1284 sua:
1851 1244 1977 1298 por-

405 1311 515 1356 tam
546 1305 758 1358 obviam
804 1307 955 1362 ﬁeret
991 1310 1101 1365 lilia
1142 1313 1333 1382 ipsius.
1385 1328 1584 1385 praeter
1615 1334 1783 1390 quam
1826 1323 1970 1375 nulla

405 1395 506 1463 ipsi
543 1400 724 1466 proles
770 1397 889 1455 l'uit.
926 1399 1051 1457 Visa
1081 1417 1211 1473 ergo
1256 1405 1370 1470 illa,
1403 1420 1582 1464 vestes
1626 1425 1756 1464 suas
1782 1412 1972 1475 scidit,

403 1486 610 1555 ingenti
643 1488 869 1546 allectus
893 1492 1103 1548 dolore.
1134 1495 1228 1548 Illa
1266 1508 1447 1553 autem
1476 1516 1491 1553 :
1532 1499 1606 1555 Ne
1632 1502 1842 1563 doleas.
1887 1505 1971 1557 iu-

402 1580 538 1646 quit,
575 1596 607 1633 o
652 1592 827 1651 pater,
872 1587 966 1639 sed
1000 1587 1144 1656 quod
1181 1591 1369 1644 vovisti
1405 1592 1607 1659 (arias;
1647 1594 1857 1650 dimitte
1888 1614 1973 1654 me

401 1681 632 1736 tantum,
662 1683 742 1742 ut,
769 1682 1110 1748 congregatis
1131 1682 1321 1748 puellis
1338 1685 1473 1739 meis
1496 1688 1819 1757 virginibus,
1845 1706 1968 1745 cum

400 1759 536 1827 ipsis
574 1774 810 1819 montem
858 1772 1231 1825 conscendens
1285 1775 1547 1843 tneipsam
1602 1780 1851 1848 lugeam,
1913 1792 1971 1835 et

395 1851 737 1920 iuventutern
769 1872 944 1913 meam
993 1860 1241 1916 deﬂeam.
1272 1864 1331 1919 lu
1366 1876 1549 1922 monte
1575 1884 1706 1939 ergo
1735 1872 1971 1940 seipsam

400 1944 663 2016 plangens
695 1948 832 2003 duos
868 1966 1084 2006 menses
1110 1958 1429 2023 permansit.
1460 1957 1714 2027 Jephtahi
1751 1964 1971 2017 interim

398 2038 559 2091 amici
589 2040 693 2106 ipsi
722 2043 1013 2096 consilium
1044 2043 1335 2113 dederunt,
1378 2059 1437 2104 ut
1485 2050 1820 2109 Phineasum
1852 2072 1978 2126 pro-

399 2128 637 2195 phetam,
682 2131 836 2202 132
866 2133 1034 2188 tilium
1070 2135 1339 2205 Eleazari,
1373 2140 1471 2195 lilii
1500 2143 1765 2212 Altronis,
1795 2148 1971 2215 ipsum

396 2222 753 2277 consulturus
809 2227 1013 2289 adiret,
1070 2230 1165 2299 qui
1224 2232 1327 2303 ipsi
1380 2231 1566 2291 forsan
1646 2254 1971 2310 responsum

397 2310 555 2366 daret
600 2330 709 2384 quo
763 2316 1090 2374 liberaretur
1147 2322 1319 2394 ipsius
1377 2326 1509 2381 lilia.
1565 2326 1733 2384 Movit
1789 2342 1969 2385 autem

401 2404 580 2472 ipsum
627 2410 887 2475 majestas
930 2414 1074 2482 regia
1123 2430 1193 2470 ne
1227 2415 1377 2470 illum
1424 2418 1619 2486 adiret,
1652 2432 1707 2476 et
1737 2421 1971 2479 Plriuea-

398 2510 520 2549 sum
564 2498 806 2568 dignitas
849 2506 1169 2575 prophetica
1218 2524 1285 2563 ne
1327 2509 1393 2563 ad
1447 2512 1622 2580 ipsum
1658 2516 1968 2573 accederet.

396 2586 525 2641 Post
551 2591 692 2646 duos
731 2610 859 2665 ergo
893 2614 1108 2653 nienses
1136 2603 1484 2660 constituens
1512 2602 1743 2675 Jeplitah
1766 2609 1969 2669 Judaeis

396 2682 590 2734 festum
625 2698 902 2753 maguum,
937 2689 1125 2741 eodem
1156 2690 1245 2745 die
1270 2692 1436 2747 ﬁliam
1464 2711 1616 2749 suam
1646 2699 1965 2765 immolavit,

396 2772 707 2846 festumque
764 2779 899 2833 illud
947 2782 1143 2837 festum
1172 2786 1424 2853 planctus
1477 2791 1781 2858 appellavit.
1822 2794 1957 2847 'l‘nnt

394 2866 465 2919 ad
487 2865 732 2937 .Jephtah
766 2878 1078 2943 congregati
1115 2874 1467 2945 Ephraimitze
1516 2884 1569 2933 in
1600 2882 1732 2935 urbe
1758 2884 1964 2948 Sekitn,

396 2960 654 3014 dixerunt
683 2963 759 3015 illi
794 2982 807 3017 :
848 2967 1027 3028 Quare
1057 2966 1125 3019 ad
1157 2968 1351 3021 bellum
1384 2982 1573 3024 contra
1626 2976 1965 3030 Ammonius

394 3052 669 3121 profectus
695 3070 755 3110 es
793 3057 948 3111 nobis
982 3059 1304 3115 inconsultis
1333 3100 1351 3127 ,
1379 3078 1479 3117 nec
1507 3082 1537 3119 e
1587 3067 1743 3122 nobis
1767 3085 1960 3139 quent-

392 3147 535 3212 piam
562 3155 740 3200 tecum
772 3152 1161 3219 assumpsisti?
1194 3151 1305 3208 Nos
1334 3155 1499 3223 igitttr
1535 3167 1585 3211 te
1632 3159 1962 3231 domumque
1989 3191 2028 3246 ε
2065 3182 2269 3236 imam
2306 3147 2485 3241 mon."

389 3247 538 3291 tuam
584 3239 705 3309 igne
757 3242 1160 3299 comburemus.
1200 3243 1377 3309 Quare
1426 3262 1601 3315 pugna
1671 3251 1817 3318 ipsos
1859 3268 1956 3322 ag.

386 3342 611 3395 greSsus
635 3330 867 3399 Jephtah
890 3343 942 3385 et
965 3332 1189 3387 victoria
1220 3338 1271 3390 in
1296 3338 1443 3406 ipsos
1469 3342 1700 3409 potitus,
1723 3345 1958 3411 quadra-

387 3421 533 3487 ginta
564 3421 675 3475 duo
702 3424 866 3475 millia
891 3423 1131 3492 ipsiirmn
1161 3428 1457 3484 interfecit.
1483 3430 1713 3501 Jephtah
1747 3446 1955 3502 autem,

387 3529 512 3565 cum
569 3516 770 3583 populo
804 3530 897 3569 sex
954 3532 1130 3573 annos
1179 3520 1524 3590 imperasset,
1564 3538 1833 3591 mortuus.
1872 3548 1960 3586 se-

386 3606 572 3673 pultus
617 3617 703 3662 est
751 3609 808 3661 in
851 3609 1062 3665 Gilead.
1112 3611 1311 3668 Eodem
1361 3628 1605 3684 tempore
1646 3622 1848 3675 accidit
1900 3626 1953 3676 in

385 3699 604 3767 regione
655 3697 966 3755 Grecorum
1022 3702 1192 3759 fames
1240 3721 1456 3777 magna,
1489 3724 1554 3762 ex
1593 3727 1698 3780 qua
1753 3717 1953 3770 mortui

384 3800 515 3843 sunt
565 3790 811 3849 homines
841 3792 978 3848 adeo
1008 3804 1067 3850 ot
1099 3799 1327 3854 mortuis
1374 3802 1729 3871 implerentur
1764 3808 1862 3861 via:
1895 3817 1951 3862 et
2006 3838 2012 3843 -

382 3886 596 3955 plateae,
623 3886 798 3955 iisque
819 3902 1168 3947 vescerentur
1190 3907 1374 3948 canes.
1400 3899 1467 3948 At
1487 3912 1609 3951 cum
1632 3898 1951 3969 frequenter

385 3980 487 4033 hac
514 3978 689 4042 tieret,
724 3980 885 4035 fossis
916 3984 1185 4051 sepulcris
1220 3997 1467 4042 mortuos
1516 3998 1676 4045 terra:
1721 3996 1947 4050 manda-

380 4078 531 4135 runt,
560 4084 626 4123 ac
660 4080 770 4123 tum
804 4074 1035 4141 primum
1073 4077 1217 4131 l'ossa
1240 4088 1369 4131 sunt
1400 4085 1674 4150 sepulcra.

451 4158 661 4212 κοί-ιω)
708 4158 995 4229 Jepbtaho,
1045 4169 1247 4234 papulo
1279 4180 1484 4239 septem
1526 4180 1685 4231 annis
1728 4184 1947 4249 prtel'uit

379 4250 597 4320 Ephsau
636 4268 667 4307 e
727 4255 867 4306 tribu
920 4252 1075 4310 Iuda:
1129 4257 1519 4333 Bethlaotnita,
1576 4271 1663 4323 cui
1727 4275 1943 4344 triginta

375 4356 534 4400 erant
579 4348 697 4411 lilii,
751 4352 969 4418 triginta
1007 4355 1150 4415 lilite,
1185 4365 1238 4406 et
1289 4371 1483 4412 uxores
1535 4362 1797 4431 triginta;
1830 4367 1946 4436 qui-

374 4455 504 4505 que,
524 4456 647 4493 cunt
681 4455 926 4498 mortuus
956 4456 1120 4511 esset,
1154 4449 1209 4501 in
1233 4447 1544 4506 Betltlehent
1566 4458 1815 4525 sepultus
1837 4474 1939 4515 (εει.

375 4531 481 4599 Ipsi
513 4532 565 4585 in
596 4534 824 4602 imperio
848 4542 1115 4592 successit
1140 4540 1308 4595 Eblan
1342 4523 1718 4612 Zabulonites,
1749 4550 1939 4609 decem
1972 4523 2017 4578 θ

374 4626 534 4680 annis
569 4642 582 4677 :
621 4627 987 4700 133-135
1036 4634 1275 4701 quicum
1321 4638 1568 4701 obiisset,
1600 4642 1654 4693 in
1690 4641 1935 4699 Zabulon

374 4718 620 4785 sepultus
644 4730 750 4775 est.
780 4722 903 4776 Post
928 4725 1103 4794 ipsum
1132 4728 1270 4780 rexit
1298 4731 1555 4797 papulnm
1575 4733 1767 4789 Abdon
1799 4737 1943 4794 ﬁlius

375 4808 603 4873 llillelis,
621 4828 649 4866 e
669 4816 810 4867 tribu
835 4812 1109 4883 Ephraim,
1126 4830 1251 4874 octo
1276 4837 1448 4877 annos
1471 4841 1484 4888 ;
1506 4826 1591 4877 cui
1611 4824 1703 4881 lilii
1723 4828 1943 4888 fuerunt

346 4905 752 4972 quadraginta,
774 4916 996 4974 ttepotes
1021 4910 1266 4979 triginta,
1288 4915 1379 4982 qui
1402 4917 1559 4985 equis
1583 4921 1721 4974 vecti
1759 4924 1936 4993 ipsum

368 4997 777 5063 sequebantur;
808 5002 898 5067 qui
926 5011 978 5052 et
1015 5011 1290 5068 mortuus,
1315 5008 1563 5076 sepultus
1605 5019 1689 5065 est
1742 5014 1793 5066 in
1834 5013 1939 5069 Ρα-

369 5092 585 5156 rathon,
617 5107 649 5146 c
687 5098 907 5164 regione
949 5096 1229 5168 Ephraint,
1260 5102 1312 5156 in
1351 5106 1631 5163 montibus
1664 5111 1942 5167 Amaleki-

365 5191 563 5238 larunt.
1700 5195 1711 5207 ι

439 5273 533 5327 Illo
564 5289 801 5345 mortuo,
836 5288 958 5333 tum
1005 5286 1070 5335 atl
1118 5285 1482 5343 idololatriam
1524 5295 1727 5349 reversi
1754 5308 1936 5352 essent

364 5366 640 5432 Israelita,
678 5374 873 5439 populo
914 5378 1312 5441 prmvaluerunt
1361 5382 1790 5452 alienigenarum
1830 5392 1934 5444 tri-

365 5459 489 5522 bos,
519 5476 642 5530 qua:
670 5465 805 5532 ipsis
834 5468 1193 5537 quadraginta
1230 5474 1390 5528 annis
1419 5477 1779 5545 imperarunt.
1809 5481 1936 5537 Fuit

361 5568 541 5612 autem
571 5574 603 5614 e
629 5562 773 5615 tribu
807 5561 917 5616 Dan
952 5565 1032 5618 vir
1057 5568 1144 5621 cui
1187 5583 1382 5625 nomen
1415 5572 1670 5643 Manoah,
1701 5594 1769 5633 ex
1802 5582 1935 5635 urbe

361 5648 592 5714 Soraah,
639 5654 798 5722 cujus
836 5670 975 5708 uxor
1015 5658 1223 5714 sterilis
1262 5674 1403 5728 erat,
1454 5666 1523 5721 ad
1556 5685 1720 5739 quam
1768 5687 1928 5729 acce-

358 5741 494 5797 dens
526 5742 578 5797 in
631 5759 823 5801 somno
849 5751 1094 5815 angelus,
1134 5755 1429 5822 pari:nram
1468 5760 1640 5829 ipsam
1674 5779 1931 5833 praenun-

357 5834 533 5891 tiavit.
583 5834 875 5894 Gravidata
926 5858 1058 5912 ergo
1115 5846 1280 5902 lilium
1334 5854 1686 5923 peperit,eui
1740 5875 1934 5917 nomen

629 5933 877 5995 Pnnoc
938 5939 1051 5997 (in.
1096 5941 1222 6004 CXI

2086 596 2273 649 urbem
2325 596 2698 657 Themnanam
2752 605 3054 673 profectus.
3088 610 3381 674 quamdam
3435 627 3502 667 ex
3548 616 3650 668 tti-

2085 687 2250 742 huum
2296 692 2722 764 alienigenarum
2772 698 2987 753 ﬁliabus
3015 704 3320 772 conspexit,
3346 719 3507 775 quam
3546 708 3651 762 sibi

2082 795 2305 837 uxorem
2331 785 2508 845 duxit.
2536 797 2591 841 et
2618 790 2759 857 apud
2783 791 2952 859 ipsam
2979 792 3162 862 aliquo
3186 796 3445 864 temporis
3474 798 3654 867 spatio

2083 877 2399 941 permansit.
2459 874 2660 933 Deinde
2685 881 2870 936 relicta
2909 898 2995 947 ea,
3021 885 3087 938 ad
3133 884 3419 944 Askelouis
3470 902 3651 959 partcs

2078 963 2376 1031 profectus,
2408 969 2480 1023 ibi
2527 969 2873 1027 latrocinium
2938 977 3185 1031 exercuit
3234 997 3248 1033 :
3300 989 3650 1039 transeuntes

2078 1073 2209 1127 ergo
2237 1060 2361 1114 illac
2388 1062 2535 1117 viros
2562 1065 2804 1136 triginta.
2846 1083 2971 1122 cum
3011 1071 3060 1123 vi
3092 1085 3379 1141 aggressus
3404 1076 3647 1132 vestibus

2080 1150 2391 1219 Spoliasset,
2426 1154 2493 1205 ad
2543 1158 2731 1211 uxoris
2775 1172 2888 1212 sua:
2930 1161 3149 1214 domum
3184 1162 3554 1219 Themnanam
3588 1184 3648 1224 se

2080 1243 2331 1297 ccutulit.
2366 1243 2519 1298 lllum
2557 1262 2691 1300 vero
2727 1250 2796 1303 ab
2826 1252 2939 1319 ipsa
2980 1253 3229 1309 cohibuit
3261 1265 3415 1325 pater
3450 1259 3644 1329 ipsius.

2081 1332 2310 1389 dict-ns:
2350 1336 2498 1392 Illam
2554 1342 2646 1394 alii
2702 1344 2753 1395 in
2796 1359 3018 1398 uxorem
3071 1348 3219 1415 dedi,
3255 1361 3341 1405 est
3386 1368 3515 1409 vero
3545 1356 3646 1424 ipsi

2080 1440 2236 1481 soror
2263 1437 2393 1482 natu
2414 1433 2617 1493 minor.
2648 1448 2837 1502 quam,
2886 1442 2929 1490 si
2963 1439 3201 1503 libuerit.
3243 1444 3337 1499 tibi
3370 1446 3533 1502 dabo.
3565 1448 3644 1504 Ira

2079 1516 2243 1588 igitur
2273 1534 2579 1579 commetus
2607 1525 2865 1594 Samson,
2887 1532 3161 1599 profectus
3189 1538 3377 1605 vulpes
3403 1549 3487 1595 ter
3519 1557 3650 1597 cen-

2081 1616 2196 1660 tum
2248 1613 2413 1681 cepit,
2465 1632 2697 1684 quarum
2745 1621 2937 1676 caudis
2978 1639 3102 1677 cum
3144 1626 3292 1681 faces
3342 1630 3641 1704 alligasset,

2081 1701 2226 1771 ipsas
2253 1704 2310 1759 in
2344 1715 2583 1775 segetem
2620 1709 2780 1783 136
2810 1711 3038 1777 dimisit.
3073 1728 3237 1789 atque
3276 1722 3352 1777 ita
3392 1701 3516 1794 igne
3539 1728 3638 1783 ab-

2008 1843 2049 1895 “
2081 1806 2295 1865 sumpta
2346 1808 2432 1853 est
2471 1803 2651 1857 omnis
2701 1805 2946 1861 tribuum
2989 1810 3417 1882 alienigenarum
3485 1837 3640 1893 seges

2080 1903 2256 1957 usque
2278 1890 2344 1944 ad
2372 1890 2599 1949 arbores
2634 1895 2898 1964 ipsarum.
2942 1900 3046 1958 Ubi
3089 1905 3417 1965 innotuisset
3457 1890 3636 1971 autem

2078 1979 2327 2037 tribubus
2358 1981 2480 2039 istis
2521 1986 2652 2055 quid
2687 1986 2907 2046 fecisset
2957 1993 3211 2065 Samson,
3244 2002 3504 2070 profecta
3534 2006 3641 2062 illa:

2076 2067 2143 2122 ad
2194 2071 2378 2127 uxoris
2434 2075 2608 2142 ipsius
2656 2077 2837 2147 ades,
2878 2098 2972 2139 eas
3024 2067 3256 2158 unaque
3288 2094 3462 2162 ipsam
3516 2098 3643 2169 igne

2075 2163 2525 2219 combusserunt.
2560 2169 2765 2227 Deinde
2792 2179 3109 2247 congregati
3141 2183 3367 2249 profecti
3417 2163 3641 2245 sunt'ad

2076 2254 2275 2309 bellum
2309 2257 2435 2313 liliis
2466 2257 2620 2326 Jndzn
2662 2262 3026 2333 inferendum,
3059 2275 3152 2341 qui
3193 2276 3412 2345 abipsis
3438 2282 3639 2339 timoc-

2073 2356 2223 2401 runt.
2255 2348 2522 2410 Samsone
2552 2365 2732 2411 autem
2762 2358 2819 2414 in
2851 2375 2986 2431 rupe
3011 2363 3182 2421 Eitam
3212 2372 3454 2435 sedente.
3487 2375 3639 2434 dixe-

2075 2449 2198 2493 runt
2226 2440 2393 2509 ipsis:
2431 2443 2487 2497 Si
2525 2448 2685 2503 nobis
2715 2448 3038 2511 Samsonem
3072 2462 3428 2529 tradider.tis,
3454 2484 3639 2527 rever-

2072 2538 2252 2586 temur
2298 2550 2472 2605 neque
2521 2554 2618 2593 vos
2673 2543 2814 2598 bello
2861 2546 3216 2609 lacessemus.
3264 2557 3634 2617 Accesserant

2068 2638 2198 2691 ergo
2239 2628 2305 2679 ad
2360 2629 2681 2687 Samsonem
2739 2652 2909 2707 usque
2940 2640 3136 2710 Eitam,
3168 2662 3200 2701 e
3236 2647 3375 2705 Juda
3421 2655 3522 2709 viri
3555 2667 3638 2711 ter

2073 2717 2236 2779 mille,
2269 2718 2470 2786 quibus
2516 2721 2653 2777 dixit
2693 2728 3161 2792 illezPromittite
3208 2744 3340 2796 mihi
3397 2761 3493 2803 vos
3544 2765 3649 2812 me,

2071 2822 2177 2860 non
2226 2808 2647 2880 interfecturos,
2695 2834 2870 2890 neque
2916 2824 3343 2899 alienigenarum
3387 2838 3637 2896 tribubus

2070 2903 2389 2960 tradituros.
2426 2905 2579 2969 Quod
2633 2924 2758 2963 cum
2795 2918 3199 2984 promisissent,
3226 2926 3418 2982 fraude
3453 2938 3631 2987 tamen

2065 3004 2308 3061 captum,
2340 3000 2591 3055 tribubus
2629 3005 3055 3077 alienigenarum
3111 3017 3353 3071 vinctum
3390 3025 3633 3079 tradide-

2069 3097 2210 3141 runt.
2248 3090 2317 3143 At
2357 3092 2467 3157 ille,
2491 3096 2683 3153 solutis
2713 3100 2967 3167 vinculis,
3014 3108 3232 3162 maxilla
3280 3113 3421 3167 asini
3466 3132 3630 3185 quam

2494 3189 2507 3239 i
2540 3201 2778 3258 arrepta,
2824 3194 2972 3249 viros
3023 3198 3147 3267 plus
3190 3217 3355 3272 quam
3395 3208 3539 3264 mille
3566 3226 3632 3266 ex

2064 3273 2492 3342 alienigenarum
2541 3279 2793 3339 tribubus
2841 3284 3150 3356 interfecit;
3188 3294 3386 3349 deinde
3441 3300 3634 3356 sitiens

2065 3363 2353 3419 Dominum
2407 3381 2662 3436 precatus
2691 3383 2796 3439 est,
2843 3379 2937 3447 qui
2975 3380 3078 3451 ipsi
3111 3398 3176 3437 cx
3218 3388 3357 3441 asini
3414 3392 3632 3449 maxilla

2061 3472 2254 3525 aquam
2289 3463 2555 3516 scaturire
2604 3464 2734 3520 fecit
2763 3486 2923 3537 quam
2961 3473 3196 3531 biberet.
3226 3478 3363 3533 Tum
3404 3484 3634 3542 devictis

2060 3550 2489 3619 alienigenarum
2523 3558 2799 3625 tribubus,
2841 3567 3041 3634 populo
3081 3571 3269 3637 viginti
3324 3577 3484 3633 annis
3531 3580 3634 3634 im-

2059 3646 2291 3709 peravit.
2343 3645 2544 3703 Deinde
2592 3656 2831 3710 mulieris
2878 3674 2907 3709 e
2945 3658 3102 3715 Came
3150 3666 3383 3730 incolis,
3440 3686 3629 3729 amore

2057 3744 2271 3803 captus,
2304 3738 2503 3794 Gazam
2536 3744 2812 3812 profectus
2856 3762 2963 3813 est,
2987 3755 3147 3819 cujus
3182 3759 3375 3815 incola:
3402 3766 3470 3814 ab
3507 3763 3628 3832 ipso

2058 3829 2378 3886 timuerunt.
2410 3833 2503 3888 llle
2524 3850 2655 3891 vero
2684 3842 2862 3894 media
2898 3856 3055 3899 nocte
3085 3856 3295 3915 portam
3330 3853 3473 3907 arcis
3504 3857 3627 3926 ejus

2056 3921 2263 3982 adiens.
2296 3923 2469 3993 ipsam
2504 3927 2623 3984 loco
2654 3934 2923 3988 revulsam
2951 3936 3195 3993 humeris
3226 3946 3339 3998 suis
3371 3951 3623 4016 gestavit,

2054 4011 2226 4066 donec
2276 4028 2396 4068 eam
2460 4017 2512 4071 in
2561 4018 2781 4090 fastigio
2838 4027 3043 4079 montis
3098 4043 3265 4098 prope
3316 4011 3622 4091 llebroueni

2053 4103 2416 4176 relinqueret,
2456 4121 2512 4163 et
2554 4115 2836 4168 mulierem
2895 4117 3144 4175 abduxit.
3199 4123 3400 4179 Deinde
3452 4128 3616 4182 aliam

2055 4195 2409 4271 137-139
2443 4218 2603 4270 quam
2651 4206 2882 4275 deperiit
2941 4212 3257 4279 mulierem,
3306 4232 3372 4272 ex
3427 4219 3626 4277 incolis

2051 4292 2349 4361 Sechairag,
2414 4296 2602 4363 duxit,
2653 4302 2873 4357 nomine
2927 4303 3184 4373 Dalilam;
3237 4309 3322 4363 cui
3363 4312 3621 4369 dixerunt

2049 4383 2286 4437 tribuum
2316 4386 2742 4456 alienigenarum
2788 4394 3067 4465 principes
3101 4415 3115 4451 :
3155 4397 3353 4469 Decipe
3411 4403 3613 4472 ipsum.

2051 4486 2109 4526 ut
2138 4475 2236 4528 tibi
2274 4475 2473 4531 indicet
2506 4494 2611 4548 qua
2647 4492 2796 4549 parte
2827 4488 3076 4553 corporis
3112 4489 3275 4542 situm
3333 4490 3407 4546 sit
3438 4493 3611 4563 ipsius

2047 4570 2230 4623 robur.

2116 4660 2206 4715 Illa
2241 4677 2371 4731 ergo
2399 4660 2689 4717 Samsoni:
2720 4665 2814 4720 Dic
2848 4669 3002 4731 mihi,
3030 4670 3226 4739 inquit,
3250 4673 3294 4726 si
3326 4689 3408 4728 me
3439 4689 3611 4744 ames,

2046 4766 2153 4821 qua
2212 4762 2363 4822 parte
2406 4758 2653 4822 corp0ris
2694 4759 2773 4811 tui
2816 4762 2934 4815 sita-
2983 4765 3096 4817 sint
3146 4766 3289 4820 vires
3326 4773 3455 4821 tuas.
3507 4768 3611 4825 Cui

2045 4843 2136 4898 ille
2169 4863 2181 4897 :
2216 4844 2271 4898 Si
2302 4861 2387 4900 me
2421 4845 2641 4917 (inquit)
2670 4857 2877 4917 septem
2910 4855 3097 4908 nervis
3126 4859 3461 4921 recentibus,
3486 4876 3607 4931 qua:

2045 4936 2273 4987 necdum
2302 4936 2568 5002 aruerint,
2603 4938 2908 5008 ligaverint,
2936 4942 3182 4998 iullrtuus
3205 4947 3419 5004 reddar.
3455 4956 3612 5005 Attu-

2044 5025 2226 5080 lerunt
2260 5042 2389 5097 ergo
2439 5042 2644 5099 septem
2695 5046 2893 5087 nervos
2927 5049 3192 5101 recentes,
3242 5039 3443 5108 quibus
3480 5055 3608 5097 cum

2043 5117 2158 5188 ipsa
2197 5119 2350 5173 illum
2384 5120 2627 5191 ligasset,
2661 5123 2751 5178 ille
2782 5125 2849 5181 iis
2880 5128 3206 5183 incumbens
3251 5133 3459 5203 tlirupit
3487 5150 3605 5192 eos.

2040 5208 2178 5263 Tum
2207 5211 2294 5264 illa
2327 5229 2340 5264 :
2374 5210 2491 5267 Non
2520 5230 2604 5271 me
2638 5232 2814 5281 amas,
2851 5219 3062 5290 inquit;
3090 5222 3135 5275 si
3165 5225 3309 5277 enim
3339 5240 3425 5281 me
3453 5241 3608 5281 ama-

2041 5319 2149 5370 res,
2183 5304 2417 5361 dixisses
2460 5309 2588 5363 mihi
2641 5324 2750 5379 qua
2798 5314 3045 5381 corporis
3075 5324 3229 5383 parte
3262 5317 3427 5370 situm
3456 5330 3605 5375 esset

2040 5397 2207 5452 robur
2237 5407 2408 5455 tuum.
2447 5397 2587 5453 Dixit
2617 5416 2747 5472 ergo
2776 5403 2851 5457 illi
2883 5420 2898 5456 :
2932 5403 2989 5458 Si
3028 5419 3114 5460 me
3146 5414 3353 5477 septem
3380 5407 3602 5467 l‘rtnibns

2038 5489 2399 5546 cannabaceis
2446 5492 2606 5548 novis
2657 5494 2965 5565 ligaveriut,
3022 5497 3270 5556 inﬁrmus
3303 5516 3417 5556 ero.
3446 5505 3600 5570 Quod

2036 5602 2160 5641 cum
2193 5587 2284 5641 illa
2316 5587 2421 5655 ipsi
2450 5585 2695 5652 fecisset,
2736 5590 2853 5661 ipse
2885 5590 3042 5647 funes
3074 5593 3247 5648 instar
3269 5595 3342 5647 tlli
3367 5596 3599 5669 dirupit.

2037 5680 2182 5736 Dixit
2209 5695 2340 5752 ergo
2374 5682 2461 5736 illa
2494 5701 2506 5736 :
2537 5679 2653 5737 Non
2705 5699 2791 5740 me
2826 5700 3003 5753 amas,
3050 5695 3201 5743 certe
3232 5691 3379 5745 enim
3416 5692 3462 5746 si
3507 5707 3594 5746 me

2036 5787 2299 5836 amasses,
2333 5775 2634 5831 Indicasses
2666 5790 2773 5847 qua
2806 5777 2861 5832 in
2889 5788 3041 5848 parte
3063 5780 3311 5851 corporis
3347 5783 3422 5837 tui
3450 5794 3599 5839 esset

2042 5865 2208 5920 robur
2240 5877 2410 5922 tuum.
2445 5866 2578 5922 Tum
2613 5869 2701 5923 ille
2732 5883 2747 5924 :
2780 5869 2837 5925 Si
2871 5882 3103 5942 septem,
3130 5875 3327 5944 inquit,
3373 5876 3596 5947 capilla-

3230 5963 3309 6027 30
