4070 6152
520 371 621 431 930

1515 370 1881 430 EllTYCllll
1930 365 2466 429 ALEXANDlilNl
2505 364 2727 426 l’ATli.

3645 361 3745 422 sto

522 482 686 533 menti
758 497 859 532 met
922 480 1205 535 rinetnuus
1270 483 1552 547 spttbamar
1590 482 1922 549 longitudini-
1960 480 2085 532 lii-iu
2114 505 2158 550 Α
2189 488 2334 537 runt.
2368 492 2531 546 quam
2552 474 2795 529 comitati
2815 483 2944 526 sunt
2970 472 3046 525 Idli
3072 472 3378 527 sacerdotis
3403 471 3516 529 lilii.
3543 467 3745 537 llophii

518 572 778 633 umeris,
822 571 1070 625 inlirmns
1098 573 1243 625 liam.
1268 570 1423 634 Quod
1458 582 1639 624 tamen
1681 589 1801 623 etim
1854 572 1970 640 ipsa
2006 570 2082 623 illi

517 663 762 727 fecisset,
799 660 1005 734 [facile]
1041 665 1303 719 excussit.
1332 665 1515 728 Quare
1560 666 1648 716 illa
1683 682 1695 716 :
1730 662 2078 733 Nequaquam

516 754 741 823 (inquit)
774 770 858 807 tne
890 770 1064 819 antas,
1092 753 1138 807 si
1167 755 1313 809 enim
1348 772 1612 820 audisses,
1657 766 1805 809 certe
1836 756 1968 808 mihi
2002 756 2082 808 in-

513 844 755 898 dieasses
785 858 892 913 qua
942 845 996 897 in
1050 854 1201 913 parte
1244 846 1489 911 conuiuis
1522 845 1791 898 fortitudo
1819 854 1911 897 tua
1944 859 2076 897 euu-

515 934 752 987 sisteret.
781 931 917 989 Tum
947 933 1035 987 ille
1070 933 1233 988 taedio
1278 939 1505 989 δάκε-ωε
1532 953 1543 987 :
1575 934 1728 998 Mibi,
1772 933 1973 1002 inquit,
2010 934 2079 985 ab

517 1033 675 1078 utero
694 1026 883 1080 matris
904 1026 1283 1082 annuntiatum
1303 1033 1388 1081 est
1415 1040 1482 1078 ne
1499 1033 1820 1095 potestatem
1842 1030 1895 1078 in
1918 1033 2077 1093 caput

516 1134 691 1170 ttiemu
722 1118 945 1172 haberet
972 1115 1211 1183 ferrum;
1239 1117 1286 1171 si
1327 1131 1455 1185 ergo
1482 1118 1704 1169 radatur
1730 1117 1860 1171 mibi
1891 1126 2074 1187 caput,

511 1209 935 1263 iutirntabuutur
966 1210 1111 1265 vires
1143 1206 1303 1283 ιω
1335 1224 1468 1263 mea
1506 1226 1520 1266 :
1553 1211 1751 1264 deinde
1784 1211 1836 1263 in
1865 1210 2079 1279 gremio

507 1303 627 1368 ejus
658 1300 1005 1354 obdormivit.
1041 1300 1135 1354 Illa
1164 1315 1290 1356 vero
1318 1300 1373 1355 iu
1402 1301 1609 1370 gremio
1639 1316 1741 1356 suo
1760 1301 2075 1365 dormienti,

507 1403 714 1460 seplettt
743 1393 976 1446 crinium
997 1392 1285 1446 cincinnos
1308 1394 1464 1447 rasit.
1494 1391 1628 1446 Cum
1660 1407 1792 1463 ergo
1819 1409 1850 1448 ο
1880 1409 2075 1449 somno

505 1496 857 1553 experrectus
892 1496 1040 1537 esset
1062 1523 1078 1547 ,
1112 1483 1320 1538 viribus
1364 1483 1656 1539 imbecillis
1688 1485 1812 1539 fuit.
1844 1485 1939 1540 Illa
1972 1503 2070 1538 au-

506 1588 611 1628 tem
646 1574 712 1628 ad
741 1575 981 1630 tribuum
1015 1575 1290 1646 principes
1316 1576 1482 1641 misit,
1510 1576 1602 1645 qui
1628 1574 1880 1632 Samsoui
1916 1589 2076 1649 capto

504 1669 694 1721 oculos
750 1676 1034 1731 eruerunt,
1069 1666 1359 1737 ipsumque
1385 1677 1581 1722 catena
1627 1685 1769 1723 terea
1803 1670 2069 1733 vinctum,

501 1770 550 1812 el
607 1758 808 1811 Gazam
854 1767 1231 1826 asportatum,
1287 1761 1497 1814 careeri
1554 1760 1929 1825 incluserunt,
1976 1761 2071 1815 ubi

2186 580 2239 626 et
2268 568 2521 624 Pltiuezts.
2559 569 2799 636 ligressw
2844 577 3022 620 autem
3068 574 3259 621 t'utttra
3312 565 3461 632 ipsus
3497 563 3745 634 alienige-

2187 678 2378 717 nartttu
2415 660 2588 716 tribus
2812 661 2958 726 ip~os
2994 660 3045 709 in
3094 657 3274 727 fugam
3304 656 3571 710 thili‘l'ltlll
3608 673 3619 705 :
3648 671 3743 706 ττι-η

2183 756 2341 825 sique
2366 766 2493 809 sunt
2528 771 2592 807 ex
2645 751 3125 806 Israelitistiiiies
3180 751 3348 811 mille,
3416 748 3745 819 fugientibus

2181 848 2275 915 qui
2311 845 2567 913 fugerunt
2601 859 2707 913 qua
2756 850 3029 912 poterant.
3083 841 3223 895 Caesi
3276 850 3418 895 sunt
3464 841 3626 893 etiam
3666 838 3744 890 Eli

2185 936 2279 991 lilii
2360 933 2574 1004 Hopbui
2629 942 2681 986 et
2737 932 3011 997 Phineas;
3056 945 3352 1000 arcanique
3415 939 3632 999 captam
3680 929 3743 980 ad

2185 1027 2434 1082 Yazdodo
2461 1025 2662 1080 Gazam
2696 1032 3050 1095 portaverant
3088 1022 3263 1077 tribus
3290 1021 3742 1092 alienigenarum,

2178 1120 2363 1188 ibique
2411 1118 2468 1171 iu
2514 1118 2719 1183 templo
2765 1114 3001 1185 Dagonis
3056 1113 3188 1169 idoli
3228 1121 3563 1169 statuerunt.
3608 1111 3740 1165 Dum

2175 1226 2309 1281 ergo
2339 1210 2557 1263 sederet
2612 1208 2695 1263 Eli
2746 1209 3010 1261 sacerdos
3037 1207 3104 1260 ad
3140 1206 3347 1262 ostium
3413 1203 3640 1260 sacrarii
3686 1202 3741 1256 ia

2177 1300 2589 1362 Sbilunte,ccee
2610 1301 2840 1355 accessit
2861 1302 2943 1353 vir
2965 1298 3185 1367 quidam
3205 1313 3237 1352 c
3255 1295 3401 1365 fuga.
3422 1295 3575 1348 vultu
3598 1294 3744 1348 deni-

2173 1401 2351 1463 grato.
2392 1391 2640 1445 vestibus
2689 1392 2917 1454 scissis;
2954 1389 3041 1445 eui
3099 1389 3180 1443 Eli
3232 1388 3543 1445 sacerdos:
3578 1386 3742 1453 Quid.

2178 1488 2375 1557 inquit,
2407 1486 2482 1540 rei
2513 1493 2699 1540 tecum
2728 1484 2858 1538 est?
2891 1482 3197 1552 Despondit
3244 1482 3335 1537 ille
3383 1498 3399 1536 :
3441 1481 3502 1534 In
3559 1479 3741 1548 iugata

2175 1580 2426 1632 conversi
2457 1584 2584 1629 sunt
2625 1572 2908 1637 lsraelitze,
2948 1571 3107 1627 caesis
3158 1586 3348 1627 eorum
3401 1567 3739 1640 quampluri-

2176 1669 2305 1736 mis,
2341 1683 2559 1738 unaque
2590 1667 2806 1722 duobus
2840 1666 2967 1721 ﬁliis
2998 1668 3132 1732 tuis,
3176 1674 3447 1735 captaque
3469 1672 3555 1719 cst
3584 1676 3735 1717 arca.

2173 1754 2275 1814 Ubi
2319 1766 2500 1812 autem
2547 1755 2849 1812 audivisset
2901 1754 2979 1810 Eli
3037 1757 3298 1812 sacerdos
3350 1761 3565 1825 captam
3615 1766 3740 1807 esse

505 1850 715 1905 renasci
736 1858 1018 1917 t'mperunt
1037 1850 1428 1923 eapillieapitis
1449 1854 1641 1920 ipsius.
1662 1850 2070 1909 Curii-cnicutes
2099 1848 2141 1904 Β
2168 1863 2375 1915 arcam,
2409 1864 2615 1918 pronus
2643 1847 2695 1902 in
2722 1846 2917 1903 faciem
2950 1847 3149 1902 cadens
3184 1848 3331 1902 illico
3356 1854 3609 1901 mortuus
3630 1851 3740 1905 est.

501 1952 682 1994 autem
707 1943 943 1994 tribuum
975 1940 1402 2008 alienigenarum
1435 1943 1731 2013 principes,
1759 1944 1829 2000 ad
1857 1944 2067 1999 hostias

505 2036 684 2101 ttagou
713 2035 816 2086 dco
839 2045 941 2086 suo
967 2031 1350 2096 iuuuolandas,
1372 2030 1691 2089 Samsonem
1744 2035 2070 2103 eduxerunt,

506 2133 565 2176 ut
591 2123 692 2192 ipsi
730 2123 1018 2178 illudentes
1043 2123 1240 2180 deinde
1266 2132 1494 2179 mortem
1530 2123 1817 2179 inferrent.
1862 2124 2070 2197 Impie-

506 2225 730 2283 tumqne
752 2224 837 2268 est
875 2213 1109 2284 Dagonis
1142 2216 1403 2285 templum
1435 2216 1771 2285 hominibus,
1798 2234 1907 2288 qua
1937 2219 2071 2274 viris

502 2320 611 2376 qua
638 2305 877 2369 feminis,
905 2322 1012 2360 una
1044 2320 1168 2360 cum
1196 2315 1343 2365 tecto
1371 2307 1567 2377 ipsius,
1590 2308 1728 2365 adeo
1752 2308 2065 2375 confertim,

504 2410 563 2454 ut
591 2415 697 2453 non
726 2408 1035 2468 superesset
1067 2401 1220 2454 locus
1241 2413 1352 2470 quo
1377 2411 1526 2455 stare
1552 2404 1677 2473 quis
1707 2387 1890 2471 posset
1911 2440 1927 2469 ,
1957 2417 2071 2473 quo

504 2492 823 2546 Samsonem
884 2484 1269 2561 ennspiccrettt
1321 2502 1376 2547 et
1435 2494 1568 2562 quid
1626 2494 1694 2547 de
1747 2497 1841 2549 illo
1892 2492 2065 2553 ﬂeret.

504 2584 643 2636 Ditit
690 2598 820 2652 ergo
861 2583 1091 2640 Samson
1132 2600 1307 2662 puero
1353 2587 1529 2656 ipsum
1578 2586 1801 2641 ducenti
1833 2604 1849 2640 :
1886 2585 2068 2657 Dirige

504 2691 717 2727 manum
760 2690 932 2729 meam
982 2676 1051 2730 ad
1097 2678 1407 2735 columnam
1438 2692 1560 2748 qua
1596 2680 1859 2748 templum
1893 2680 2067 2735 susti-

502 2778 615 2831 net,
639 2779 973 2839 estensaque
1001 2770 1192 2826 dextra
1220 2785 1384 2829 unam
1411 2771 1827 2843 apprehendens
1852 2773 2065 2829 colum-

499 2873 648 2920 nam.
693 2860 823 2915 Iaera
869 2862 1118 2926 alteram,
1171 2877 1267 2919 eas
1317 2864 1392 2916 ita
1449 2863 1678 2917 attraxit
1710 2874 1768 2917 ut
1822 2872 2067 2935 utraque

498 2966 604 3004 una
633 2964 756 3006 cum
788 2954 988 3021 templo
1014 2953 1363 3018 deciderent;
1408 2956 1717 3024 mortuique
1748 2965 1877 3009 sunt
1906 2956 2064 3011 Sam-

497 3059 597 3098 son
652 3058 949 3112 omnesque
975 3045 1071 3111 qui
1102 3044 1160 3098 in
1210 3045 1415 3117 templo
1444 3044 1666 3101 fuerant
1698 3049 1797 3101 tiri
1838 3057 1896 3103 et
1946 3064 2068 3102 uiu-

499 3136 695 3200 lieres;
746 3137 1038 3205 pluresque
1087 3134 1311 3195 fuerunt
1347 3138 1518 3191 occisi
1545 3153 1690 3207 quos
1736 3150 1915 3193 tuorte
1961 3154 2062 3197 sua
2088 3178 2133 3235 ο

495 3226 695 3279 occidit
729 3226 987 3290 Samson,
1009 3241 1175 3296 quam
1200 3242 1338 3295 quos
1386 3228 1439 3281 in
1474 3228 1583 3281 vita
1616 3244 1716 3283 sua
1761 3230 2058 3285 occiderat.

496 3317 676 3383 ipsum
716 3331 846 3368 vero
876 3315 1153 3371 sublatum
1201 3315 1531 3387 sepelierunt
1576 3319 1661 3373 sui
1714 3318 1860 3373 inter
1891 3318 2061 3373 Saaia

495 3416 546 3457 et
580 3404 806 3459 Bsbtaol
836 3421 959 3459 cum
1007 3416 1162 3475 patre
1199 3421 1299 3462 suo
1346 3404 1605 3471 Ianoab,
1653 3406 1872 3465 Iortuo
1900 3407 2060 3470 Sain-

495 3512 653 3555 soiie.
691 3505 953 3551 rexerunt
977 3496 1241 3551 Israelita:
1271 3496 1360 3551 alii
1391 3498 1531 3553 alios
1577 3499 1632 3553 in
1662 3500 2062 3570 tranquillitate

494 3599 547 3643 et
579 3603 712 3657 pace
744 3590 905 3642 annis
938 3589 1316 3658 quadraginta.

571 3679 920 3753 ιάιοιω
953 3679 1154 3735 Deinde
1180 3681 1393 3749 praeluit
1423 3683 1624 3750 populo
1671 3681 1750 3736 Eli
1778 3680 2059 3748 sacerdos,

501 3791 675 3829 anuos
709 3777 919 3843 viginti.
954 3774 1029 3827 Eo
1056 3784 1301 3844 tempore
1345 3772 1444 3826 fuit
1492 3774 1794 3829 sacrarium
1833 3774 1891 3831 iu
1933 3774 2057 3830 Siti-

499 3868 669 3919 lumo.
715 3864 1067 3935 Fuerutttque
1104 3867 1181 3919 Eli
1217 3863 1489 3921 sacerdoti
1525 3866 1621 3919 lilii
1650 3866 1780 3927 duo.
1824 3880 2059 3935 quorum

503 3956 597 4009 tibi
648 3972 843 4010 nomen
893 3956 1155 4025 llOpbne,
1198 3960 1356 4011 alteri
1408 3955 1663 4011 Pbiucas.
1727 3955 1850 4012 Fuit
1896 3959 2059 4013 etiam

499 4047 746 4115 ejusdem
811 4057 1054 4115 tempore
1101 4050 1365 4119 propheta
1408 4064 1442 4104 c
1482 4045 1782 4113 Ramayain
1840 4050 2063 4103 nomine

498 4134 764 4201 Ueikuttn,
797 4139 940 4192 filius
979 4136 1292 4192 Jeroboami
1322 4137 1391 4192 de
1430 4138 1575 4191 tribu
1606 4136 1759 4211 Leti,
1790 4140 1879 4195 cui
1918 4139 2062 4195 bitiae

496 4236 655 4281 erant
698 4226 976 4298 coniuges,
1007 4243 1236 4297 quarum
1269 4229 1363 4283 uni
1412 4245 1609 4284 nomen
1661 4228 1887 4284 lfannab
1918 4229 2061 4300 (qua:

497 4317 700 4374 sterilis
734 4315 1044 4389 fuit),a|teri
1080 4316 1326 4383 llenana,
1360 4320 1448 4373 cui
1496 4320 1590 4374 lilii
1614 4330 1789 4377 erant.
1812 4320 2059 4377 Profecta

497 4418 681 4465 autem
716 4407 946 4463 “annali
976 4413 1043 4464 ad
1079 4412 1381 4465 sacrarium
1411 4409 1668 4478 Sliilumi,
1700 4422 1917 4483 precata
1976 4424 2059 4471 est

2170 1957 2348 1998 annos
2375 1950 2539 1999 natus
2583 1940 2896 2011 nonaginta.
2934 1940 3027 1994 Die
3055 1949 3241 1995 autem
3293 1938 3537 1993 crastino
3574 1951 3738 1990 acce-

2169 2036 2363 2090 dentes
2382 2034 2546 2088 Gaza
2574 2032 2765 2089 incolae
2810 2032 2877 2087 ad
2906 2033 3168 2099 templum
3211 2030 3473 2099 Dagouis.
3522 2028 3590 2083 ad
3648 2029 3737 2082 vi-

2168 2126 2405 2182 dendam
2430 2140 2636 2189 arcam,
2664 2124 2868 2181 idolum
2905 2125 3087 2193 θελέτω
3130 2124 3184 2177 in
3220 2123 3415 2177 faciem
3443 2138 3598 2177 sua-u
3638 2136 3736 2175 co-

2170 2233 2286 2273 ram
2313 2233 2500 2274 arcam
2527 2226 2862 2288 prostratum
2917 2216 3267 2271 invenerunt.
3326 2215 3533 2268 Accidit
3569 2216 3737 2268 etiam

2170 2312 2225 2366 in
2258 2315 2394 2367 urbe
2442 2312 2585 2369 Casa
2634 2312 2791 2381 plaga
2844 2308 3152 2375 mortifera,
3192 2309 3333 2379 ipsis
3382 2307 3737 2364 bmmorrlisn

2168 2404 2459 2473 correptis,
2494 2404 2826 2474 impietaque
2862 2410 2950 2457 est
2983 2402 3134 2470 regio
3158 2400 3403 2470 ipsorum
3436 2399 3647 2457 muscis
3680 2407 3739 2453 et

2168 2495 2538 2550 stellionibus.
2572 2492 2837 2548 Substitit
2865 2503 3048 2548 autent
3076 2494 3219 2560 apud
3266 2494 3420 2562 ipsos
3447 2508 3575 2547 area
3604 2508 3740 2562 qua-

2168 2597 2293 2640 tuor
2341 2601 2559 2642 menses
2594 2586 2708 2659 [vel
2753 2587 2907 2659 juxta
2972 2587 3119 2639 aliud
3169 2586 3471 2656 exemplar,
3523 2595 3742 2654 septe-it

2167 2678 2426 2750 menses].
2465 2678 2727 2734 Dixerunt
2763 2695 2894 2747 ergo
2932 2677 3110 2733 (iani
3143 2675 3303 2733 :Non
3330 2679 3532 2733 accidit
3575 2680 3742 2735 nobis

2169 2770 2514 2827 internuntiae:
2547 2771 2650 2825 ista
2678 2811 2693 2835 ,
2725 2785 2903 2838 neque
2946 2785 3102 2827 musc
3123 2786 3151 2826 s
3180 2782 3229 2825 et
3262 2771 3611 2829 stellionibus
3639 2786 3738 2827 ve.

2167 2870 2360 2909 sannir
2382 2858 2486 2911 nisi
2512 2858 2584 2912 ob
2615 2873 2799 2916 arcani
2825 2858 2983 2917 istam
3018 2874 3034 2913 :
3061 2858 3399 2916 dimittamus
3424 2877 3556 2931 ergo
3581 2876 3612 2916 a
3637 2877 3738 2916 no-

2167 2945 2248 3000 his
2275 2960 2460 3000 arcani
2484 2962 2503 3012 ;
2535 2962 2696 3003 secus
2719 2948 2867 3003 enim
2902 2950 3221 3017 perivimus.
3257 2950 3524 3009 Dixerunt
3550 2960 3733 3007 autem

2165 3034 2384 3104 quidam
2426 3054 2493 3093 es
2533 3038 2672 3109 ipsis
2705 3052 2721 3091 :
2761 3038 2875 3094 Hoc
2897 3041 3271 3109 probabimus,
3296 3040 3650 3116 las-1‘7
3687 3044 3739 3098 si

2166 3130 2410 3199 acceptis
2468 3130 2722 3199 lurencis
2785 3132 3005 3187 duobus
3059 3132 3152 3200 qui
3206 3149 3488 3203 nunquam
3538 3135 3737 3205 iugum

2165 3219 2434 3283 tulerunt,
2464 3221 2574 3276 illis
2596 3222 2901 3292 plaustrum
2935 3238 3134 3277 norum
3171 3223 3539 3294 imponamus,
3570 3228 3736 3296 eique

2162 3325 2371 3376 arcam,
2406 3327 2627 3382 unaque
2661 3328 2787 3373 cum
2818 3328 2943 3370 arca
2975 3313 3168 3372 cista'm
3203 3329 3492 3385 ponamus,
3529 3318 3584 3371 in
3622 3333 3735 3383 qua

2162 3404 2231 3457 sit
2269 3418 2579 3458 muscarum
2616 3412 2667 3457 et
2698 3403 3015 3460 steliionum
3050 3418 3117 3460 ex
3143 3419 3282 3460 auro
3302 3415 3469 3478 atque
3497 3416 3737 3475 argento

2160 3490 2386 3561 cﬂigies,
2428 3494 2677 3549 muneris
2732 3494 2929 3555 instar.
2980 3495 3051 3551 ab
3103 3512 3438 3567 unaquaque
3492 3500 3648 3563 urbe,
3700 3518 3729 3551 ιι

2160 3584 2330 3647 Gaza.
2382 3586 2451 3640 ab
2511 3585 2772 3653 Askclou,
2821 3602 2852 3640 a
2887 3585 3134 3655 Repliab,
3189 3588 3262 3644 ab
3322 3587 3601 3651 Yazdodo,
3659 3593 3731 3644 ab

2161 3674 2400 3743 Epiiron.
2448 3673 2507 3727 Si
2549 3676 2696 3729 enim
2731 3686 2878 3733 recta
2925 3677 3145 3731 tendant
3175 3677 3393 3747 juvenci
3441 3679 3497 3735 in
3544 3680 3729 3749 regio-

2162 3779 2282 3815 nem
2316 3762 2699 3830 lsraelitieam,
2733 3782 2918 3827 arcam
2948 3768 3308 3835 dimittemus,
3351 3772 3585 3825 scientes
3624 3772 3729 3842 dy-

2160 3856 2453 3911 scntcriam
2477 3855 2661 3921 istam.
2684 3872 2899 3915 necnon
2926 3875 3143 3917 muscas
3173 3869 3228 3917 et
3248 3862 3553 3923 stclliones.
3586 3879 3730 3918 amt:

2160 3960 2327 3999 causa
2352 3946 2620 4018 obtigisse
2648 3965 2666 4014 ;
2697 3949 2785 4006 sin
2820 3952 3003 4006 minus
3031 3951 3088 4006 in
3119 3959 3321 4007 terram
3367 3951 3723 4026 Israelitica-ti

2161 4037 2395 4107 profecti
2447 4037 2673 4105 fuerint,
2719 4041 2958 4098 sciemus
3006 4043 3109 4100 hoc
3157 4044 3416 4100 accidens
3462 4045 3658 4111 fuisse,
3698 4064 3729 4100 e

2160 4130 2292 4184 vitio
2316 4129 2461 4186 aeris
2493 4140 2548 4187 et
2577 4134 2889 4203 pestilentia
2916 4144 3122 4191 ortum.

2234 4222 2345 4277 Hoc
2372 4224 2538 4293 igitur
2568 4239 2693 4283 cunt
2718 4224 3001 4293 fecissent,
3032 4237 3177 4283 recta
3202 4226 3456 4285 abierunt
3503 4227 3723 4297 iuvenci

2160 4315 2213 4368 iu
2239 4314 2611 4369 lsraelitarum
2644 4317 2961 4389 regionem:
2996 4318 3205 4391 ipsique
3258 4319 3587 4391 dysenteria,
3617 4336 3723 4391 qua

2158 4403 2338 4459 affecti
2365 4404 2602 4471 fuerant,
2622 4406 2839 4463 liberati
2874 4415 3001 4462 sunt
3031 4407 3450 4475 ;recedcntibus
3467 4413 3632 4466 etiam
3653 4414 3725 4467 ab

498 4502 785 4558 Dominum
820 4516 1020 4571 rogans
1052 4512 1110 4554 ut
1130 4503 1231 4571 ipsi
1270 4501 1439 4556 lilium
1468 4503 1780 4572 largiretur,
1836 4504 2047 4574 pollici-
2092 4517 2135 4572 υ
2162 4498 2299 4567 ipsis
2321 4497 2730 4555 stellionibuset
2749 4503 2974 4554 muscis.
2998 4498 3137 4554 Cum
3157 4509 3336 4558 autem
3350 4505 3725 4574 pervenissent

498 4609 663 4665 taque
693 4591 924 4648 Domino
948 4608 1007 4648 se
1043 4594 1220 4663 ipsum
1252 4594 1565 4647 ministrum
1611 4596 1812 4665 templo
1849 4596 2060 4650 dicatu-

494 4701 639 4742 ram.
666 4684 963 4739 Gravidata
988 4699 1116 4753 ergo
1146 4681 1453 4737 Samuelem
1476 4684 1791 4752 prophetam
1812 4685 2019 4754 peperit
2042 4703 2061 4749 ς

493 4790 676 4842 quem,
708 4787 833 4826 cum
870 4771 982 4841 jam
1024 4780 1136 4825 tres
1162 4786 1340 4825 annos
1391 4780 1556 4825 natus
1603 4783 1769 4835 esset,
1818 4773 2059 4826 abduxe—

497 4876 623 4921 runt
658 4874 813 4934 pater
855 4863 1030 4933 ipsius
1082 4860 1357 4916 llelkanah
1408 4872 1462 4914 et
1506 4871 1679 4915 mater
1728 4862 1956 4915 llaauab
1988 4860 2057 4916 ad

497 4960 795 5013 sacrarium
837 4957 1183 5020 szlumum,
1232 4956 1631 5023 itumolatiSque
1684 4953 1915 5005 Domino
1960 4958 2059 5006 bo-

495 5051 635 5110 stiis.
662 5049 828 5104 [ilium
852 5064 1013 5103 suum
1039 5046 1346 5101 Samueletn
1393 5045 1470 5098 liii
1498 5045 1764 5099 sacerdoti
1821 5042 2058 5099 tradide-

495 5141 1021 5197 runtJlinistrabat
1052 5155 1183 5209 ergo
1224 5138 1444 5193 Samuel
1496 5142 1552 5191 in
1600 5140 1866 5192 sacrario.
1919 5139 2059 5191 Cum

494 5246 673 5290 autem
702 5244 1041 5304 congregata!
1071 5233 1499 5301 alienigenarum
1530 5229 1705 5283 tribus
1748 5231 1815 5283 ad
1853 5228 2055 5283 bellum

495 5316 759 5383 Israclitis
784 5325 1149 5386 inferendum,
1184 5338 1372 5377 coram
1398 5322 1549 5377 viros
1587 5332 1780 5389 quater
1823 5321 1967 5375 mille
1999 5319 2053 5373 iu

496 5418 680 5488 prmlio
706 5416 1057 5481 cecidissent,
1086 5413 1342 5468 dixerunt
1372 5415 1561 5483 populi
1586 5412 1872 5467 lsraelitici
1904 5412 2056 5481 prin-

495 5510 647 5584 cipes
705 5530 717 5563 :
773 5511 1133 5577 Deportcmus
1185 5508 1469 5563 nobiscum
1528 5520 1709 5560 arcam
1753 5503 1976 5559 foederis
2026 5523 2053 5555 it

494 5607 768 5664 b‘biluino,
802 5612 860 5655 ut
891 5605 944 5655 in
986 5601 1163 5655 medio
1194 5600 1367 5654 nostri
1410 5596 1481 5652 sit
1508 5597 1653 5651 inter
1678 5596 2049 5666 pra‘liandom,

489 5715 599 5765 quo
642 5697 765 5763 ejus
816 5710 921 5763 ope
968 5692 1161 5761 eripiat
1206 5708 1307 5747 nos
1357 5691 1621 5744 Dominus
1669 5705 1700 5740 e
1747 5704 1909 5741 manu
1958 5688 2055 5739 lio-

488 5796 651 5843 Stium
688 5796 1017 5840 nostrorum.
1060 5785 1254 5836 Art-am
1285 5797 1413 5853 ergo
1447 5796 1477 5835 a
1527 5778 1774 5832 Sliilnmo
1818 5782 2054 5832 sustule-

2162 4588 2221 4656 ju
2235 4590 2385 4644 veuci
2418 4588 2484 4642 ad
2516 4587 2674 4644 Beitb
2707 4588 2957 4656 Sbcmes,
2984 4591 3143 4661 cujus
3164 4591 3358 4651 incola
3386 4608 3453 4650 eo
3483 4605 3725 4665 tempore

2165 4681 2439 4734 metebant
2466 4682 2521 4734 in
2553 4696 2687 4753 agro
2718 4680 2883 4746 Usiaa,
2912 4681 2989 4737 illi
3010 4692 3224 4753 recepta
3256 4700 3385 4740 arca
3417 4687 3721 4756 plaustrum

2160 4775 2569 4843 confregerunt,
2601 4784 2653 4829 et
2676 4773 2947 4844 juveneos
2970 4775 3281 4831 immolatos
3315 4779 3368 4830 in
3393 4778 3723 4833 sacriﬁcium

2162 4864 2526 4928 obtulerunt;
2577 4867 2855 4935 capsulam
2888 4874 3054 4921 etiam
3095 4866 3150 4921 in
3185 4882 3291 4935 qua
3347 4870 3568 4923 fuerunt
3614 4886 3721 4924 uiu-

2160 4971 2376 5008 searum
2421 4965 2475 5008 et
2508 4957 2821 5011 stelltouutu
2862 4958 3069 5029 i-ltigies
3108 4974 3285 5015 aurea
3333 4969 3387 5013 et
3432 4973 3719 5032 argentea.

2162 5057 2516 5116 acceperunt.
2560 5048 2756 5101 Arcam
2789 5062 2970 5102 autem
3000 5063 3271 5117 receptant
3302 5051 3719 5108 introduxerqu

2164 5142 2353 5192 incola:
2378 5140 2482 5191 siei
2510 5142 2603 5207 qui
2652 5140 2831 5193 Kniat
2860 5142 3012 5193 Anab
3044 5143 3217 5205 audit,
3245 5144 3297 5197 in
3326 5143 3547 5198 domum
3595 5145 3721 5198 Abi.

2164 5231 2363 5283 uadabi
2399 5231 2571 5299 patris
2606 5231 2809 5298 Gazai;
2846 5250 3076 5301 eauiquc
3100 5235 3154 5287 in
3191 5237 3312 5289 loco
3338 5236 3484 5291 dicto
3514 5235 3718 5297 Gabaa.

2159 5323 2254 5393 qui
2291 5338 2387 5376 arx
2418 5334 2557 5387 erat,
2578 5326 2872 5393 repositam
2904 5323 3084 5379 Gazae
3114 5334 3167 5379 et
3189 5326 3381 5381 Abnoo
3411 5328 3715 5383 custodien-

2159 5414 2285 5469 dam
2319 5415 2689 5469 tradiderunt.

2232 5506 2442 5560 Mortuo
2460 5507 2536 5561 Eli
2556 5508 2857 5570 sacerdote,
2883 5509 3133 5577 pupulum
3162 5509 3298 5563 rexit
3317 5507 3533 5564 Samuel

2160 5601 2425 5669 propheta
2461 5602 2623 5652 minis
2653 5600 2862 5667 viginti.
2908 5600 3041 5653 Cum
3070 5614 3248 5654 autem
3282 5601 3559 5664 Israelita,
3594 5606 3715 5655 reli-

2158 5695 2263 5745 ctis
2302 5691 2483 5755 idolis,
2527 5693 2593 5743 ad
2634 5694 2840 5744 cultum
2898 5692 3110 5744 Domini
3171 5700 3367 5747 reversi
3407 5705 3610 5756 essent,
3655 5694 3717 5745 ti-

2159 5794 2414 5837 tnucrttnt
2449 5800 2596 5854 Ipsos
2630 5785 2804 5838 tribus
2845 5786 3201 5853 alienigvnm;
3240 5802 3267 5838 ει
3306 5788 3501 5853 quibus
3538 5790 3713 5840 abstn-
