4070 6152
478 350 583 416 943

1480 350 1841 411 EUTZCHII
1877 348 2407 408 ALEXANDRINI
2434 351 2656 410 PATli.

3612 350 3720 416 9H

471 479 596 519 cum
626 462 715 514 ille
750 477 856 514 non
894 460 1261 531 faceret.ipse,
1290 461 1558 530 prehenso
1584 459 1788 531 gladio,
1811 469 2037 513 mortem
2072 466 2112 520 Λ
2143 459 2419 526 cedentes,
2456 462 2776 526 facibusque
2821 460 2943 529 igne
2989 462 3250 526 accensis,
3286 462 3513 534 ingressi
3549 464 3715 531 ipsius

471 556 578 610 sibi
625 552 913 614 conscivit,
938 566 1045 622 quo
1078 553 1218 616 viso,
1248 566 1308 606 se
1366 554 1527 606 etiam
1592 550 1861 606 interfecit
1907 564 2040 619 puer

470 645 663 717 ipsius.
699 644 840 700 Caesi
873 654 1002 699 sunt
1029 646 1189 698 etiam
1232 646 1286 699 in
1328 645 1516 715 prmlio
1567 643 1825 699 Israelita:
1858 655 2040 715 strage

471 741 700 810 ingenti,
736 740 937 793 occisis
981 740 1205 805 insuper
1242 737 1577 800 Jonathane,
1615 736 1954 790 Abinadamo
1985 742 2039 791 et

470 830 738 886 Melhisho
761 829 909 886 Sauli
941 830 1085 884 filiis.
1139 828 1234 885 Die
1263 839 1445 883 autem
1474 830 1741 888 crastino.
1771 844 1897 884 cum
1950 828 2036 882 lu-

468 930 709 979 strarent
748 922 923 977 tribus
958 922 1276 991 alienigenae
1333 936 1527 987 caesos,
1584 922 1795 977 sublata
1851 920 2032 976 Saulis

471 1015 815 1084 filiorumque
845 1012 1017 1083 ipsius
1055 1014 1232 1084 capita
1270 1014 1323 1067 in
1356 1014 1584 1083 patriam
1649 1028 1806 1067 suam
1872 1014 2035 1067 mise-

471 1113 618 1168 runt,
644 1104 967 1175 corporibus
997 1104 1239 1175 ipsorum
1278 1120 1443 1175 super
1485 1120 1610 1159 arce
1645 1104 1860 1159 Baniasi
1915 1119 2034 1157 sus-

469 1199 670 1269 pensis.
706 1196 861 1263 Quod
904 1212 1029 1253 cum
1083 1198 1425 1252 audivissent
1488 1200 1779 1269 populares
1835 1197 2035 1267 ipsius,

468 1290 691 1356 profecti
711 1305 940 1359 corpora
963 1293 1201 1361 ipsorum
1219 1302 1436 1360 accepta
1460 1291 1669 1344 Damasi
1689 1290 2034 1357 sepelierunt.

466 1379 592 1435 Fuit
628 1392 808 1436 autem
844 1383 1010 1437 David
1042 1384 1093 1438 in
1152 1383 1360 1446 Sitlaa,
1392 1383 1458 1439 ad
1493 1398 1653 1452 quem
1681 1397 1807 1437 cum
1844 1397 2035 1439 acces-

466 1474 627 1529 sisset
650 1473 867 1546 quidam
908 1477 1056 1531 vultu
1086 1477 1357 1545 squalido,
1386 1476 1633 1534 vestibus
1659 1476 1871 1543 scissis,
1894 1476 2036 1531 dixit

464 1571 567 1640 ipsi
614 1568 779 1624 David
810 1587 825 1623 :
865 1568 1007 1636 Quid
1042 1570 1137 1622 tibi
1170 1568 1369 1623 accidit
1410 1569 1749 1623 infortunii?
1776 1571 2030 1640 ltespon-

461 1665 543 1718 d-t
574 1664 663 1717 ille
694 1676 708 1713 :
740 1660 969 1717 Occisus
999 1669 1078 1714 cst
1110 1661 1161 1714 in
1202 1660 1388 1733 prtelio
1426 1657 1579 1725 Saul,
1614 1676 1720 1715 una
1752 1675 1876 1714 cum
1911 1660 2034 1717 filiis

466 1755 638 1824 ipsius
668 1753 997 1818 Jonathane,
1025 1751 1382 1821 Abinadamo,
1412 1750 1768 1823 157-159
1808 1760 1862 1806 et
1904 1751 2035 1807 Mel-

2144 552 2418 608 interfecti
2460 564 2627 623 caput
2678 553 2955 608 sublatum
3011 556 3076 604 ad
3129 552 3382 608 Davidem
3434 556 3709 613 tulerunt:

2144 644 2311 700 David
2338 659 2467 699 vero
2500 645 2672 715 ipsos,
2710 646 2964 699 manibus
2990 645 3327 715 pedibusque
3354 655 3630 701 trum-atus
3653 661 3707 699 at

2140 736 2460 799 deeollatos.
2487 736 2813 805 suspendit;
2846 745 2901 790 at
2950 737 3307 800 lshhosheth,
3366 735 3551 794 Saulis
3600 737 3710 793 filii.

2144 839 2311 901 caput
2335 829 2390 883 in
2421 830 2675 899 sepulcro
2717 829 2917 883 Al:ncri
2969 829 3237 898 sepelivit.
3272 829 3445 885 Porro
3473 830 3711 886 condidit

2141 922 2311 977 David
2339 921 2530 977 urbem
2562 919 2736 985 Uslta,
2772 937 2937 991 quam
2971 921 3190 976 Davidis
3216 921 3493 977 civitatem
3524 922 3708 993 appel-

2142 1017 2315 1081 lavit;
2365 1023 2557 1084 estque
2593 1014 2781 1068 eadem
2821 1015 3019 1069 Sihon.
3054 1015 3191 1068 Cum
3228 1024 3415 1072 autem
3462 1017 3715 1071 audirent

2138 1107 2574 1178 alienigenarum
2606 1120 2766 1177 rcges
2804 1105 3059 1159 Davidem
3107 1122 3276 1176 regno
3305 1110 3535 1178 potitum
3569 1124 3714 1171 esse,

2140 1199 2453 1269 cattgregati
2484 1209 2614 1253 sunt
2642 1199 2709 1254 ad
2738 1197 2936 1254 bellum
2973 1199 3076 1267 ipsi
3122 1199 3494 1262 inferendum,
3524 1210 3714 1257 contra

2142 1304 2283 1362 quos
2309 1292 2424 1362 ipse
2455 1305 2577 1346 cum
2612 1290 2855 1345 exercitu
2902 1290 3247 1363 161-163
3285 1306 3387 1347 suo
3417 1292 3711 1362 profectus,

2139 1397 2235 1436 eos
2274 1383 2649 1439 internecione
2700 1382 2939 1444 delevit;
2979 1385 3167 1451 itaque
3224 1384 3581 1451 tranquillum
3628 1384 3709 1440 fa-

2136 1483 2283 1527 ctum
2316 1485 2401 1529 est
2431 1489 2659 1544 regnum
2701 1474 2910 1543 ipsius;
2955 1475 3166 1545 fuitque
3200 1476 3503 1531 consiliarii
3540 1477 3713 1548 ipsius

2138 1582 2337 1623 nomen
2360 1564 2685 1635 Joshapbat,
2718 1565 2929 1622 Achliei
2974 1567 3141 1623 filius.
3188 1567 3360 1623 Porro
3403 1570 3551 1625 dono
3610 1572 3711 1641 ipsi

2139 1658 2289 1713 misit
2339 1656 2549 1721 lliram,
2585 1657 2694 1711 Siri
2752 1674 2867 1721 rex,
2923 1659 3068 1729 ligna
3128 1660 3353 1714 eedrina
3379 1670 3433 1713 et
3485 1660 3711 1731 abiegna

2137 1750 2338 1819 quibus
2367 1746 2587 1803 domum
2632 1749 2921 1804 tediiicavit
2952 1751 3145 1808 David.

464 1850 646 1913 hisho,
673 1855 839 1916 atque
862 1861 965 1917 ego
984 1862 1101 1900 sum
1127 1848 1217 1917 qui
1254 1847 1400 1916 ipsos
1432 1845 1704 1902 interfeci.
1741 1845 2034 1902 Sciderunt
2070 1837 2110 1893 Β
2208 1840 2411 1894 Omnes
2468 1850 2651 1893 autent
2715 1838 3084 1895 lsraelitsruin
3157 1841 3431 1910 principes
3490 1843 3712 1896 domum

460 1955 590 2007 ergo
626 1939 793 1994 David
822 1948 875 1993 et
908 1941 1134 1995 comites
1162 1940 1334 2010 ipsius
1365 1950 1543 1994 vestes
1580 1955 1729 2007 suas,
1747 1940 2035 2009 tribusque

461 2032 653 2085 diebus
681 2031 1053 2086 subsistentes
1085 2044 1277 2101 partem
1308 2047 1414 2086 non
1448 2038 1740 2101 gustarunt
1797 2046 1906 2101 pra:
1940 2030 2034 2083 tri-

462 2121 631 2185 sutia,
664 2124 736 2177 ob
765 2122 984 2177 Saulem
1020 2133 1073 2176 ct
1099 2126 1192 2193 qui
1226 2139 1349 2178 cum
1374 2138 1442 2178 co
1479 2122 1605 2178 caesi
1630 2130 1787 2187 sunt,
1815 2121 2034 2177 Israelio

464 2222 572 2268 tas.
596 2211 733 2267 Tum
767 2216 1032 2271 accersito
1052 2218 1170 2270 vito
1203 2215 1295 2286 qui
1338 2215 1590 2269 nuntium
1656 2215 1763 2284 ipsi
1828 2214 2031 2277 attulit,

459 2306 732 2362 cervicem
758 2307 1023 2377 pratcidit,
1053 2307 1107 2361 in
1148 2307 1428 2376 premium
1456 2307 1753 2362 testimonii
1790 2306 1859 2361 de
1888 2307 2035 2361 caede

463 2410 697 2468 patrata,
726 2399 873 2469 quod
904 2407 1097 2453 contra
1147 2414 1207 2453 se
1236 2399 1608 2468 perhihncrat.
1678 2396 1804 2451 Fuit
1854 2410 2033 2453 autem

462 2508 688 2565 regnum
716 2492 900 2546 Saulis
952 2506 1223 2546 annorum
1255 2491 1470 2561 viginti,
1508 2493 1592 2545 cui
1621 2492 1674 2547 in
1706 2506 1871 2562 regno
1903 2506 2033 2545 suc-

461 2588 628 2643 cessit
655 2586 822 2641 David
852 2587 991 2641 (ilius
1017 2587 1189 2642 Jesse.
1224 2583 1341 2639 Jam
1373 2585 1439 2638 ad
1468 2600 1692 2656 regnum
1723 2584 1941 2642 Davidis
1968 2586 2037 2638 ab

458 2680 609 2734 exitu
644 2681 1012 2735 lsraelitarum
1060 2694 1123 2733 ex
1158 2675 1387 2748 Egypto
1436 2677 1564 2734 anni
1619 2686 1747 2730 sunt
1792 2679 2032 2732 sexcenti

461 2790 553 2830 ses
580 2791 593 2839 ;
625 2775 695 2828 ab
753 2770 1065 2826 Abrahamo
1097 2770 1243 2824 mille
1272 2778 1493 2824 centum
1548 2777 1603 2823 et
1662 2768 1924 2822 tredecim
1952 2787 1964 2833 ;
2002 2787 2031 2822 a

462 2861 703 2920 i‘haleko
730 2862 879 2917 mille
904 2860 1146 2915 sexcenti
1198 2859 1595 2929 quinquaginta
1657 2868 1938 2929 quatuor,
2002 2878 2029 2914 a

460 2956 668 3011 diluvio
715 2953 804 3009 bis
840 2953 990 3008 mille
1022 2960 1241 3006 centum
1286 2953 1570 3021 octoginta
1633 2955 1913 3022 quinque,
1963 2956 2031 3006 ab

462 3047 672 3103 Adamo
732 3052 972 3116 quatuor
1038 3040 1186 3096 mille
1229 3040 1607 3113 quadringenti
1672 3043 2030 3115 quadraginta

2139 1930 2435 1985 Abinadabi
2470 1929 2717 2000 proiecti,
2745 1932 3015 1986 sublatam
3042 1934 3169 1987 inde
3203 1949 3410 1997 arcam,
3442 1937 3713 2003 plaustro-

2138 2040 2243 2093 que
2272 2023 2604 2092 impositam,
2629 2034 2949 2095 gestarum;
2987 2025 3129 2080 Ulla
3178 2037 3234 2082 et
3290 2028 3455 2091 Abiu,
3502 2030 3708 2082 Abina’

2136 2113 2259 2169 dabi
2294 2115 2438 2179 filiis,
2472 2130 2502 2171 e
2535 2117 2769 2185 posteris
2811 2115 3007 2170 Kahati
3046 2118 3140 2171 lilii
3194 2118 3343 2183 Levi,
3406 2121 3711 2191 plaustrum

2137 2208 2448 2273 agentibus,
2469 2224 2591 2262 cum
2627 2223 2735 2263 non
2754 2210 2943 2264 liceret
2966 2212 3225 2267 Israelita:
3252 2213 3488 2281 cuipiam
3517 2227 3713 2284 praeter

2138 2298 2279 2354 liiios
2303 2297 2437 2353 Levi
2467 2313 2649 2352 arcam
2684 2300 2847 2356 ferre.
2880 2301 3078 2355 Arcam
3126 2312 3331 2369 autem,
3370 2306 3499 2358 dum
3538 2306 3711 2375 ipsam

2137 2392 2190 2444 in
2217 2391 2460 2461 plaustro
2492 2390 2715 2455 ferrent,
2746 2393 2991 2447 vestibus
3015 2395 3352 2462 operierunt,
3389 2397 3581 2452 relicto
3620 2398 3708 2451 iu-

2136 2492 2220 2538 ter
2246 2485 2417 2550 ipsam
2446 2500 2509 2539 ac
2538 2487 2799 2553 populum
2825 2487 3136 2541 cubitorum
3172 2488 3255 2543 bis
3301 2490 3532 2543 millium
3579 2508 3701 2560 spa-

2138 2578 2236 2632 tio.
2271 2576 2521 2647 Dumque
2553 2578 2723 2647 ipsam
2755 2580 2806 2631 in
2836 2579 3078 2649 plaustro
3113 2580 3446 2635 deducerent
3483 2581 3625 2637 Una
3654 2596 3712 2636 ct

2133 2670 2275 2724 Abiu
2317 2668 2545 2741 [factum
2575 2670 2681 2744 est]
2715 2680 2773 2725 ut
2811 2671 3121 2725 labantibus
3146 2674 3508 2742 juvcucurutn
3558 2677 3710 2745 pedi-

2137 2766 2259 2827 bus,
2295 2778 2463 2831 pr0pe
2494 2773 2639 2818 esset
2669 2770 2729 2817 ut
2755 2772 3036 2816 corrueret
3065 2777 3191 2817 arca
3217 2781 3232 2826 ;
3269 2779 3432 2834 quam
3464 2766 3706 2819 retinens

2137 2849 2305 2919 Una,
2347 2862 2597 2908 mortuus
2638 2853 2891 2924 procidit.
2934 2852 3313 2909 Extimesccns
3343 2871 3474 2926 ergo
3515 2854 3707 2918 David,

2134 2960 2316 2999 arcam
2347 2948 2401 3000 in
2430 2946 2742 3001 Obededom
2786 2944 2967 2999 llittaai
2994 2945 3215 3001 domum
3254 2946 3579 3014 introduxit,
3615 2947 3706 3003 ubi

2132 3038 2308 3093 tribus
2323 3039 2607 3093 mensibus
2633 3042 2955 3107 permansit.
2980 3037 3185 3094 Deinde
3213 3038 3460 3095 eamdem
3484 3054 3517 3096 e
3542 3039 3706 3095 dom;

2081 3198 2097 3216 ‘
2130 3130 2460 3215 Dbededogni
2494 3129 2719 3186 abduxit
2747 3128 2941 3196 David,
2975 3142 3184 3202 septem
3225 3132 3498 3199 bucciuis,
3528 3134 3705 3198 tibiis,

535 3230 782 3305 ηεεηωυ
813 3240 995 3286 autem
1058 3228 1295 3283 obtinuit
1355 3226 1519 3282 David
1571 3227 1716 3283 illius
1773 3228 1926 3285 1.35.0
1975 3230 2025 3282 δη
2054 3199 2099 3256 c
2132 3199 2745 3292 omnibusqncmusiecs
2770 3199 3057 3293 speciebus
3078 3227 3393 3281 canentium
3417 3228 3703 3283 ordinibus

462 3339 654 3381 omnes
678 3321 1051 3379 Israelitarum
1085 3320 1258 3375 tribus
1293 3334 1465 3374 annos
1491 3330 1651 3374 natus
1677 3321 1919 3390 triginta,
1953 3337 2028 3374 re.

462 3416 758 3490 gnavitque
786 3426 959 3468 annos
992 3409 1381 3482 quadraginta.
1410 3425 1624 3465 menses
1654 3423 1771 3477 ses,
1818 3422 2025 3481 septem

467 3508 682 3565 scilicet
727 3519 901 3559 annos
932 3518 1055 3557 cum
1079 3517 1173 3556 sex
1210 3501 1489 3555 mensibus
1516 3499 1776 3565 lichroni,
1803 3502 2025 3570 triginta

461 3614 573 3657 tres
605 3596 1015 3669 Hierosolymis.
1056 3592 1352 3650 Praefectus
1381 3601 1562 3647 autem
1586 3594 1858 3648 exercitus
1888 3591 2030 3646 Sau-

462 3692 527 3747 lis
568 3696 686 3745 erat
713 3687 897 3742 Ahner
924 3685 1071 3741 lilius
1098 3682 1238 3747 Ner;
1269 3684 1364 3753 qui
1391 3699 1515 3736 cum
1542 3682 2024 3749 AsltaelemJoabi

461 3784 708 3842 fratrem.
743 3778 1127 3845 interfecisset,
1157 3774 1444 3847 profertus
1471 3785 1661 3829 contra
1689 3776 1869 3846 ipsum
1898 3791 2021 3831 cum

458 3874 636 3943 copiis
690 3869 851 3932 .loab.
880 3886 911 3925 e
949 3865 1245 3924 comitibus
1306 3866 1481 3933 ipsius
1521 3866 1667 3922 viros
1721 3876 2023 3921 tercentum

458 3965 738 4036 sessiginta
766 3962 887 4017 neci
922 3960 1107 4026 dedit;
1141 3957 1341 4013 deinde
1373 3955 1594 4012 fratrem
1618 3974 1780 4011 suum
1816 3958 2022 4013 Asbae-

461 4063 563 4112 lem
593 4054 925 4111 Bethlebemi
954 4050 1188 4121 sepeliit.
1205 4048 1374 4103 Porro
1398 4066 1522 4104 cum
1547 4049 1862 4104 interfectus
1882 4061 2027 4106 esset

456 4150 605 4207 Sani.
659 4145 835 4199 Ahncr
869 4151 1150 4213 acceptum
1210 4141 1556 4209 lshboshetb,
1593 4140 1775 4195 Saulis
1830 4143 2023 4207 tilium,

460 4258 638 4312 regem
680 4240 734 4295 in
786 4238 973 4293 Gilcad
1034 4251 1198 4307 super
1242 4236 1520 4307 l‘iphraim.
1573 4244 1629 4291 ct
1657 4236 1819 4308 ιθο
1863 4252 2024 4304 ευριπι-

460 4333 731 4388 Israelitas
770 4330 1098 4395 consuluit;
1135 4328 1347 4398 fuitque
1387 4326 1711 4384 lsltboshctb
1750 4341 2023 4381 annorum

457 4424 814 4499 quadraginta
837 4438 945 4495 quo
972 4433 1216 4492 tempore
1245 4437 1336 4475 rex
1360 4420 1689 4475 constitutus
1719 4428 1821 4475 est.
1856 4418 2022 4474 Multa

2131 3315 2409 3381 cinctam;
2440 3317 2556 3387 ipse
2585 3316 2775 3383 David,
2822 3318 3067 3374 vestibus
3095 3318 3584 3377 diversicoloribus
3616 3321 3701 3374 in-

2102 3410 2315 3473 ‘dntns,
2351 3425 2536 3464 coram
2576 3426 2703 3465 arca
2736 3413 2974 3466 saltabat
3006 3423 3057 3466 et
3095 3412 3451 3483 tripuzliabat.
3500 3417 3694 3467 Arcam

2128 3518 2258 3569 ergo
2288 3504 2340 3555 itt
2385 3503 2619 3557 medium
2657 3504 2993 3558 tabernaculi
3030 3503 3176 3574 quod
3214 3505 3410 3560 (Inerat
3440 3506 3605 3561 David
3645 3508 3699 3560 itt

2132 3596 2302 3649 Stlton
2351 3597 2793 3660 introduxerunt,
2857 3598 3177 3653 immolante
3210 3597 3414 3655 Davide
3451 3615 3698 3669 magnam

2125 3686 2488 3753 iuvencorum
2531 3696 2699 3757 atque
2755 3690 2991 3741 atietum
3044 3690 3281 3759 copiam.
3343 3692 3469 3745 lirat
3517 3700 3696 3746 autem

2128 3794 2252 3831 alca
2282 3794 2314 3832 e
2346 3779 2505 3846 lignis
2532 3779 2789 3845 cedrinis,
2823 3777 2983 3852 164
3006 3782 3370 3851 longitudine,
3415 3785 3698 3837 latitudine

2128 3880 2177 3925 et
2218 3872 2582 3926 crassitudine
2606 3874 3070 3941 sesquicubitalis,
3100 3891 3236 3929 auro
3255 3888 3530 3943 coeperis.
3561 3876 3698 3931 Tum

2126 3975 2346 4029 egresso
2372 3973 2562 4016 contra
2592 3963 2849 4018 Daridem
2885 3965 2952 4017 al
2990 3965 3188 4020 bellum
3220 3968 3323 4035 ipsi
3351 3966 3695 4022 infer-udum

2131 4068 2253 4118 rege
2286 4051 2443 4108 Saba:
2475 4056 2697 4109 nomine
2739 4055 2924 4110 "adad
2960 4054 3115 4120 Ezcr,
3161 4057 3365 4113 ltehobt
3402 4062 3531 4121 filio,
3576 4075 3699 4129 pro-

2132 4143 2306 4199 fectus
2337 4145 2439 4215 ipsi
2478 4146 2531 4200 in
2563 4160 2853 4202 occursum
2893 4149 3057 4203 υμΞά
3098 4161 3147 4204 et
3178 4151 3402 4205 victoria
3436 4155 3490 4207 in
3519 4153 3692 4221 ipsum

2131 4235 2355 4303 petitus,
2377 4237 2724 4293 ecomitihus
2763 4239 2883 4308 ejus
2925 4241 3141 4309 equites
3174 4244 3567 4313 s:pting«-ntos,
3605 4259 3697 4313 pe-

2127 4325 2274 4381 dites
2305 4328 2472 4383 vicies
2513 4331 2661 4384 mille
2702 4331 2998 4387 interfecit.
3036 4332 3177 4400 Quin
3210 4345 3262 4389 et
3312 4336 3558 4406 profecto
3592 4335 3694 4387 Su-

2128 4431 2254 4473 raso
2283 4434 2408 4488 rege
2451 4419 2699 4476 Damasci
2742 4424 2807 4477 ad
2843 4426 3106 4477 auxilium
3170 4424 3352 4480 lladad
3406 4424 3577 4481 Ezcro
3621 4427 3696 4481 fe-

459 4530 638 4573 :uttem
680 4517 822 4571 inter
846 4513 1146 4569 exercitum
1179 4512 1273 4567 [illi
1310 4512 1513 4578 Saulis,
1532 4522 1697 4579 atque
1718 4510 2018 4566 exercitum
2052 4546 2103 4606 Β
2130 4514 2382 4579 rendam,
2418 4515 2690 4569 interfecit
2728 4513 2895 4571 David
2931 4533 2959 4571 e
2991 4520 3283 4574 comitibus
3306 4520 3482 4590 ipsius
3506 4521 3693 4592 viginti

462 4610 679 4665 Daiidis
713 4606 1031 4665 acciderunt
1095 4604 1302 4676 prelis,
1356 4604 1595 4673 caesique
1658 4611 1786 4658 sunt
1840 4603 2019 4658 multi.

460 4701 585 4756 Fuit
640 4711 819 4755 autem
886 4697 1038 4751 Sauli
1109 4696 1415 4751 concubina
1486 4696 1707 4750 nomine
1756 4692 2021 4764 Risph‘ah,

458 4808 624 4861 quam
713 4804 836 4843 cum
903 4786 1176 4855 acciperet
1233 4786 1437 4847 Ahner,
1499 4785 1772 4854 prohibuit
1838 4786 2016 4854 ipsum

460 4880 780 4934 Istiho~heth
812 4876 995 4931 Saulis
1030 4875 1212 4941 filius;
1244 4876 1599 4943 quamobrem
1634 4874 1806 4927 iratus
1841 4876 2021 4927 Ahner

460 4974 525 5028 nd
587 4971 871 5035 Davidem,
913 4968 1035 5037 ejus
1092 4968 1215 5022 fidei
1254 4985 1313 5023 se
1363 4969 1729 5035 committens,
1782 4968 2020 5032 transiit,

457 5080 618 5133 quem
644 5070 793 5117 veste
824 5059 1073 5115 indutum
1103 5057 1270 5115 David
1306 5057 1473 5114 libere
1497 5058 1734 5114 demisit.
1765 5060 1832 5112 At
1860 5057 2019 5123 Joah,

458 5156 660 5209 Servis:
715 5154 882 5216 titius.
925 5153 1201 5208 exercitus
1260 5150 1480 5205 Davidis
1532 5150 1841 5222 perfectus.
1894 5166 2020 5220 pre-

456 5250 626 5304 henso
656 5246 874 5299 Abnero
899 5254 1061 5313 caput
1094 5242 1317 5298 abstulit
1349 5252 1569 5311 propter
1600 5243 1884 5298 Ashaelem
1916 5241 2022 5296 fra-

456 5350 592 5392 trem
624 5353 723 5392 sun
750 5355 804 5391 n.
839 5334 1014 5401 Quam
1058 5336 1131 5390 ob
1174 5350 1396 5389 causam
1427 5336 1600 5389 iratus
1648 5333 1814 5389 David
1844 5342 2017 5391 totum

454 5432 779 5493 exercitum,
819 5427 1064 5483 vesdbus
1106 5425 1319 5492 scissis,
1368 5427 1671 5493 Abnerum,
1724 5443 1884 5496 quem
1918 5424 2021 5483 He-

458 5519 610 5571 ιιιηηὶ
638 5517 873 5586 sepeliit,
907 5514 1306 5585 tlellcrejussit.
1336 5515 1503 5569 l’otro
1525 5514 2021 5571 fuerunteducihus

453 5615 633 5665 titulis
684 5610 880 5665 fratres
918 5611 1049 5674 duo.
1083 5623 1319 5681 quorum
1372 5610 1463 5662 ttni
1518 5624 1714 5665 nomen
1777 5608 2019 5673 Rechab,

454 5706 608 5758 alteri
634 5703 836 5765 Baana,
866 5718 895 5756 e
928 5701 1204 5766 Rimmon,
1246 5699 1584 5771 Benjamitrc,
1608 5704 1699 5773 qui
1735 5703 2021 5758 interfecto

458 5802 558 5851 iam
589 5799 803 5851 Abucro
827 5803 989 5849 noctu
1015 5794 1079 5848 ad
1115 5793 1456 5863 lshboslicdt,
1491 5794 1670 5852 Saulis
1714 5796 2016 5861 iilinm,ac-

2130 4602 2236 4658 duo
2271 4604 2475 4669 millia;
2512 4604 2801 4676 factusque
2830 4618 2913 4662 est
2940 4606 3111 4664 Suras
3156 4612 3409 4680 Damasci
3467 4629 3560 4668 rex
3592 4612 3694 4667 Da-

2125 4694 2233 4748 vidi
2264 4696 2436 4755 instar
2457 4700 2635 4765 servi;
2670 4701 3059 4771 transtulitque
3110 4700 3278 4755 David
3324 4702 3693 4777 Hierosolyma

2124 4800 2335 4863 omnes,
2367 4806 2489 4859 qttze
2510 4791 2804 4844 comitibus
2846 4792 3177 4848 iiadadezet‘i
3236 4795 3476 4859 fuerunt,
3526 4814 3692 4851 zonas

2124 4895 2341 4942 aureas,
2371 4891 2532 4950 atque
2564 4894 2870 4953 argenti-as,
2919 4902 3041 4939 cum
3068 4892 3403 4943 ornamentis
3435 4906 3690 4960 psrquam

2127 4971 2334 5030 multis.
2369 4987 2489 5041 qtne
2534 4975 2759 5027 abstulit
2815 4974 2976 5029 SLsak
3030 4976 3245 5049 Egypti
3304 4993 3419 5044 res,
3474 4982 3691 5050 quando

2126 5058 2499 5134 Hierosolyma
2558 5067 2729 5127 venit,
2770 5081 3029 5135 regnante
3059 5069 3411 5128 Rheoboanzo
3444 5071 3687 5128 Salomo-

2127 5152 2212 5205 nis
2244 5153 2373 5207 filio.
2428 5155 2624 5211 Attulit
2646 5159 2809 5211 etiam
2844 5160 3007 5213 David
3049 5180 3077 5215 e
3101 5166 3287 5231 prmlio
3320 5165 3690 5238 Hierosolyma

2125 5260 2373 5314 magnam
2418 5249 2544 5303 teris
2570 5249 2805 5319 capiam,
2838 5270 2867 5303 e
2897 5269 3005 5321 quo
3049 5255 3284 5309 cenfecit
3316 5255 3575 5312 Salomon
3596 5273 3691 5312 co—

2124 5337 2360 5397 lumnas,
2395 5336 2553 5392 bases
2582 5350 2636 5391 et
2693 5350 2907 5408 portas,
2956 5358 3066 5409 quo
3126 5354 3371 5413 tempore
3428 5347 3687 5416 templum

2122 5430 2411 5483 exstruxit.
2449 5430 2573 5484 l’ost
2608 5432 2717 5484 lucc
2759 5432 2923 5485 David
2958 5435 3089 5487 tnuli
3114 5452 3240 5488 rem
3293 5439 3512 5492 nomine
3564 5438 3690 5495 Ber-

2123 5517 2333 5583 scbam,
2360 5518 2513 5573 Elialt
2540 5520 2727 5580 filiam.
2783 5520 2925 5576 Ulla:
2960 5541 3211 5590 uxorem,
3274 5527 3529 5582 feminam
3571 5530 3691 5600 pqu

2122 5611 2308 5664 chrant
2336 5622 2389 5666 et
2417 5610 2738 5677 formosam,
2765 5626 3111 5682 conspectam
3163 5620 3415 5687 deperiit,
3457 5638 3690 5692 cumque

2121 5702 2311 5756 cadem
2342 5706 2609 5759 act-ersita
2649 5721 2758 5761 rem
2794 5708 3003 5773 habuit,
3042 5713 3178 5763 adeo
3200 5724 3254 5766 ut
3287 5728 3349 5766 ex
3380 5731 3443 5768 co
3469 5715 3689 5784 gravida

2123 5794 2298 5864 ﬁeret,
2351 5798 2547 5853 mat-ito
2594 5800 2713 5871 eius
2750 5797 2899 5870 Uria,
2935 5818 3055 5855 cum
3085 5801 3252 5860 Joabo
3283 5805 3335 5861 in
3375 5807 3513 5861 bello
3558 5823 3692 5862 cum
