4068 6160
439 291 547 358 945

1870 308 2242 373 ANNALES.

3590 305 3691 368 946

439 419 526 462 tra
548 408 888 483 alienigenas
920 424 1049 472 tunc
1081 416 1333 474 absente.
1371 419 1505 475 Cum
1537 434 1670 492 ergo
1718 436 1839 476 eam
1864 438 1928 477 ex
1958 439 2019 478 se
2053 440 2092 492 Α
2125 422 2503 496 Hierosolyma
2537 438 2789 479 reversus
2821 432 2922 480 est.
2967 421 3319 498 169-171
3359 421 3482 476 Fuit
3512 431 3692 474 autem

440 503 764 573 concepisse
832 519 1038 575 nosset,
1092 510 1308 578 Uriam,
1357 514 1542 568 missis
1603 516 1699 585 qui
1750 514 1903 569 illum
1955 515 2020 569 ad

444 595 626 662 ipsum
681 597 1039 667 adducerent,
1090 618 1152 659 ea
1221 617 1380 661 nocte
1423 608 1568 663 domi
1614 624 1727 665 suae
1778 609 2022 664 dormire

436 687 645 757 jussit;
686 690 810 747 Uria
849 704 1028 750 autent
1082 712 1147 752 ea
1202 709 1364 755 nocte
1421 699 1643 756 domum
1703 716 1854 755 suam
1908 718 2013 757 non

436 786 741 849 concessit,
776 802 960 842 verum
997 805 1122 845 cum
1175 791 1531 864 165-167
1576 793 1908 864 ianitoribus
1958 796 2009 850 in

438 876 641 945 palatio
668 877 950 937 dormivit.
993 881 1150 940 Mane
1176 901 1306 956 ergo
1336 887 1402 941 ad
1429 889 1730 944 exercitum
1774 905 1899 943 eum
1933 907 2016 946 re-

438 966 593 1024 misit
621 967 809 1036 David,
844 970 1024 1042 ipsum
1058 975 1204 1031 domi
1259 993 1374 1033 sua:
1425 979 1792 1035 obdormiisse
1822 990 2013 1047 ratus;

438 1060 583 1131 quod
618 1077 684 1117 eo
722 1062 828 1119 fine
861 1065 1041 1123 facere
1075 1068 1253 1139 ipsum
1294 1071 1463 1127 voluit
1492 1071 1659 1128 David
1693 1083 1751 1128 ut
1788 1074 1859 1129 ita
1890 1091 2014 1130 cum

436 1168 609 1209 uxore
631 1169 731 1209 sua
767 1158 1196 1226 concumberet;
1232 1176 1365 1232 quo,
1415 1179 1538 1219 cum
1597 1167 1816 1236 gravida
1871 1167 2011 1222 facta

432 1256 603 1314 esset,
638 1248 771 1302 nihil
805 1249 1034 1306 haberet
1065 1252 1223 1322 cujus
1257 1256 1433 1324 ipsum
1458 1258 1761 1316 incusaret.
1794 1262 1861 1315 At
1888 1278 2013 1316 eum

429 1336 579 1391 domi
606 1353 719 1393 suae
744 1354 848 1393 non
882 1340 1254 1406 dormivisset.
1288 1346 1515 1417 scripsit
1547 1348 1613 1401 ad
1641 1346 1873 1404 Joabum
1911 1350 2014 1407 Da-

431 1427 524 1482 vid
575 1437 635 1483 ut
672 1427 859 1483 Uriant
922 1439 1049 1485 ante
1112 1447 1296 1487 arcam
1355 1436 1409 1488 lu
1468 1435 1653 1505 prelio
1696 1436 2008 1494 collocaret.

430 1516 587 1583 Quod
620 1532 745 1573 cum
773 1518 1012 1587 fecisset,
1044 1520 1472 1581 interfectusest
1502 1524 1628 1582 Uria
1667 1542 1851 1582 coram
1884 1544 2010 1584 arca

432 1611 489 1665 in
523 1611 733 1681 praelia.

502 1699 601 1758 lllo
632 1718 761 1774 ergo
787 1704 994 1771 occiso,
1024 1705 1180 1761 duxit
1208 1704 1373 1761 David
1408 1707 1529 1775 ejus
1559 1710 1845 1782 coniugem
1881 1711 2009 1766 Bar-

2122 516 2476 583 Absltalomo,
2508 516 2728 573 Davidis
2764 518 2899 580 filio,
2954 517 3211 575 cmSaries
3243 515 3464 585 copiosa
3498 513 3694 568 admo-

2120 609 2278 671 dum,
2311 609 2446 663 adeo
2476 616 2537 664 ut
2584 610 2801 680 quoties
2835 610 3157 681 capillitium
3192 624 3353 665 suum
3388 621 3417 661 a
3450 617 3693 674 tempore

2120 699 2189 755 ad
2229 707 2452 772 tempus
2485 704 2817 768 retonderet,
2861 702 3031 757 siclos
3082 703 3354 755 ducentos
3408 699 3689 765 peuderrt.

2121 791 2293 847 Porro
2314 794 2713 863 prophetaruut
2739 803 2984 864 tempore
3009 793 3251 854 Davidis.
3279 792 3518 850 Nathan.
3552 789 3690 854 Gad,

2118 884 2289 937 Achia
2319 882 2617 947 Sbilonitn,
2650 886 2857 952 Asapb,
2889 884 3122 939 Haiman
3156 892 3212 938 et
3245 881 3553 937 Yadntltun
3586 881 3691 935 Le-

2116 976 2252 1044 vita,
2292 986 2347 1033 et
2376 977 2516 1034 Joab
2554 980 2777 1044 Servim,
2812 982 3022 1035 sororis
3045 979 3267 1033 Davidis
3301 980 3464 1040 filius,
3516 976 3606 1045 qui
3638 986 3691 1030 et

2117 1068 2292 1139 ipsius
2322 1072 2565 1127 vicarius
2598 1072 2719 1125 fuit.

2188 1162 2561 1219 Numerarunt
2586 1175 2768 1220 autem
2802 1166 2967 1219 David
3002 1177 3052 1219 et
3092 1166 3328 1219 vicarius
3363 1163 3535 1233 ipsius
3555 1159 3693 1215 Joab

2115 1252 2487 1308 lsraelitarum
2552 1256 2751 1311 tribus.
2786 1255 3062 1311 Numerus
3093 1267 3279 1311 autem
3315 1254 3688 1309 Israelitarutn

2112 1358 2274 1413 quem
2308 1356 2680 1415 supputarunt
2715 1346 2880 1401 David
2912 1359 2963 1403 et
2996 1349 3159 1410 Joab,
3188 1358 3307 1401 erat
3360 1344 3690 1414 quadragies

2116 1437 2319 1493 millies
2372 1440 2519 1493 mille
2559 1450 2614 1494 et
2668 1451 2887 1495 centum
2945 1443 3111 1496 mille.
3177 1442 3288 1513 [At
3330 1442 3486 1510 juxta
3542 1438 3689 1492 aliud

2111 1530 2420 1602 exemplar,
2452 1542 2648 1602 quater
2703 1535 2904 1588 millies
2942 1534 3089 1588 mille
3130 1543 3185 1588 et
3217 1541 3442 1587 centum
3476 1528 3689 1599 mille]

2109 1622 2352 1687 Quorum
2387 1637 2417 1677 e
2450 1623 2577 1679 filiis
2623 1623 2775 1681 Iuda:
2825 1627 3225 1696 quadringenta
3258 1640 3310 1681 et
3342 1625 3691 1696 septuaginta

2112 1714 2300 1779 millia,
2342 1713 2664 1783 Benjamitte
2699 1726 2883 1771 autem
2936 1728 2989 1773 ct
3040 1717 3253 1775 Levita
3286 1734 3393 1772 non
3427 1730 3691 1772 numera-

428 1793 688 1861 sitebam,
719 1812 840 1865 qua:
878 1796 1051 1852 filium
1110 1799 1212 1869 ipsi
1248 1802 1480 1870 peperit.
1543 1801 1777 1858 Veniens
1828 1813 2006 1859 autem
2042 1812 2086 1871 Β
2116 1803 2334 1857 bantur.
2404 1802 2679 1860 Numerus
2748 1814 2929 1861 autem
3004 1807 3442 1877 rejcetaueorum
3518 1807 3611 1877 qui
3659 1820 3692 1861 e

430 1884 503 1944 ad
538 1888 717 1958 ipsum
748 1886 965 1945 Natban
994 1894 1282 1962 propheta.
1318 1896 1497 1950 dixit:
1558 1896 1674 1951 Duo
1718 1909 1875 1954 erant
1910 1899 2008 1953 tiri

432 1980 489 2036 in
546 1980 703 2048 urbe,
757 2000 991 2054 quorum
1050 2003 1193 2043 unus
1253 1987 1432 2056 dives,
1491 1993 1579 2045 cui
1637 1992 1904 2061 pecudum
1957 2002 2009 2047 et

431 2071 598 2130 boum
640 2089 834 2143 magna
893 2085 1013 2129 erat
1062 2080 1271 2148 copia;
1310 2081 1449 2134 alter
1485 2095 1612 2136 vero
1643 2097 1873 2151 pauper,
1920 2085 2007 2138 cui

434 2175 635 2234 praeter
662 2180 819 2219 ovem
859 2183 1023 2222 unam
1053 2183 1164 2223 non
1197 2181 1340 2226 erat.
1369 2173 1526 2240 cujus
1561 2173 1644 2227 lac
1677 2190 1741 2228 ac
1778 2175 1897 2229 lana
1935 2178 2010 2227 vi-

430 2264 582 2314 ctum
619 2256 721 2327 ipsi
772 2259 1128 2329 przebebant;
1182 2261 1514 2319 adveniente
1550 2275 1732 2319 autem
1771 2266 1837 2321 ad
1872 2268 2008 2321 divi-

431 2357 543 2405 tem
577 2350 793 2420 hospite
824 2352 1091 2421 quodam,
1145 2355 1239 2411 ille
1275 2357 1545 2427 prehensa
1600 2363 1860 2429 pauperis
1910 2376 2009 2416 ove

432 2457 554 2497 eam
584 2442 893 2511 jugulatam
925 2446 1125 2516 hospiti
1166 2463 1269 2505 suo
1306 2452 1588 2520 apposuit.
1628 2452 1772 2508 Dixit
1798 2454 2005 2509 David:

432 2533 679 2591 Pessime
735 2536 886 2602 fecit,
942 2540 1310 2610 quadruplum
1371 2544 1445 2597 illi
1508 2562 1606 2614 pro
1663 2562 1765 2601 ove
1796 2548 2008 2605 reddet.

427 2622 727 2695 lncrepans
754 2644 888 2699 ergo
934 2632 1113 2699 ipsunt
1147 2629 1363 2687 Natbau
1403 2636 1671 2704 prOpbeta
1700 2653 1712 2688 :
1766 2635 1846 2691 Tu
1878 2637 2008 2705 (in-

427 2719 589 2788 quit)
621 2735 681 2772 es
720 2723 801 2773 vir
834 2722 946 2778 ille.
988 2722 1201 2780 Scissis
1229 2740 1363 2795 ergo
1396 2727 1586 2781 statim
1621 2729 1866 2784 vestibus
1893 2730 2009 2784 suis

429 2824 494 2864 ac
525 2810 704 2866 cilicio
734 2814 982 2881 indutus,
1013 2826 1217 2885 septem
1243 2818 1437 2885 diebus
1466 2818 1579 2888 jejtt
1601 2822 1752 2875 navit
1773 2860 1791 2883 ,
1823 2820 2009 2876 Domi-

426 2917 563 2955 mtm
598 2920 760 2958 suum
796 2921 996 2974 rogans
1026 2919 1085 2961 ut
1135 2924 1365 2978 puerum
1419 2920 1596 2968 morte
1645 2912 1915 2978 alliceret;
1956 2922 2008 2967 at

425 2995 518 3050 die
535 2998 766 3066 septimo
786 3008 1036 3055 mortuus
1055 3010 1135 3054 est
1160 3017 1311 3069 puer.
1331 3000 1461 3057 Post
1490 3003 1604 3058 haec
1636 3020 1827 3059 rursus
1857 3021 1885 3060 e
1909 3005 2010 3061 Da-

431 3086 559 3143 vlde
594 3092 872 3158 gravidata
921 3092 1063 3146 Uriae
1108 3108 1264 3159 uxor,
1286 3092 1633 3150 Salomonem
1658 3096 1758 3166 ipsi
1780 3098 2001 3167 peperit.

2114 1894 2289 1965 stirpe
2316 1895 2509 1950 Jacobi
2541 1912 2649 1951 non
2685 1907 2865 1963 erant,
2910 1898 3057 1954 mille
3092 1900 3215 1953 fuit.
3254 1899 3401 1954 Dixit
3424 1914 3556 1971 ergo
3584 1898 3689 1952 Du-

2116 1988 2303 2040 tninus
2341 1986 2494 2043 Gado
2531 1989 2853 2059 prophetze:
2899 1989 3155 2058 Displicet.
3218 1993 3351 2046 mihi
3405 1992 3552 2060 quod
3590 1990 3693 2044 Da-

2115 2077 2201 2133 vid
2258 2076 2540 2135 israelitas
2618 2082 3024 2147 numeraverit;
3101 2083 3385 2151 profectus
3429 2098 3564 2152 ergo
3624 2084 3691 2137 ad

2115 2169 2294 2233 ipsum
2325 2171 2523 2235 jubeas
2576 2174 2754 2241 ipsum
2790 2191 2961 2227 unum
2997 2194 3026 2228 e
3056 2178 3235 2232 tribus
3290 2176 3413 2232 istis
3463 2176 3691 2247 eligere,

2114 2266 2195 2314 vel
2232 2274 2288 2316 ut
2320 2266 2392 2317 sit
2423 2280 2517 2333 per
2555 2274 2725 2319 totum
2762 2269 2934 2337 ipsius
2991 2285 3216 2339 regnum
3269 2278 3477 2339 Septem
3517 2284 3693 2323 anno-

2115 2370 2234 2407 rum
2272 2354 2485 2421 fames;
2528 2357 2612 2411 vel
2651 2367 2735 2436 ut,
2793 2361 3213 2425 prmvalentilms
3248 2361 3351 2431 ipsi
3411 2362 3687 2425 hostibus,

2114 2446 2291 2499 tribus
2321 2448 2603 2504 mensibus
2632 2449 2926 2513 vincatur;
2968 2452 3052 2507 vel
3088 2464 3170 2515 ut,
3232 2454 3297 2508 ad
3356 2454 3597 2509 triduum
3631 2456 3683 2508 in

2115 2538 2377 2593 universo
2407 2541 2583 2608 ipsius
2636 2558 2803 2614 regno
2855 2555 3139 2613 grassetur
3189 2548 3382 2616 pestis.
3438 2547 3688 2618 Eligeute

2108 2642 2243 2699 ergo
2278 2628 2485 2686 Davide
2532 2641 2768 2702 pestem,
2801 2637 3001 2690 mortui
3036 2648 3169 2691 sunt
3209 2638 3278 2692 ad
3334 2649 3543 2694 sextam
3577 2640 3685 2694 diei

2113 2722 2302 2776 buram
2337 2727 2856 2795 septuagies,mille.
2889 2728 3068 2794 Quare
3100 2745 3259 2800 opem
3290 2745 3318 2785 a
3346 2732 3501 2787 Gado
3530 2732 3687 2803 petiit

2113 2810 2305 2876 David,
2342 2817 2433 2885 qui
2470 2833 2596 2872 eum
2625 2820 2788 2874 simul
2821 2820 2889 2875 ad
2926 2821 3092 2876 Deum
3144 2839 3337 2892 preces
3386 2825 3685 2884 fudissent.

2112 2903 2372 2962 misertus
2414 2909 2528 2974 ipse
2561 2926 2788 2973 eorum,
2824 2924 3030 2982 pestem
3067 2917 3223 2987 172
3256 2918 3505 2975 abstulit.
3544 2917 3687 2972 Fue-

2112 3008 2240 3051 runt
2294 3011 2474 3057 autem
2524 3014 2767 3072 tempore
2835 3006 3055 3063 Davidis
3111 3012 3429 3067 sacerdotes
3483 3016 3685 3069 summi

2112 3090 2401 3154 Abiatitar,
2444 3095 2749 3151 Altimalt'iti
2813 3100 2984 3165 filius,
3023 3100 3102 3154 Eli
3152 3104 3456 3161 sacerdotis
3510 3106 3687 3160 omnis

372 3180 378 3185 ’
429 3179 676 3235 Fuerunt
702 3191 881 3235 autem
906 3183 1094 3239 Davidi
1122 3184 1279 3239 liberi
1310 3187 1499 3257 viginti
1519 3199 1775 3253 quatuor.
1800 3189 1998 3245 Deinde
2030 3179 2074 3237 ο
2105 3192 2162 3236 et
2194 3183 2393 3239 Sadok.
2443 3184 2579 3240 Cum
2649 3198 2831 3245 autem
2884 3192 2996 3257 jam
3048 3198 3435 3253 consenuisset
3491 3200 3681 3262 David.

427 3273 642 3328 Αωηοη
686 3271 908 3327 Davidis
947 3276 1115 3340 filius,
1140 3278 1440 3332 liberorum
1468 3279 1788 3347 ipsiusnatu
1824 3280 2001 3333 matti-

426 3380 571 3431 mus,
626 3365 789 3435 163
844 3383 1090 3422 sororem
1146 3385 1305 3424 suam
1354 3386 1418 3426 ex
1457 3381 1611 3440 parte
1663 3374 1855 3441 patris,
1913 3372 2031 3433 cui

424 3471 622 3512 nomen
650 3457 909 3523 Thamar,
964 3470 1314 3531 conspectam
1362 3464 1673 3534 deperieus,
1727 3481 1849 3520 cum
1886 3465 2000 3534 ipsa

422 3563 755 3618 congressus
783 3562 905 3616 est;
933 3567 1096 3622 quam
1127 3555 1197 3609 ob
1218 3570 1332 3609 rem
1357 3556 1527 3611 iratus
1556 3555 1722 3610 frater
1744 3557 1863 3622 ejus
1884 3566 2006 3612 ute-

425 3641 599 3705 rinus,
640 3643 729 3695 cui
763 3659 955 3698 nomen
994 3645 1402 3711 Abishalomus,
1434 3646 1653 3700 Davidis
1688 3649 1853 3713 lilius,
1893 3648 2003 3703 fra-

426 3740 567 3788 trem
599 3750 759 3787 suum
789 3736 1004 3789 Amnon
1038 3737 1347 3804 interfecit;
1377 3739 1575 3793 deinde
1598 3741 1663 3795 ad
1690 3739 2000 3807 Tltalmani,

424 3823 645 3877 Atniudi
689 3824 883 3885 filium,
914 3824 1143 3879 Gesburi
1178 3842 1359 3897 regem
1390 3828 1549 3899 fugit,
1586 3831 1673 3883 ubi
1710 3846 1835 3886 cutn
1868 3845 2003 3887 con-

424 3917 633 3985 gregali
661 3929 846 3972 essent
878 3919 945 3971 ad
978 3918 1157 3987 ipsum
1188 3936 1256 3975 ex
1303 3920 1570 3978 lsraeiitis
1609 3922 1710 3977 viri
1746 3924 1994 3985 ducenti,

428 4018 625 4063 contra
656 4017 866 4077 patrem
899 4025 1058 4065 suum
1093 4012 1337 4075 rebellis,
1374 4012 1657 4084 profectus
1689 4014 1999 4071 llebroncm

421 4100 736 4170 occupavit.
803 4102 1004 4157 Audito
1052 4118 1185 4175 ergo
1237 4105 1417 4176 ipsum
1474 4105 1783 4163 Hebrnnem
1836 4124 2002 4163 ocro-

422 4207 609 4264 passe,
662 4204 918 4249 metuens
971 4197 1041 4249 ab
1098 4198 1217 4267 ipso
1273 4196 1467 4264 David,
1502 4198 1573 4251 ab
1608 4198 1996 4271 Hierosolymis

424 4284 563 4340 urbe
609 4284 826 4339 deserta
860 4285 1041 4356 fugit;
1093 4302 1204 4356 quo
1236 4289 1566 4356 perveniens
1624 4290 1769 4346 ﬁlius
1802 4291 1999 4361 ipsius,

424 4376 729 4446 urbemque
766 4380 1073 4447 ingressus,
1127 4380 1416 4449 prehensis
1448 4382 1623 4451 patris
1675 4382 1760 4437 sui
1792 4398 2000 4439 concu-

424 4468 574 4524 binis
601 4483 724 4523 cum
759 4470 894 4538 ipsis
919 4471 1061 4539 quod
1099 4480 1257 4541 turpe
1310 4482 1391 4529 est
1425 4474 1745 4529 commisit:
1799 4475 1997 4531 deinde

424 4560 495 4617 ad
526 4567 734 4631 patrem
780 4577 941 4617 suum
1000 4562 1259 4617 Davidem
1312 4566 1672 4631 quaerendum
1722 4568 1997 4636 profectus

419 4662 528 4718 est,
550 4653 643 4720 qui
676 4653 746 4707 ab
778 4654 898 4722 ipso
923 4653 1045 4723 fuga
1067 4670 1126 4709 se
1158 4656 1461 4726 proripiens
1491 4655 1783 4714 Jurdanem
1811 4672 2001 4716 trans-

422 4744 526 4809 iit;
579 4753 637 4799 at
690 4743 828 4801 Joab
858 4745 1076 4800 Davidis
1138 4747 1451 4816 deputatus,
1484 4749 1713 4803 collecta
1773 4766 1997 4807 suorum

424 4833 799 4897 multitudine.
837 4842 1030 4891 contra
1081 4835 1498 4890 Abishalomntn
1542 4837 1762 4895 Daxidis
1819 4841 1988 4895 filium

422 4925 686 4997 perrexit,
730 4925 1200 4994 commissumque
1225 4936 1307 4981 est
1345 4929 1489 4982 inter
1545 4930 1694 4996 ipsos
1753 4931 1996 4999 praelium

424 5019 479 5072 in
508 5014 790 5085 Ephraimi
847 5015 1068 5085 finibus,
1103 5018 1157 5072 in
1194 5034 1305 5089 quo
1341 5019 1513 5073 oet-isi
1566 5030 1697 5076 sunt
1729 5037 1759 5073 e
1786 5022 1998 5076 duobus

422 5107 761 5164 exercitibus
796 5108 967 5161 vicies
997 5109 1167 5173 mille,
1192 5124 1319 5163 cum
1351 5110 1641 5165 conﬂictus
1675 5112 1816 5166 inter
1850 5116 1998 5183 ipsos

421 5201 717 5257 vehemens
760 5208 926 5256 esset.
984 5201 1339 5257 Abishalomo
1390 5212 1568 5259 autem
1621 5206 1769 5257 mqu
1822 5216 1999 5274 vet-to,

419 5306 549 5348 cum
583 5291 763 5359 capilli
786 5274 792 5279 ’
816 5293 1014 5362 capitis
1044 5294 1219 5361 ipsius
1254 5296 1545 5351 terebiutbi
1584 5312 1739 5349 ramo
1778 5298 1994 5353 cuidam

426 5382 646 5452 implexi
705 5392 912 5442 essent.
972 5386 1256 5439 confracta
1290 5395 1373 5441 est
1406 5389 1632 5453 cervix;
1667 5386 1807 5443 Joab
1830 5391 1994 5444 etiam

430 5472 535 5529 tria
584 5474 713 5538 tela,
744 5476 947 5544 quibus
1006 5478 1187 5547 ipsum
1252 5482 1553 5549 percussit,
1610 5483 1761 5534 cordi
1820 5483 1995 5553 ipsius

425 5564 623 5629 Iunxit,
660 5583 913 5637 unusque
943 5586 971 5623 e
1000 5568 1123 5625 Jobi
1188 5574 1486 5627 comitibus
1542 5574 1725 5643 gladio
1774 5591 1996 5644 percus-

424 5674 545 5715 sum
578 5662 870 5717 interfecit.
915 5665 981 5719 At
1015 5681 1142 5721 cum
1177 5668 1400 5722 allatum
1433 5679 1584 5723 esset
1613 5670 1679 5723 ad
1734 5669 1992 5726 Davidem

424 5754 701 5817 nuntium,
755 5755 953 5825 ingenti
1009 5759 1098 5811 ille
1153 5774 1385 5815 trmrorc
1438 5759 1661 5817 allectus
1696 5763 1761 5817 ad
1805 5763 1991 5819 urbem

2114 3274 2395 3331 Salomoni
2431 3279 2543 3334 filio
2574 3297 2677 3337 suo
2712 3287 3058 3354 praecipiens,
3120 3290 3389 3360 quidquid
3425 3293 3479 3348 in
3513 3309 3685 3364 regno

2111 3380 2213 3421 suo
2246 3367 2437 3425 babttit
2467 3385 2633 3439 opum
2664 3391 3027 3442 gemmarum,
3057 3382 3176 3434 auri
3233 3392 3288 3437 et
3332 3385 3547 3453 argenti
3578 3387 3680 3457 ipsi

2109 3458 2355 3515 tradidit.
2388 3460 2638 3517 Mortuus
2672 3480 2755 3521 est
2790 3483 2921 3539 ergo
2957 3470 3130 3528 David
3186 3478 3475 3546 propheta,
3506 3493 3682 3534 annos

2110 3558 2272 3606 natus
2308 3556 2685 3624 septuaginta,
2718 3576 2955 3627 quorum
3013 3567 3375 3637 quadraginta
3410 3573 3678 3642 regnavit.

2106 3639 2240 3696 Post
2272 3644 2450 3713 ipsum
2487 3662 2714 3719 regnum
2769 3653 3012 3709 obtinuit
3042 3657 3188 3714 illius
3222 3660 3394 3729 ipsius
3419 3639 3678 3719 salomou

2107 3749 2286 3789 annos
2324 3748 2486 3792 natus
2535 3740 2849 3811 duodecim,
2902 3752 3258 3820 regnavitque
3303 3762 3426 3821 post
3470 3763 3679 3825 patrem

2110 3842 2273 3882 suum
2325 3845 2500 3887 annos
2550 3835 2960 3905 quadraginta:
3016 3855 3047 3894 a
3078 3857 3188 3910 quo
3235 3852 3487 3901 metuens
3518 3845 3680 3910 Joalv.

2109 3919 2331 4012 Davidis
2386 3925 2650 3989 vicarius,
2709 3927 2765 3985 in
2816 3932 3077 4001 templum
3134 3935 3352 3992 Domini
3410 3940 3679 4012 confugit.

2104 4010 2253 4068 Misit
2302 4029 2435 4084 ergo
2485 4016 2748 4074 Salomon
2798 4020 3097 4095 Bettayam.
3149 4023 3432 4083 Jehoiadai
3481 4010 3676 4093 lilium,

2103 4105 2195 4175 qui
2232 4106 2410 4176 ipsum
2462 4109 2648 4178 gladio
2684 4111 2966 4188 interfecit
2997 4125 3053 4171 et
3088 4117 3141 4172 in
3177 4120 3393 4176 deserto
3441 4125 3676 4193 sepeliit.

2103 4196 2615 4270 (Ioutlrmatutnque
2660 4212 2748 4258 est
2803 4220 3030 4278 regnum
3085 4209 3397 4269 Salomonis
3453 4215 3594 4272 adeo
3621 4232 3678 4271 ut

2105 4291 2361 4344 timerent
2398 4291 2575 4361 ipsum
2628 4308 2822 4354 omnes
2851 4297 2945 4369 qui
2980 4301 3126 4355 circa
3159 4303 3338 4373 ipsum
3368 4318 3556 4365 essent
3590 4326 3675 4365 re-

2103 4396 2220 4447 ges,
2255 4382 2555 4454 missisque
2587 4387 2654 4441 ad
2684 4403 2812 4444 eum
2841 4393 3168 4448 muneribus
3195 4412 3319 4452 cum
3351 4400 3471 4470 ipso
3502 4400 3681 4459 foedus

2105 4471 2327 4527 inirent.
2361 4472 2533 4531 Porro
2576 4476 2832 4553 Salomon
2863 4480 3241 4557 Hierosolyma
3280 4505 3440 4547 muro
3472 4493 3675 4553 cinxit;

2103 4579 2361 4635 annoque
2394 4571 2544 4641 regni
2573 4572 2656 4627 sui
2687 4573 3016 4631 duodecimo
3051 4593 3342 4648 aggressus
3372 4593 3457 4638 est
3490 4588 3676 4653 templ:

2100 4665 2464 4734 structuram.
2501 4659 2671 4716 Multa
2706 4674 2889 4720 autem
2942 4665 3048 4736 ipsi
3077 4668 3219 4725 dona
3286 4672 3436 4726 misit
3469 4672 3678 4738 lliram,

2102 4750 2229 4823 Tyri
2270 4768 2389 4815 rex,
2426 4754 2707 4825 multaque
2742 4757 2887 4827 ligna
2925 4758 3171 4825 cedrino,
3206 4762 3387 4831 pinea,
3422 4766 3674 4836 abiegno.

2104 4846 2236 4909 quin
2266 4855 2321 4901 et
2349 4860 2484 4915 Opes
2511 4849 2718 4903 multas
2750 4867 2871 4920 quae
2900 4852 3002 4920 ipsi
3038 4854 3106 4908 ad
3155 4855 3420 4926 templum
3455 4872 3671 4914 exstru~

2101 4938 2307 4990 endum
2355 4937 2676 5005 adjumento
2709 4949 2917 5005 essent,
2966 4940 3211 4999 donante
3264 4946 3370 5016 ipsi
3433 4948 3677 5004 vicissim

2100 5027 2400 5084 Salomone
2430 5032 2727 5099 quotannis
2757 5048 2919 5087 curos
2951 5035 3119 5091 tritici
3155 5037 3324 5092 vicies
3354 5041 3521 5105 mille,
3545 5060 3676 5096 uva-

2103 5138 2334 5190 runeque
2369 5137 2655 5191 paSsarum
2710 5125 2962 5181 totidem.
3020 5126 3195 5182 Porro
3226 5129 3430 5187 dicitur
3463 5132 3673 5200 Hiram,

2102 5209 2229 5280 Tyri
2266 5226 2472 5280 regem,
2504 5214 2743 5280 primum
2798 5229 2988 5285 regum
3047 5232 3346 5287 purpuram
3406 5222 3673 5281 induisse.

2100 5302 2259 5369 μυίης
2292 5304 2367 5357 rei
2422 5318 2593 5358 causa
2637 5306 2758 5369 fuit,
2818 5308 2962 5374 quod
3016 5324 3142 5363 cum
3192 5312 3451 5379 opilionis
3490 5315 3676 5389 173-

2104 5392 2262 5463 175
2291 5393 2578 5461 cujusdam
2616 5396 2792 5463 canis,
2825 5398 2918 5466 qui
2952 5400 3129 5468 ipsum
3163 5402 3254 5457 die
3284 5404 3523 5473 quodam
3557 5423 3669 5476 qun

2098 5501 2229 5540 oves
2259 5488 2312 5540 in
2345 5489 2512 5542 maris
2549 5489 2736 5545 littore
2763 5500 3031 5561 pasceret,
3073 5496 3369 5552 comitatus
3399 5509 3504 5564 est;
3541 5518 3667 5557 mu-

2100 5578 2265 5631 riccm
2293 5578 2496 5633 coloris
2528 5583 2789 5651 purpurei
2839 5584 2892 5637 in
2927 5583 3109 5642 littore
3164 5598 3469 5659 reptantem
3503 5593 3667 5651 offen-

2098 5672 2256 5734 dens,
2299 5671 2481 5741 ipsum
2513 5672 2724 5738 ederet,
2777 5675 2914 5731 adeo
2952 5687 3012 5732 ιιι
3046 5682 3316 5749 sanguine
3354 5687 3577 5740 muricis
3606 5700 3671 5745 ns

2097 5762 2268 5831 ipsius
2327 5765 2940 5835 impleretur;coviso,
2999 5780 3200 5838 pastor,
3258 5787 3477 5845 accepta
3526 5780 3667 5841 lana,
