4070 6152
408 268 516 333 947
1418 268 1791 331 EUTYCHIt
1836 268 2365 333 ALEXANDRINI
2402 272 2617 332 mm.
3558 275 3663 337 9p.»

411 384 567 439 canis
597 399 660 438 os
713 382 993 444 abstersit,
1023 397 1054 437 e
1084 396 1190 450 qua
1224 395 1345 433 eum
1378 378 1683 434 confectam
1725 380 1985 432 eorollam
2017 384 2061 440 Α
2094 382 2496 452 peperissemus
2538 399 2638 445 ego
2685 393 2739 436 et
2786 384 2978 438 tmdier
3018 385 3117 438 ista
3164 384 3220 440 in
3254 387 3441 445 eadem
3481 392 3664 445 δουναι.

408 477 572 547 capiti
622 490 725 530 suo
774 475 1150 543 imposuisset,
1231 473 1433 527 factum
1484 481 1565 529 est
1622 484 1680 526 ut
1732 473 1984 543 quisquis

410 570 591 638 ipsum
625 567 679 619 in
721 566 837 620 sole.
889 566 1263 620 ambulantem
1317 564 1680 636 conspiceret,
1732 580 1762 616 e
1809 564 1988 633 capite

422 660 595 729 ipsius
630 659 773 725 ignis
824 655 1088 726 fulgorem
1152 653 1341 723 prodir
1424 655 1810 708 existimaret:
1876 668 1988 719 quo

417 750 633 816 audito,
670 752 856 805 lliram
888 746 1015 821 Tyri
1069 766 1183 811 rex,
1211 748 1393 803 missis
1424 749 1519 809 qui
1580 756 1857 817 pastorem
1892 761 1986 800 ar-

414 854 715 906 cerserent,
793 858 914 896 eum
978 842 1241 895 corollum
1298 844 1469 908 constt
1510 840 1703 903 sisset,
1782 838 1988 893 coloris

418 935 882 1004 pulchritudinem
964 936 1215 998 miratus,
1274 934 1541 987 tinctores
1593 931 1826 984 similem
1884 930 1987 985 sibi

418 1030 627 1098 tingere
655 1029 823 1094 jussit
851 1045 867 1082 :
909 1028 999 1093 qui
1060 1026 1127 1080 ad
1163 1027 1317 1081 littus
1350 1025 1603 1094 profecti,
1637 1023 1989 1095 quresitisque

418 1136 484 1175 ac
518 1122 750 1188 repertis
802 1118 1131 1184 muricibus,
1201 1132 1503 1187 purpuram
1541 1116 1617 1170 illi
1682 1116 1986 1170 tinxerunt.

418 1211 597 1281 Atque
631 1213 749 1266 hare
782 1213 1018 1266 inventae
1049 1226 1307 1281 purpurat
1336 1212 1477 1263 ratio
1507 1209 1636 1263 fuit.

486 1305 609 1364 Fuit
642 1314 823 1359 autem
858 1304 1038 1372 templi
1064 1303 1204 1371 quod
1238 1302 1433 1355 struxit
1460 1301 1716 1358 Salomon
1770 1300 1990 1355 Davidis

418 1396 585 1461 tilius,
618 1396 901 1467 longitudo
955 1394 1263 1456 cubitorum
1298 1396 1603 1463 sexaginta,
1650 1394 1879 1449 latitudo
1912 1395 1992 1447 vi-

417 1491 576 1561 ginti,
619 1490 852 1545 altitudo
916 1498 1161 1556 ceutmn,
1218 1490 1373 1559 cujus
1424 1499 1634 1559 partem
1672 1487 1988 1541 interiorem

416 1591 585 1637 tutam
614 1598 752 1636 auro
791 1582 1066 1644 obduxit;
1120 1582 1249 1651 quin
1304 1590 1359 1636 et
1418 1582 1561 1635 intra
1598 1580 1859 1648 templum
1898 1593 1989 1633 sa-

420 1676 660 1728 crarium
696 1690 727 1728 e
760 1676 924 1743 lignis
982 1675 1230 1744 abiegnis
1290 1675 1512 1737 struxit,
1547 1673 1766 1729 cubitus
1795 1672 1987 1741 viginti

2095 488 2158 525 ac
2190 483 2442 528 n‘nrtnus
2477 485 2614 530 esset
2654 486 2816 531 nocui
2854 477 2996 528 tilius
3022 479 3218 546 ipsius,
3250 497 3336 533 me
3360 481 3670 539 dormiente

2096 561 2183 615 illa
2223 562 2391 616 tilimn
2429 580 2590 619 suum
2625 574 2900 619 mortuum
2934 569 3265 635 prehensum
3301 574 3505 640 pectori
3550 590 3671 626 meo

2095 654 2411 713 admovens.
2442 657 2507 709 ad
2535 674 2594 712 se
2620 656 2792 715 filium
2818 659 2986 715 istum
3018 676 3200 718 meum
3229 667 3451 733 ieci-pit.
3485 668 3669 721 Attrra

2096 758 2274 802 autem
2312 766 2325 801 :
2372 747 2469 802 llic
2509 750 2733 820 (inquit)
2780 767 2938 823 puer,
2975 768 3133 808 meus
3182 762 3270 810 est
3311 757 3503 822 titius;
3552 758 3671 825 eius

2096 848 2300 902 autem,
2337 852 2611 898 mortuus.
2637 843 2896 899 Salomon
2924 860 3056 917 ergo
3090 847 3329 916 gladium
3353 848 3457 905 sibi
3490 848 3669 905 επεσττὶ

2091 932 2314 1003 iubens.
2356 951 2696 1006 puerumque
2749 954 2910 996 manu
2960 953 3059 993 sua
3100 940 3441 1009 prehendens
3474 962 3491 999 :
3527 944 3672 998 Divi-

2096 1026 2244 1090 dam,
2269 1026 2466 1097 inquit,
2500 1028 2551 1081 in
2578 1026 2718 1085 duas
2747 1037 2931 1097 partes
2960 1046 3214 1099 puerum.
3247 1048 3481 1100 quarum
3510 1050 3673 1087 uuam

2096 1120 2316 1190 utrique
2364 1130 2606 1178 vestrum
2657 1120 2890 1178 tradam.
2946 1122 3085 1176 Tum
3130 1132 3302 1180 mater
3338 1126 3518 1193 pueri,
3565 1126 3666 1180 Do.

2098 1211 2247 1268 mine
2285 1212 2384 1275 mi,
2416 1212 2617 1283 inquit,
2648 1232 2719 1271 ne
2743 1215 2959 1274 dividas
2989 1217 3197 1288 ipsum,
3227 1220 3323 1272 sed
3360 1220 3412 1272 ei
3445 1218 3668 1291 [totum]

2096 1304 2324 1373 tradas;
2367 1306 2584 1363 dicente
2628 1310 2798 1365 altera
2842 1328 2858 1365 :
2910 1310 3131 1383 [Quin]
3183 1311 3417 1376 dividas,
3468 1323 3525 1368 ut
3570 1331 3672 1367 nec

2099 1396 2231 1452 mihi
2265 1397 2358 1463 sit,
2406 1414 2504 1453 nec
2552 1399 2651 1455 illi.
2696 1401 2854 1459 Dedit
2898 1417 3027 1471 ergo
3054 1402 3315 1459 Salomon
3364 1420 3590 1474 puerum
3619 1406 3669 1459 ei

2097 1501 2218 1557 qua:
2240 1502 2307 1541 ne
2331 1486 2669 1545 divideretur
2690 1492 2868 1559 petiit,
2897 1503 3239 1562 perspectum
3267 1493 3475 1549 habens
3502 1496 3672 1563 ipsam

2099 1589 2327 1637 matrem
2375 1582 2499 1652 ejus
2529 1600 2675 1643 esse.
2708 1601 2772 1640 ex
2806 1601 2873 1642 eo
2906 1588 2999 1655 qui
3048 1587 3300 1653 apparuit
3346 1602 3474 1654 erga
3523 1585 3673 1639 illum

2099 1673 2301 1729 affectu
2355 1675 2547 1743 ipsius.
2604 1676 2893 1743 Miratique
2939 1689 3067 1731 sunt
3122 1677 3377 1736 homines
3410 1677 3673 1750 judicium

424 1768 665 1839 longum,
700 1767 889 1834 viginti
925 1767 1117 1832 latum,
1176 1780 1240 1819 ac
1298 1765 1527 1820 totidem
1586 1768 1792 1829 altum;
1846 1763 1992 1834 quod
2029 1748 2067 1801 Β
2100 1767 2292 1837 ipsius.
2347 1765 2591 1823 Fuerunt
2624 1779 2804 1823 autem
2839 1767 3156 1825 Salomonis
3196 1748 3679 1839 uxomin‘enna

422 1867 533 1910 tam
570 1859 720 1911 intus
743 1872 904 1925 quam
938 1856 1075 1910 loris
1103 1872 1240 1911 auro
1268 1855 1522 1917 obduxit,
1560 1854 1703 1910 facta
1738 1870 1905 1922 super
1932 1867 1997 1908 eo

420 1946 845 2000 cherubiuorum
926 1944 1121 2009 forma,
1197 1960 1431 2015 quorum
1511 1956 1739 2012 uterque
1810 1943 1995 1996 decem

418 2050 539 2093 erat
573 2040 792 2096 cubitus
841 2041 1059 2109 longus,
1096 2053 1162 2093 ac
1203 2039 1450 2105 quinque
1501 2039 1665 2100 latus,
1716 2052 1781 2090 es
1836 2052 2001 2103 auro,

422 2148 566 2187 uitus
597 2134 663 2186 ad
694 2134 920 2188 sacrarii
951 2134 1093 2186 latus
1121 2134 1395 2195 dextrum,
1426 2132 1562 2184 alter
1589 2129 1658 2184 ad
1682 2130 1993 2194 sinistrum,

418 2234 474 2278 et
513 2224 731 2294 utrique
761 2238 857 2279 ses
880 2222 1000 2288 alae,
1034 2224 1238 2292 quibus
1266 2238 1430 2292 super
1458 2236 1525 2277 eo
1546 2221 1789 2276 extensis
1822 2222 1996 2289 ipsum

419 2318 769 2390 obtegebant.
819 2313 951 2371 Dein
1011 2330 1194 2370 aream
1243 2331 1273 2369 e
1330 2315 1553 2367 civitate
1612 2312 1774 2385 173
1824 2313 1995 2367 Sibon

420 2408 709 2464 deductam
748 2408 800 2461 in
836 2407 1003 2461 domo
1044 2407 1145 2461 ista
1184 2406 1384 2474 posuit.
1444 2404 1584 2470 Quin
1618 2413 1673 2457 et
1703 2415 1831 2457 ante
1861 2413 2000 2457 tem-

425 2502 572 2569 plum
608 2501 752 2557 istud
788 2500 925 2554 duas
963 2500 1250 2552 columnas
1280 2513 1461 2550 :rncas
1495 2498 1745 2567 ingentes
1781 2497 1996 2557 s'stuit,

423 2610 654 2666 quarum
688 2604 921 2663 utraque.
953 2592 1174 2662 triginta
1202 2591 1422 2646 cubitus
1469 2591 1626 2658 longa
1682 2588 1805 2653 fuit,
1839 2590 1997 2657 quin-

424 2703 529 2749 que
557 2687 707 2751 lata;
741 2686 944 2755 quibus
984 2684 1163 2737 velum
1218 2682 1543 2737 coccineum
1595 2680 1739 2747 quod
1794 2679 2000 2734 fecerat

425 2778 660 2833 diversis
716 2793 1058 2850 gemmarum
1123 2774 1417 2841 speciebus
1473 2782 1789 2828 consertum
1850 2786 1882 2825 e
1918 2787 2001 2825 re.

426 2872 586 2938 gioue
619 2871 801 2938 templi
838 2870 1121 2940 appendit.
1155 2866 1398 2922 Mensam
1428 2867 1593 2921 etiam
1624 2880 1835 2919 aeneam
1870 2862 2001 2919 fecit

430 2981 482 3017 in
535 2980 641 3029 qua
699 2976 991 3036 poneretur
1044 2964 1203 3033 panis
1255 2961 1589 3027 oblationis;
1627 2961 1785 3028 cujus
1825 2960 2000 3025 longi-

428 3058 563 3110 tudo
598 3058 787 3122 viginti
822 3066 941 3111 erat
974 3056 1312 3116 cubitorum,
1367 3068 1431 3107 ae.
1485 3053 1712 3107 totidem
1746 3050 1993 3112 latitudo,

428 3148 713 3204 rrassities
741 3148 929 3203 decem
957 3163 974 3211 ;
1008 3162 1172 3219 quam
1206 3156 1264 3200 et
1291 3162 1425 3199 auro
1459 3144 1798 3215 gemmisque
1826 3142 2000 3196 obdu-

431 3244 528 3297 xit.
566 3241 764 3297 Omnia
793 3242 960 3296 etiam
998 3256 1127 3295 vasa
1168 3254 1357 3302 aurea,
1390 3245 1649 3307 argentea
1682 3246 1736 3289 et
1772 3235 2003 3304 gemmis

429 3332 684 3388 confer-ta
736 3332 792 3387 in
826 3331 1089 3401 templum
1147 3329 1487 3401 importavit.
1548 3326 1762 3381 Struxit
1839 3326 2002 3379 etiam

430 3424 537 3479 sibi
569 3424 853 3493 palatium,
916 3423 1063 3492 quod
1135 3436 1292 3484 auro,
1362 3428 1701 3488 argentoque
1765 3416 2002 3482 oblevit;

429 3516 592 3584 cujus
626 3514 681 3569 in
716 3512 900 3569 medio
932 3513 1250 3581 pratorium
1300 3511 1595 3579 exstruxit,
1634 3509 1852 3563 cubitus
1880 3522 2008 3560 ceu.

434 3610 547 3658 tum
574 3606 821 3671 longum,
870 3604 1270 3672 quinquaginta
1323 3602 1511 3665 latum,
1542 3602 1712 3653 altum
1742 3596 2005 3670 triginta;

434 3695 664 3751 interius
718 3696 874 3763 quasi
928 3692 1297 3747 ambientibus
1349 3704 1583 3759 quatuor
1628 3689 2005 3743 columnarum

434 3786 781 3843 ecdrinarum
839 3800 978 3840 auro
1034 3784 1401 3837 obductarqu
1478 3781 1789 3842 ordinibus,
1845 3793 2009 3848 super

437 3877 636 3946 quibus
710 3889 869 3932 erant
937 3883 1172 3944 quatuor
1213 3881 1355 3928 tecta
1400 3887 1535 3926 auro
1571 3880 1785 3926 ornata.
1856 3868 2008 3925 Fecit

435 3972 597 4026 etiam
630 3972 887 4025 thronum
942 3980 1201 4034 magnum
1242 3964 1575 4023 eburneum,
1639 3975 1775 4025 auro
1828 3957 2010 4013 varie-

437 4072 645 4132 gatum,
672 4060 1015 4134 gemmisque
1044 4057 1390 4117 distinctum,
1423 4056 1567 4123 quod
1603 4055 1655 4107 in
1685 4052 1851 4121 hujus
1875 4066 2013 4119 pra:-

440 4158 563 4210 torii
620 4153 800 4207 medio
858 4152 1074 4215 statuit,
1120 4148 1210 4202 cui
1266 4147 1527 4202 insideret
1563 4145 1701 4215 ipse,
1761 4157 1887 4199 cum
1944 4142 2012 4196 de

439 4248 717 4300 hominum
747 4244 913 4298 rebus
946 4248 1327 4311 cognosceret.
1361 4236 1574 4305 Templi
1610 4241 1795 4290 autem
1832 4242 1888 4287 et
1918 4246 2013 4301 pa-

440 4338 556 4393 latii
635 4345 975 4391 structuram
1039 4339 1244 4400 septem
1314 4328 1473 4382 annis
1528 4326 1785 4381 absolvit.
1834 4322 2012 4379 Jama

2100 1861 2481 1927 septingeutm,
2512 1871 2566 1915 et
2590 1870 2674 1914 ter
2698 1871 2920 1914 centum
2950 1861 3115 1933 ιω
3137 1862 3485 1919 concubinae.
3516 1861 3682 1916 Duxit

2098 1952 2260 2007 etiam
2291 1952 2548 2007 Salomon
2577 1951 2894 2013 Pharaonis.
2921 1954 3139 2026 ,λι-ἶπιηί
3165 1956 3327 2025 regis,
3351 1954 3445 2007 cui
3475 1970 3674 2009 nomen

2100 2042 2324 2106 Sbisak.
2353 2045 2541 2109 tiliam,
2591 2059 2829 2116 eamque
2856 2045 3236 2118 Hierosolyma
3264 2047 3513 2100 adduxit.
3550 2043 3680 2104 Post

2098 2153 2219 2204 qua:
2250 2139 2527 2204 profectus
2571 2139 2809 2203 Pharao,
2854 2136 3073 2210 Επειιί
3109 2153 3227 2207 rex,
3270 2145 3461 2194 urbem
3501 2140 3679 2194 Λευι-

2097 2236 2461 2297 expugnatam
2491 2229 2612 2296 igne
2644 2228 2953 2284 succendit.
2984 2231 3106 2297 igne
3134 2230 3302 2281 etiam
3325 2227 3682 2284 Cbanaauitis

2100 2316 2321 2384 Maraah
2344 2319 2711 2375 incolentibus
2741 2319 3014 2380 immisso.
3046 2334 3177 2387 opes
3201 2334 3391 2372 eorum
3427 2333 3566 2387 quas
3591 2318 3680 2371 di-

2101 2412 2265 2481 ripuit
2297 2412 2365 2468 ad
2418 2413 2581 2467 tiliam
2634 2427 2790 2468 suam
2838 2413 3150 2467 Salomoms
3182 2412 3472 2480 coniugem
3509 2412 3676 2466 misit.

2103 2502 2306 2575 Regina
2352 2505 2518 2559 etiam
2568 2504 2747 2565 Sabae,
2798 2505 2987 2559 audito
3037 2519 3267 2572 regnare
3305 2502 3678 2563 SalomOnem,

2101 2595 2168 2649 ad
2219 2597 2397 2663 ipsum
2450 2598 2634 2651 multis
2678 2612 2804 2651 cum
2843 2596 3166 2653 muneribus
3215 2596 3506 2658 accedens,
3535 2595 3681 2649 dedit

2103 2688 2209 2757 ipsi
2248 2689 2366 2741 auri
2401 2689 2609 2744 talenta
2632 2699 2856 2746 centum
2890 2689 3139 2758 triginta.
3167 2689 3415 2758 Cumque
3438 2689 3489 2744 ei
3520 2688 3681 2743 sicis-

2102 2778 2206 2831 aim
2257 2779 2504 2833 dedisset
2557 2778 2816 2843 Salomon
2868 2780 3240 2848 quodcunque
3290 2780 3562 2848 petiisset.
3611 2781 3680 2833 ab

2102 2869 2221 2938 ipso
2244 2884 2457 2924 reversa
2488 2879 2595 2925 est.
2618 2870 2782 2927 Duxit.
2815 2873 2946 2940 quin
2978 2872 3142 2926 etiam
3168 2873 3447 2932 Salomon.
3469 2872 3682 2927 Davidis

2103 2957 2267 3021 ﬁlius,
2312 2960 2552 3012 tribuum
2610 2961 3040 3027 alienigenarum
3079 2961 3243 3023 tilias,
3270 2964 3373 3015 vir.
3407 2962 3684 3016 Ammoni-

2103 3062 2305 3110 tarum.
2360 3050 2810 3115 Amalekitarum,
2872 3053 3250 3115 lloabitaruut,
3300 3053 3686 3115 aliarumque;

2105 3158 2241 3211 quas
2271 3156 2394 3195 cum
2428 3149 2661 3202 amaret.
2684 3157 2793 3212 pne
2823 3143 3031 3197 amoris
3050 3158 3162 3212 quo
3188 3145 3335 3213 ipsas
3365 3145 3692 3213 complexae

2103 3242 2191 3289 est
2246 3232 2619 3299 vehementia,
2672 3234 2851 3303 ipsum
2892 3234 3228 3303 impulerunt
3272 3235 3378 3289 sibi
3427 3232 3685 3305 templum

2105 3325 2365 3389 condere,
2399 3324 2452 3379 in
2487 3341 2595 3394 quo
2623 3325 2765 3382 idola
2798 3342 2921 3395 quae
2952 3326 3218 3391 colerent,
3252 3325 3566 3397 quibusque
3596 3341 3685 3381 sa-

2109 3416 2439 3476 criticareut.
2487 3418 2753 3487 reposuit.
2791 3419 2968 3485 Atque
3019 3418 3158 3471 haue
3195 3418 3266 3472 ob
3302 3431 3524 3471 causam
3586 3416 3682 3469 de-

2106 3509 2282 3577 iectus
2311 3520 2394 3563 est
2422 3508 2707 3568 Salomon.
2745 3508 2966 3563 Davidis
2984 3508 3122 3564 titius
3148 3508 3216 3563 de
3247 3509 3419 3579 gradu
3453 3509 3686 3579 prophe-

2110 3602 2243 3653 tico.
2280 3599 2452 3654 Porro
2482 3600 2703 3654 fuerunt
2732 3600 2786 3654 iu
2815 3601 3061 3655 exercitu
3089 3600 3266 3670 ipsius
3297 3599 3565 3675 equitum.
3594 3599 3688 3668 qui

2110 3708 2284 3760 equas
2318 3693 2785 3755 conscenderent,
2812 3692 3143 3761 quadragies
3172 3690 3338 3755 mille,
3373 3691 3467 3762 qui
3496 3704 3665 3759 equos

2110 3783 2282 3837 vicies
2306 3782 2475 3837 mille.
2500 3781 2626 3836 Fuit
2653 3779 2931 3836 Salomoni
2958 3797 3151 3837 servus
3180 3782 3397 3836 nomine
3427 3779 3680 3841 Reboam,

2115 3871 2305 3926 Nabati
2351 3871 2521 3933 titius.
2566 3887 2598 3926 e
2625 3870 2773 3924 tribu
2822 3870 3107 3941 prraim,
3152 3867 3311 3939 cujus
3351 3869 3537 3935 matri,
3571 3884 3690 3939 qua:

2115 3961 2310 4016 mulier
2340 3972 2459 4016 erat
2492 3960 2673 4025 furax,
2716 3975 2915 4015 nomen
2949 3959 3153 4024 Sisera,
3185 3975 3350 4030 quem
3385 3974 3510 4013 eum
3554 3974 3688 4029 prte-

2122 4056 2341 4109 feeisset
2378 4053 2639 4108 Salomon
2672 4052 2838 4108 tribui
2860 4052 3084 4123 Ioseph,
3114 4054 3233 4121 ipse
3260 4054 3451 4107 urbem
3484 4051 3605 4105 Sair
3634 4051 3685 4103 in

2117 4146 2399 4213 Ephrainti
2437 4144 2707 4199 limitibus
2736 4144 3008 4205 condidit.
3038 4142 3249 4211 fuitque
3279 4141 3457 4209 furtis,
3498 4141 3688 4197 rubore

2116 4236 2348 4307 pollens.
2383 4235 2466 4291 Illi
2505 4250 2805 4290 occurrens
2840 4235 2978 4287 Ahta
3008 4232 3362 4305 181-183
3404 4235 3685 4304 prepltcta,

2118 4336 2435 4397 vestemque
2454 4340 2612 4383 suam
2643 4335 2917 4395 arreptam
2955 4324 3010 4378 in
3043 4324 3329 4379 duodecim
3358 4332 3543 4394 pirtes
3566 4339 3687 4379 cum

444 4443 611 4498 regno
647 4426 869 4480 Davidis
900 4424 967 4478 ad
1005 4422 1270 4477 fabricam
1324 4419 1513 4485 templi
1547 4418 1848 4471 absolutam
1883 4416 2013 4470 anni
2041 4431 2094 4491 ι)
2120 4420 2393 4484 scidisset,
2429 4417 2711 4475 ltabaamo
2756 4415 2946 4470 Nabati
2992 4416 3106 4471 tilio
3141 4418 3330 4472 decent
3359 4430 3549 4471 caru-n
3577 4425 3687 4469 tra-

444 4529 573 4575 suut
604 4518 1053 4585 undesexaginta.
1085 4514 1321 4581 Fuitque
1368 4526 1573 4565 census
1605 4525 1825 4563 annuus
1857 4506 2017 4562 Salo-

455 4616 654 4677 monis,
710 4612 805 4666 filii
846 4609 1085 4669 Davidis.
1145 4606 1475 4660 talentorum
1538 4604 1656 4655 auri
1711 4601 2019 4656 sexcenties

446 4710 691 4777 sesagies
719 4707 895 4758 sexies
932 4701 1097 4764 mille,
1137 4699 1279 4752 ultra
1324 4713 1384 4749 et
1415 4711 1537 4765 qum
1572 4704 1875 4748 mercatura
1930 4708 2022 4746 ac-

445 4798 822 4867 quirebantur.
882 4792 1198 4846 Dimcnsum
1259 4786 1614 4859 177-179
1662 4785 1787 4855 ejus
1836 4785 2020 4853 quoti-

447 4893 695 4945 dianum.
728 4885 923 4941 simila:
960 4882 1074 4937 cori
1128 4880 1377 4949 triginta.
1436 4877 1627 4930 farina!
1679 4877 1792 4930 cori
1856 4889 2020 4927 sesa-

448 4983 622 5047 ginta.
646 4976 869 5046 iuvenci
888 4975 1102 5036 decem,
1132 4971 1297 5026 boves
1328 4969 1519 5038 viginti
1558 4968 1691 5031 duo,
1728 4982 1856 5021 oves
1890 4980 2021 5018 ceu-

450 5083 590 5138 tnot,
647 5076 844 5141 praeter
873 5080 1089 5129 cervos,
1129 5064 1418 5133 capreolos
1448 5072 1501 5117 et
1554 5062 1826 5115 volucres.
1884 5058 2024 5113 Fue-

455 5171 583 5218 runt
609 5160 775 5217 etiam
810 5159 864 5212 io
897 5155 1097 5226 palatio
1154 5152 1468 5208 Salomonis
1536 5160 1760 5206 centum
1820 5167 2025 5205 incusas

454 5267 633 5308 aurea:
663 5261 718 5305 et
745 5251 798 5303 in
824 5262 1013 5303 earum
1048 5245 1284 5313 singulis-
1311 5254 1526 5297 centum
1558 5245 1900 5313 paropsides,
1924 5256 2024 5294 nec

454 5360 566 5400 non
596 5351 838 5397 trecenta
881 5338 1119 5402 vasaria,
1156 5336 1207 5390 in
1237 5351 1471 5406 quorum
1509 5335 1742 5404 singulis
1776 5341 2023 5388 trecenta

453 5448 615 5493 erant
644 5435 837 5507 poeula
868 5446 1055 5486 aurea.

528 5529 874 5585 Salomonem
916 5533 1097 5578 autem
1132 5522 1220 5579 die
1260 5520 1497 5592 quodam
1552 5522 1603 5574 in
1640 5522 1891 5591 prretorio
1938 5537 2025 5575 se-

459 5623 677 5678 dentem
712 5626 1069 5674 accesserunt
1119 5615 1333 5669 feminae
1375 5614 1495 5669 dum
1528 5615 1857 5681 quibuscum
1910 5623 2026 5667 erat

466 5730 602 5784 pater
631 5728 822 5767 recens
864 5719 1049 5776 natus,
1093 5724 1324 5778 quarum
1365 5723 1469 5759 una
1514 5708 1649 5761 dixit
1688 5724 1698 5756 :
1737 5705 1860 5758 lleti
1902 5722 2025 5759 cum

2120 4512 2281 4575 dens,
2308 4510 2447 4565 dixit
2476 4527 2492 4563 :
2528 4508 2878 4580 Regnaturus
2917 4526 2976 4564 es
3015 4521 3069 4561 tu
3111 4509 3165 4562 in
3198 4508 3384 4563 decem
3419 4506 3693 4564 Israelita-

2122 4618 2241 4657 rum
2287 4602 2486 4657 tribus.
2517 4602 2576 4657 in
2605 4605 2789 4658 animo
2813 4613 2993 4657 autem
3038 4600 3316 4657 Salomoui
3352 4599 3454 4655 fuit
3483 4598 3691 4654 Babae-

2123 4709 2269 4748 mum
2302 4702 2478 4748 morte
2510 4692 2743 4749 allicere.
2797 4694 2889 4748 Ille
2927 4707 3058 4762 ergo
3085 4691 3158 4745 ab
3215 4691 3337 4760 ipso
3368 4689 3498 4761 fuga
3533 4708 3595 4745 se
3624 4689 3690 4744 ad

2124 4784 2480 4853 Shishakum,
2515 4784 2736 4857 Egypti
2770 4785 3137 4849 Pharaonem,
3185 4782 3517 4853 proripiens,
3550 4781 3690 4852 apud

2127 4877 2303 4946 ipsum
2339 4880 2584 4943 mansit;
2621 4878 2713 4947 qui
2750 4880 2804 4930 in
2842 4893 3066 4931 uxorem
3101 4878 3150 4931 ei
3178 4876 3430 4947 conjugis
3470 4891 3585 4930 sum
3614 4890 3696 4931 so-

2128 4982 2308 5022 rorem
2351 4966 2521 5032 dedit,
2562 4971 2650 5023 cui
2698 4984 2897 5024 nomen
2936 4970 3065 5030 Atu.
3096 4984 3329 5039 qumque
3374 4967 3544 5022 filium
3594 4968 3691 5037 ipsi

2128 5059 2359 5128 peperit,
2391 5076 2552 5130 quem
2588 5062 2808 5117 nomine
2852 5063 3023 5131 patris
3075 5061 3157 5115 sui
3206 5059 3521 5130 appellavit.
3563 5060 3692 5114 Pro-

2127 5154 2422 5218 phetarunt
2472 5160 2715 5221 tempore
2773 5150 3118 5214 Salomonis,
3167 5152 3383 5206 Nathan
3433 5158 3487 5205 et
3527 5148 3693 5205 Acbia

2130 5242 2420 5305 Shilouita,
2452 5241 2658 5311 fuitque
2683 5241 2941 5297 sacerdos
2990 5258 3239 5298 summus
3266 5241 3466 5298 Sadoc.
3492 5242 3692 5297 Eodem

2130 5342 2374 5399 tempore
2402 5331 2456 5386 in
2483 5329 2695 5385 Graecia
2739 5331 2924 5386 ﬂoruit
2957 5330 3229 5388 Homerus
3266 5342 3421 5401 po:ta
3446 5332 3691 5385 Gratus.

2201 5424 2351 5479 Obiit
2402 5432 2581 5477 autem
2636 5422 2893 5477 Salomon
2942 5439 3066 5478 eum
3106 5438 3290 5478 annos
3338 5422 3695 5493 quadraginta

2132 5528 2431 5591 regnasset,
2472 5530 2527 5574 et
2572 5520 2625 5573 in
2670 5518 2887 5574 Davidis
2941 5519 3105 5574 domo
3166 5520 3410 5588 sepultus
3445 5529 3547 5572 est.
3594 5518 3694 5588 Ipsi

2132 5613 2188 5664 in
2220 5625 2385 5680 regno
2430 5610 2700 5664 successit
2746 5610 2892 5664 filius
2941 5609 3117 5679 ipsius
3149 5610 3489 5668 ltehohoam,
3528 5623 3697 5661 armos

2133 5715 2295 5757 natus
2332 5702 2631 5764 si-xderim,
2662 5704 2753 5766 qui
2791 5701 3373 5771 llietosolymiSunuos
3390 5699 3694 5771 septemde—
