4070 6152
457 248 567 312 949

1910 258 2103 319 .t‘iNA
2115 260 2274 323 LE9.

3626 270 3731 330 95"»

457 364 569 415 ciui
627 365 893 433 regnavit.
952 363 1122 421 Porro
1171 367 1407 423 audiens
1457 366 1748 423 Jcroboam
1776 410 1789 429 ,
1850 369 2044 425 Nabati
2078 378 2121 430 Α
2152 372 2467 430 Rchoboam
2496 375 2807 433 Salomonis
2833 378 2975 434 ﬁlius
3001 395 3204 435 uxores
3226 380 3552 443 octodecim,
3588 384 3732 442 ωηι-

462 458 634 520 titius,
682 465 959 513 mortuum
1004 475 1126 515 esse
1164 460 1541 527 Salomonem,
1585 478 1649 516 ex
1702 461 1941 533 Egypto
1981 464 2047 519 ad

460 546 655 605 urbem
686 551 813 607 Sair
843 552 1112 609 ascendit.
1156 552 1418 610 israeltttn
1451 566 1632 610 autem
1662 556 1727 609 ad
1763 555 2050 611 lit-Imbua-

462 658 617 699 mum
644 642 959 702 Salomonis
982 647 1155 703 illium
1185 650 1532 719 congregati,
1561 648 1819 707 dixerunt
1848 667 1863 705 :
1888 649 2051 705 Pater

464 749 599 796 tuus
630 740 773 798 male
806 742 1103 798 admodum
1152 758 1256 800 nos
1295 743 1641 814 gubernavit,
1683 752 1741 799 tu
1787 752 1970 800 autem
2005 743 2051 798 si

462 834 606 890 bene
656 848 760 891 nos
809 836 1207 907 gubernaveris
1264 837 1409 892 Servi
1467 837 1565 893 tibi
1614 831 1789 893 futuri
1834 852 2050 894 sumus.

469 924 687 993 Quibus
746 927 839 984 ille
877 946 891 980 :
933 930 1093 985 Abite
1124 928 1352 1001 (inquit)
1418 939 1473 986 et
1517 918 1860 1001 postriduulll
1896 932 2054 986 vobis

464 1034 791 1090 responsum
825 1022 1076 1077 reddam.
1112 1024 1250 1078 Cum
1282 1039 1415 1094 ergo
1456 1040 1487 1082 ο
1518 1026 1635 1093 suis
1668 1025 1877 1095 aliquot
1920 1039 2053 1082 con-

465 1113 758 1180 suluisset,
792 1116 1054 1173 dixerunt
1091 1119 1165 1172 illi
1213 1135 1228 1173 :
1282 1116 1444 1175 Dicas
1484 1118 1592 1173 illis
1634 1136 1648 1172 :
1682 1117 1745 1173 Si
1779 1118 1924 1174 mala
1958 1134 2055 1173 vos

468 1205 685 1261 ratione
717 1208 862 1263 rexit
902 1218 1058 1279 pater
1107 1227 1286 1271 meus.
1320 1224 1423 1279 ego
1455 1225 1556 1266 vos
1588 1211 1795 1280 optima
1834 1225 1899 1264 ac
1930 1212 2053 1277 pul-

465 1299 768 1363 cherrima,
792 1316 1022 1373 quaeque
1053 1303 1208 1358 vobis
1240 1303 1521 1359 levissima
1562 1301 1749 1357 futura
1786 1301 1860 1358 sit
1892 1299 2055 1374 1“

465 1398 522 1445 et
554 1389 951 1460 placidissima,
1003 1403 1259 1450 recturus
1305 1410 1452 1449 sum.
1504 1392 1664 1461 Quod
1695 1408 1822 1447 cum
1864 1391 2055 1446 audire

465 1483 663 1547 nollet,
689 1484 756 1537 ad
799 1486 1061 1541 mulieres
1088 1502 1223 1542 suas
1256 1487 1540 1555 ingressus
1575 1482 1720 1541 idem
1758 1484 1865 1537 illis
1892 1482 2056 1543 dixit.

467 1592 595 1645 quzr
621 1577 916 1632 consilium
946 1578 1050 1647 ipsi
1085 1577 1355 1634 dederunt
1386 1586 1447 1633 ut
1480 1578 1584 1633 hoc
1606 1575 1770 1631 modo
1792 1574 2057 1629 Israelitis

469 1670 831 1737 responderet
870 1690 883 1724 :
934 1670 992 1726 Si
1030 1671 1173 1726 male
1213 1687 1313 1726 vos
1353 1671 1496 1728 rexit
1542 1678 1697 1741 pater
1743 1682 1921 1730 meus,
1955 1681 2057 1735 ego

2153 476 2347 532 tesque
2373 469 2561 539 genuit
2595 468 2817 525 liberos.
2856 470 3020 527 Duxit
3056 474 3222 528 etiam
3256 473 3521 537 Mat-bam,
3558 476 3731 531 Abso-

2156 560 2318 615 lomis
2365 559 2553 623 liliam,
2589 575 2712 631 quae
2749 562 2855 631 ipsi
2893 562 3089 617 Alliam
3132 562 3440 634 fratresque
3470 566 3592 633 eius
3635 584 3730 643 pe-

2155 655 2295 722 perit
2341 672 2356 709 :
2405 653 2632 712 fuerunt
2684 656 2911 726 insuper
2952 656 3053 725 ipsi
3089 658 3413 713 concubina-
3462 663 3729 729 triginta;

2152 761 2345 802 omnes
2372 755 2557 803 autem
2587 748 2762 819 ipsius
2795 750 2953 806 liberi
2979 762 3088 805 tam
3122 766 3297 807 mares
3322 768 3485 823 quam
3520 754 3736 810 iunius:

2156 834 2379 891 fuerunt
2417 838 2604 909 viginti
2650 850 2801 896 octo.
2854 842 3020 914 188
3040 841 3445 914 PrOphetarunt
3488 853 3738 916 tempore

2157 929 2491 987 liehoboami
2537 931 2853 989 Salomonis
2906 934 3001 988 lilii
3048 934 3306 992 Semaiab
3360 935 3736 1000 Maeldamita.

2154 1031 2208 1075 et
2243 1023 2411 1078 Achia
2452 1021 2749 1090 Shilonita,
2791 1027 3158 1098 prophetante
3193 1030 3359 1084 etiam
3394 1027 3585 1085 Obedn
3616 1028 3738 1085 Bei-

2157 1115 2292 1171 theli
2328 1115 2519 1172 nasum
2562 1126 2650 1175 est
2680 1119 2874 1175 altare.
2898 1121 3035 1175 Cum
3064 1120 3300 1178 obiisset
3333 1131 3513 1175 autem
3546 1119 3733 1177 Relin-

2158 1208 2342 1273 hoam,
2383 1208 2697 1268 Salomonis
2746 1212 2916 1276 illius,
2962 1227 3088 1268 eum
3140 1221 3296 1286 patre
3342 1228 3446 1270 suo
3479 1214 3536 1268 in
3576 1212 3740 1267 dmttn

2160 1300 2202 1355 D
2220 1300 2380 1358 uvidis
2402 1300 2651 1374 sepultus
2672 1312 2783 1366 est.
2806 1312 2929 1374 post
2950 1304 3130 1377 ipsum
3161 1313 3426 1375 regnante
3452 1306 3508 1362 in
3537 1303 3736 1360 Iudam

2158 1404 2215 1448 ct
2262 1392 2636 1467 Hierosolyma
2686 1395 2799 1451 Ilio
2831 1397 3006 1467 ipsius
3047 1394 3189 1454 Abia
3217 1411 3313 1455 sex
3359 1398 3542 1461 annis,
3574 1398 3739 1466 idque

2160 1498 2305 1539 anno
2336 1484 2556 1541 dccimo
2588 1493 2786 1540 octavo
2815 1485 2968 1557 regni
3008 1482 3342 1553 Jeroboami,
3379 1484 3571 1541 Nabati
3617 1487 3734 1545 lilii.

2162 1578 2305 1647 regis
2349 1577 2589 1635 lsraelia.
2642 1578 2980 1634 Acciderunt
3026 1579 3194 1634 etiam
3238 1579 3388 1634 inter
3425 1578 3618 1633 Abiam
3653 1594 3736 1634 re-

2162 1684 2282 1741 gem
2307 1668 2482 1733 inda.
2508 1679 2563 1727 et
2588 1670 2881 1727 Jeroboam
2904 1670 3127 1727 Israelis
3159 1684 3339 1743 regem
3373 1671 3513 1725 bella
3542 1674 3727 1729 multa.

471 1773 571 1814 vos
618 1759 694 1813 ita
745 1776 930 1830 regam
977 1768 1036 1814 ut
1082 1768 1388 1816 conventus
1421 1730 1633 1817 vestius
1682 1758 1969 1825 dissipem,
2002 1764 2057 1810 et
2095 1730 2131 1783 Β
2162 1730 2345 1835 ipsum
2379 1764 2434 1819 ia
2470 1762 2655 1833 fugam
2694 1771 3051 1821 convertente
3093 1730 3247 1820 Διιίιυ
3267 1778 3393 1835 rege
3430 1760 3609 1825 Judze.
3643 1778 3709 1819 ορ

464 1858 651 1907 cattus
685 1864 899 1908 vestros
930 1853 1238 1926 dispergam
1267 1872 1284 1921 ;
1327 1854 1436 1910 hoc
1482 1853 1787 1925 (dixerunt)
1833 1851 1944 1909 illis
1974 1853 2059 1907 di-

470 1958 573 1999 cas
610 1960 677 1999 ne
724 1953 778 2001 te
819 1961 916 2016 pro
970 1961 1144 2016 puero
1182 1947 1456 2011 habeant,
1497 1953 1555 2001 et
1597 1946 1846 2014 ipsorum
1904 1946 1974 2000 de
2010 1953 2061 1999 te

470 2037 830 2106 praesumptio
860 2038 1239 2097 confirmetur.
1280 2040 1528 2107 Quarum
1564 2038 1858 2094 consilium
1898 2051 2060 2093 seen.

471 2138 589 2189 Ius,
617 2143 680 2181 ea
717 2126 985 2184 lsraelitis
1015 2128 1159 2183 dixit
1189 2145 1311 2199 qua:
1342 2129 1475 2200 ipsa:
1513 2129 1590 2182 illi
1642 2136 2059 2195 suggesserant.

473 2215 556 2272 Illi
608 2232 761 2285 ergo,
799 2219 1173 2290 auditisejus
1221 2220 1430 2283 verbis,
1472 2235 1501 2275 a
1553 2222 1843 2289 praesentia
1890 2219 2064 2290 ipsius

474 2310 704 2378 egressi.
746 2312 1066 2365 tumnlluali
1118 2322 1264 2367 sunt.
1310 2312 1574 2381 Egressus
1607 2327 1738 2383 ergo
1792 2311 1859 2365 ad
1912 2312 2064 2379 ipsos

477 2402 817 2465 ltebuboam,
850 2404 995 2458 misit
1024 2404 1091 2460 ad
1128 2407 1276 2475 ipsos
1305 2405 1697 2461 Adoniramum
1732 2403 2062 2457 tributorum

477 2494 999 2567 p'mfectnm,quem
1038 2498 1111 2551 illi
1147 2499 1283 2552 adeo
1319 2505 1377 2553 ut
1402 2507 1710 2552 moreretur
1733 2496 2061 2563 lagiidarunt,

478 2588 724 2660 fugiente
775 2592 843 2644 ab
890 2591 1024 2658 ipsis
1075 2590 1429 2647 Rehoboamo
1480 2588 1881 2660 Hierosolyma.
1926 2589 2069 2642 Con-

477 2682 685 2753 gregati
723 2697 855 2754 ergo
893 2683 1155 2739 lsraelitac
1181 2698 1364 2755 regem
1399 2684 1505 2740 sibi
1545 2684 1943 2737 constituerunt
1973 2678 2065 2734 ιε.

479 2774 844 2839 roboamum,
875 2774 1064 2830 Nabati
1122 2777 1314 2839 lilium,
1356 2788 1518 2845 atque
1574 2776 1645 2827 ita
1706 2773 1940 2827 divisum
1988 2781 2069 2825 est

485 2881 738 2937 regnum.
783 2869 1163 2938 Regnavitque
1203 2866 1520 2932 Jcroboam,
1569 2866 1761 2920 Nabati
1814 2865 1981 2927 filius,
2015 2866 2071 2919 in

482 2958 679 3014 decem
711 2961 931 3026 trilms;
968 2971 1023 3015 et
1054 2960 1277 3025 Naides,
1308 2962 1362 3015 in
1388 2976 1495 3028 qua
1530 2969 1584 3013 ct
1616 2960 1906 3019 habitavit.
1941 2973 2074 3010 cun-

2161 1858 2403 1927 ciaisqne
2430 1855 2805 1913 lsraelitarmn
2826 1854 3187 1926 quingenties
3218 1854 3385 1918 mille,
3415 1852 3553 1909 adeo
3583 1863 3640 1905 ut
3675 1854 3744 1911 ab

2170 1950 2308 2006 Allia
2345 1964 2470 2019 rege
2500 1946 2658 2004 ludas
2693 1949 2909 2005 timeret
2932 1945 3177 2002 Roboam
3208 1944 3427 2002 lsraelis
3452 1959 3565 1998 rex.
3604 1942 3721 1999 Mur

2163 2051 2291 2096 tuus
2334 2053 2516 2098 autem
2555 2040 2691 2096 Abia
2737 2040 2892 2096 Iudae
2938 2056 3030 2096 rex
3083 2039 3334 2110 sepultus
3380 2047 3463 2092 est
3513 2036 3567 2090 in
3613 2035 3748 2098 urb.

2165 2135 2461 2195 Davidiea:
2501 2141 2764 2203 regnante.
2813 2144 2934 2202 post
2963 2134 3143 2203 ipsum
3176 2133 3230 2187 in
3276 2130 3417 2187 Iuda
3454 2140 3509 2183 et
3558 2125 3721 2181 "iero

2171 2228 2393 2299 culymis
2422 2226 2538 2285 ﬁlio
2576 2229 2751 2297 ipsius
2784 2228 2888 2283 διε
2934 2225 3093 2283 anuis
3118 2226 3481 2295 quadraginta
3513 2233 3567 2276 et
3609 2239 3745 2284 uno,

2171 2324 2334 2387 idque.
2395 2332 2543 2377 anno
2596 2319 2746 2392 regni
2797 2318 3149 2382 Jeroboami,
3200 2318 3394 2374 Νηιιωὶ
3449 2318 3540 2371 tilii
3605 2316 3746 2385 regis

2170 2414 2408 2479 Israelis,
2452 2413 2716 2469 vicesimo
2760 2422 2978 2481 quarto.
3025 2412 3181 2466 Matri
3226 2421 3407 2466 autem
3453 2410 3573 2463 Asze
3606 2410 3747 2475 mgis

2167 2507 2322 2563 ludas
2364 2523 2560 2563 nomen
2596 2515 2715 2561 erat
2762 2503 3002 2560 Naemah
3034 2504 3354 2560 Abshalomi
3405 2502 3535 2557 lilia.
3577 2502 3748 2559 l‘urrn

2171 2607 2424 2654 mortuus
2455 2605 2541 2655 est
2584 2596 2875 2653 Jernhoam
2922 2593 3116 2650 Nabati
3157 2594 3319 2653 (ilius.
3369 2592 3586 2648 lsraelis
3631 2608 3747 2650 rev,

2175 2701 2459 2760 postquam
2508 2704 2687 2745 annos
2731 2689 2918 2757 viginti
2966 2696 3203 2757 quatuor
3250 2699 3533 2755 regnasset
3562 2725 3574 2741 .
3626 2693 3751 2751 post

2173 2796 2336 2851 quem
2367 2798 2536 2852 regno
2571 2780 2792 2837 lsraelis
2818 2780 3023 2850 potitus
3057 2786 3142 2835 est
3170 2777 3317 2833 Ilius
3359 2778 3531 2843 ipsius
3574 2774 3749 2828 hiabat

2176 2876 2334 2930 annis
2383 2876 2620 2938 duobus,
2664 2874 2826 2945 idque
2867 2887 3013 2927 anno
3043 2871 3197 2941 regni
3244 2870 3363 2924 Asze
3412 2869 3555 2937 regis
3601 2866 3753 2925 Juds‘.

2180 2965 2444 3020 secundo.
2492 2964 2763 3019 Nabatum
2810 2972 2991 3018 autem
3043 2964 3274 3017 adortus
3318 2960 3549 3021 Baasha,
3605 2958 3755 3014 Allia:

484 3050 652 3116 didit,
677 3068 891 3107 neeum
919 3053 1183 3109 Phanuel.
1219 3053 1490 3122 Regnavit
1518 3062 1702 3107 autem
1734 3050 2073 3109 llclioboam,
2103 3092 2148 3148 θ
2181 3057 2349 3120 utilis,
2371 3058 2698 3113 Gibbeuioni
2743 3058 2921 3127 ipsum
2962 3055 3257 3117 interfecit,
3289 3065 3618 3121 (miliumque
3648 3067 3753 3106 una

487 3146 802 3202 Salomonis
828 3150 878 3202 lii
905 3164 990 3213 us,
1024 3152 1077 3204 in
1101 3151 1302 3205 tribum
1331 3148 1486 3204 ludas
1511 3158 1567 3203 et
1589 3148 1894 3217 Beniamin.
1932 3142 2074 3199 Fue-

488 3249 730 3307 rint:un
770 3238 1147 3304 lli-holmamu,
1195 3239 1511 3294 Salomonis
1553 3238 1701 3303 lilio,
1776 3239 2074 3292 bellatores

489 3328 705 3384 centies
749 3332 916 3383 vicies
960 3333 1129 3394 mille,
1180 3333 1491 3399 multusque
1534 3329 1777 3395 possedit
1813 3330 1998 3391 nrbes,
2043 3342 2075 3382 e

487 3420 691 3487 quibus
716 3420 1058 3487 Bethlehcm,
1088 3424 1347 3481 Batsbur.
1374 3422 1535 3493 Ziph,
1572 3423 1797 3482 Lalnsb.
1827 3424 1993 3487 Catii,
2021 3431 2077 3479 et

489 3510 687 3575 Azika,
709 3529 834 3567 cum
862 3516 1121 3571 omnibus
1154 3525 1316 3571 terra:
1342 3515 1585 3570 Judaieze
1617 3526 1672 3567 et
1703 3516 2075 3585 Benjamiticze

492 3604 746 3659 urbibus.
779 3605 905 3660 Fuit
931 3611 1090 3662 matri
1125 3608 1299 3678 ipsius
1334 3622 1533 3661 nomen
1568 3606 1773 3667 Nauali,
1802 3624 1831 3657 ρ
1862 3605 2077 3661 ﬁliabus

495 3698 957 3756 Amnnmitarum,
994 3714 1115 3767 qua:
1152 3697 1331 3765 ipsum
1364 3696 1430 3749 ad
1467 3695 1610 3749 idola
1657 3694 1888 3749 colenda
1936 3692 2071 3747 inci-

493 3796 653 3840 tavit.
700 3788 768 3843 At
808 3786 1127 3852 Jeruboatn,
1179 3789 1371 3843 Nabati
1433 3789 1597 3852 Iilius,
1643 3788 1840 3842 timens
1887 3785 2079 3860 185·

497 3880 659 3952 187
686 3898 753 3935 th:
783 3881 1066 3945 Israelitze,
1100 3883 1139 3933 si
1175 3896 1298 3935 cum
1337 3882 1576 3936 victimis
1612 3881 1984 3951 Hierosolyma
2012 3880 2077 3933 ad

494 3978 718 4026 domum
770 3971 986 4027 Domini
1034 3972 1416 4036 ascenderem,
1465 3973 1888 4039 cum_templnm
1932 3971 2080 4024 vide-

496 4074 643 4125 rent,
672 4066 727 4117 in
753 4064 931 4134 ipsum
955 4065 1301 4126 rebellarent,
1330 4061 2080 4131 Rebuboamoque,Salvum-

499 4156 586 4211 nis
622 4155 755 4219 lilio,
801 4153 957 4209 ιυιιιε
990 4155 1101 4225 regi
1134 4154 1434 4217 traderent,
1461 4156 1602 4210 duos
1642 4155 1843 4208 vitulos
1885 4169 2084 4209 aureus

497 4248 765 4312 confecit,
794 4262 1034 4316 quorum
1078 4261 1248 4299 unum
1287 4245 1342 4298 in
1375 4241 1589 4308 Bctbel,
1622 4242 1854 4299 alterum
1886 4244 1940 4298 in
1977 4242 2080 4297 Ba-

499 4339 619 4392 nias
651 4340 855 4407 posuit,
889 4337 1200 4407 iisdemque
1230 4335 1549 4391 sacerdotes
1574 4351 1605 4391 e
1638 4334 1843 4392 Levitis
1873 4338 2081 4392 consti-

2180 3148 2514 3214 Jernboami,
2566 3149 2760 3204 Nabati
2811 3148 2945 3209 lilii,
2993 3148 3327 3217 progeniem.
3387 3144 3757 3215 Regnavitqtr

2178 3243 2391 3298 Baasba
2431 3243 2586 3297 Abire
2634 3242 2801 3307 ﬁlius,
2855 3243 2909 3295 in
2949 3241 3207 3295 lsraclem
3259 3241 3316 3294 in
3366 3235 3526 3292 Tirsa
3583 3248 3759 3290 annos

2178 3334 2373 3403 viginti
2397 3342 2672 3401 quatuor;
2707 3334 2873 3402 idque
2915 3345 3064 3386 anno
3097 3332 3249 3397 regni
3284 3333 3403 3383 Asse
3434 3328 3579 3398 regis
3606 3325 3760 3381 Jud;e

2179 3427 2362 3480 tertio.
2411 3424 2601 3489 Porro,
2636 3424 2803 3480 multa
2837 3422 3000 3495 189
3031 3421 3188 3493 191
3234 3421 3376 3475 inter
3406 3421 3570 3475 Asam
3606 3418 3764 3473 Iudas

2181 3533 2383 3584 regem,
2417 3527 2469 3570 et
2495 3517 2760 3571 Baasbatn
2794 3516 3016 3570 Israelis
3046 3528 3224 3579 regem
3257 3512 3571 3566 acciderunt
3599 3510 3758 3568 bella.

2250 3608 2549 3663 lnvadente
2601 3618 2782 3662 autem
2840 3605 3054 3660 Baasha
3112 3605 3332 3662 lsraelis
3383 3619 3510 3672 rege
3558 3612 3760 3659 terram

2178 3699 2354 3763 ludar,
2386 3701 2689 3769 urbemque
2719 3698 2887 3754 [tanta
2910 3708 3254 3761 exstruente,
3282 3699 3453 3751 multa
3481 3695 3631 3750 misit
3656 3695 3763 3747 Asa

2180 3792 2245 3853 ad
2271 3788 2481 3857 lladad,
2503 3789 2740 3847 Janelis
2762 3789 2952 3851 filiu-n,
2985 3788 3235 3842 Damasci
3264 3801 3471 3856 regem,
3506 3801 3758 3843 munem.

2182 3896 2488 3951 omnesque
2516 3896 2661 3951 quos
2702 3880 2853 3936 domi
2888 3895 3002 3934 sua:
3035 3880 3226 3934 habuit
3257 3877 3401 3939 auri,
3430 3879 3662 3945 argenti.
3702 3892 3766 3929 ac

2183 3989 2519 4045 gentmarum
2558 3974 2875 4034 thesauros,
2922 3987 3082 4042 opem
3132 3971 3201 4026 ab
3244 3971 3366 4040 ipso
3398 3978 3590 4024 contra
3628 3969 3764 4021 Ban-

2185 4068 2364 4129 sliam,
2394 4065 2614 4122 Israelis
2640 4081 2821 4137 regem
2860 4072 3091 4134 petens;
3126 4077 3298 4130 quare
3331 4062 3478 4118 misit
3504 4062 3610 4131 ipsi
3655 4060 3763 4115 Ha-

2183 4160 2287 4213 dad
2306 4157 2541 4216 Jazaelis
2561 4158 2730 4221 titius,
2762 4160 3067 4214 exercitum
3093 4172 3351 4229 rnagnum
3374 4156 3428 4209 in
3463 4154 3761 4216 auxilium;

2183 4266 2424 4322 quocum
2455 4264 2713 4321 egressus
2735 4250 2927 4304 urbem
2961 4248 3197 4303 fontium
3227 4260 3281 4303 et
3317 4246 3434 4312 Bal,
3471 4247 3764 4309 onmiaque

2184 4342 2512 4398 reoositoria
2546 4351 2857 4411 terramque
2892 4341 3208 4409 Napbtalim
3246 4341 3566 4393 universam
3604 4341 3762 4393 deva-

500 4430 627 4488 Iuit.
658 4429 850 4484 dicens
880 4430 1015 4499 ipsis
1042 4445 1055 4480 :
1083 4428 1145 4482 lli
1173 4435 1302 4485 sunt
1323 4428 1399 4483 dii
1430 4432 1597 4485 vestri
1622 4431 1715 4497 qui
1742 4444 1839 4483 vos
1868 4446 1900 4483 e
1921 4444 2082 4484 mauu
2121 4444 2165 4497 ι)
2193 4435 2377 4490 stavit.
2409 4433 2565 4501 Quod
2586 4450 2711 4488 cum
2745 4434 3010 4487 audiisset
3039 4432 3275 4493 Baasha,
3305 4432 3521 4486 lsraelis
3552 4446 3668 4490 rex,
3698 4430 3764 4485 ab

505 4522 1159 4582 Pharaonisliberarunt,
1196 4520 1361 4574 colite
1378 4521 1702 4591 ergoipsus,
1727 4536 1851 4576 cum
1873 4537 1981 4575 non
2020 4525 2090 4576 sit

504 4630 643 4682 opus
661 4622 721 4668 ut
737 4612 1116 4684 Hierosolyma
1134 4613 1443 4668 ascemlatis
1463 4629 1478 4679 ;
1502 4613 1636 4681 quin
1653 4623 1709 4666 et
1734 4612 1934 4667 festum
1972 4628 2087 4667 n-a-

507 4721 675 4775 gnum
718 4706 825 4761 illis
845 4705 1109 4769 instituit,
1130 4704 1272 4759 sicut
1302 4704 1519 4759 interra
1537 4700 1694 4758 Iudae
1710 4702 1826 4757 ﬁeri
1856 4705 2086 4758 solebat.

577 4795 750 4851 Porro
795 4810 921 4851 cum
969 4810 1116 4850 anno
1177 4793 1542 4855 ltehoboami,
1597 4791 1913 4847 Salomonis
1969 4794 2091 4859 lilii,

506 4889 729 4957 quinto,
752 4888 1079 4945 ascenderet
1108 4885 1307 4940 Shisak
1330 4885 1547 4938 Pharao
1576 4881 1935 4954 Egyptiacns
1964 4884 2091 4937 llie-

507 4981 787 5052 rosolytua
817 4995 942 5035 cum
974 4981 1107 5033 viris
1135 4980 1302 5032 vicies
1331 4987 1381 5031 et
1414 4979 1497 5032 bis
1532 4976 1678 5031 mille
1709 4981 1965 5049 (quorum
1998 4996 2084 5032 se.

509 5074 651 5142 μύει
695 5072 844 5130 mille
884 5073 1101 5143 equites
1131 5071 1311 5140 erant)
1360 5070 1600 5138 fugiente
1643 5070 1713 5124 ab
1745 5070 1866 5139 ipso
1904 5069 2085 5123 Rebu-

508 5168 732 5232 boatnu,
764 5166 910 5237 cepit
952 5163 1190 5219 Shishak
1237 5179 1427 5219 omnes
1456 5162 1574 5217 auri
1618 5170 1676 5219 et
1708 5164 1921 5233 argenti
1969 5164 2082 5217 the-

508 5272 707 5314 sauros
730 5258 828 5328 qui
867 5257 923 5313 in
948 5257 1115 5313 domo
1154 5255 1367 5309 Domini
1398 5254 1665 5319 fuerunt;
1696 5270 1910 5310 necnon
1936 5265 2089 5311 scuta

512 5367 679 5405 aurea
714 5360 771 5406 et
792 5364 1070 5422 argentea.
1098 5367 1220 5419 quae
1256 5352 1311 5405 in
1344 5365 1470 5405 arce
1501 5350 1672 5420 regia.
1706 5365 1942 5421 quorum
1969 5350 2092 5407 loco

510 5445 619 5499 alia
664 5459 729 5499 ex
764 5458 871 5498 aere
910 5443 1147 5497 confecit
1187 5444 1527 5503 lle-imbuatur,
1582 5441 1893 5496 Salomonis
1927 5441 2090 5497 illius.

519 5534 684 5591 Multa
715 5544 899 5591 autern
927 5534 1250 5589 acciderunt
1282 5537 1425 5589 inter
1462 5533 1899 5599 lieboboamum,
1938 5534 2089 5588 Salo-

515 5626 695 5681 monis
728 5626 921 5690 lilium,
953 5636 1004 5678 et
1034 5623 1446 5689 .lcroboamum,
1480 5621 1676 5677 Nabati
1709 5622 1901 5685 ﬁlium,
1928 5622 2087 5687 bella,

514 5716 779 5789 quamdiu
834 5715 886 5771 in
937 5716 1071 5770 \ivis
1124 5726 1265 5770 essat
1322 5714 1656 5769 llebul'oam.
1712 5710 1881 5768 Porro
1934 5714 2090 5769 duxit

2193 4521 2512 4576 adiﬁcauda
2546 4518 2716 4574 [lauta
2762 4523 3038 4577 desistens
3087 4520 3303 4577 Tirsam
3338 4536 3599 4576 reversus
3641 4530 3764 4580 est;

2199 4612 2301 4664 Μ»
2354 4623 2540 4666 autem
2593 4611 2750 4667 Iudae
2806 4627 2924 4678 rex,
2981 4610 3341 4682 comportatis
3391 4610 3666 4680 lapidibus
3712 4621 3770 4664 et

2194 4703 2357 4771 lignis
2399 4705 2604 4772 quibus
2652 4703 2877 4756 ltamam
2910 4713 3193 4759 exstruere
3241 4704 3488 4757 voluerat
3535 4704 3767 4766 Baasha,

2194 4793 2412 4850 lsi-aulis
2446 4810 2565 4857 rex,
2612 4795 2681 4848 iis
2718 4810 2912 4849 omnes
2956 4811 3113 4848 arces
3156 4811 3220 4850 ac
3258 4797 3479 4850 easrella
3522 4796 3577 4850 in
3622 4805 3765 4851 terra

2195 4884 2548 4955 Benjamitiea
2573 4889 2862 4942 exstruxit.
2890 4887 3206 4957 Contraque
3228 4890 3404 4957 ipsum
3433 4901 3558 4942 cum
3582 4902 3767 4958 egres-

2194 4994 2289 5032 sus
2330 4987 2477 5032 esset
2517 4977 2717 5039 larah.
2770 4979 3127 5034 Cushaeorum
3181 4980 3295 5051 (qui
3352 4988 3484 5034 sunt
3523 4979 3765 5048 Nigritael

2196 5081 2313 5134 rex,
2339 5082 2464 5122 cum
2493 5069 2758 5125 militibus
2780 5070 2979 5125 millies
3009 5071 3179 5134 mille,
3203 5086 3504 5126 «eoin-rens
3531 5073 3633 5140 ipsi
3663 5074 3766 5125 Λευ

2193 5156 2351 5213 Iuda:
2387 5173 2481 5214 rex
2513 5173 2638 5212 cum
2686 5162 2947 5214 trecentis
2991 5162 3059 5214 de
3090 5159 3156 5213 Ju
3182 5163 3228 5213 'a
3282 5162 3569 5223 militibus,
3613 5172 3667 5214 et
3703 5164 3769 5213 de

2195 5251 2514 5321 Benjamine
2546 5252 2942 5323 quinquaginta
2975 5252 3194 5306 duobus
3227 5252 3495 5317 millibus,
3528 5252 3770 5324 Nigritas

2198 5345 2251 5399 in
2298 5343 2482 5415 fugam
2524 5343 2819 5408 convertit,
2865 5359 3056 5413 magna
3090 5346 3333 5413 ipsorum
3373 5354 3555 5415 strage
3598 5347 3765 5399 edita.

2195 5436 2483 5507 captisque
2516 5450 2638 5506 quae
2670 5449 2860 5490 secum
2901 5435 3163 5491 attulerat
3195 5434 3477 5493 omnibus.
3519 5433 3767 5488 Mortuus

2195 5537 2375 5584 autem
2410 5528 2642 5593 Baasha,
2686 5525 2909 5582 lsraelis
2949 5544 3065 5590 rex,
3105 5528 3159 5581 in
3192 5526 3349 5582 Tirsa
3384 5527 3627 5598 sepultus
3661 5539 3763 5580 est.

2196 5620 2323 5675 Post
2370 5636 2531 5690 quem
2586 5624 2639 5675 in
2696 5622 2973 5676 lsraclitas
3023 5621 3237 5673 duobus
3284 5621 3447 5675 annis
3500 5621 3553 5673 in
3608 5621 3765 5675 Tirsa

2197 5714 2443 5785 regnavit
2489 5713 2633 5769 filius
2673 5715 2845 5783 ipsius
2884 5714 2994 5779 illa,
3041 5713 3201 5781 idque
3250 5726 3395 5767 anno
3439 5714 3582 5781 Asx,
3628 5714 3766 5785 τρεῖς
