4070 6152
476 126 575 193 951

470 356 721 428 princeps
750 362 848 416 fuit
886 367 1053 428 Omri,
1086 372 1178 437 qtti
1219 374 1308 427 Eia
1324 394 1367 428 νη
1405 356 1845 455 atlortuwsvipsnm
1876 390 2045 445 inter-

470 446 616 514 l'ecit,
674 469 890 524 unaque
940 470 1105 515 totam
1158 465 1399 534 Baaslne,
1438 476 1582 541 regis
1628 479 1870 546 israelis,
1920 500 2044 553 pro-

468 544 699 610 sapiam.
733 547 897 604 Erant
929 551 1083 624 [tunc
1118 565 1404 635 temporis]
1440 567 1698 627 Israelita:
1727 544 2041 647 congregati

469 635 521 687 in
568 636 836 697 Gibetbou
888 647 955 698 ad
1000 650 1199 705 bellum
1252 658 1571 727 alienigenis
1625 635 2040 745 [inferendtt‘m].

467 746 725 798 quorum,
761 751 887 791 cum
922 739 990 795 de
1020 746 1166 797 caede
1218 747 1322 800 Ehe
1360 754 1499 819 regis
1536 757 1620 807 sui
1655 762 1903 814 nuntittm
1952 739 2044 817 ae-

466 825 763 891 cepissent,
820 832 1109 887 voluerunt
1163 839 1331 904 aliqui
1383 853 1439 895 ut
1492 861 1658 913 regno
1706 854 2041 915 prmlieerent

466 913 602 980 ipsis
646 913 839 984 Omri;
889 924 976 976 alii
1032 926 1215 989 Tibni.
1263 932 1517 989 Caiualhi
1575 913 1765 1005 ﬁlimn,
1817 945 1919 999 sibi
1971 949 2038 1002 ad

466 1003 626 1058 breve
670 1015 933 1080 temporis
980 1022 1215 1086 spatium
1256 1026 1616 1093 pra-iecerunt
1663 1050 1676 1084 :
1717 1003 1838 1101 post
1870 1040 2038 1105 quod,

466 1107 682 1155 mortuo
720 1103 902 1171 Tibni,
960 1114 1211 1180 regnavit
1264 1117 1314 1167 in
1371 1118 1626 1175 lsraelem
1665 1123 1817 1179 Omri
1866 1103 2038 1187 annos

464 1188 771 1259 duodecim,
800 1197 959 1266 idque
983 1218 1127 1256 anno
1158 1209 1306 1276 regni
1341 1211 1481 1271 Asm.
1525 1217 1668 1281 regis
1693 1216 1870 1281 Judze.
1893 1223 2039 1274 vice-

464 1281 605 1338 simo
631 1289 895 1358 septimo;
932 1310 1160 1361 quorum
1201 1315 1293 1355 sex
1326 1303 1379 1356 in
1404 1304 1560 1359 'l‘irsa
1593 1315 1855 1379 regnarit,
1890 1313 2038 1386 [qui-

463 1372 587 1446 bus]
618 1386 669 1431 et
711 1380 899 1436 urbem
945 1388 1191 1463 condidit
1226 1408 1388 1460 quam
1432 1372 1721 1466 appellavit
1764 1372 1943 1470 (iniri,
1983 1408 2036 1460 in

462 1478 645 1523 monte
681 1471 913 1542 Samer;
955 1494 1050 1534 sex
1091 1482 1148 1536 in
1201 1484 1469 1544 Samaria.
1519 1489 1722 1547 Deinde
1765 1508 2037 1564 mortuus,

460 1558 720 1619 Samaria:
746 1572 994 1640 sepultus
1037 1586 1141 1630 est.
1186 1576 1315 1635 Post
1351 1583 1529 1648 ipsum
1582 1587 1635 1640 in
1672 1588 1950 1652 lsraelem.
1983 1593 2035 1647 in

459 1650 733 1725 Samaria,
757 1667 1005 1733 regnarit
1047 1669 1191 1725 ﬁlius
1224 1673 1394 1741 ipsius
1434 1678 1609 1740 Ahab.
1645 1697 1819 1738 annos
1850 1650 2039 1752 viginti

461 1761 648 1813 unum,
683 1750 845 1821 idque
882 1772 1029 1812 anno
1059 1766 1207 1832 regni
1237 1768 1357 1820 Asaa
1394 1771 1538 1839 regis
1570 1770 1720 1827 Judte
1760 1777 2041 1833 tricesimo

458 1848 672 1896 octavo.
704 1843 945 1904 Allectus
976 1863 1061 1905 est
1082 1864 1265 1910 autem
1299 1859 1428 1921 Asa,
1452 1876 1574 1915 eum
1610 1869 1908 1934 senuisset,
1942 1887 2040 1940 po-

455 1933 627 2001 dagra
658 1954 674 2001 ;
704 1953 804 1992 nec
830 1940 995 1997 desiit
1024 1946 1079 1998 in
1110 1952 1514 2019 tranquillitate
1543 1965 1597 2009 et
1629 1971 1762 2025 pace
1791 1933 2037 2029 regnare.

461 2023 595 2093 Ejus
624 2037 871 2099 tempore
906 2038 1301 2105 prophetarum
1334 2043 1566 2112 Hanani,
1600 2023 1654 2104 cit
1681 2051 1826 2108 ﬁlius
1853 2023 2038 2123 ipsius

458 2115 620 2186 λειω,
652 2137 864 2179 net-non
909 2128 1124 2195 Azaria,
1161 2131 1328 2189 Obedi
1373 2139 1539 2207 ﬁlius,
1576 2115 2034 2213 prophetedCum

460 2212 694 2269 obiisset
729 2227 909 2273 autem
940 2221 1070 2283 Asa.
1113 2223 1265 2279 Indae
1298 2244 1415 2293 rex,
1452 2232 1505 2285 in
1534 2212 1917 2293 m-l-eDavidis
1948 2257 2036 2294 se-

461 2305 645 2371 pultus
677 2319 783 2361 est.
836 2310 966 2366 Post
999 2315 1176 2384 ipsum
1210 2320 1262 2372 in
1296 2320 1489 2376 .ludam
1525 2324 1921 2397 Hierosolymis
1953 2348 2039 2385 re-

456 2396 644 2464 gnavit
678 2399 827 2456 ﬁlius
860 2400 1165 2474 Joshaphat
1202 2426 1379 2465 annos
1420 2423 1582 2471 natus
1620 2396 1839 2489 triginta
1872 2424 2035 2489 quin-

456 2505 603 2556 que;
660 2497 1015 2565 reguavitque
1062 2516 1238 2557 annos
1290 2506 1481 2574 viginti
1526 2511 1811 2580 quinque;
1870 2515 2035 2585 idque

456 2597 602 2637 anno
632 2586 779 2655 regni
818 2589 1011 2653 Ahahi,
1057 2594 1199 2661 regis
1235 2595 1449 2651 lsraelis
1478 2642 1491 2663 ,
1530 2613 1750 2670 quarto.
1793 2603 2035 2674 inclytus

458 2681 641 2726 autem
672 2677 845 2731 evasit
881 2694 972 2732 rex
1007 2678 1332 2751 Josbaphat,
1362 2688 1673 2759 opibusque
1702 2703 1753 2747 et
1788 2699 2029 2750 exercitu

459 2763 690 2853 pollens.
747 2766 1098 2842 193-195
1153 2772 1285 2843 Ejus
1343 2786 1587 2846 tempore
1640 2785 2035 2853 pi-Opltetarunt

458 2852 633 2907 Mielta
678 2856 808 2915 Ehe.
852 2858 992 2913 Jelm
1038 2861 1272 2929 llanani,
1314 2866 1527 2923 Eliazar
1569 2852 1804 2945 Dudayite
1840 2878 2031 2945 ﬁlius;

455 2946 688 3013 Ohadia,
723 2948 836 3002 Elia
874 2954 989 3020 (qui
1019 2956 1305 3013 Al-(Ihadr
1334 2965 1466 3029 est),
1498 2975 1551 3018 et
1589 2967 1760 3033 ipsius
1791 2971 2030 3041 discipu-

459 3033 543 3091 lus
580 3039 789 3099 Elisha.
828 3042 951 3099 Fuit
983 3047 1175 3101 eodem
1226 3065 1468 3119 tempore
1495 3055 1657 3109 etiam
1704 3066 2025 3129 pseudopro-

458 3134 621 3200 pbeta
652 3136 870 3191 nomine
908 3138 1161 3204 Setleltia,
1192 3140 1507 3199 Clianaame
1546 3148 1709 3201 ﬁlius.
1754 3150 1909 3205 Altab
1938 3169 2035 3205 an-

457 3234 589 3289 tem,
624 3224 844 3283 lsraelis
896 3245 1011 3295 rex,
1048 3248 1273 3287 uxorem
1325 3237 1479 3290 duxit
1526 3244 1748 3295 nomine
1782 3243 2036 3309 lzlielcm,

456 3317 765 3384 'l‘ltalmani,
815 3322 956 3392 regis
996 3321 1241 3389 Sidonis,
1291 3325 1497 3392 ﬁliam;
1546 3334 1748 3385 struxit
1794 3335 1955 3388 etia-u
1983 3336 2035 3390 in

459 3406 705 3465 Samaria
755 3414 1040 3480 templum,
1095 3416 1148 3469 in
1204 3434 1314 3487 quo
1364 3422 1599 3489 posittun
1649 3424 1851 3478 idolum
1910 3429 2036 3481 llnel

462 3501 657 3557 voluit.

531 3594 702 3650 Porro
758 3598 932 3654 Ahabi
992 3603 1133 3670 regis
1187 3605 1403 3660 lsraelis
1468 3616 1731 3677 tempore,
1790 3614 2035 3667 lsraelita

456 3687 679 3752 quidam
714 3688 837 3755 fuit,
872 3695 1091 3747 nomine
1117 3695 1352 3761 Nabuth,
1376 3698 1463 3753 cui
1498 3702 1690 3755 hat-tus
1745 3704 2034 3757 admodum

454 3779 679 3849 elegans
734 3780 861 3845 fuit,
918 3801 1078 3857 quem
1127 3805 1251 3843 eum
1300 3801 1532 3859 cuperet
1591 3809 1684 3847 rex
1739 3797 1914 3856 Ahab.
1968 3797 2033 3850 ad

459 3868 767 3928 Nabothmn
817 3877 1064 3942 mittens,
1120 3889 1179 3933 ut
1225 3883 1330 3935 sibi
1361 3883 1516 3938 illum
1550 3886 1810 3940 venderet
1858 3888 2035 3956 petiit,

460 3973 648 4030 utpote
682 3966 890 4022 a-dilms
919 3972 1037 4024 suis
1073 3972 1336 4029 vicinum.
1399 3974 1641 4044 Negantc
1674 3976 1943 4044 Nnbotlio,
1974 3995 2036 4032 ae

462 4059 679 4113 dicente
711 4077 725 4110 :
767 4060 969 4115 ilortus
1012 4066 1112 4117 ism
1144 4067 1274 4117 mihi
1310 4065 1659 4121 haereditario
1687 4070 1811 4135 jure
1860 4086 1890 4123 a
1942 4086 2035 4138 pa-

458 4152 637 4208 tribus
675 4160 842 4222 atque
890 4156 1007 4208 avis
1050 4155 1294 4222 obvenit,
1347 4158 1580 4229 ideoque
1631 4159 1810 4228 ipsum
1860 4176 2034 4230 neque

462 4242 715 4307 rendam,
748 4258 927 4312 neque
954 4245 1099 4299 dono
1147 4248 1312 4302 dabo.
1347 4247 1485 4301 Cum
1514 4266 1657 4317 aegre.
1710 4250 1814 4303 hoc
1866 4252 2034 4305 terret

460 4334 614 4388 Ahah
642 4337 781 4389 adeo
809 4350 866 4391 ut
893 4337 973 4390 ira
1000 4350 1053 4392 et
1089 4340 1280 4393 dolore
1313 4341 1643 4408 alliceretur,
1684 4343 1931 4411 ingressa
1963 4344 2031 4397 ad
2064 4332 2114 4391 Ι)

459 4431 636 4489 ipsum
670 4430 811 4483 Izbel
851 4446 990 4485 uxor
1022 4430 1163 4485 dixit
1197 4451 1209 4485 :
1240 4432 1377 4499 Quid
1405 4433 1510 4487 hoc
1552 4436 1630 4487 rei
1663 4444 1749 4488 est
1779 4436 1927 4502 quod
1979 4446 2033 4488 te

463 4533 718 4573 incestum
783 4538 845 4573 ae
912 4520 1124 4578 tristem
1205 4526 1589 4589 (OIISIIiCiﬂHi?
1646 4526 2032 4595 Respondente

462 4615 598 4664 nlo:
635 4612 772 4665 Cum
824 4629 852 4665 a
909 4614 1162 4667 Nabutho
1205 4617 1452 4683 pt‘lit‘t'illi
1504 4625 1563 4669 ut
1614 4616 1746 4669 mihi
1815 4618 2029 4669 hortum

460 4704 738 4768 vendet-et,
779 4713 940 4772 atque
975 4705 1065 4758 ille
1099 4708 1401 4774 negaverit,
1436 4708 1537 4761 hoc
1567 4722 1653 4761 me
1701 4707 1839 4760 male
1870 4710 2032 4761 habet

459 4797 605 4860 quod
641 4812 724 4849 me
760 4799 1045 4864 repulerit,
1089 4813 1268 4865 neque
1303 4800 1447 4865 quod
1493 4800 1638 4852 volui
1690 4802 2026 4866 praestiterit.

465 4890 695 4957 Egressa
728 4904 857 4957 ergo
888 4890 1029 4943 izhel
1082 4890 1151 4942 ab
1203 4890 1395 4943 Ababo
1446 4904 1592 4955 rege,
1656 4890 2029 4946 lsraelitarum

462 4982 814 5048 quihusdam,
847 4981 939 5047 qui
972 4982 1073 5047 ipsi
1122 4982 1500 5035 contradicere
1559 4986 1852 5047 nescirent,
1900 4999 2032 5039 con-

460 5074 692 5133 vocatis,
719 5074 861 5127 dixit
887 5090 900 5127 :
923 5072 1319 5127 Testimonium
1345 5075 1474 5128 mihi
1504 5085 1691 5127 contra
1725 5073 2028 5129 Nabatltum

463 5165 775 5234 perhibete,
802 5167 979 5232 ipsum
1015 5164 1182 5218 Deum
1214 5168 1536 5235 ahuegassta,
1583 5176 1637 5220 et
1670 5166 1802 5220 Mosi
1842 5168 2023 5221 convi-

460 5265 664 5314 cialum
689 5273 846 5317 esse;
888 5259 1031 5325 quod
1065 5274 1188 5311 cum
1225 5258 1302 5310 illi
1338 5259 1391 5311 in
1432 5258 1592 5327 196
1625 5260 1799 5327 ipsum
1848 5257 2032 5310 testati

458 5360 673 5417 essent,
704 5352 859 5415 jussu
891 5350 1085 5403 lzbelis
1114 5350 1384 5419 lapidatus
1425 5364 1534 5414 εει,
1574 5350 1711 5404 adeo
1739 5359 1794 5401 ut
1852 5363 2033 5401 more-

464 5454 637 5499 retur.
670 5442 808 5495 Tum
836 5442 1081 5510 ingressa
1137 5442 1203 5496 ad
1238 5442 1515 5503 Ahabum,
1567 5457 1748 5510 regem
1795 5442 2031 5507 israclts,

461 5533 637 5591 izebel
678 5553 691 5589 :
729 5533 807 5587 Ne
849 5533 1073 5602 angoris
1106 5534 1351 5603 (inquit),
1389 5534 1563 5589 occidi
1621 5534 1892 5602 siquidem
1928 5530 2035 5586 Na-

464 5629 728 5695 botltum;
760 5628 950 5699 accipe
978 5644 1109 5698 ergo
1163 5630 1402 5683 hortum.
1455 5628 1737 5685 Accedens
1782 5642 1911 5697 ergo
1967 5625 2033 5679 ad

1491 155 1795 224 EUTYCH
1810 164 1863 223 ii
1903 166 1941 225 Α
1959 169 2439 244 LEXANDRINI
2481 188 2700 255 PATR.

468 261 642 331 inda),
677 268 940 327 vicesimo
978 287 1154 333 sexto.
1204 281 1311 338 Eia:
1358 294 1539 342 autem
1577 293 1734 363 192
1769 300 2046 355 exercitus
2087 288 2128 340 Α
2162 293 2434 365 All-11M":
2492 318 2671 375 regem

3614 222 3719 284 952

2728 309 2968 380 lsraelis,
3016 316 3161 375 Filias
3218 329 3505 395 prapheta,
3541 334 3716 401 ipsum

2152 388 2442 459 increpans
2477 414 2492 452 :
2526 397 2669 455 Cave
2700 402 2924 475 (inquit)
2948 406 3184 467 Nabothi
3211 388 3425 474 borium
3460 388 3715 496 accipias,

2152 494 2245 536 aut
2274 490 2338 541 ad
2380 490 2555 558 ipsum
2594 504 3022 572 approplnqttes.
3057 504 3230 566 iratus
3260 514 3472 571 scilicet
3500 490 3589 574 est
3618 490 3716 575 tibi

2152 576 2439 641 Dominus.
2478 596 2592 638 tum
2627 594 2769 657 quod
2802 592 2941 649 idola
2994 598 3165 663 colas,
3199 612 3310 658 tttm
3354 610 3495 674 quod
3547 610 3717 666 lzebel

2150 685 2289 723 uxor
2312 682 2403 726 tua
2439 675 2748 736 Nabothum
2785 686 2989 751 injuste
3034 694 3335 763 occiderit;
3394 712 3717 768 potestatem

2145 778 2277 830 ergo
2329 771 2596 825 concedet
2650 774 2917 833 Dominus
2970 782 3025 837 in
3083 795 3159 851 te,
3215 798 3270 843 rt
3327 792 3379 844 itt
3434 793 3719 856 lzebclein.

2147 852 2314 931 [alii]
2343 861 2433 927 qui
2463 873 2520 915 et
2551 874 2605 919 te
2656 879 2709 923 et
2757 870 2931 937 ipsam
2986 875 3299 935 interﬁciet.
3350 885 3508 939 Abab
3556 852 3721 958 igitur

2146 964 2265 1014 rex,
2314 954 2506 1010 audito
2562 957 2693 1015 Elia:
2738 978 3018 1035 sermone,
3073 974 3440 1040 perterritus.
3498 954 3718 1034 hortum

2143 1042 2408 1111 deseruit,
2440 1065 2541 1105 nec
2576 1054 2642 1107 ad
2678 1056 2857 1125 ipsum
2893 1065 3149 1120 accessit.
3180 1067 3249 1122 At
3280 1069 3482 1136 izebel,
3527 1076 3723 1127 audito

2148 1134 2319 1191 Eliam
2362 1144 2681 1212 prophetam
2733 1166 2917 1222 regem
2956 1154 3241 1223 impediise
3268 1176 3336 1215 ne
3373 1134 3593 1218 hortum
3624 1179 3718 1217 ac-

2147 1232 2376 1300 ciperet,
2438 1237 2592 1293 misit
2647 1253 2771 1309 post
2822 1259 2948 1298 eum
2999 1248 3094 1317 qui
3150 1250 3328 1319 ipsum
3384 1254 3719 1309 occiderent.

2147 1321 2395 1382 Metuens
2429 1343 2561 1398 ergo
2590 1333 2660 1388 ab
2691 1335 2806 1402 ipsa
2848 1337 2992 1394 lilias
3039 1338 3331 1397 Dominum
3373 1346 3598 1413 supplex
3637 1363 3723 1398 ro-

2143 1416 2293 1481 gavit
2323 1433 2391 1471 ne
2413 1420 2466 1474 in
2498 1428 2701 1476 terram
2741 1427 2981 1493 pluviam
3013 1431 3356 1497 dimitteret;
3392 1434 3508 1501 ipse
3533 1447 3718 1490 autem

2146 1521 2241 1572 per
2266 1506 2527 1567 Iordanis
2579 1514 2815 1569 conﬁnia
2863 1519 2914 1570 in
2958 1530 3195 1576 montem
3248 1522 3430 1579 lioreb
3474 1525 3592 1593 (qui
3637 1541 3723 1578 est

2072 1622 2115 1680 Β
2146 1616 2305 1654 mons
2334 1602 2493 1673 Sina)
2533 1603 2773 1675 fugiens,
2804 1611 2878 1663 ibi
2918 1611 2969 1664 in
3002 1611 3166 1669 fontis
3207 1616 3402 1671 ﬁssura
3434 1617 3721 1676 habitavit.

2144 1706 2173 1745 e
2204 1708 2312 1760 qua
2342 1703 2398 1749 et
2445 1712 2642 1765 aquam
2692 1700 2855 1764 bibit,
2911 1719 3079 1758 corvo
3130 1706 3235 1776 ipsi
3284 1709 3525 1775 quotidie
3564 1725 3726 1762 mane

2146 1798 2369 1847 partem,
2419 1790 2635 1855 vesperi
2692 1807 2916 1846 carnem
2978 1810 3142 1863 quam
3198 1797 3387 1853 ederet
3438 1799 3721 1852 ali'erente.

2145 1876 2265 1931 Fuit
2299 1891 2487 1934 autem
2520 1881 2669 1937 Elias
2695 1887 2956 1953 propheta
2997 1889 3139 1942 ﬁlius
3168 1890 3348 1955 Arba:,
3376 1890 3676 1947 Gileatlites
3705 1910 3720 1945 :

2143 1968 2353 2024 Arabes
2388 1973 2566 2040 ipsum
2603 1976 2844 2029 Mchadr
2868 1981 3164 2047 appellant.
3214 1981 3351 2036 Cum
3384 1992 3566 2038 autem
3599 1994 3724 2053 post

2141 2064 2262 2120 dies
2296 2068 2506 2135 aliquot
2532 2068 2791 2125 deﬁceret
2822 2090 2853 2125 e
2877 2075 3023 2128 clivo
3054 2093 3220 2143 aqua,
3256 2078 3533 2143 prolectus
3580 2078 3724 2132 Elias

2140 2160 2409 2226 propheta
2471 2162 2537 2215 ad
2594 2165 2784 2216 urbem
2846 2165 3194 2236 Sarepltiah,
3249 2170 3493 2234 Sidonis,
3546 2172 3727 2226 viduae

2138 2251 2357 2306 cuidam
2414 2254 2559 2323 ligna
2598 2257 2878 2327 colligenti
2927 2263 3209 2327 occurrit;
3258 2279 3286 2317 a
3331 2280 3438 2333 qua
3486 2280 3613 2319 cum
3669 2274 3722 2316 ut

2141 2339 2246 2405 ipsi
2299 2344 2481 2397 cibum
2534 2357 2835 2414 potumque
2890 2348 3269 2422 197-199
3317 2355 3587 2420 praeberet
3622 2373 3725 2424 pv—

2139 2434 2339 2497 tiisset,
2380 2437 2497 2503 ipsa
2528 2437 2685 2491 illum
2736 2439 2961 2495 domum
2998 2457 3154 2497 suam
3203 2443 3430 2500 deduxit
3482 2448 3574 2502 tibi
3620 2453 3725 2519 ipsi

2139 2525 2335 2581 farina:
2377 2539 2543 2594 atque
2567 2530 2674 2583 olei
2708 2530 3053 2596 aliquantnn
3081 2534 3205 2597 fuit,
3249 2552 3279 2591 e
3312 2553 3423 2607 quo
3453 2555 3581 2594 cum
3617 2544 3725 2610 ipsi

2138 2632 2335 2683 panem
2390 2621 2815 2675 subcineritium
2852 2638 3128 2693 parasset,
3182 2627 3257 2682 illi
3313 2646 3537 2698 unaque
3596 2634 3726 2689 ﬁliis

2142 2708 2259 2764 suis
2298 2711 2571 2764 edendum
2608 2714 2860 2782 prmltnit.
2902 2716 3266 2772 Denediceutc
3311 2737 3445 2789 ergo
3476 2724 3591 2779 Elia
3647 2725 3725 2780 fa-

2141 2802 2275 2856 rina:
2327 2806 2543 2875 oleique
2577 2808 2746 2869 vasis,
2790 2809 3068 2879 impletum
3118 2822 3205 2868 est
3231 2812 3421 2871 farina
3466 2833 3563 2873 vas
3592 2818 3721 2873 fari-

2142 2906 2228 2950 na,
2256 2892 2363 2944 olei
2389 2892 2531 2947 oleo.
2571 2891 2896 2960 Aigrotantc
2949 2897 3151 2954 deinde
3199 2901 3375 2956 vidua:
3416 2903 3528 2958 ﬁlio
3582 2906 3725 2958 adeo

2060 2980 2107 3042 C
2142 2991 2254 3035 uta
2293 2998 2469 3038 morti:
2521 3002 2692 3055 prope
2736 2988 2977 3054 abesset,
3035 3006 3159 3046 cum
3206 2995 3541 3063 supplicaret
3600 2997 3718 3051 Elia

2145 3072 2400 3139 Domino,
2440 3079 2673 3133 salutem
2708 3080 2785 3134 illi
2820 3084 3099 3137 concessit
3133 3084 3276 3139 Deus
3322 3096 3379 3140 ιιι
3416 3090 3642 3145 viveret.

2213 3167 2438 3222 Exactis
2489 3179 2681 3237 postea
2742 3172 2921 3227 tribus
2970 3175 3131 3229 annis
3190 3187 3241 3231 et
3284 3192 3378 3232 sex
3432 3182 3720 3235 mensibus

2142 3260 2424 3328 profectus
2471 3260 2586 3314 Elia
2638 3264 2903 3330 propheta
2955 3264 3203 3319 Ahabum
3263 3284 3440 3337 regi-tn
3503 3270 3721 3324 lsraelis

2142 3352 2321 3418 petiit,
2373 3369 2483 3419 quo
2534 3362 2652 3405 toto
2705 3357 2968 3423 temporis
3019 3359 3197 3425 spatio
3260 3377 3367 3413 non
3421 3361 3720 3417 demiserat

2143 3443 2345 3497 emittm
2386 3445 2649 3513 pluviam.
2681 3448 2820 3497 adeo
2854 3454 2913 3499 ut
2946 3463 3055 3514 pra:
3087 3446 3249 3502 famis
3285 3460 3340 3501 et
3388 3450 3510 3505 sitis
3556 3453 3717 3505 vehe-

2139 3538 2344 3590 mentia
2392 3545 2739 3591 morerentur
2773 3538 3048 3594 homines.
3105 3540 3240 3594 Dum
3286 3543 3452 3611 igitur
3485 3543 3715 3609 Obadia,

2138 3624 2314 3678 Abahi
2367 3624 2689 3694 deputatus,
2746 3626 2816 3679 ad
2873 3628 3222 3696 quaerendam
3288 3647 3484 3698 aquam
3548 3634 3716 3687 valles

2140 3716 2427 3780 cit-coiret,
2480 3732 2609 3771 ecce
2639 3720 2884 3771 occurrit
2934 3721 3035 3787 ipsi
3086 3718 3222 3781 Elia.
3272 3738 3433 3787 quo-tu
3475 3740 3598 3776 cum
3648 3727 3715 3776 ad

2139 3808 2394 3861 Ahabutn
2444 3808 2790 3869 deduxisset,
2836 3807 2975 3861 dixit
3025 3811 3127 3879 ipsi
3179 3812 3334 3866 Ahab
3388 3830 3480 3867 rex
3513 3832 3527 3868 :
3558 3813 3713 3867 Tune

2141 3901 2342 3952 coelum
2377 3898 2675 3954 (εοΙιὶιιυίειί
2711 3915 2778 3952 nc
2810 3916 2905 3966 ῃσιι·
2940 3910 3114 3954 totmn
3144 3902 3245 3955 hoc
3279 3906 3543 3972 temporis
3587 3920 3715 3973 spa-

2140 3995 2276 4045 tium
2330 3992 2579 4061 plueret?
2612 3992 2711 4043 tiui
2773 3993 3053 4059 respondit
3111 3992 3221 4047 Elia
3274 3997 3538 4064 propheta
3582 4016 3596 4052 :
3633 3995 3712 4051 Tu

2139 4087 2343 4138 coelum
2380 4100 2450 4138 ne
2478 4086 2693 4154 plueret
2722 4084 3014 4138 cohilmisti
3052 4085 3193 4138 idola
3210 4086 3462 4154 colendo,
3495 4101 3547 4141 et
3569 4090 3714 4141 caede

2141 4178 2434 4242 immerita,
2469 4192 2577 4245 qua
2616 4192 2751 4232 uxor
2774 4185 2865 4229 tua
2901 4176 3075 4230 lzebel
3122 4174 3433 4233 Nabothum
3468 4181 3711 4241 sustulit,

2145 4286 2246 4324 nec
2305 4284 2411 4323 non
2478 4270 3077 4338 pseudoprophetarum
3134 4286 3445 4325 sermonem
3504 4273 3710 4340 ample-

2138 4360 2360 4413 ett-udo.
2385 4358 2725 4413 Convocat-it
2762 4360 2928 4429 igitur
2980 4360 3136 4414 Ahah
3169 4377 3261 4415 rex
3297 4375 3490 4417 omnes
3544 4361 3712 4417 Israe-

2140 4453 2290 4515 litas,
2347 4468 2565 4518 unaque
2621 4467 2811 4507 omnes
2866 4453 3397 4522 pseudoprophetas.
3470 4452 3711 4508 Fuerunt

2136 4555 2320 4599 autem
2382 4544 2514 4598 idoli
2566 4544 2744 4598 Baells
2796 4545 3081 4611 prophetae
3137 4547 3522 4617 quadringenti
3553 4546 3712 4615 quin-

2137 4637 2396 4708 quaginta
2425 4637 2509 4692 vei
2545 4634 2734 4707 [juxta
2773 4636 2921 4689 aliud
2970 4637 3272 4705 exemplar,
3326 4637 3708 4707 quadringenti

2137 4731 2453 4802 octoginta]
2505 4740 2553 4782 et
2606 4729 2889 4795 praphette
2946 4728 3158 4783 Astera:
3190 4728 3333 4797 (qua:
3372 4729 3550 4797 palma
3595 4739 3709 4789 erat

2137 4840 2301 4893 quam
2326 4821 2601 4888 colebant)
2637 4821 2800 4891 200
2824 4820 3233 4890 quadringenti.
3262 4820 3407 4873 Dixit
3435 4835 3566 4888 ergo
3598 4819 3707 4873 Elin

2138 4912 2634 4982 pseudoprophetis
2669 4927 2685 4964 :
2721 4908 2888 4962 Binos
2936 4923 3217 4963 sumamus
3253 4908 3544 4977 juvencos,
3579 4924 3711 4979 quo-

2141 5022 2257 5058 rum
2320 5005 2553 5075 primum
2612 5018 2710 5057 vos
2762 5000 2918 5054 vobis
2984 5001 3253 5069 eligentes
3306 5010 3600 5054 mactatum
3656 5001 3706 5054 in

2140 5096 2479 5149 oblationem
2526 5091 2635 5147 diis
2667 5092 2866 5145 vestris
2923 5090 3133 5152 aﬁerte,
3177 5104 3340 5159 quem
3399 5089 3444 5143 si
3493 5106 3527 5145 e
3574 5089 3709 5147 curio

2139 5188 2405 5255 delapsus
2451 5184 2596 5255 ignis
2635 5182 3069 5249 consumpserit,
3118 5181 3357 5233 sciemus
3398 5194 3559 5233 veros
3590 5193 3708 5233 esas

2138 5280 2271 5332 deos
2302 5290 2551 5334 vestros:
2609 5276 2693 5329 sin
2744 5275 2949 5332 minus.
2992 5287 3091 5341 ego
3137 5271 3286 5325 solus
3337 5270 3441 5324 hoc
3493 5270 3703 5333 faciam,

2140 5384 2251 5435 quo
2284 5365 2630 5433 cognoscatis
2666 5380 2756 5418 vos
2790 5367 2843 5417 in
2887 5378 3075 5416 errore
3121 5378 3265 5422 esse,
3297 5377 3384 5415 me
3426 5364 3704 5414 veritatem

2138 5459 2315 5527 sequi.
2357 5457 2693 5512 Prehensum
2750 5471 2880 5525 ergo
2935 5455 3231 5523 juvencum
3288 5466 3411 5503 ettttt
3477 5459 3704 5505 mat-tas-

2140 5561 2280 5613 seut,
2306 5550 2547 5619 deosque
2565 5562 2694 5601 suos
2722 5546 2931 5602 Baelctn
2967 5556 3302 5603 t-aaterosuue
3350 5560 3378 5595 a
3434 5560 3592 5597 tuane
3643 5542 3702 5593 ad

2141 5657 2421 5707 vesperam
2466 5657 2638 5706 usque
2677 5642 3047 5702 lilV'?tf.‘t.\’SOlil,
3082 5640 3212 5693 nihil
3244 5638 3469 5692 omnino
3505 5635 3698 5689 laet-rut
