  <div class='ocr_page' id='page_1' title='image "/cluster/home/n/w/nwhite01/storage/ocr_20150623/111/mdp.39015009379887/484.png"; bbox 0 0 4068 6160; ppageno 0'>
   <div class='ocr_carea' id='block_1_1' title="bbox 414 264 521 325">
    <p class='ocr_par' dir='ltr' id='par_1_1' title="bbox 414 264 521 325">
     <span class='ocr_line' id='line_1_1' title="bbox 414 264 521 325; baseline 0.019 -2"><span class='ocrx_word' id='word_1_1' title='bbox 414 264 521 325; x_wconf 75' lang='grc'><strong>953</strong></span> 
     </span>
    </p>
   </div>
   <div class='ocr_carea' id='block_1_2' title="bbox 1844 270 2215 330">
    <p class='ocr_par' dir='ltr' id='par_1_2' title="bbox 1844 270 2215 330">
     <span class='ocr_line' id='line_1_2' title="bbox 1844 270 2215 330; baseline 0.003 -1"><span class='ocrx_word' id='word_1_2' title='bbox 1844 270 2215 330; x_wconf 76' lang='lat' dir='ltr'><strong>ANNALES.</strong></span> 
     </span>
    </p>
   </div>
   <div class='ocr_carea' id='block_1_3' title="bbox 3556 271 3663 335">
    <p class='ocr_par' dir='ltr' id='par_1_3' title="bbox 3556 271 3663 335">
     <span class='ocr_line' id='line_1_3' title="bbox 3556 271 3663 335; baseline 0 0"><span class='ocrx_word' id='word_1_3' title='bbox 3556 271 3663 335; x_wconf 63' lang='lat'><strong>954</strong></span> 
     </span>
    </p>
   </div>
   <div class='ocr_carea' id='block_1_4' title="bbox 418 379 3660 463">
    <p class='ocr_par' dir='ltr' id='par_1_4' title="bbox 418 379 3660 463">
     <span class='ocr_line' id='line_1_4' title="bbox 418 379 3660 463; baseline 0.002 -28"><span class='ocrx_word' id='word_1_4' title='bbox 418 388 526 435; x_wconf 78' lang='lat' dir='ltr'><strong>est.</strong></span> <span class='ocrx_word' id='word_1_5' title='bbox 560 379 671 433; x_wconf 85' lang='lat' dir='ltr'><strong>Elia</strong></span> <span class='ocrx_word' id='word_1_6' title='bbox 705 396 840 449; x_wconf 84' lang='lat' dir='ltr'><strong>ergo</strong></span> <span class='ocrx_word' id='word_1_7' title='bbox 876 384 1119 451; x_wconf 80' lang='lat' dir='ltr'><strong>acceptis</strong></span> <span class='ocrx_word' id='word_1_8' title='bbox 1163 382 1453 439; x_wconf 82' lang='lat' dir='ltr'><strong>duodecim</strong></span> <span class='ocrx_word' id='word_1_9' title='bbox 1496 385 1767 463; x_wconf 88' lang='lat' dir='ltr'><strong>lapidibus</strong></span> <span class='ocrx_word' id='word_1_10' title='bbox 1818 387 1987 439; x_wconf 82' lang='lat' dir='ltr'><strong>altare</strong></span> <span class='ocrx_word' id='word_1_11' title='bbox 2015 384 2057 437; x_wconf 83' lang='lat' dir='ltr'><strong>A</strong></span> <span class='ocrx_word' id='word_1_12' title='bbox 2089 386 2233 440; x_wconf 84' lang='lat' dir='ltr'><strong>Dixit</strong></span> <span class='ocrx_word' id='word_1_13' title='bbox 2276 394 2457 439; x_wconf 84' lang='lat' dir='ltr'><strong>autem</strong></span> <span class='ocrx_word' id='word_1_14' title='bbox 2498 385 2654 440; x_wconf 82' lang='lat' dir='ltr'><strong>Ahab</strong></span> <span class='ocrx_word' id='word_1_15' title='bbox 2696 383 3017 456; x_wconf 81' lang='lat' dir='ltr'><strong>Josaphato,</strong></span> <span class='ocrx_word' id='word_1_16' title='bbox 3068 386 3180 456; x_wconf 85' lang='lat' dir='ltr'><strong>regi</strong></span> <span class='ocrx_word' id='word_1_17' title='bbox 3231 385 3386 441; x_wconf 69' lang='lat' dir='ltr'><strong>Iudae</strong></span> <span class='ocrx_word' id='word_1_18' title='bbox 3416 404 3429 439; x_wconf 90' lang='lat'><strong>:</strong></span> <span class='ocrx_word' id='word_1_19' title='bbox 3457 385 3660 443; x_wconf 82' lang='lat' dir='ltr'><strong>Urbem</strong></span> 
     </span>
    </p>
   </div>
   <div class='ocr_carea' id='block_1_5' title="bbox 416 472 1991 548">
    <p class='ocr_par' dir='ltr' id='par_1_5' title="bbox 416 472 1991 548">
     <span class='ocr_line' id='line_1_5' title="bbox 416 472 1991 548; baseline 0.003 -21"><span class='ocrx_word' id='word_1_20' title='bbox 416 472 712 535; x_wconf 74' lang='lat' dir='ltr'><strong>exstruxit,</strong></span> <span class='ocrx_word' id='word_1_21' title='bbox 752 474 897 529; x_wconf 89' lang='lat' dir='ltr'><strong>circa</strong></span> <span class='ocrx_word' id='word_1_22' title='bbox 941 477 1080 544; x_wconf 89' lang='lat' dir='ltr'><strong>quod</strong></span> <span class='ocrx_word' id='word_1_23' title='bbox 1137 475 1338 531; x_wconf 86' lang='lat' dir='ltr'><strong>fossam</strong></span> <span class='ocrx_word' id='word_1_24' title='bbox 1365 477 1575 539; x_wconf 83' lang='lat' dir='ltr'><strong>eﬂodit,</strong></span> <span class='ocrx_word' id='word_1_25' title='bbox 1603 478 1801 532; x_wconf 76' lang='lat' dir='ltr'><strong>deinde</strong></span> <span class='ocrx_word' id='word_1_26' title='bbox 1849 479 1991 548; x_wconf 85' lang='lat' dir='ltr'><strong>ligna</strong></span> 
     </span>
    </p>
   </div>
   <div class='ocr_carea' id='block_1_6' title="bbox 417 561 1993 639">
    <p class='ocr_par' dir='ltr' id='par_1_6' title="bbox 417 561 1993 639">
     <span class='ocr_line' id='line_1_6' title="bbox 417 561 1993 639; baseline 0.006 -26"><span class='ocrx_word' id='word_1_27' title='bbox 417 561 698 631; x_wconf 88' lang='lat' dir='ltr'><strong>lapidibus</strong></span> <span class='ocrx_word' id='word_1_28' title='bbox 732 564 1042 633; x_wconf 89' lang='lat' dir='ltr'><strong>imponens,</strong></span> <span class='ocrx_word' id='word_1_29' title='bbox 1082 566 1447 637; x_wconf 86' lang='lat' dir='ltr'><strong>etjuvencum</strong></span> <span class='ocrx_word' id='word_1_30' title='bbox 1484 578 1784 623; x_wconf 85' lang='lat' dir='ltr'><strong>mactatum</strong></span> <span class='ocrx_word' id='word_1_31' title='bbox 1826 586 1993 639; x_wconf 90' lang='lat' dir='ltr'><strong>super</strong></span> 
     </span>
    </p>
   </div>
   <div class='ocr_carea' id='block_1_7' title="bbox 417 652 1987 729">
    <p class='ocr_par' dir='ltr' id='par_1_7' title="bbox 417 652 1987 729">
     <span class='ocr_line' id='line_1_7' title="bbox 417 652 1987 729; baseline 0.004 -22"><span class='ocrx_word' id='word_1_32' title='bbox 417 652 695 724; x_wconf 83' lang='lat' dir='ltr'><strong>lapidibus</strong></span> <span class='ocrx_word' id='word_1_33' title='bbox 731 666 785 708; x_wconf 90' lang='lat' dir='ltr'><strong>et</strong></span> <span class='ocrx_word' id='word_1_34' title='bbox 835 656 998 725; x_wconf 78' lang='lat' dir='ltr'><strong>lignis</strong></span> <span class='ocrx_word' id='word_1_35' title='bbox 1053 673 1274 728; x_wconf 87' lang='lat' dir='ltr'><strong>parans.</strong></span> <span class='ocrx_word' id='word_1_36' title='bbox 1338 658 1627 729; x_wconf 90' lang='lat' dir='ltr'><strong>eidemque</strong></span> <span class='ocrx_word' id='word_1_37' title='bbox 1698 660 1987 716; x_wconf 77' lang='lat' dir='ltr'><strong>duodecim</strong></span> 
     </span>
    </p>
   </div>
   <div class='ocr_carea' id='block_1_8' title="bbox 419 746 1989 822">
    <p class='ocr_par' dir='ltr' id='par_1_8' title="bbox 419 746 1989 822">
     <span class='ocr_line' id='line_1_8' title="bbox 419 746 1989 822; baseline 0.006 -23"><span class='ocrx_word' id='word_1_38' title='bbox 419 760 577 814; x_wconf 66' lang='lat' dir='ltr'><strong>aqum</strong></span> <span class='ocrx_word' id='word_1_39' title='bbox 627 746 848 818; x_wconf 82' lang='lat' dir='ltr'><strong>hydrias</strong></span> <span class='ocrx_word' id='word_1_40' title='bbox 892 749 1324 819; x_wconf 84' lang='lat' dir='ltr'><strong>superfundcus,</strong></span> <span class='ocrx_word' id='word_1_41' title='bbox 1372 753 1593 822; x_wconf 87' lang='lat' dir='ltr'><strong>impleta</strong></span> <span class='ocrx_word' id='word_1_42' title='bbox 1631 755 1792 808; x_wconf 89' lang='lat' dir='ltr'><strong>etiam</strong></span> <span class='ocrx_word' id='word_1_43' title='bbox 1844 754 1989 810; x_wconf 87' lang='lat' dir='ltr'><strong>fossa</strong></span> 
     </span>
    </p>
   </div>
   <div class='ocr_carea' id='block_1_9' title="bbox 415 837 1989 908">
    <p class='ocr_par' dir='ltr' id='par_1_9' title="bbox 415 837 1989 908">
     <span class='ocr_line' id='line_1_9' title="bbox 415 837 1989 908; baseline 0.008 -19"><span class='ocrx_word' id='word_1_44' title='bbox 415 852 541 905; x_wconf 74' lang='lat' dir='ltr'><strong>qua:</strong></span> <span class='ocrx_word' id='word_1_45' title='bbox 574 837 777 893; x_wconf 89' lang='lat' dir='ltr'><strong>circum</strong></span> <span class='ocrx_word' id='word_1_46' title='bbox 809 838 979 893; x_wconf 87' lang='lat' dir='ltr'><strong>altare</strong></span> <span class='ocrx_word' id='word_1_47' title='bbox 1010 855 1173 908; x_wconf 88' lang='lat' dir='ltr'><strong>aqua,</strong></span> <span class='ocrx_word' id='word_1_48' title='bbox 1197 842 1487 897; x_wconf 77' lang='lat' dir='ltr'><strong>Dotninum</strong></span> <span class='ocrx_word' id='word_1_49' title='bbox 1547 861 1708 900; x_wconf 90' lang='lat' dir='ltr'><strong>suum</strong></span> <span class='ocrx_word' id='word_1_50' title='bbox 1738 861 1865 900; x_wconf 93' lang='lat' dir='ltr'><strong>cum</strong></span> <span class='ocrx_word' id='word_1_51' title='bbox 1900 847 1989 901; x_wconf 86' lang='lat' dir='ltr'><strong>in-</strong></span> 
     </span>
    </p>
   </div>
   <div class='ocr_carea' id='block_1_10' title="bbox 416 930 1993 1008">
    <p class='ocr_par' dir='ltr' id='par_1_10' title="bbox 416 930 1993 1008">
     <span class='ocr_line' id='line_1_10' title="bbox 416 930 1993 1008; baseline 0.006 -25"><span class='ocrx_word' id='word_1_52' title='bbox 416 938 690 995; x_wconf 82' lang='lat' dir='ltr'><strong>vocasset,</strong></span> <span class='ocrx_word' id='word_1_53' title='bbox 722 930 1061 987; x_wconf 79' lang='lat' dir='ltr'><strong>descendens</strong></span> <span class='ocrx_word' id='word_1_54' title='bbox 1092 949 1122 988; x_wconf 87' lang='lat' dir='ltr'><strong>e</strong></span> <span class='ocrx_word' id='word_1_55' title='bbox 1153 935 1295 987; x_wconf 72' lang='lat' dir='ltr'><strong>coelo</strong></span> <span class='ocrx_word' id='word_1_56' title='bbox 1350 936 1494 1003; x_wconf 92' lang='lat' dir='ltr'><strong>ignis</strong></span> <span class='ocrx_word' id='word_1_57' title='bbox 1556 953 1801 1002; x_wconf 84' lang='lat' dir='ltr'><strong>carnem,</strong></span> <span class='ocrx_word' id='word_1_58' title='bbox 1858 939 1993 1008; x_wconf 72' lang='lat' dir='ltr'><strong>lapi-</strong></span> 
     </span>
    </p>
   </div>
   <div class='ocr_carea' id='block_1_11' title="bbox 413 1020 1987 1098">
    <p class='ocr_par' dir='ltr' id='par_1_11' title="bbox 413 1020 1987 1098">
     <span class='ocr_line' id='line_1_11' title="bbox 413 1020 1987 1098; baseline 0.006 -24"><span class='ocrx_word' id='word_1_59' title='bbox 413 1020 536 1087; x_wconf 87' lang='lat' dir='ltr'><strong>des,</strong></span> <span class='ocrx_word' id='word_1_60' title='bbox 569 1030 625 1077; x_wconf 88' lang='lat' dir='ltr'><strong>et</strong></span> <span class='ocrx_word' id='word_1_61' title='bbox 654 1038 848 1090; x_wconf 83' lang='lat' dir='ltr'><strong>aquam</strong></span> <span class='ocrx_word' id='word_1_62' title='bbox 875 1023 1177 1087; x_wconf 87' lang='lat' dir='ltr'><strong>devoravit,</strong></span> <span class='ocrx_word' id='word_1_63' title='bbox 1214 1027 1351 1081; x_wconf 88' lang='lat' dir='ltr'><strong>adeo</strong></span> <span class='ocrx_word' id='word_1_64' title='bbox 1395 1037 1453 1082; x_wconf 89' lang='lat' dir='ltr'><strong>ut</strong></span> <span class='ocrx_word' id='word_1_65' title='bbox 1505 1028 1780 1098; x_wconf 75' lang='lat' dir='ltr'><strong>ingentem</strong></span> <span class='ocrx_word' id='word_1_66' title='bbox 1824 1031 1987 1085; x_wconf 88' lang='lat' dir='ltr'><strong>etiam</strong></span> 
     </span>
    </p>
   </div>
   <div class='ocr_carea' id='block_1_12' title="bbox 416 1112 1989 1186">
    <p class='ocr_par' dir='ltr' id='par_1_12' title="bbox 416 1112 1989 1186">
     <span class='ocr_line' id='line_1_12' title="bbox 416 1112 1989 1186; baseline 0.007 -22"><span class='ocrx_word' id='word_1_67' title='bbox 416 1114 468 1165; x_wconf 91' lang='lat' dir='ltr'><strong>iu</strong></span> <span class='ocrx_word' id='word_1_68' title='bbox 503 1121 648 1168; x_wconf 87' lang='lat' dir='ltr'><strong>terra</strong></span> <span class='ocrx_word' id='word_1_69' title='bbox 683 1112 884 1169; x_wconf 87' lang='lat' dir='ltr'><strong>fossam</strong></span> <span class='ocrx_word' id='word_1_70' title='bbox 918 1125 1179 1179; x_wconf 84' lang='lat' dir='ltr'><strong>eavaret;</strong></span> <span class='ocrx_word' id='word_1_71' title='bbox 1226 1117 1374 1186; x_wconf 88' lang='lat' dir='ltr'><strong>quod</strong></span> <span class='ocrx_word' id='word_1_72' title='bbox 1419 1118 1697 1175; x_wconf 85' lang='lat' dir='ltr'><strong>israelitas</strong></span> <span class='ocrx_word' id='word_1_73' title='bbox 1748 1124 1801 1175; x_wconf 93' lang='lat' dir='ltr'><strong>in</strong></span> <span class='ocrx_word' id='word_1_74' title='bbox 1869 1132 1989 1177; x_wconf 89' lang='lat' dir='ltr'><strong>stu-</strong></span> 
     </span>
    </p>
   </div>
   <div class='ocr_carea' id='block_1_13' title="bbox 414 1207 1990 1284">
    <p class='ocr_par' dir='ltr' id='par_1_13' title="bbox 414 1207 1990 1284">
     <span class='ocr_line' id='line_1_13' title="bbox 414 1207 1990 1284; baseline 0.008 -26"><span class='ocrx_word' id='word_1_75' title='bbox 414 1219 603 1272; x_wconf 87' lang='lat' dir='ltr'><strong>porem</strong></span> <span class='ocrx_word' id='word_1_76' title='bbox 644 1208 777 1275; x_wconf 87' lang='lat' dir='ltr'><strong>egit.</strong></span> <span class='ocrx_word' id='word_1_77' title='bbox 829 1207 1214 1276; x_wconf 81' lang='lat' dir='ltr'><strong>Interfecitque</strong></span> <span class='ocrx_word' id='word_1_78' title='bbox 1285 1211 1397 1264; x_wconf 82' lang='lat' dir='ltr'><strong>Elia</strong></span> <span class='ocrx_word' id='word_1_79' title='bbox 1482 1215 1990 1284; x_wconf 72' lang='lat' dir='ltr'><strong>pseuilopropbetas</strong></span> 
     </span>
    </p>
   </div>
   <div class='ocr_carea' id='block_1_14' title="bbox 412 1298 1987 1367">
    <p class='ocr_par' dir='ltr' id='par_1_14' title="bbox 412 1298 1987 1367">
     <span class='ocr_line' id='line_1_14' title="bbox 412 1298 1987 1367; baseline 0.008 -16"><span class='ocrx_word' id='word_1_80' title='bbox 412 1298 621 1367; x_wconf 89' lang='lat' dir='ltr'><strong>gladio.</strong></span> <span class='ocrx_word' id='word_1_81' title='bbox 655 1300 707 1352; x_wconf 90' lang='lat' dir='ltr'><strong>in</strong></span> <span class='ocrx_word' id='word_1_82' title='bbox 739 1310 984 1355; x_wconf 89' lang='lat' dir='ltr'><strong>torrente</strong></span> <span class='ocrx_word' id='word_1_83' title='bbox 1012 1300 1203 1356; x_wconf 78' lang='lat' dir='ltr'><strong>Kison.</strong></span> <span class='ocrx_word' id='word_1_84' title='bbox 1240 1304 1440 1357; x_wconf 84' lang='lat' dir='ltr'><strong>Deinde</strong></span> <span class='ocrx_word' id='word_1_85' title='bbox 1493 1306 1779 1362; x_wconf 90' lang='lat' dir='ltr'><strong>Dominum</strong></span> <span class='ocrx_word' id='word_1_86' title='bbox 1835 1308 1987 1363; x_wconf 85' lang='lat' dir='ltr'><strong>invo-</strong></span> 
     </span>
    </p>
   </div>
   <div class='ocr_carea' id='block_1_15' title="bbox 412 1390 1985 1463">
    <p class='ocr_par' dir='ltr' id='par_1_15' title="bbox 412 1390 1985 1463">
     <span class='ocr_line' id='line_1_15' title="bbox 412 1390 1985 1463; baseline 0.009 -22"><span class='ocrx_word' id='word_1_87' title='bbox 412 1390 578 1451; x_wconf 87' lang='lat' dir='ltr'><strong>cavit.</strong></span> <span class='ocrx_word' id='word_1_88' title='bbox 609 1405 719 1461; x_wconf 88' lang='lat' dir='ltr'><strong>quo</strong></span> <span class='ocrx_word' id='word_1_89' title='bbox 772 1391 827 1447; x_wconf 89' lang='lat' dir='ltr'><strong>in</strong></span> <span class='ocrx_word' id='word_1_90' title='bbox 877 1393 1029 1463; x_wconf 86' lang='lat' dir='ltr'><strong>ipsos</strong></span> <span class='ocrx_word' id='word_1_91' title='bbox 1080 1394 1317 1463; x_wconf 85' lang='lat' dir='ltr'><strong>pluviam</strong></span> <span class='ocrx_word' id='word_1_92' title='bbox 1368 1396 1731 1463; x_wconf 87' lang='lat' dir='ltr'><strong>demittente,</strong></span> <span class='ocrx_word' id='word_1_93' title='bbox 1770 1401 1985 1456; x_wconf 86' lang='lat' dir='ltr'><strong>sublata</strong></span> 
     </span>
    </p>
   </div>
   <div class='ocr_carea' id='block_1_16' title="bbox 410 1483 1985 1557">
    <p class='ocr_par' dir='ltr' id='par_1_16' title="bbox 410 1483 1985 1557">
     <span class='ocr_line' id='line_1_16' title="bbox 410 1483 1985 1557; baseline 0.005 -19"><span class='ocrx_word' id='word_1_94' title='bbox 410 1491 499 1538; x_wconf 76' lang='lat' dir='ltr'><strong>est</strong></span> <span class='ocrx_word' id='word_1_95' title='bbox 525 1484 721 1550; x_wconf 79' lang='lat' dir='ltr'><strong>pestis.</strong></span> <span class='ocrx_word' id='word_1_96' title='bbox 750 1483 926 1540; x_wconf 85' lang='lat' dir='ltr'><strong>lzebei</strong></span> <span class='ocrx_word' id='word_1_97' title='bbox 980 1498 1183 1549; x_wconf 86' lang='lat' dir='ltr'><strong>autem,</strong></span> <span class='ocrx_word' id='word_1_98' title='bbox 1211 1488 1383 1543; x_wconf 86' lang='lat' dir='ltr'><strong>Ahabi</strong></span> <span class='ocrx_word' id='word_1_99' title='bbox 1414 1490 1556 1557; x_wconf 76' lang='lat' dir='ltr'><strong>regis</strong></span> <span class='ocrx_word' id='word_1_100' title='bbox 1583 1492 1801 1548; x_wconf 86' lang='lat' dir='ltr'><strong>lsraciis</strong></span> <span class='ocrx_word' id='word_1_101' title='bbox 1827 1509 1985 1557; x_wconf 74' lang='lat' dir='ltr'><strong>uxor,</strong></span> 
     </span>
    </p>
   </div>
   <div class='ocr_carea' id='block_1_17' title="bbox 412 1575 1989 1648">
    <p class='ocr_par' dir='ltr' id='par_1_17' title="bbox 412 1575 1989 1648">
     <span class='ocr_line' id='line_1_17' title="bbox 412 1575 1989 1648; baseline 0.008 -22"><span class='ocrx_word' id='word_1_102' title='bbox 412 1575 603 1628; x_wconf 83' lang='lat' dir='ltr'><strong>audito</strong></span> <span class='ocrx_word' id='word_1_103' title='bbox 653 1576 783 1644; x_wconf 88' lang='lat' dir='ltr'><strong>quid</strong></span> <span class='ocrx_word' id='word_1_104' title='bbox 821 1576 1320 1647; x_wconf 68' lang='lat' dir='ltr'><strong>pseudoprophetis</strong></span> <span class='ocrx_word' id='word_1_105' title='bbox 1375 1579 1599 1635; x_wconf 72' lang='lat' dir='ltr'><strong>fecisset</strong></span> <span class='ocrx_word' id='word_1_106' title='bbox 1648 1582 1787 1648; x_wconf 83' lang='lat' dir='ltr'><strong>Elia,</strong></span> <span class='ocrx_word' id='word_1_107' title='bbox 1841 1586 1989 1639; x_wconf 82' lang='lat' dir='ltr'><strong>misit</strong></span> 
     </span>
    </p>
   </div>
   <div class='ocr_carea' id='block_1_18' title="bbox 410 1664 1985 1743">
    <p class='ocr_par' dir='ltr' id='par_1_18' title="bbox 410 1664 1985 1743">
     <span class='ocr_line' id='line_1_18' title="bbox 410 1664 1985 1743; baseline 0.006 -24"><span class='ocrx_word' id='word_1_108' title='bbox 410 1666 479 1719; x_wconf 88' lang='lat' dir='ltr'><strong>ad</strong></span> <span class='ocrx_word' id='word_1_109' title='bbox 512 1664 933 1734; x_wconf 61' lang='lat' dir='ltr'><strong>ipsum,cmdom</strong></span> <span class='ocrx_word' id='word_1_110' title='bbox 960 1668 1038 1723; x_wconf 88' lang='lat' dir='ltr'><strong>illi</strong></span> <span class='ocrx_word' id='word_1_111' title='bbox 1070 1669 1430 1726; x_wconf 88' lang='lat' dir='ltr'><strong>interminans</strong></span> <span class='ocrx_word' id='word_1_112' title='bbox 1457 1689 1472 1732; x_wconf 85' lang='lat'><strong>;</strong></span> <span class='ocrx_word' id='word_1_113' title='bbox 1507 1675 1599 1741; x_wconf 85' lang='lat' dir='ltr'><strong>qui</strong></span> <span class='ocrx_word' id='word_1_114' title='bbox 1629 1689 1762 1743; x_wconf 89' lang='lat' dir='ltr'><strong>ergo</strong></span> <span class='ocrx_word' id='word_1_115' title='bbox 1786 1677 1853 1729; x_wconf 88' lang='lat' dir='ltr'><strong>ab</strong></span> <span class='ocrx_word' id='word_1_116' title='bbox 1895 1678 1985 1732; x_wconf 76' lang='lat' dir='ltr'><strong>illa</strong></span> 
     </span>
    </p>
   </div>
   <div class='ocr_carea' id='block_1_19' title="bbox 410 1758 1981 1834">
    <p class='ocr_par' dir='ltr' id='par_1_19' title="bbox 410 1758 1981 1834">
     <span class='ocr_line' id='line_1_19' title="bbox 410 1758 1981 1834; baseline 0.006 -26"><span class='ocrx_word' id='word_1_117' title='bbox 410 1767 661 1813; x_wconf 78' lang='lat' dir='ltr'><strong>ntetuens</strong></span> <span class='ocrx_word' id='word_1_118' title='bbox 680 1758 911 1830; x_wconf 84' lang='lat' dir='ltr'><strong>aufugit.</strong></span> <span class='ocrx_word' id='word_1_119' title='bbox 941 1760 1282 1816; x_wconf 88' lang='lat' dir='ltr'><strong>Occurrente</strong></span> <span class='ocrx_word' id='word_1_120' title='bbox 1306 1762 1524 1817; x_wconf 84' lang='lat' dir='ltr'><strong>interim</strong></span> <span class='ocrx_word' id='word_1_121' title='bbox 1553 1765 1654 1834; x_wconf 86' lang='lat' dir='ltr'><strong>ipsi</strong></span> <span class='ocrx_word' id='word_1_122' title='bbox 1680 1764 1862 1823; x_wconf 84' lang='lat' dir='ltr'><strong>Elisha</strong></span> <span class='ocrx_word' id='word_1_123' title='bbox 1890 1768 1981 1822; x_wconf 49' lang='lat' dir='ltr'><strong>Juv.</strong></span> 
     </span>
    </p>
   </div>
   <div class='ocr_carea' id='block_1_20' title="bbox 409 1847 1984 1925">
    <p class='ocr_par' dir='ltr' id='par_1_20' title="bbox 409 1847 1984 1925">
     <span class='ocr_line' id='line_1_20' title="bbox 409 1847 1984 1925; baseline 0.007 -25"><span class='ocrx_word' id='word_1_124' title='bbox 409 1847 663 1916; x_wconf 74' lang='lat' dir='ltr'><strong>shapbati</strong></span> <span class='ocrx_word' id='word_1_125' title='bbox 684 1848 816 1911; x_wconf 81' lang='lat' dir='ltr'><strong>lilio,</strong></span> <span class='ocrx_word' id='word_1_126' title='bbox 831 1849 924 1919; x_wconf 91' lang='lat' dir='ltr'><strong>qui</strong></span> <span class='ocrx_word' id='word_1_127' title='bbox 948 1850 1123 1905; x_wconf 84' lang='lat' dir='ltr'><strong>bobus</strong></span> <span class='ocrx_word' id='word_1_128' title='bbox 1139 1852 1253 1905; x_wconf 79' lang='lat' dir='ltr'><strong>suis</strong></span> <span class='ocrx_word' id='word_1_129' title='bbox 1269 1851 1626 1925; x_wconf 73' lang='lat'><strong>201-203</strong></span> <span class='ocrx_word' id='word_1_130' title='bbox 1642 1870 1782 1925; x_wconf 83' lang='lat' dir='ltr'><strong>quas</strong></span> <span class='ocrx_word' id='word_1_131' title='bbox 1796 1872 1984 1924; x_wconf 84' lang='lat' dir='ltr'><strong>pasce-</strong></span> 
     </span>
    </p>
   </div>
   <div class='ocr_carea' id='block_1_21' title="bbox 412 1938 1981 2017">
    <p class='ocr_par' dir='ltr' id='par_1_21' title="bbox 412 1938 1981 2017">
     <span class='ocr_line' id='line_1_21' title="bbox 412 1938 1981 2017; baseline 0.008 -26"><span class='ocrx_word' id='word_1_132' title='bbox 412 1938 506 1991; x_wconf 76' lang='lat' dir='ltr'><strong>bat</strong></span> <span class='ocrx_word' id='word_1_133' title='bbox 525 1939 750 2001; x_wconf 85' lang='lat' dir='ltr'><strong>relictis,</strong></span> <span class='ocrx_word' id='word_1_134' title='bbox 772 1941 941 1994; x_wconf 84' lang='lat' dir='ltr'><strong>Eliam</strong></span> <span class='ocrx_word' id='word_1_135' title='bbox 958 1951 1205 2006; x_wconf 88' lang='lat' dir='ltr'><strong>secutus,</strong></span> <span class='ocrx_word' id='word_1_136' title='bbox 1224 1941 1404 1999; x_wconf 83' lang='lat' dir='ltr'><strong>factus</strong></span> <span class='ocrx_word' id='word_1_137' title='bbox 1427 1954 1513 1999; x_wconf 90' lang='lat' dir='ltr'><strong>est</strong></span> <span class='ocrx_word' id='word_1_138' title='bbox 1538 1946 1636 2014; x_wconf 83' lang='lat' dir='ltr'><strong>ipsi</strong></span> <span class='ocrx_word' id='word_1_139' title='bbox 1659 1947 1981 2017; x_wconf 83' lang='lat' dir='ltr'><strong>discipulus.</strong></span> 
     </span>
    </p>
   </div>
   <div class='ocr_carea' id='block_1_22' title="bbox 484 2024 1984 2106">
    <p class='ocr_par' dir='ltr' id='par_1_22' title="bbox 484 2024 1984 2106">
     <span class='ocr_line' id='line_1_22' title="bbox 484 2024 1984 2106; baseline 0.008 -27"><span class='ocrx_word' id='word_1_140' title='bbox 484 2024 621 2081; x_wconf 79' lang='lat' dir='ltr'><strong>Tum</strong></span> <span class='ocrx_word' id='word_1_141' title='bbox 689 2029 803 2083; x_wconf 76' lang='lat' dir='ltr'><strong>Elin</strong></span> <span class='ocrx_word' id='word_1_142' title='bbox 868 2028 1081 2094; x_wconf 79' lang='lat' dir='ltr'><strong>&quot;adad,</strong></span> <span class='ocrx_word' id='word_1_143' title='bbox 1138 2030 1389 2087; x_wconf 77' lang='lat' dir='ltr'><strong>Damasci</strong></span> <span class='ocrx_word' id='word_1_144' title='bbox 1456 2047 1574 2096; x_wconf 84' lang='lat' dir='ltr'><strong>rex,</strong></span> <span class='ocrx_word' id='word_1_145' title='bbox 1636 2038 1984 2106; x_wconf 79' lang='lat' dir='ltr'><strong>congregatis</strong></span> 
     </span>
    </p>
   </div>
   <div class='ocr_carea' id='block_1_23' title="bbox 407 2120 1986 2193">
    <p class='ocr_par' dir='ltr' id='par_1_23' title="bbox 407 2120 1986 2193">
     <span class='ocr_line' id='line_1_23' title="bbox 407 2120 1986 2193; baseline 0.008 -21"><span class='ocrx_word' id='word_1_146' title='bbox 407 2120 647 2175; x_wconf 84' lang='lat' dir='ltr'><strong>subditis</strong></span> <span class='ocrx_word' id='word_1_147' title='bbox 696 2122 835 2182; x_wconf 83' lang='lat' dir='ltr'><strong>suis.</strong></span> <span class='ocrx_word' id='word_1_148' title='bbox 868 2123 1193 2192; x_wconf 82' lang='lat' dir='ltr'><strong>regibusque</strong></span> <span class='ocrx_word' id='word_1_149' title='bbox 1245 2125 1464 2193; x_wconf 76' lang='lat' dir='ltr'><strong>triginta</strong></span> <span class='ocrx_word' id='word_1_150' title='bbox 1514 2126 1729 2184; x_wconf 85' lang='lat' dir='ltr'><strong>duobus</strong></span> <span class='ocrx_word' id='word_1_151' title='bbox 1777 2131 1829 2185; x_wconf 86' lang='lat' dir='ltr'><strong>in</strong></span> <span class='ocrx_word' id='word_1_152' title='bbox 1882 2147 1986 2184; x_wconf 84' lang='lat' dir='ltr'><strong>au-</strong></span> 
     </span>
    </p>
   </div>
   <div class='ocr_carea' id='block_1_24' title="bbox 408 2213 1980 2289">
    <p class='ocr_par' dir='ltr' id='par_1_24' title="bbox 408 2213 1980 2289">
     <span class='ocr_line' id='line_1_24' title="bbox 408 2213 1980 2289; baseline 0.006 -24"><span class='ocrx_word' id='word_1_153' title='bbox 408 2213 599 2266; x_wconf 84' lang='lat' dir='ltr'><strong>xilium</strong></span> <span class='ocrx_word' id='word_1_154' title='bbox 659 2216 889 2277; x_wconf 84' lang='lat' dir='ltr'><strong>vocatis,</strong></span> <span class='ocrx_word' id='word_1_155' title='bbox 949 2231 1071 2268; x_wconf 89' lang='lat' dir='ltr'><strong>cum</strong></span> <span class='ocrx_word' id='word_1_156' title='bbox 1130 2218 1360 2286; x_wconf 77' lang='lat' dir='ltr'><strong>ingenti,</strong></span> <span class='ocrx_word' id='word_1_157' title='bbox 1422 2220 1626 2289; x_wconf 81' lang='lat' dir='ltr'><strong>quique</strong></span> <span class='ocrx_word' id='word_1_158' title='bbox 1688 2236 1980 2277; x_wconf 85' lang='lat' dir='ltr'><strong>numerum</strong></span> 
     </span>
    </p>
   </div>
   <div class='ocr_carea' id='block_1_25' title="bbox 403 2305 1970 2377">
    <p class='ocr_par' dir='ltr' id='par_1_25' title="bbox 403 2305 1970 2377">
     <span class='ocr_line' id='line_1_25' title="bbox 403 2305 1970 2377; baseline 0.008 -21"><span class='ocrx_word' id='word_1_159' title='bbox 403 2305 721 2367; x_wconf 67' lang='lat' dir='ltr'><strong>excederet.</strong></span> <span class='ocrx_word' id='word_1_160' title='bbox 760 2310 999 2362; x_wconf 78' lang='lat' dir='ltr'><strong>exercitu</strong></span> <span class='ocrx_word' id='word_1_161' title='bbox 1037 2308 1311 2376; x_wconf 81' lang='lat' dir='ltr'><strong>profectus</strong></span> <span class='ocrx_word' id='word_1_162' title='bbox 1333 2319 1387 2363; x_wconf 85' lang='lat' dir='ltr'><strong>et</strong></span> <span class='ocrx_word' id='word_1_163' title='bbox 1436 2312 1720 2366; x_wconf 66' lang='lat' dir='ltr'><strong>{Libelitt&#39;ll</strong></span> <span class='ocrx_word' id='word_1_164' title='bbox 1757 2314 1970 2377; x_wconf 75' lang='lat' dir='ltr'><strong>Ahabo,</strong></span> 
     </span>
    </p>
   </div>
   <div class='ocr_carea' id='block_1_26' title="bbox 407 2396 1979 2471">
    <p class='ocr_par' dir='ltr' id='par_1_26' title="bbox 407 2396 1979 2471">
     <span class='ocr_line' id='line_1_26' title="bbox 407 2396 1979 2471; baseline 0.005 -20"><span class='ocrx_word' id='word_1_165' title='bbox 407 2396 630 2454; x_wconf 80' lang='lat' dir='ltr'><strong>lsraeiis</strong></span> <span class='ocrx_word' id='word_1_166' title='bbox 667 2401 802 2468; x_wconf 79' lang='lat' dir='ltr'><strong>regi,</strong></span> <span class='ocrx_word' id='word_1_167' title='bbox 847 2399 1195 2455; x_wconf 77' lang='lat' dir='ltr'><strong>inferendum</strong></span> <span class='ocrx_word' id='word_1_168' title='bbox 1231 2417 1511 2471; x_wconf 82' lang='lat' dir='ltr'><strong>egressus,</strong></span> <span class='ocrx_word' id='word_1_169' title='bbox 1566 2406 1713 2459; x_wconf 86' lang='lat' dir='ltr'><strong>misit</strong></span> <span class='ocrx_word' id='word_1_170' title='bbox 1755 2405 1821 2459; x_wconf 88' lang='lat' dir='ltr'><strong>ad</strong></span> <span class='ocrx_word' id='word_1_171' title='bbox 1853 2423 1979 2460; x_wconf 87' lang='lat' dir='ltr'><strong>eum</strong></span> 
     </span>
    </p>
   </div>
   <div class='ocr_carea' id='block_1_27' title="bbox 406 2488 1978 2565">
    <p class='ocr_par' dir='ltr' id='par_1_27' title="bbox 406 2488 1978 2565">
     <span class='ocr_line' id='line_1_27' title="bbox 406 2488 1978 2565; baseline 0.008 -26"><span class='ocrx_word' id='word_1_172' title='bbox 406 2488 669 2560; x_wconf 64' lang='lat' dir='ltr'><strong>[dicens]</strong></span> <span class='ocrx_word' id='word_1_173' title='bbox 706 2506 723 2541; x_wconf 87' lang='lat'><strong>:</strong></span> <span class='ocrx_word' id='word_1_174' title='bbox 754 2489 1029 2559; x_wconf 82' lang='lat' dir='ltr'><strong>Quidquid</strong></span> <span class='ocrx_word' id='word_1_175' title='bbox 1069 2493 1322 2561; x_wconf 63' lang='lat' dir='ltr'><strong>possides</strong></span> <span class='ocrx_word' id='word_1_176' title='bbox 1377 2497 1492 2548; x_wconf 86' lang='lat' dir='ltr'><strong>auri</strong></span> <span class='ocrx_word' id='word_1_177' title='bbox 1549 2504 1714 2565; x_wconf 84' lang='lat' dir='ltr'><strong>atque</strong></span> <span class='ocrx_word' id='word_1_178' title='bbox 1767 2498 1978 2565; x_wconf 89' lang='lat' dir='ltr'><strong>argenti</strong></span> 
     </span>
    </p>
   </div>
   <div class='ocr_carea' id='block_1_28' title="bbox 406 2582 1978 2652">
    <p class='ocr_par' dir='ltr' id='par_1_28' title="bbox 406 2582 1978 2652">
     <span class='ocr_line' id='line_1_28' title="bbox 406 2582 1978 2652; baseline 0.008 -21"><span class='ocrx_word' id='word_1_179' title='bbox 406 2595 588 2633; x_wconf 85' lang='lat' dir='ltr'><strong>meum</strong></span> <span class='ocrx_word' id='word_1_180' title='bbox 612 2592 714 2634; x_wconf 84' lang='lat' dir='ltr'><strong>est.</strong></span> <span class='ocrx_word' id='word_1_181' title='bbox 750 2584 896 2635; x_wconf 84' lang='lat' dir='ltr'><strong>servi</strong></span> <span class='ocrx_word' id='word_1_182' title='bbox 928 2582 1092 2636; x_wconf 65' lang='lat' dir='ltr'><strong>etiam</strong></span> <span class='ocrx_word' id='word_1_183' title='bbox 1129 2584 1233 2648; x_wconf 89' lang='lat' dir='ltr'><strong>tui,</strong></span> <span class='ocrx_word' id='word_1_184' title='bbox 1262 2586 1583 2648; x_wconf 65' lang='lat' dir='ltr'><strong>aneiliaaqne</strong></span> <span class='ocrx_word' id='word_1_185' title='bbox 1604 2601 1668 2639; x_wconf 84' lang='lat' dir='ltr'><strong>ac</strong></span> <span class='ocrx_word' id='word_1_186' title='bbox 1702 2588 1978 2652; x_wconf 80' lang='lat' dir='ltr'><strong>mulieres,</strong></span> 
     </span>
    </p>
   </div>
   <div class='ocr_carea' id='block_1_29' title="bbox 406 2671 1981 2748">
    <p class='ocr_par' dir='ltr' id='par_1_29' title="bbox 406 2671 1981 2748">
     <span class='ocr_line' id='line_1_29' title="bbox 406 2671 1981 2748; baseline 0.009 -28"><span class='ocrx_word' id='word_1_187' title='bbox 406 2678 587 2723; x_wconf 83' lang='lat' dir='ltr'><strong>totum</strong></span> <span class='ocrx_word' id='word_1_188' title='bbox 629 2671 774 2740; x_wconf 85' lang='lat' dir='ltr'><strong>quod</strong></span> <span class='ocrx_word' id='word_1_189' title='bbox 807 2674 1054 2742; x_wconf 79' lang='lat' dir='ltr'><strong>possides</strong></span> <span class='ocrx_word' id='word_1_190' title='bbox 1088 2690 1269 2729; x_wconf 85' lang='lat' dir='ltr'><strong>meum</strong></span> <span class='ocrx_word' id='word_1_191' title='bbox 1308 2688 1414 2730; x_wconf 89' lang='lat' dir='ltr'><strong>est.</strong></span> <span class='ocrx_word' id='word_1_192' title='bbox 1463 2676 1711 2733; x_wconf 75' lang='lat' dir='ltr'><strong>Metuens</strong></span> <span class='ocrx_word' id='word_1_193' title='bbox 1759 2696 1885 2748; x_wconf 80' lang='lat' dir='ltr'><strong>ergo</strong></span> <span class='ocrx_word' id='word_1_194' title='bbox 1912 2681 1981 2734; x_wconf 88' lang='lat' dir='ltr'><strong>ab</strong></span> 
     </span>
    </p>
   </div>
   <div class='ocr_carea' id='block_1_30' title="bbox 405 2760 1982 2833">
    <p class='ocr_par' dir='ltr' id='par_1_30' title="bbox 405 2760 1982 2833">
     <span class='ocr_line' id='line_1_30' title="bbox 405 2760 1982 2833; baseline 0.007 -21"><span class='ocrx_word' id='word_1_195' title='bbox 405 2760 528 2829; x_wconf 74' lang='lat' dir='ltr'><strong>ipSn</strong></span> <span class='ocrx_word' id='word_1_196' title='bbox 567 2762 724 2816; x_wconf 80' lang='lat' dir='ltr'><strong>Ahab</strong></span> <span class='ocrx_word' id='word_1_197' title='bbox 772 2771 943 2818; x_wconf 88' lang='lat' dir='ltr'><strong>totum</strong></span> <span class='ocrx_word' id='word_1_198' title='bbox 975 2765 1119 2832; x_wconf 89' lang='lat' dir='ltr'><strong>quod</strong></span> <span class='ocrx_word' id='word_1_199' title='bbox 1153 2766 1454 2833; x_wconf 79' lang='lat' dir='ltr'><strong>postulavit</strong></span> <span class='ocrx_word' id='word_1_200' title='bbox 1499 2767 1573 2820; x_wconf 92' lang='lat' dir='ltr'><strong>illi</strong></span> <span class='ocrx_word' id='word_1_201' title='bbox 1627 2772 1841 2825; x_wconf 81' lang='lat' dir='ltr'><strong>annuit.</strong></span> <span class='ocrx_word' id='word_1_202' title='bbox 1890 2768 1982 2823; x_wconf 85' lang='lat' dir='ltr'><strong>ln-</strong></span> 
     </span>
    </p>
   </div>
   <div class='ocr_carea' id='block_1_31' title="bbox 412 2854 1981 2928">
    <p class='ocr_par' dir='ltr' id='par_1_31' title="bbox 412 2854 1981 2928">
     <span class='ocr_line' id='line_1_31' title="bbox 412 2854 1981 2928; baseline 0.009 -28"><span class='ocrx_word' id='word_1_203' title='bbox 412 2861 560 2904; x_wconf 85' lang='lat' dir='ltr'><strong>terea</strong></span> <span class='ocrx_word' id='word_1_204' title='bbox 599 2864 784 2908; x_wconf 85' lang='lat' dir='ltr'><strong>autem</strong></span> <span class='ocrx_word' id='word_1_205' title='bbox 817 2855 944 2909; x_wconf 88' lang='lat' dir='ltr'><strong>dum</strong></span> <span class='ocrx_word' id='word_1_206' title='bbox 997 2854 1141 2909; x_wconf 90' lang='lat' dir='ltr'><strong>inter</strong></span> <span class='ocrx_word' id='word_1_207' title='bbox 1176 2855 1328 2925; x_wconf 84' lang='lat' dir='ltr'><strong>ipsos</strong></span> <span class='ocrx_word' id='word_1_208' title='bbox 1367 2857 1515 2911; x_wconf 88' lang='lat' dir='ltr'><strong>ultro</strong></span> <span class='ocrx_word' id='word_1_209' title='bbox 1567 2860 1812 2928; x_wconf 85' lang='lat' dir='ltr'><strong>citroque</strong></span> <span class='ocrx_word' id='word_1_210' title='bbox 1849 2876 1981 2914; x_wconf 87' lang='lat' dir='ltr'><strong>cur-</strong></span> 
     </span>
    </p>
   </div>
   <div class='ocr_carea' id='block_1_32' title="bbox 404 2941 1980 3016">
    <p class='ocr_par' dir='ltr' id='par_1_32' title="bbox 404 2941 1980 3016">
     <span class='ocr_line' id='line_1_32' title="bbox 404 2941 1980 3016; baseline 0.007 -21"><span class='ocrx_word' id='word_1_211' title='bbox 404 2941 641 2996; x_wconf 85' lang='lat' dir='ltr'><strong>sitarent</strong></span> <span class='ocrx_word' id='word_1_212' title='bbox 671 2943 856 3012; x_wconf 81' lang='lat' dir='ltr'><strong>legati,</strong></span> <span class='ocrx_word' id='word_1_213' title='bbox 914 2959 1045 3001; x_wconf 88' lang='lat' dir='ltr'><strong>ecce</strong></span> <span class='ocrx_word' id='word_1_214' title='bbox 1103 2948 1311 3013; x_wconf 83' lang='lat' dir='ltr'><strong>egressi</strong></span> <span class='ocrx_word' id='word_1_215' title='bbox 1348 2949 1499 3016; x_wconf 86' lang='lat' dir='ltr'><strong>pueri</strong></span> <span class='ocrx_word' id='word_1_216' title='bbox 1538 2951 1759 3016; x_wconf 87' lang='lat' dir='ltr'><strong>quidam</strong></span> <span class='ocrx_word' id='word_1_217' title='bbox 1790 2965 1820 3005; x_wconf 90' lang='lat' dir='ltr'><strong>e</strong></span> <span class='ocrx_word' id='word_1_218' title='bbox 1854 2951 1980 3006; x_wconf 73' lang='lat' dir='ltr'><strong>[iliis</strong></span> 
     </span>
    </p>
   </div>
   <div class='ocr_carea' id='block_1_33' title="bbox 2100 476 3661 547">
    <p class='ocr_par' dir='ltr' id='par_1_33' title="bbox 2100 476 3661 547">
     <span class='ocr_line' id='line_1_33' title="bbox 2100 476 3661 547; baseline 0.002 -17"><span class='ocrx_word' id='word_1_219' title='bbox 2100 477 2328 531; x_wconf 81' lang='lat' dir='ltr'><strong>Ramoth</strong></span> <span class='ocrx_word' id='word_1_220' title='bbox 2374 477 2585 542; x_wconf 75' lang='lat' dir='ltr'><strong>Giieaoi,</strong></span> <span class='ocrx_word' id='word_1_221' title='bbox 2618 495 2737 547; x_wconf 80' lang='lat' dir='ltr'><strong>quze</strong></span> <span class='ocrx_word' id='word_1_222' title='bbox 2800 489 2981 531; x_wconf 89' lang='lat' dir='ltr'><strong>nostra</strong></span> <span class='ocrx_word' id='word_1_223' title='bbox 3023 476 3148 543; x_wconf 91' lang='lat' dir='ltr'><strong>fuit,</strong></span> <span class='ocrx_word' id='word_1_224' title='bbox 3209 478 3439 532; x_wconf 76' lang='lat' dir='ltr'><strong>abstulit</strong></span> <span class='ocrx_word' id='word_1_225' title='bbox 3503 480 3661 533; x_wconf 83' lang='lat' dir='ltr'><strong>nobis</strong></span> 
     </span>
    </p>
   </div>
   <div class='ocr_carea' id='block_1_34' title="bbox 2097 569 3658 639">
    <p class='ocr_par' dir='ltr' id='par_1_34' title="bbox 2097 569 3658 639">
     <span class='ocr_line' id='line_1_34' title="bbox 2097 569 3658 639; baseline 0.002 -16"><span class='ocrx_word' id='word_1_226' title='bbox 2097 586 2186 624; x_wconf 87' lang='lat' dir='ltr'><strong>rex</strong></span> <span class='ocrx_word' id='word_1_227' title='bbox 2219 570 2413 639; x_wconf 55' lang='lat' dir='ltr'><strong>Syria’,</strong></span> <span class='ocrx_word' id='word_1_228' title='bbox 2441 586 2469 622; x_wconf 88' lang='lat' dir='ltr'><strong>a</strong></span> <span class='ocrx_word' id='word_1_229' title='bbox 2503 587 2634 638; x_wconf 85' lang='lat' dir='ltr'><strong>quo,</strong></span> <span class='ocrx_word' id='word_1_230' title='bbox 2675 570 2720 624; x_wconf 87' lang='lat' dir='ltr'><strong>si</strong></span> <span class='ocrx_word' id='word_1_231' title='bbox 2756 581 2810 624; x_wconf 93' lang='lat' dir='ltr'><strong>tu</strong></span> <span class='ocrx_word' id='word_1_232' title='bbox 2835 570 2949 639; x_wconf 81' lang='lat' dir='ltr'><strong>ipse</strong></span> <span class='ocrx_word' id='word_1_233' title='bbox 2978 569 3109 621; x_wconf 87' lang='lat' dir='ltr'><strong>mihi</strong></span> <span class='ocrx_word' id='word_1_234' title='bbox 3153 569 3418 623; x_wconf 68' lang='lat' dir='ltr'><strong>auxilium</strong></span> <span class='ocrx_word' id='word_1_235' title='bbox 3447 570 3658 635; x_wconf 87' lang='lat' dir='ltr'><strong>tuleris,</strong></span> 
     </span>
    </p>
   </div>
   <div class='ocr_carea' id='block_1_35' title="bbox 2096 660 3661 730">
    <p class='ocr_par' dir='ltr' id='par_1_35' title="bbox 2096 660 3661 730">
     <span class='ocr_line' id='line_1_35' title="bbox 2096 660 3661 730; baseline 0.001 -15"><span class='ocrx_word' id='word_1_236' title='bbox 2096 663 2240 717; x_wconf 82' lang='lat' dir='ltr'><strong>illam</strong></span> <span class='ocrx_word' id='word_1_237' title='bbox 2278 661 2494 716; x_wconf 83' lang='lat' dir='ltr'><strong>auferre</strong></span> <span class='ocrx_word' id='word_1_238' title='bbox 2536 663 2853 729; x_wconf 73' lang='lat' dir='ltr'><strong>poterimus.</strong></span> <span class='ocrx_word' id='word_1_239' title='bbox 2906 665 3194 715; x_wconf 80' lang='lat' dir='ltr'><strong>Anuuente</strong></span> <span class='ocrx_word' id='word_1_240' title='bbox 3242 660 3577 730; x_wconf 82' lang='lat' dir='ltr'><strong>Joshaphato</strong></span> <span class='ocrx_word' id='word_1_241' title='bbox 3613 664 3661 717; x_wconf 86' lang='lat' dir='ltr'><strong>ei</strong></span> 
     </span>
    </p>
   </div>
   <div class='ocr_carea' id='block_1_36' title="bbox 2093 753 3659 825">
    <p class='ocr_par' dir='ltr' id='par_1_36' title="bbox 2093 753 3659 825">
     <span class='ocr_line' id='line_1_36' title="bbox 2093 753 3659 825; baseline 0 -18"><span class='ocrx_word' id='word_1_242' title='bbox 2093 756 2238 825; x_wconf 89' lang='lat' dir='ltr'><strong>quod</strong></span> <span class='ocrx_word' id='word_1_243' title='bbox 2288 754 2463 823; x_wconf 79' lang='lat' dir='ltr'><strong>petiit,</strong></span> <span class='ocrx_word' id='word_1_244' title='bbox 2514 755 2758 808; x_wconf 78' lang='lat' dir='ltr'><strong>collectis</strong></span> <span class='ocrx_word' id='word_1_245' title='bbox 2822 755 2958 808; x_wconf 82' lang='lat' dir='ltr'><strong>viris</strong></span> <span class='ocrx_word' id='word_1_246' title='bbox 3006 756 3118 807; x_wconf 86' lang='lat' dir='ltr'><strong>suis</strong></span> <span class='ocrx_word' id='word_1_247' title='bbox 3191 753 3421 807; x_wconf 74' lang='lat' dir='ltr'><strong>liamoth</strong></span> <span class='ocrx_word' id='word_1_248' title='bbox 3471 755 3659 809; x_wconf 84' lang='lat' dir='ltr'><strong>Gilead</strong></span> 
     </span>
    </p>
   </div>
   <div class='ocr_carea' id='block_1_37' title="bbox 2093 845 3659 917">
    <p class='ocr_par' dir='ltr' id='par_1_37' title="bbox 2093 845 3659 917">
     <span class='ocr_line' id='line_1_37' title="bbox 2093 845 3659 917; baseline -0.001 -18"><span class='ocrx_word' id='word_1_249' title='bbox 2093 846 2321 917; x_wconf 88' lang='lat' dir='ltr'><strong>profecti</strong></span> <span class='ocrx_word' id='word_1_250' title='bbox 2355 856 2504 901; x_wconf 88' lang='lat' dir='ltr'><strong>sunt.</strong></span> <span class='ocrx_word' id='word_1_251' title='bbox 2536 845 2656 912; x_wconf 83' lang='lat' dir='ltr'><strong>Quo</strong></span> <span class='ocrx_word' id='word_1_252' title='bbox 2713 846 2897 900; x_wconf 82' lang='lat' dir='ltr'><strong>audito</strong></span> <span class='ocrx_word' id='word_1_253' title='bbox 2945 861 3037 900; x_wconf 86' lang='lat' dir='ltr'><strong>rex</strong></span> <span class='ocrx_word' id='word_1_254' title='bbox 3101 845 3271 915; x_wconf 67' lang='lat' dir='ltr'><strong>Syriae</strong></span> <span class='ocrx_word' id='word_1_255' title='bbox 3323 849 3440 902; x_wconf 73' lang='grc' dir='ltr'><strong>ενιίε</strong></span> <span class='ocrx_word' id='word_1_256' title='bbox 3498 850 3659 899; x_wconf 85' lang='lat' dir='ltr'><strong>etiam</strong></span> 
     </span>
    </p>
   </div>
   <div class='ocr_carea' id='block_1_38' title="bbox 2091 936 3662 1009">
    <p class='ocr_par' dir='ltr' id='par_1_38' title="bbox 2091 936 3662 1009">
     <span class='ocr_line' id='line_1_38' title="bbox 2091 936 3662 1009; baseline -0.001 -16"><span class='ocrx_word' id='word_1_257' title='bbox 2091 941 2437 1009; x_wconf 82' lang='lat' dir='ltr'><strong>congregatis</strong></span> <span class='ocrx_word' id='word_1_258' title='bbox 2458 939 2523 991; x_wconf 84' lang='lat' dir='ltr'><strong>ad</strong></span> <span class='ocrx_word' id='word_1_259' title='bbox 2579 940 2731 1008; x_wconf 73' lang='lat' dir='ltr'><strong>ipsos</strong></span> <span class='ocrx_word' id='word_1_260' title='bbox 2765 954 3021 1008; x_wconf 80' lang='lat' dir='ltr'><strong>egressus</strong></span> <span class='ocrx_word' id='word_1_261' title='bbox 3053 949 3158 993; x_wconf 88' lang='lat' dir='ltr'><strong>est.</strong></span> <span class='ocrx_word' id='word_1_262' title='bbox 3209 938 3353 992; x_wconf 89' lang='lat' dir='ltr'><strong>Dixit</strong></span> <span class='ocrx_word' id='word_1_263' title='bbox 3394 953 3526 1009; x_wconf 81' lang='lat' dir='ltr'><strong>ergo</strong></span> <span class='ocrx_word' id='word_1_264' title='bbox 3564 936 3662 991; x_wconf 78' lang='lat' dir='ltr'><strong>Jo-</strong></span> 
     </span>
    </p>
   </div>
   <div class='ocr_carea' id='block_1_39' title="bbox 2092 1031 3663 1101">
    <p class='ocr_par' dir='ltr' id='par_1_39' title="bbox 2092 1031 3663 1101">
     <span class='ocr_line' id='line_1_39' title="bbox 2092 1031 3663 1101; baseline -0.002 -14"><span class='ocrx_word' id='word_1_265' title='bbox 2092 1034 2363 1101; x_wconf 82' lang='lat' dir='ltr'><strong>shaphato</strong></span> <span class='ocrx_word' id='word_1_266' title='bbox 2414 1032 2567 1085; x_wconf 81' lang='lat' dir='ltr'><strong>Ahab</strong></span> <span class='ocrx_word' id='word_1_267' title='bbox 2605 1049 2619 1085; x_wconf 91' lang='lat'><strong>:</strong></span> <span class='ocrx_word' id='word_1_268' title='bbox 2667 1031 2888 1086; x_wconf 74' lang='lat' dir='ltr'><strong>Mutatis</strong></span> <span class='ocrx_word' id='word_1_269' title='bbox 2931 1033 3273 1087; x_wconf 70' lang='lat' dir='ltr'><strong>ornamentis</strong></span> <span class='ocrx_word' id='word_1_270' title='bbox 3317 1032 3429 1086; x_wconf 88' lang='lat' dir='ltr'><strong>tuis</strong></span> <span class='ocrx_word' id='word_1_271' title='bbox 3484 1040 3663 1087; x_wconf 82' lang='lat' dir='ltr'><strong>vestes</strong></span> 
     </span>
    </p>
   </div>
   <div class='ocr_carea' id='block_1_40' title="bbox 2095 1123 3663 1194">
    <p class='ocr_par' dir='ltr' id='par_1_40' title="bbox 2095 1123 3663 1194">
     <span class='ocr_line' id='line_1_40' title="bbox 2095 1123 3663 1194; baseline -0.003 -15"><span class='ocrx_word' id='word_1_272' title='bbox 2095 1138 2247 1179; x_wconf 86' lang='lat' dir='ltr'><strong>meas</strong></span> <span class='ocrx_word' id='word_1_273' title='bbox 2297 1124 2493 1178; x_wconf 86' lang='lat' dir='ltr'><strong>induas</strong></span> <span class='ocrx_word' id='word_1_274' title='bbox 2547 1139 2618 1178; x_wconf 86' lang='lat' dir='ltr'><strong>ne</strong></span> <span class='ocrx_word' id='word_1_275' title='bbox 2668 1125 2721 1177; x_wconf 89' lang='lat' dir='ltr'><strong>in</strong></span> <span class='ocrx_word' id='word_1_276' title='bbox 2761 1126 2947 1193; x_wconf 69' lang='grc' dir='ltr'><strong>ρτίιιιῑο</strong></span> <span class='ocrx_word' id='word_1_277' title='bbox 2975 1124 3339 1194; x_wconf 73' lang='lat' dir='ltr'><strong>dignoscaris.</strong></span> <span class='ocrx_word' id='word_1_278' title='bbox 3396 1123 3550 1190; x_wconf 80' lang='lat' dir='ltr'><strong>Quod</strong></span> <span class='ocrx_word' id='word_1_279' title='bbox 3608 1133 3663 1175; x_wconf 82' lang='lat' dir='ltr'><strong>ct</strong></span> 
     </span>
    </p>
   </div>
   <div class='ocr_carea' id='block_1_41' title="bbox 2093 1212 3659 1285">
    <p class='ocr_par' dir='ltr' id='par_1_41' title="bbox 2093 1212 3659 1285">
     <span class='ocr_line' id='line_1_41' title="bbox 2093 1212 3659 1285; baseline -0.004 -15"><span class='ocrx_word' id='word_1_280' title='bbox 2093 1215 2242 1271; x_wconf 87' lang='lat' dir='ltr'><strong>fecit.</strong></span> <span class='ocrx_word' id='word_1_281' title='bbox 2283 1212 2395 1269; x_wconf 82' lang='lat' dir='ltr'><strong>Rex</strong></span> <span class='ocrx_word' id='word_1_282' title='bbox 2434 1223 2615 1269; x_wconf 87' lang='lat' dir='ltr'><strong>autem</strong></span> <span class='ocrx_word' id='word_1_283' title='bbox 2647 1215 2820 1285; x_wconf 67' lang='lat' dir='ltr'><strong>Syria:</strong></span> <span class='ocrx_word' id='word_1_284' title='bbox 2864 1214 2983 1268; x_wconf 81' lang='lat' dir='ltr'><strong>suis</strong></span> <span class='ocrx_word' id='word_1_285' title='bbox 3026 1223 3083 1266; x_wconf 90' lang='lat' dir='ltr'><strong>ut</strong></span> <span class='ocrx_word' id='word_1_286' title='bbox 3121 1230 3303 1284; x_wconf 84' lang='lat' dir='ltr'><strong>regem</strong></span> <span class='ocrx_word' id='word_1_287' title='bbox 3357 1213 3576 1268; x_wconf 76' lang='lat' dir='ltr'><strong>lsraelis</strong></span> <span class='ocrx_word' id='word_1_288' title='bbox 3607 1213 3659 1264; x_wconf 88' lang='lat' dir='ltr'><strong>in</strong></span> 
     </span>
    </p>
   </div>
   <div class='ocr_carea' id='block_1_42' title="bbox 2093 1304 3663 1378">
    <p class='ocr_par' dir='ltr' id='par_1_42' title="bbox 2093 1304 3663 1378">
     <span class='ocr_line' id='line_1_42' title="bbox 2093 1304 3663 1378; baseline -0.001 -20"><span class='ocrx_word' id='word_1_289' title='bbox 2093 1307 2277 1378; x_wconf 84' lang='lat' dir='ltr'><strong>pra-lio</strong></span> <span class='ocrx_word' id='word_1_290' title='bbox 2331 1315 2579 1376; x_wconf 90' lang='lat' dir='ltr'><strong>peterent</strong></span> <span class='ocrx_word' id='word_1_291' title='bbox 2646 1307 2990 1376; x_wconf 73' lang='lat' dir='ltr'><strong>pmcipiens,</strong></span> <span class='ocrx_word' id='word_1_292' title='bbox 3035 1305 3172 1373; x_wconf 83' lang='lat' dir='ltr'><strong>ipsis</strong></span> <span class='ocrx_word' id='word_1_293' title='bbox 3231 1308 3489 1359; x_wconf 86' lang='lat' dir='ltr'><strong>vestitum</strong></span> <span class='ocrx_word' id='word_1_294' title='bbox 3540 1304 3663 1374; x_wconf 80' lang='lat' dir='ltr'><strong>ejus</strong></span> 
     </span>
    </p>
   </div>
   <div class='ocr_carea' id='block_1_43' title="bbox 2089 1397 3663 1468">
    <p class='ocr_par' dir='ltr' id='par_1_43' title="bbox 2089 1397 3663 1468">
     <span class='ocr_line' id='line_1_43' title="bbox 2089 1397 3663 1468; baseline -0.001 -17"><span class='ocrx_word' id='word_1_295' title='bbox 2089 1400 2476 1467; x_wconf 79' lang='lat' dir='ltr'><strong>descripserat.</strong></span> <span class='ocrx_word' id='word_1_296' title='bbox 2533 1399 2614 1454; x_wconf 89' lang='lat' dir='ltr'><strong>illi</strong></span> <span class='ocrx_word' id='word_1_297' title='bbox 2659 1401 3159 1468; x_wconf 78' lang='lat' dir='ltr'><strong>ergn,couspeetls</strong></span> <span class='ocrx_word' id='word_1_298' title='bbox 3216 1397 3503 1465; x_wconf 83' lang='lat' dir='ltr'><strong>Josaphati</strong></span> <span class='ocrx_word' id='word_1_299' title='bbox 3572 1413 3663 1450; x_wconf 58' lang='lat' dir='ltr'><strong>ve.</strong></span> 
     </span>
    </p>
   </div>
   <div class='ocr_carea' id='block_1_44' title="bbox 2091 1488 3663 1560">
    <p class='ocr_par' dir='ltr' id='par_1_44' title="bbox 2091 1488 3663 1560">
     <span class='ocr_line' id='line_1_44' title="bbox 2091 1488 3663 1560; baseline -0.002 -15"><span class='ocrx_word' id='word_1_300' title='bbox 2091 1491 2292 1554; x_wconf 85' lang='lat' dir='ltr'><strong>stilnts,</strong></span> <span class='ocrx_word' id='word_1_301' title='bbox 2321 1492 2525 1560; x_wconf 84' lang='lat' dir='ltr'><strong>ipsum.</strong></span> <span class='ocrx_word' id='word_1_302' title='bbox 2578 1491 2850 1554; x_wconf 73' lang='lat' dir='ltr'><strong>Ahabum,</strong></span> <span class='ocrx_word' id='word_1_303' title='bbox 2900 1491 3119 1545; x_wconf 77' lang='lat' dir='ltr'><strong>Israelis</strong></span> <span class='ocrx_word' id='word_1_304' title='bbox 3169 1504 3350 1560; x_wconf 81' lang='lat' dir='ltr'><strong>regem</strong></span> <span class='ocrx_word' id='word_1_305' title='bbox 3400 1488 3530 1551; x_wconf 88' lang='lat' dir='ltr'><strong>rati,</strong></span> <span class='ocrx_word' id='word_1_306' title='bbox 3568 1504 3663 1558; x_wconf 87' lang='lat' dir='ltr'><strong>pe-</strong></span> 
     </span>
    </p>
   </div>
   <div class='ocr_carea' id='block_1_45' title="bbox 2090 1580 3665 1652">
    <p class='ocr_par' dir='ltr' id='par_1_45' title="bbox 2090 1580 3665 1652">
     <span class='ocr_line' id='line_1_45' title="bbox 2090 1580 3665 1652; baseline -0.003 -17"><span class='ocrx_word' id='word_1_307' title='bbox 2090 1590 2268 1636; x_wconf 84' lang='lat' dir='ltr'><strong>tentes</strong></span> <span class='ocrx_word' id='word_1_308' title='bbox 2284 1580 2637 1652; x_wconf 70' lang='lat' dir='ltr'><strong>205o207</strong></span> <span class='ocrx_word' id='word_1_309' title='bbox 2658 1581 3178 1647; x_wconf 73' lang='lat' dir='ltr'><strong>circumdederunt;</strong></span> <span class='ocrx_word' id='word_1_310' title='bbox 3209 1596 3347 1651; x_wconf 90' lang='lat' dir='ltr'><strong>quos</strong></span> <span class='ocrx_word' id='word_1_311' title='bbox 3374 1580 3467 1635; x_wconf 89' lang='lat' dir='ltr'><strong>ille</strong></span> <span class='ocrx_word' id='word_1_312' title='bbox 3491 1580 3665 1633; x_wconf 81' lang='lat' dir='ltr'><strong>incia-</strong></span> 
     </span>
    </p>
   </div>
   <div class='ocr_carea' id='block_1_46' title="bbox 2094 1671 3664 1743">
    <p class='ocr_par' dir='ltr' id='par_1_46' title="bbox 2094 1671 3664 1743">
     <span class='ocr_line' id='line_1_46' title="bbox 2094 1671 3664 1743; baseline 0 -20"><span class='ocrx_word' id='word_1_313' title='bbox 2094 1689 2249 1728; x_wconf 80' lang='lat' dir='ltr'><strong>nmns</strong></span> <span class='ocrx_word' id='word_1_314' title='bbox 2272 1673 2343 1728; x_wconf 82' lang='lat' dir='ltr'><strong>ab</strong></span> <span class='ocrx_word' id='word_1_315' title='bbox 2374 1674 2506 1743; x_wconf 79' lang='lat' dir='ltr'><strong>ipsis</strong></span> <span class='ocrx_word' id='word_1_316' title='bbox 2526 1674 2726 1729; x_wconf 78' lang='lat' dir='ltr'><strong>evasit.</strong></span> <span class='ocrx_word' id='word_1_317' title='bbox 2756 1673 3003 1727; x_wconf 76' lang='lat' dir='ltr'><strong>Aliabnm</strong></span> <span class='ocrx_word' id='word_1_318' title='bbox 3030 1684 3205 1726; x_wconf 84' lang='lat' dir='ltr'><strong>autem</strong></span> <span class='ocrx_word' id='word_1_319' title='bbox 3232 1686 3412 1738; x_wconf 79' lang='lat' dir='ltr'><strong>regem</strong></span> <span class='ocrx_word' id='word_1_320' title='bbox 3445 1671 3664 1725; x_wconf 72' lang='lat' dir='ltr'><strong>Israeli—</strong></span> 
     </span>
    </p>
   </div>
   <div class='ocr_carea' id='block_1_47' title="bbox 2090 1764 3664 1835">
    <p class='ocr_par' dir='ltr' id='par_1_47' title="bbox 2090 1764 3664 1835">
     <span class='ocr_line' id='line_1_47' title="bbox 2090 1764 3664 1835; baseline -0.001 -17"><span class='ocrx_word' id='word_1_321' title='bbox 2090 1767 2254 1818; x_wconf 85' lang='lat' dir='ltr'><strong>ticum</strong></span> <span class='ocrx_word' id='word_1_322' title='bbox 2277 1781 2401 1819; x_wconf 91' lang='lat' dir='ltr'><strong>cum</strong></span> <span class='ocrx_word' id='word_1_323' title='bbox 2429 1766 2791 1835; x_wconf 84' lang='lat' dir='ltr'><strong>percussisset</strong></span> <span class='ocrx_word' id='word_1_324' title='bbox 2816 1766 3033 1833; x_wconf 78' lang='lat' dir='ltr'><strong>sagitta,</strong></span> <span class='ocrx_word' id='word_1_325' title='bbox 3053 1765 3107 1816; x_wconf 91' lang='lat' dir='ltr'><strong>in</strong></span> <span class='ocrx_word' id='word_1_326' title='bbox 3126 1764 3307 1834; x_wconf 87' lang='lat' dir='ltr'><strong>fugam</strong></span> <span class='ocrx_word' id='word_1_327' title='bbox 3327 1778 3512 1818; x_wconf 84' lang='lat' dir='ltr'><strong>coram</strong></span> <span class='ocrx_word' id='word_1_328' title='bbox 3537 1780 3664 1831; x_wconf 77' lang='lat' dir='ltr'><strong>rege</strong></span> 
     </span>
    </p>
   </div>
   <div class='ocr_carea' id='block_1_48' title="bbox 2089 1853 3661 1927">
    <p class='ocr_par' dir='ltr' id='par_1_48' title="bbox 2089 1853 3661 1927">
     <span class='ocr_line' id='line_1_48' title="bbox 2089 1853 3661 1927; baseline -0.002 -17"><span class='ocrx_word' id='word_1_329' title='bbox 2089 1857 2261 1927; x_wconf 78' lang='lat' dir='ltr'><strong>Syria:</strong></span> <span class='ocrx_word' id='word_1_330' title='bbox 2290 1857 2539 1911; x_wconf 85' lang='lat' dir='ltr'><strong>conversi</strong></span> <span class='ocrx_word' id='word_1_331' title='bbox 2577 1867 2727 1920; x_wconf 90' lang='lat' dir='ltr'><strong>sunt,</strong></span> <span class='ocrx_word' id='word_1_332' title='bbox 2768 1858 3029 1911; x_wconf 88' lang='lat' dir='ltr'><strong>redeunte</strong></span> <span class='ocrx_word' id='word_1_333' title='bbox 3060 1856 3433 1927; x_wconf 77' lang='lat' dir='ltr'><strong>Hierosolyma</strong></span> <span class='ocrx_word' id='word_1_334' title='bbox 3467 1853 3661 1909; x_wconf 71' lang='lat' dir='ltr'><strong>losha-</strong></span> 
     </span>
    </p>
   </div>
   <div class='ocr_carea' id='block_1_49' title="bbox 2088 1948 3661 2018">
    <p class='ocr_par' dir='ltr' id='par_1_49' title="bbox 2088 1948 3661 2018">
     <span class='ocr_line' id='line_1_49' title="bbox 2088 1948 3661 2018; baseline -0.005 -15"><span class='ocrx_word' id='word_1_335' title='bbox 2088 1950 2274 2018; x_wconf 85' lang='lat' dir='ltr'><strong>phalo.</strong></span> <span class='ocrx_word' id='word_1_336' title='bbox 2300 1948 2611 2015; x_wconf 74' lang='lat' dir='ltr'><strong>Aliahojam</strong></span> <span class='ocrx_word' id='word_1_337' title='bbox 2636 1948 2923 2002; x_wconf 84' lang='lat' dir='ltr'><strong>vulnerato</strong></span> <span class='ocrx_word' id='word_1_338' title='bbox 2944 1950 2997 2001; x_wconf 90' lang='lat' dir='ltr'><strong>iu</strong></span> <span class='ocrx_word' id='word_1_339' title='bbox 3021 1949 3202 2001; x_wconf 81' lang='lat' dir='ltr'><strong>locum</strong></span> <span class='ocrx_word' id='word_1_340' title='bbox 3234 1963 3393 2001; x_wconf 86' lang='lat' dir='ltr'><strong>suum</strong></span> <span class='ocrx_word' id='word_1_341' title='bbox 3419 1960 3661 2003; x_wconf 84' lang='lat' dir='ltr'><strong>reverso.</strong></span> 
     </span>
    </p>
   </div>
   <div class='ocr_carea' id='block_1_50' title="bbox 2158 2036 3661 2103">
    <p class='ocr_par' dir='ltr' id='par_1_50' title="bbox 2158 2036 3661 2103">
     <span class='ocr_line' id='line_1_50' title="bbox 2158 2036 3661 2103; baseline -0.004 -11"><span class='ocrx_word' id='word_1_342' title='bbox 2158 2038 2402 2095; x_wconf 78' lang='lat' dir='ltr'><strong>Mortuus</strong></span> <span class='ocrx_word' id='word_1_343' title='bbox 2436 2048 2617 2095; x_wconf 89' lang='lat' dir='ltr'><strong>autem</strong></span> <span class='ocrx_word' id='word_1_344' title='bbox 2656 2039 2809 2093; x_wconf 80' lang='lat' dir='ltr'><strong>Ahab</strong></span> <span class='ocrx_word' id='word_1_345' title='bbox 2835 2039 3057 2093; x_wconf 86' lang='lat' dir='ltr'><strong>vulnere</strong></span> <span class='ocrx_word' id='word_1_346' title='bbox 3084 2037 3231 2103; x_wconf 81' lang='lat' dir='ltr'><strong>quod</strong></span> <span class='ocrx_word' id='word_1_347' title='bbox 3287 2038 3364 2092; x_wconf 89' lang='lat' dir='ltr'><strong>illi</strong></span> <span class='ocrx_word' id='word_1_348' title='bbox 3394 2036 3661 2091; x_wconf 82' lang='lat' dir='ltr'><strong>inllietum</strong></span> 
     </span>
    </p>
   </div>
   <div class='ocr_carea' id='block_1_51' title="bbox 2085 2127 3664 2200">
    <p class='ocr_par' dir='ltr' id='par_1_51' title="bbox 2085 2127 3664 2200">
     <span class='ocr_line' id='line_1_51' title="bbox 2085 2127 3664 2200; baseline -0.002 -18"><span class='ocrx_word' id='word_1_349' title='bbox 2085 2138 2192 2193; x_wconf 73' lang='lat' dir='ltr'><strong>est,</strong></span> <span class='ocrx_word' id='word_1_350' title='bbox 2225 2129 2487 2184; x_wconf 52' lang='lat' dir='ltr'><strong>Samaria</strong></span> <span class='ocrx_word' id='word_1_351' title='bbox 2514 2131 2764 2200; x_wconf 85' lang='lat' dir='ltr'><strong>sepultus</strong></span> <span class='ocrx_word' id='word_1_352' title='bbox 2791 2140 2896 2185; x_wconf 86' lang='lat' dir='ltr'><strong>est.</strong></span> <span class='ocrx_word' id='word_1_353' title='bbox 2928 2130 3060 2185; x_wconf 81' lang='lat' dir='ltr'><strong>Post</strong></span> <span class='ocrx_word' id='word_1_354' title='bbox 3090 2130 3269 2197; x_wconf 89' lang='lat' dir='ltr'><strong>ipsum</strong></span> <span class='ocrx_word' id='word_1_355' title='bbox 3305 2130 3360 2182; x_wconf 92' lang='lat' dir='ltr'><strong>in</strong></span> <span class='ocrx_word' id='word_1_356' title='bbox 3412 2127 3664 2194; x_wconf 58' lang='lat' dir='ltr'><strong>Samaria</strong></span> 
     </span>
    </p>
   </div>
   <div class='ocr_carea' id='block_1_52' title="bbox 2085 2220 3661 2297">
    <p class='ocr_par' dir='ltr' id='par_1_52' title="bbox 2085 2220 3661 2297">
     <span class='ocr_line' id='line_1_52' title="bbox 2085 2220 3661 2297; baseline -0.004 -20"><span class='ocrx_word' id='word_1_357' title='bbox 2085 2223 2301 2277; x_wconf 85' lang='lat' dir='ltr'><strong>duobus</strong></span> <span class='ocrx_word' id='word_1_358' title='bbox 2331 2224 2490 2277; x_wconf 88' lang='lat' dir='ltr'><strong>anuis</strong></span> <span class='ocrx_word' id='word_1_359' title='bbox 2524 2225 2772 2287; x_wconf 74' lang='lat' dir='ltr'><strong>regnavit</strong></span> <span class='ocrx_word' id='word_1_360' title='bbox 2819 2222 2964 2275; x_wconf 87' lang='lat' dir='ltr'><strong>tilins</strong></span> <span class='ocrx_word' id='word_1_361' title='bbox 3011 2222 3184 2290; x_wconf 88' lang='lat' dir='ltr'><strong>ipsius</strong></span> <span class='ocrx_word' id='word_1_362' title='bbox 3230 2222 3457 2285; x_wconf 76' lang='lat' dir='ltr'><strong>Ahazia,</strong></span> <span class='ocrx_word' id='word_1_363' title='bbox 3491 2220 3661 2297; x_wconf 59' lang='lat' dir='ltr'><strong>idque</strong></span> 
     </span>
    </p>
   </div>
   <div class='ocr_carea' id='block_1_53' title="bbox 2085 2300 3656 2382">
    <p class='ocr_par' dir='ltr' id='par_1_53' title="bbox 2085 2300 3656 2382">
     <span class='ocr_line' id='line_1_53' title="bbox 2085 2300 3656 2382; baseline 0.001 -21"><span class='ocrx_word' id='word_1_364' title='bbox 2085 2328 2230 2365; x_wconf 79' lang='lat' dir='ltr'><strong>anno</strong></span> <span class='ocrx_word' id='word_1_365' title='bbox 2261 2312 2410 2382; x_wconf 82' lang='lat' dir='ltr'><strong>regni</strong></span> <span class='ocrx_word' id='word_1_366' title='bbox 2457 2310 2777 2381; x_wconf 81' lang='lat' dir='ltr'><strong>Jushaphati</strong></span> <span class='ocrx_word' id='word_1_367' title='bbox 2851 2314 2993 2381; x_wconf 86' lang='lat' dir='ltr'><strong>regis</strong></span> <span class='ocrx_word' id='word_1_368' title='bbox 3043 2310 3199 2368; x_wconf 63' lang='lat' dir='ltr'><strong>Iuda:</strong></span> <span class='ocrx_word' id='word_1_369' title='bbox 3228 2311 3445 2367; x_wconf 78' lang='lat' dir='ltr'><strong>decimo</strong></span> <span class='ocrx_word' id='word_1_370' title='bbox 3492 2300 3656 2364; x_wconf 72' lang='lat' dir='ltr'><strong>non&quot;.</strong></span> 
     </span>
    </p>
   </div>
   <div class='ocr_carea' id='block_1_54' title="bbox 2093 2399 3662 2473">
    <p class='ocr_par' dir='ltr' id='par_1_54' title="bbox 2093 2399 3662 2473">
     <span class='ocr_line' id='line_1_54' title="bbox 2093 2399 3662 2473; baseline -0.003 -17"><span class='ocrx_word' id='word_1_371' title='bbox 2093 2401 2328 2472; x_wconf 78' lang='lat' dir='ltr'><strong>Fuitque</strong></span> <span class='ocrx_word' id='word_1_372' title='bbox 2350 2402 2694 2459; x_wconf 82' lang='lat' dir='ltr'><strong>conversatio</strong></span> <span class='ocrx_word' id='word_1_373' title='bbox 2738 2403 2912 2472; x_wconf 85' lang='lat' dir='ltr'><strong>ipsius</strong></span> <span class='ocrx_word' id='word_1_374' title='bbox 2940 2400 3212 2473; x_wconf 77' lang='lat' dir='ltr'><strong>ejusmodi</strong></span> <span class='ocrx_word' id='word_1_375' title='bbox 3240 2416 3364 2472; x_wconf 71' lang='lat' dir='ltr'><strong>qua:</strong></span> <span class='ocrx_word' id='word_1_376' title='bbox 3391 2409 3448 2456; x_wconf 86' lang='lat' dir='ltr'><strong>et</strong></span> <span class='ocrx_word' id='word_1_377' title='bbox 3492 2399 3662 2469; x_wconf 81' lang='lat' dir='ltr'><strong>patris</strong></span> 
     </span>
    </p>
   </div>
   <div class='ocr_carea' id='block_1_55' title="bbox 2084 2494 3659 2566">
    <p class='ocr_par' dir='ltr' id='par_1_55' title="bbox 2084 2494 3659 2566">
     <span class='ocr_line' id='line_1_55' title="bbox 2084 2494 3659 2566; baseline -0.004 -17"><span class='ocrx_word' id='word_1_378' title='bbox 2084 2496 2260 2565; x_wconf 82' lang='lat' dir='ltr'><strong>ipsius</strong></span> <span class='ocrx_word' id='word_1_379' title='bbox 2286 2496 2432 2566; x_wconf 88' lang='lat' dir='ltr'><strong>quod</strong></span> <span class='ocrx_word' id='word_1_380' title='bbox 2469 2496 2535 2549; x_wconf 82' lang='lat' dir='ltr'><strong>ad</strong></span> <span class='ocrx_word' id='word_1_381' title='bbox 2586 2495 2910 2565; x_wconf 84' lang='lat' dir='ltr'><strong>nequitiam.</strong></span> <span class='ocrx_word' id='word_1_382' title='bbox 2955 2503 3012 2550; x_wconf 90' lang='lat' dir='ltr'><strong>et</strong></span> <span class='ocrx_word' id='word_1_383' title='bbox 3043 2494 3342 2557; x_wconf 85' lang='lat' dir='ltr'><strong>idolorum,</strong></span> <span class='ocrx_word' id='word_1_384' title='bbox 3391 2505 3500 2549; x_wconf 86' lang='lat' dir='ltr'><strong>una</strong></span> <span class='ocrx_word' id='word_1_385' title='bbox 3534 2506 3659 2547; x_wconf 77' lang='lat' dir='ltr'><strong>cum</strong></span> 
     </span>
    </p>
   </div>
   <div class='ocr_carea' id='block_1_56' title="bbox 2088 2584 3653 2657">
    <p class='ocr_par' dir='ltr' id='par_1_56' title="bbox 2088 2584 3653 2657">
     <span class='ocr_line' id='line_1_56' title="bbox 2088 2584 3653 2657; baseline -0.006 -14"><span class='ocrx_word' id='word_1_386' title='bbox 2088 2599 2265 2646; x_wconf 83' lang='lat' dir='ltr'><strong>matre</strong></span> <span class='ocrx_word' id='word_1_387' title='bbox 2309 2589 2521 2645; x_wconf 85' lang='lat' dir='ltr'><strong>izebele</strong></span> <span class='ocrx_word' id='word_1_388' title='bbox 2568 2603 2690 2657; x_wconf 76' lang='lat' dir='ltr'><strong>qua:</strong></span> <span class='ocrx_word' id='word_1_389' title='bbox 2730 2584 3041 2641; x_wconf 82' lang='lat' dir='ltr'><strong>Nabathum</strong></span> <span class='ocrx_word' id='word_1_390' title='bbox 3071 2585 3375 2648; x_wconf 80' lang='lat' dir='ltr'><strong>occiderat,</strong></span> <span class='ocrx_word' id='word_1_391' title='bbox 3425 2584 3653 2639; x_wconf 89' lang='lat' dir='ltr'><strong>cultum.</strong></span> 
     </span>
    </p>
   </div>
   <div class='ocr_carea' id='block_1_57' title="bbox 2081 2675 3661 2749">
    <p class='ocr_par' dir='ltr' id='par_1_57' title="bbox 2081 2675 3661 2749">
     <span class='ocr_line' id='line_1_57' title="bbox 2081 2675 3661 2749; baseline -0.006 -9"><span class='ocrx_word' id='word_1_392' title='bbox 2081 2685 2217 2740; x_wconf 75' lang='lat' dir='ltr'><strong>Cum</strong></span> <span class='ocrx_word' id='word_1_393' title='bbox 2243 2694 2424 2738; x_wconf 80' lang='lat' dir='ltr'><strong>autem</strong></span> <span class='ocrx_word' id='word_1_394' title='bbox 2458 2681 2654 2737; x_wconf 87' lang='lat' dir='ltr'><strong>morbo</strong></span> <span class='ocrx_word' id='word_1_395' title='bbox 2692 2680 2841 2749; x_wconf 80' lang='lat' dir='ltr'><strong>gravi</strong></span> <span class='ocrx_word' id='word_1_396' title='bbox 2876 2678 3150 2732; x_wconf 88' lang='lat' dir='ltr'><strong>laboraret</strong></span> <span class='ocrx_word' id='word_1_397' title='bbox 3178 2675 3404 2737; x_wconf 79' lang='lat' dir='ltr'><strong>Ahazia,</strong></span> <span class='ocrx_word' id='word_1_398' title='bbox 3447 2675 3661 2731; x_wconf 85' lang='lat' dir='ltr'><strong>lsraeiis</strong></span> 
     </span>
    </p>
   </div>
   <div class='ocr_carea' id='block_1_58' title="bbox 2082 2767 3662 2843">
    <p class='ocr_par' dir='ltr' id='par_1_58' title="bbox 2082 2767 3662 2843">
     <span class='ocr_line' id='line_1_58' title="bbox 2082 2767 3662 2843; baseline -0.007 -12"><span class='ocrx_word' id='word_1_399' title='bbox 2082 2792 2201 2837; x_wconf 85' lang='lat' dir='ltr'><strong>rex,</strong></span> <span class='ocrx_word' id='word_1_400' title='bbox 2230 2776 2455 2843; x_wconf 49' lang='lat' dir='ltr'><strong>adeo.ut</strong></span> <span class='ocrx_word' id='word_1_401' title='bbox 2490 2771 2596 2827; x_wconf 85' lang='lat' dir='ltr'><strong>sibi</strong></span> <span class='ocrx_word' id='word_1_402' title='bbox 2625 2772 2863 2834; x_wconf 85' lang='lat' dir='ltr'><strong>timeret,</strong></span> <span class='ocrx_word' id='word_1_403' title='bbox 2911 2771 3164 2825; x_wconf 83' lang='lat' dir='ltr'><strong>nuntium</strong></span> <span class='ocrx_word' id='word_1_404' title='bbox 3198 2768 3351 2823; x_wconf 82' lang='lat' dir='ltr'><strong>misit</strong></span> <span class='ocrx_word' id='word_1_405' title='bbox 3378 2767 3444 2821; x_wconf 89' lang='lat' dir='ltr'><strong>ad</strong></span> <span class='ocrx_word' id='word_1_406' title='bbox 3485 2767 3662 2821; x_wconf 80' lang='lat' dir='ltr'><strong>idolo-</strong></span> 
     </span>
    </p>
   </div>
   <div class='ocr_carea' id='block_1_59' title="bbox 2082 2858 3661 2935">
    <p class='ocr_par' dir='ltr' id='par_1_59' title="bbox 2082 2858 3661 2935">
     <span class='ocr_line' id='line_1_59' title="bbox 2082 2858 3661 2935; baseline -0.007 -14"><span class='ocrx_word' id='word_1_407' title='bbox 2082 2884 2204 2922; x_wconf 89' lang='lat' dir='ltr'><strong>rum</strong></span> <span class='ocrx_word' id='word_1_408' title='bbox 2249 2867 2567 2922; x_wconf 82' lang='lat' dir='ltr'><strong>sacerdotes</strong></span> <span class='ocrx_word' id='word_1_409' title='bbox 2600 2864 2697 2935; x_wconf 90' lang='lat' dir='ltr'><strong>qui</strong></span> <span class='ocrx_word' id='word_1_410' title='bbox 2735 2864 2803 2916; x_wconf 87' lang='lat' dir='ltr'><strong>ab</strong></span> <span class='ocrx_word' id='word_1_411' title='bbox 2837 2863 2968 2921; x_wconf 85' lang='lat' dir='ltr'><strong>illis.</strong></span> <span class='ocrx_word' id='word_1_412' title='bbox 3024 2861 3217 2916; x_wconf 88' lang='lat' dir='ltr'><strong>morbo</strong></span> <span class='ocrx_word' id='word_1_413' title='bbox 3263 2875 3367 2915; x_wconf 79' lang='lat' dir='ltr'><strong>suo</strong></span> <span class='ocrx_word' id='word_1_414' title='bbox 3411 2858 3661 2915; x_wconf 80' lang='lat' dir='ltr'><strong>convali-</strong></span> 
     </span>
    </p>
   </div>
   <div class='ocr_carea' id='block_1_60' title="bbox 2082 2951 3656 3021">
    <p class='ocr_par' dir='ltr' id='par_1_60' title="bbox 2082 2951 3656 3021">
     <span class='ocr_line' id='line_1_60' title="bbox 2082 2951 3656 3021; baseline -0.009 -4"><span class='ocrx_word' id='word_1_415' title='bbox 2082 2971 2239 3017; x_wconf 84' lang='lat' dir='ltr'><strong>turns</strong></span> <span class='ocrx_word' id='word_1_416' title='bbox 2300 2966 2447 3014; x_wconf 77' lang='lat' dir='ltr'><strong>esset</strong></span> <span class='ocrx_word' id='word_1_417' title='bbox 2494 2973 2706 3021; x_wconf 82' lang='lat' dir='ltr'><strong>necne,</strong></span> <span class='ocrx_word' id='word_1_418' title='bbox 2772 2952 3227 3019; x_wconf 80' lang='lat' dir='ltr'><strong>sciscitarentur;</strong></span> <span class='ocrx_word' id='word_1_419' title='bbox 3286 2953 3374 3006; x_wconf 87' lang='lat' dir='ltr'><strong>cui</strong></span> <span class='ocrx_word' id='word_1_420' title='bbox 3440 2951 3656 3005; x_wconf 80' lang='lat' dir='ltr'><strong>obviam</strong></span> 
     </span>
    </p>
   </div>
   <div class='ocr_carea' id='block_1_61' title="bbox 402 3034 3659 3119">
    <p class='ocr_par' dir='ltr' id='par_1_61' title="bbox 402 3034 3659 3119">
     <span class='ocr_line' id='line_1_61' title="bbox 402 3034 3659 3119; baseline 0.003 -38"><span class='ocrx_word' id='word_1_421' title='bbox 402 3036 607 3087; x_wconf 85' lang='lat' dir='ltr'><strong>ducum</strong></span> <span class='ocrx_word' id='word_1_422' title='bbox 657 3034 925 3106; x_wconf 73' lang='lat' dir='ltr'><strong>Syrorum</strong></span> <span class='ocrx_word' id='word_1_423' title='bbox 962 3039 1268 3093; x_wconf 77' lang='lat' dir='ltr'><strong>exercitum</strong></span> <span class='ocrx_word' id='word_1_424' title='bbox 1303 3041 1620 3105; x_wconf 77' lang='lat' dir='ltr'><strong>circumire,</strong></span> <span class='ocrx_word' id='word_1_425' title='bbox 1668 3058 1811 3111; x_wconf 83' lang='lat' dir='ltr'><strong>quos</strong></span> <span class='ocrx_word' id='word_1_426' title='bbox 1842 3060 1947 3096; x_wconf 88' lang='lat' dir='ltr'><strong>con</strong></span> <span class='ocrx_word' id='word_1_427' title='bbox 2005 3057 2048 3110; x_wconf 68' lang='grc' dir='ltr'><strong>(ι</strong></span> <span class='ocrx_word' id='word_1_428' title='bbox 2084 3049 2259 3104; x_wconf 74' lang='lat' dir='ltr'><strong>factus</strong></span> <span class='ocrx_word' id='word_1_429' title='bbox 2292 3050 2405 3104; x_wconf 80' lang='lat' dir='ltr'><strong>Elia</strong></span> <span class='ocrx_word' id='word_1_430' title='bbox 2439 3048 2697 3119; x_wconf 78' lang='lat' dir='ltr'><strong>prapheta</strong></span> <span class='ocrx_word' id='word_1_431' title='bbox 2732 3043 2868 3100; x_wconf 86' lang='lat' dir='ltr'><strong>dixit</strong></span> <span class='ocrx_word' id='word_1_432' title='bbox 2904 3063 2918 3099; x_wconf 90' lang='lat'><strong>:</strong></span> <span class='ocrx_word' id='word_1_433' title='bbox 2957 3045 3119 3101; x_wconf 78' lang='lat' dir='ltr'><strong>Dicas</strong></span> <span class='ocrx_word' id='word_1_434' title='bbox 3158 3045 3313 3113; x_wconf 79' lang='lat' dir='ltr'><strong>regi:</strong></span> <span class='ocrx_word' id='word_1_435' title='bbox 3345 3043 3507 3098; x_wconf 85' lang='lat' dir='ltr'><strong>Certo</strong></span> <span class='ocrx_word' id='word_1_436' title='bbox 3542 3059 3659 3093; x_wconf 77' lang='lat' dir='ltr'><strong>m0-</strong></span> 
     </span>
    </p>
   </div>
   <div class='ocr_carea' id='block_1_62' title="bbox 402 3125 1981 3198">
    <p class='ocr_par' dir='ltr' id='par_1_62' title="bbox 402 3125 1981 3198">
     <span class='ocr_line' id='line_1_62' title="bbox 402 3125 1981 3198; baseline 0.009 -24"><span class='ocrx_word' id='word_1_437' title='bbox 402 3125 699 3192; x_wconf 69' lang='lat' dir='ltr'><strong>spicicntes</strong></span> <span class='ocrx_word' id='word_1_438' title='bbox 730 3127 991 3196; x_wconf 86' lang='lat' dir='ltr'><strong>Syrorum</strong></span> <span class='ocrx_word' id='word_1_439' title='bbox 1036 3130 1310 3183; x_wconf 79' lang='lat' dir='ltr'><strong>exercitus</strong></span> <span class='ocrx_word' id='word_1_440' title='bbox 1356 3131 1619 3198; x_wconf 81' lang='lat' dir='ltr'><strong>suspicati</strong></span> <span class='ocrx_word' id='word_1_441' title='bbox 1651 3144 1779 3187; x_wconf 83' lang='lat' dir='ltr'><strong>stmt</strong></span> <span class='ocrx_word' id='word_1_442' title='bbox 1811 3134 1981 3190; x_wconf 56' lang='lat' dir='ltr'><strong>israc-</strong></span> 
     </span>
    </p>
   </div>
   <div class='ocr_carea' id='block_1_63' title="bbox 403 3217 1981 3295">
    <p class='ocr_par' dir='ltr' id='par_1_63' title="bbox 403 3217 1981 3295">
     <span class='ocr_line' id='line_1_63' title="bbox 403 3217 1981 3295; baseline 0.008 -26"><span class='ocrx_word' id='word_1_443' title='bbox 403 3218 532 3270; x_wconf 88' lang='lat' dir='ltr'><strong>litas</strong></span> <span class='ocrx_word' id='word_1_444' title='bbox 568 3217 715 3283; x_wconf 89' lang='lat' dir='ltr'><strong>ipsos</strong></span> <span class='ocrx_word' id='word_1_445' title='bbox 744 3218 971 3295; x_wconf 76' lang='lat' dir='ltr'><strong>adortos</strong></span> <span class='ocrx_word' id='word_1_446' title='bbox 1003 3220 1195 3279; x_wconf 83' lang='lat' dir='ltr'><strong>fuisse.</strong></span> <span class='ocrx_word' id='word_1_447' title='bbox 1254 3219 1393 3275; x_wconf 86' lang='lat' dir='ltr'><strong>adeo</strong></span> <span class='ocrx_word' id='word_1_448' title='bbox 1419 3232 1476 3276; x_wconf 89' lang='lat' dir='ltr'><strong>ut</strong></span> <span class='ocrx_word' id='word_1_449' title='bbox 1520 3224 1571 3275; x_wconf 91' lang='lat' dir='ltr'><strong>in</strong></span> <span class='ocrx_word' id='word_1_450' title='bbox 1613 3222 1793 3295; x_wconf 76' lang='lat' dir='ltr'><strong>fugam</strong></span> <span class='ocrx_word' id='word_1_451' title='bbox 1849 3242 1981 3281; x_wconf 79' lang='lat' dir='ltr'><strong>cm:-</strong></span> 
     </span>
    </p>
   </div>
   <div class='ocr_carea' id='block_1_64' title="bbox 400 3290 1979 3381">
    <p class='ocr_par' dir='ltr' id='par_1_64' title="bbox 400 3290 1979 3381">
     <span class='ocr_line' id='line_1_64' title="bbox 400 3290 1979 3381; baseline 0.008 -22"><span class='ocrx_word' id='word_1_452' title='bbox 400 3309 549 3361; x_wconf 88' lang='lat' dir='ltr'><strong>vorsi</strong></span> <span class='ocrx_word' id='word_1_453' title='bbox 580 3309 673 3373; x_wconf 84' lang='lat' dir='ltr'><strong>alii</strong></span> <span class='ocrx_word' id='word_1_454' title='bbox 710 3290 850 3365; x_wconf 71' lang='lat' dir='ltr'><strong>alios</strong></span> <span class='ocrx_word' id='word_1_455' title='bbox 882 3310 1275 3379; x_wconf 86' lang='lat' dir='ltr'><strong>opprimerent,</strong></span> <span class='ocrx_word' id='word_1_456' title='bbox 1312 3328 1482 3381; x_wconf 85' lang='lat' dir='ltr'><strong>seque</strong></span> <span class='ocrx_word' id='word_1_457' title='bbox 1534 3326 1724 3369; x_wconf 85' lang='lat' dir='ltr'><strong>tnutuo</strong></span> <span class='ocrx_word' id='word_1_458' title='bbox 1755 3318 1979 3372; x_wconf 82' lang='lat' dir='ltr'><strong>occide-</strong></span> 
     </span>
    </p>
   </div>
   <div class='ocr_carea' id='block_1_65' title="bbox 402 3400 1978 3477">
    <p class='ocr_par' dir='ltr' id='par_1_65' title="bbox 402 3400 1978 3477">
     <span class='ocr_line' id='line_1_65' title="bbox 402 3400 1978 3477; baseline 0.005 -25"><span class='ocrx_word' id='word_1_459' title='bbox 402 3410 548 3453; x_wconf 82' lang='lat' dir='ltr'><strong>rcnt.</strong></span> <span class='ocrx_word' id='word_1_460' title='bbox 608 3400 780 3470; x_wconf 85' lang='lat' dir='ltr'><strong>Cujus</strong></span> <span class='ocrx_word' id='word_1_461' title='bbox 839 3402 916 3455; x_wconf 89' lang='lat' dir='ltr'><strong>rei</strong></span> <span class='ocrx_word' id='word_1_462' title='bbox 972 3401 1116 3457; x_wconf 84' lang='lat' dir='ltr'><strong>fama</strong></span> <span class='ocrx_word' id='word_1_463' title='bbox 1175 3417 1300 3457; x_wconf 80' lang='lat' dir='ltr'><strong>enin</strong></span> <span class='ocrx_word' id='word_1_464' title='bbox 1363 3405 1432 3458; x_wconf 90' lang='lat' dir='ltr'><strong>ad</strong></span> <span class='ocrx_word' id='word_1_465' title='bbox 1491 3405 1740 3460; x_wconf 75' lang='lat' dir='ltr'><strong>Ababum</strong></span> <span class='ocrx_word' id='word_1_466' title='bbox 1795 3422 1978 3477; x_wconf 72' lang='lat' dir='ltr'><strong>rego-ui</strong></span> 
     </span>
    </p>
   </div>
   <div class='ocr_carea' id='block_1_66' title="bbox 403 3488 1978 3565">
    <p class='ocr_par' dir='ltr' id='par_1_66' title="bbox 403 3488 1978 3565">
     <span class='ocr_line' id='line_1_66' title="bbox 403 3488 1978 3565; baseline 0.004 -21"><span class='ocrx_word' id='word_1_467' title='bbox 403 3488 629 3548; x_wconf 75' lang='lat' dir='ltr'><strong>Israelis</strong></span> <span class='ocrx_word' id='word_1_468' title='bbox 665 3495 1025 3561; x_wconf 69' lang='lat' dir='ltr'><strong>pervenisset.</strong></span> <span class='ocrx_word' id='word_1_469' title='bbox 1065 3496 1182 3565; x_wconf 89' lang='lat' dir='ltr'><strong>ipse</strong></span> <span class='ocrx_word' id='word_1_470' title='bbox 1209 3511 1334 3549; x_wconf 88' lang='lat' dir='ltr'><strong>eum</strong></span> <span class='ocrx_word' id='word_1_471' title='bbox 1376 3497 1493 3551; x_wconf 87' lang='lat' dir='ltr'><strong>suis</strong></span> <span class='ocrx_word' id='word_1_472' title='bbox 1522 3512 1620 3551; x_wconf 89' lang='lat' dir='ltr'><strong>eos</strong></span> <span class='ocrx_word' id='word_1_473' title='bbox 1672 3499 1978 3564; x_wconf 73' lang='lat' dir='ltr'><strong>insecutus,</strong></span> 
     </span>
    </p>
   </div>
   <div class='ocr_carea' id='block_1_67' title="bbox 397 3587 1979 3660">
    <p class='ocr_par' dir='ltr' id='par_1_67' title="bbox 397 3587 1979 3660">
     <span class='ocr_line' id='line_1_67' title="bbox 397 3587 1979 3660; baseline 0.006 -26"><span class='ocrx_word' id='word_1_474' title='bbox 397 3592 581 3636; x_wconf 85' lang='lat' dir='ltr'><strong>castra</strong></span> <span class='ocrx_word' id='word_1_475' title='bbox 610 3599 821 3645; x_wconf 88' lang='lat' dir='ltr'><strong>eorum,</strong></span> <span class='ocrx_word' id='word_1_476' title='bbox 855 3587 1112 3647; x_wconf 85' lang='lat' dir='ltr'><strong>tentoria,</strong></span> <span class='ocrx_word' id='word_1_477' title='bbox 1138 3587 1387 3654; x_wconf 70' lang='lat' dir='ltr'><strong>iumenta</strong></span> <span class='ocrx_word' id='word_1_478' title='bbox 1430 3596 1485 3642; x_wconf 89' lang='lat' dir='ltr'><strong>et</strong></span> <span class='ocrx_word' id='word_1_479' title='bbox 1509 3589 1786 3658; x_wconf 84' lang='lat' dir='ltr'><strong>quidquid</strong></span> <span class='ocrx_word' id='word_1_480' title='bbox 1842 3592 1979 3660; x_wconf 83' lang='lat' dir='ltr'><strong>ipsis</strong></span> 
     </span>
    </p>
   </div>
   <div class='ocr_carea' id='block_1_68' title="bbox 399 3674 1974 3744">
    <p class='ocr_par' dir='ltr' id='par_1_68' title="bbox 399 3674 1974 3744">
     <span class='ocr_line' id='line_1_68' title="bbox 399 3674 1974 3744; baseline 0.006 -18"><span class='ocrx_word' id='word_1_481' title='bbox 399 3682 573 3734; x_wconf 75' lang='lat' dir='ltr'><strong>esset,</strong></span> <span class='ocrx_word' id='word_1_482' title='bbox 602 3674 846 3743; x_wconf 86' lang='lat' dir='ltr'><strong>diripuit.</strong></span> <span class='ocrx_word' id='word_1_483' title='bbox 909 3674 1022 3729; x_wconf 89' lang='lat' dir='ltr'><strong>Ehn</strong></span> <span class='ocrx_word' id='word_1_484' title='bbox 1059 3676 1247 3729; x_wconf 86' lang='lat' dir='ltr'><strong>lladad</strong></span> <span class='ocrx_word' id='word_1_485' title='bbox 1301 3686 1485 3732; x_wconf 85' lang='lat' dir='ltr'><strong>autem</strong></span> <span class='ocrx_word' id='word_1_486' title='bbox 1549 3677 1797 3736; x_wconf 84' lang='lat' dir='ltr'><strong>Damasci</strong></span> <span class='ocrx_word' id='word_1_487' title='bbox 1857 3698 1974 3744; x_wconf 84' lang='lat' dir='ltr'><strong>rex.</strong></span> 
     </span>
    </p>
   </div>
   <div class='ocr_carea' id='block_1_69' title="bbox 399 3761 1974 3841">
    <p class='ocr_par' dir='ltr' id='par_1_69' title="bbox 399 3761 1974 3841">
     <span class='ocr_line' id='line_1_69' title="bbox 399 3761 1974 3841; baseline 0.006 -24"><span class='ocrx_word' id='word_1_488' title='bbox 399 3761 556 3817; x_wconf 76' lang='lat' dir='ltr'><strong>solus</strong></span> <span class='ocrx_word' id='word_1_489' title='bbox 586 3763 652 3817; x_wconf 86' lang='lat' dir='ltr'><strong>ad</strong></span> <span class='ocrx_word' id='word_1_490' title='bbox 705 3766 894 3817; x_wconf 88' lang='lat' dir='ltr'><strong>urbem</strong></span> <span class='ocrx_word' id='word_1_491' title='bbox 947 3764 1276 3820; x_wconf 83' lang='lat' dir='ltr'><strong>Damascum</strong></span> <span class='ocrx_word' id='word_1_492' title='bbox 1308 3769 1505 3833; x_wconf 81' lang='lat' dir='ltr'><strong>evasit,</strong></span> <span class='ocrx_word' id='word_1_493' title='bbox 1554 3769 1646 3823; x_wconf 89' lang='lat' dir='ltr'><strong>ubi</strong></span> <span class='ocrx_word' id='word_1_494' title='bbox 1689 3770 1754 3824; x_wconf 83' lang='lat' dir='ltr'><strong>ad</strong></span> <span class='ocrx_word' id='word_1_495' title='bbox 1796 3771 1974 3841; x_wconf 86' lang='lat' dir='ltr'><strong>ipsum</strong></span> 
     </span>
    </p>
   </div>
   <div class='ocr_carea' id='block_1_70' title="bbox 396 3859 1978 3932">
    <p class='ocr_par' dir='ltr' id='par_1_70' title="bbox 396 3859 1978 3932">
     <span class='ocr_line' id='line_1_70' title="bbox 396 3859 1978 3932; baseline 0.006 -24"><span class='ocrx_word' id='word_1_496' title='bbox 396 3859 713 3930; x_wconf 80' lang='lat' dir='ltr'><strong>congregati</strong></span> <span class='ocrx_word' id='word_1_497' title='bbox 747 3869 876 3912; x_wconf 83' lang='lat' dir='ltr'><strong>sunt</strong></span> <span class='ocrx_word' id='word_1_498' title='bbox 911 3875 941 3912; x_wconf 88' lang='lat' dir='ltr'><strong>e</strong></span> <span class='ocrx_word' id='word_1_499' title='bbox 966 3860 1258 3914; x_wconf 77' lang='lat' dir='ltr'><strong>rouiitibus</strong></span> <span class='ocrx_word' id='word_1_500' title='bbox 1298 3861 1419 3929; x_wconf 80' lang='lat' dir='ltr'><strong>ejus</strong></span> <span class='ocrx_word' id='word_1_501' title='bbox 1449 3862 1764 3932; x_wconf 83' lang='lat' dir='ltr'><strong>quicunque</strong></span> <span class='ocrx_word' id='word_1_502' title='bbox 1790 3878 1978 3921; x_wconf 80' lang='lat' dir='ltr'><strong>evase-</strong></span> 
     </span>
    </p>
   </div>
   <div class='ocr_carea' id='block_1_71' title="bbox 398 3947 1975 4025">
    <p class='ocr_par' dir='ltr' id='par_1_71' title="bbox 398 3947 1975 4025">
     <span class='ocr_line' id='line_1_71' title="bbox 398 3947 1975 4025; baseline 0.004 -22"><span class='ocrx_word' id='word_1_503' title='bbox 398 3958 545 4003; x_wconf 81' lang='lat' dir='ltr'><strong>rant.</strong></span> <span class='ocrx_word' id='word_1_504' title='bbox 573 3947 830 4005; x_wconf 85' lang='lat' dir='ltr'><strong>Collectis</strong></span> <span class='ocrx_word' id='word_1_505' title='bbox 856 3965 984 4019; x_wconf 81' lang='lat' dir='ltr'><strong>ergo</strong></span> <span class='ocrx_word' id='word_1_506' title='bbox 1011 3952 1189 4021; x_wconf 81' lang='lat' dir='ltr'><strong>copiis</strong></span> <span class='ocrx_word' id='word_1_507' title='bbox 1213 3968 1467 4021; x_wconf 84' lang='lat' dir='ltr'><strong>egressus</strong></span> <span class='ocrx_word' id='word_1_508' title='bbox 1497 3966 1581 4009; x_wconf 87' lang='lat' dir='ltr'><strong>est</strong></span> <span class='ocrx_word' id='word_1_509' title='bbox 1603 3955 1674 4009; x_wconf 92' lang='lat' dir='ltr'><strong>ob</strong></span> <span class='ocrx_word' id='word_1_510' title='bbox 1700 3956 1803 4010; x_wconf 85' lang='lat' dir='ltr'><strong>huc</strong></span> <span class='ocrx_word' id='word_1_511' title='bbox 1827 3956 1975 4025; x_wconf 86' lang='lat' dir='ltr'><strong>quod</strong></span> 
     </span>
    </p>
   </div>
   <div class='ocr_carea' id='block_1_72' title="bbox 398 4041 1973 4112">
    <p class='ocr_par' dir='ltr' id='par_1_72' title="bbox 398 4041 1973 4112">
     <span class='ocr_line' id='line_1_72' title="bbox 398 4041 1973 4112; baseline 0.001 -17"><span class='ocrx_word' id='word_1_512' title='bbox 398 4042 506 4095; x_wconf 69' lang='lat' dir='ltr'><strong>sibi</strong></span> <span class='ocrx_word' id='word_1_513' title='bbox 530 4041 809 4097; x_wconf 66' lang='lat' dir='ltr'><strong>ceciderat</strong></span> <span class='ocrx_word' id='word_1_514' title='bbox 856 4044 1116 4097; x_wconf 86' lang='lat' dir='ltr'><strong>ultionem</strong></span> <span class='ocrx_word' id='word_1_515' title='bbox 1148 4056 1493 4112; x_wconf 79' lang='lat' dir='ltr'><strong>sumpturus.</strong></span> <span class='ocrx_word' id='word_1_516' title='bbox 1544 4044 1771 4101; x_wconf 81' lang='lat' dir='ltr'><strong>Obviam</strong></span> <span class='ocrx_word' id='word_1_517' title='bbox 1796 4061 1973 4103; x_wconf 84' lang='lat' dir='ltr'><strong>autem</strong></span> 
     </span>
    </p>
   </div>
   <div class='ocr_carea' id='block_1_73' title="bbox 396 4133 1974 4208">
    <p class='ocr_par' dir='ltr' id='par_1_73' title="bbox 396 4133 1974 4208">
     <span class='ocr_line' id='line_1_73' title="bbox 396 4133 1974 4208; baseline 0.002 -21"><span class='ocrx_word' id='word_1_518' title='bbox 396 4133 478 4187; x_wconf 87' lang='lat' dir='ltr'><strong>illi</strong></span> <span class='ocrx_word' id='word_1_519' title='bbox 533 4133 810 4202; x_wconf 87' lang='lat' dir='ltr'><strong>profectus</strong></span> <span class='ocrx_word' id='word_1_520' title='bbox 859 4134 1035 4198; x_wconf 78' lang='lat' dir='ltr'><strong>Ahab,</strong></span> <span class='ocrx_word' id='word_1_521' title='bbox 1074 4134 1292 4189; x_wconf 74' lang='lat' dir='ltr'><strong>Israelis</strong></span> <span class='ocrx_word' id='word_1_522' title='bbox 1347 4151 1459 4195; x_wconf 77' lang='lat' dir='ltr'><strong>rex.</strong></span> <span class='ocrx_word' id='word_1_523' title='bbox 1505 4137 1625 4207; x_wconf 89' lang='lat' dir='ltr'><strong>ipso</strong></span> <span class='ocrx_word' id='word_1_524' title='bbox 1680 4137 1735 4191; x_wconf 92' lang='lat' dir='ltr'><strong>in</strong></span> <span class='ocrx_word' id='word_1_525' title='bbox 1790 4137 1974 4208; x_wconf 76' lang='lat' dir='ltr'><strong>fugam</strong></span> 
     </span>
    </p>
   </div>
   <div class='ocr_carea' id='block_1_74' title="bbox 394 4225 1977 4297">
    <p class='ocr_par' dir='ltr' id='par_1_74' title="bbox 394 4225 1977 4297">
     <span class='ocr_line' id='line_1_74' title="bbox 394 4225 1977 4297; baseline 0.006 -22"><span class='ocrx_word' id='word_1_526' title='bbox 394 4226 533 4278; x_wconf 84' lang='lat' dir='ltr'><strong>dato</strong></span> <span class='ocrx_word' id='word_1_527' title='bbox 568 4242 597 4279; x_wconf 92' lang='lat' dir='ltr'><strong>e</strong></span> <span class='ocrx_word' id='word_1_528' title='bbox 629 4225 929 4281; x_wconf 86' lang='lat' dir='ltr'><strong>comitibus</strong></span> <span class='ocrx_word' id='word_1_529' title='bbox 957 4226 1129 4295; x_wconf 84' lang='lat' dir='ltr'><strong>ipsius</strong></span> <span class='ocrx_word' id='word_1_530' title='bbox 1174 4228 1323 4282; x_wconf 89' lang='lat' dir='ltr'><strong>viros</strong></span> <span class='ocrx_word' id='word_1_531' title='bbox 1348 4228 1519 4282; x_wconf 86' lang='lat' dir='ltr'><strong>vicies</strong></span> <span class='ocrx_word' id='word_1_532' title='bbox 1572 4228 1779 4297; x_wconf 84' lang='lat' dir='ltr'><strong>septies</strong></span> <span class='ocrx_word' id='word_1_533' title='bbox 1828 4230 1977 4285; x_wconf 88' lang='lat' dir='ltr'><strong>mille</strong></span> 
     </span>
    </p>
   </div>
   <div class='ocr_carea' id='block_1_75' title="bbox 397 4315 1972 4375">
    <p class='ocr_par' dir='ltr' id='par_1_75' title="bbox 397 4315 1972 4375">
     <span class='ocr_line' id='line_1_75' title="bbox 397 4315 1972 4375; baseline 0.003 -6"><span class='ocrx_word' id='word_1_534' title='bbox 397 4316 696 4375; x_wconf 86' lang='lat' dir='ltr'><strong>interfecit.</strong></span> <span class='ocrx_word' id='word_1_535' title='bbox 738 4318 1004 4371; x_wconf 64' lang='lat' dir='ltr'><strong>evadente</strong></span> <span class='ocrx_word' id='word_1_536' title='bbox 1060 4315 1175 4371; x_wconf 84' lang='lat' dir='ltr'><strong>Ebu</strong></span> <span class='ocrx_word' id='word_1_537' title='bbox 1223 4315 1447 4369; x_wconf 87' lang='lat' dir='ltr'><strong>Iladado</strong></span> <span class='ocrx_word' id='word_1_538' title='bbox 1484 4319 1603 4371; x_wconf 86' lang='lat' dir='ltr'><strong>snio</strong></span> <span class='ocrx_word' id='word_1_539' title='bbox 1647 4318 1972 4375; x_wconf 81' lang='lat' dir='ltr'><strong>Damascum</strong></span> 
     </span>
    </p>
   </div>
   <div class='ocr_carea' id='block_1_76' title="bbox 2089 3134 3657 3210">
    <p class='ocr_par' dir='ltr' id='par_1_76' title="bbox 2089 3134 3657 3210">
     <span class='ocr_line' id='line_1_76' title="bbox 2089 3134 3657 3210; baseline -0.006 -17"><span class='ocrx_word' id='word_1_540' title='bbox 2089 3140 2270 3197; x_wconf 81' lang='lat' dir='ltr'><strong>rieris.</strong></span> <span class='ocrx_word' id='word_1_541' title='bbox 2292 3139 2569 3197; x_wconf 80' lang='lat' dir='ltr'><strong>Reversus</strong></span> <span class='ocrx_word' id='word_1_542' title='bbox 2604 3155 2735 3210; x_wconf 87' lang='lat' dir='ltr'><strong>ergo</strong></span> <span class='ocrx_word' id='word_1_543' title='bbox 2766 3139 2992 3193; x_wconf 85' lang='lat' dir='ltr'><strong>nuntius</strong></span> <span class='ocrx_word' id='word_1_544' title='bbox 3030 3152 3156 3193; x_wconf 89' lang='lat' dir='ltr'><strong>eum</strong></span> <span class='ocrx_word' id='word_1_545' title='bbox 3181 3138 3286 3191; x_wconf 90' lang='lat' dir='ltr'><strong>hoc</strong></span> <span class='ocrx_word' id='word_1_546' title='bbox 3326 3134 3438 3202; x_wconf 84' lang='lat' dir='ltr'><strong>regi</strong></span> <span class='ocrx_word' id='word_1_547' title='bbox 3468 3142 3657 3189; x_wconf 85' lang='lat' dir='ltr'><strong>notum</strong></span> 
     </span>
    </p>
   </div>
   <div class='ocr_carea' id='block_1_77' title="bbox 2082 3225 3659 3295">
    <p class='ocr_par' dir='ltr' id='par_1_77' title="bbox 2082 3225 3659 3295">
     <span class='ocr_line' id='line_1_77' title="bbox 2082 3225 3659 3295; baseline -0.006 -10"><span class='ocrx_word' id='word_1_548' title='bbox 2082 3232 2304 3287; x_wconf 75' lang='lat' dir='ltr'><strong>fecisset</strong></span> <span class='ocrx_word' id='word_1_549' title='bbox 2342 3250 2357 3285; x_wconf 93' lang='lat'><strong>:</strong></span> <span class='ocrx_word' id='word_1_550' title='bbox 2408 3231 2695 3285; x_wconf 84' lang='lat' dir='ltr'><strong>Describas</strong></span> <span class='ocrx_word' id='word_1_551' title='bbox 2743 3227 2901 3290; x_wconf 88' lang='lat' dir='ltr'><strong>mihi,</strong></span> <span class='ocrx_word' id='word_1_552' title='bbox 2945 3228 3125 3295; x_wconf 91' lang='lat' dir='ltr'><strong>inquit</strong></span> <span class='ocrx_word' id='word_1_553' title='bbox 3172 3241 3263 3283; x_wconf 81' lang='lat' dir='ltr'><strong>rex</strong></span> <span class='ocrx_word' id='word_1_554' title='bbox 3290 3265 3308 3289; x_wconf 86' lang='lat'><strong>,</strong></span> <span class='ocrx_word' id='word_1_555' title='bbox 3356 3226 3533 3279; x_wconf 88' lang='lat' dir='ltr'><strong>virum</strong></span> <span class='ocrx_word' id='word_1_556' title='bbox 3564 3225 3659 3292; x_wconf 85' lang='lat' dir='ltr'><strong>qui</strong></span> 
     </span>
    </p>
   </div>
   <div class='ocr_carea' id='block_1_78' title="bbox 2084 3313 3661 3384">
    <p class='ocr_par' dir='ltr' id='par_1_78' title="bbox 2084 3313 3661 3384">
     <span class='ocr_line' id='line_1_78' title="bbox 2084 3313 3661 3384; baseline -0.008 -6"><span class='ocrx_word' id='word_1_557' title='bbox 2084 3322 2183 3379; x_wconf 91' lang='lat' dir='ltr'><strong>tibi</strong></span> <span class='ocrx_word' id='word_1_558' title='bbox 2214 3322 2431 3377; x_wconf 88' lang='lat' dir='ltr'><strong>obviam</strong></span> <span class='ocrx_word' id='word_1_559' title='bbox 2468 3321 2645 3376; x_wconf 85' lang='lat' dir='ltr'><strong>factus</strong></span> <span class='ocrx_word' id='word_1_560' title='bbox 2673 3328 2777 3376; x_wconf 77' lang='lat' dir='ltr'><strong>est.</strong></span> <span class='ocrx_word' id='word_1_561' title='bbox 2806 3318 2925 3384; x_wconf 89' lang='lat' dir='ltr'><strong>Quo</strong></span> <span class='ocrx_word' id='word_1_562' title='bbox 2955 3317 3176 3372; x_wconf 81' lang='lat' dir='ltr'><strong>dicente</strong></span> <span class='ocrx_word' id='word_1_563' title='bbox 3211 3333 3225 3369; x_wconf 87' lang='lat'><strong>:</strong></span> <span class='ocrx_word' id='word_1_564' title='bbox 3270 3313 3365 3368; x_wconf 82' lang='lat' dir='ltr'><strong>Vir</strong></span> <span class='ocrx_word' id='word_1_565' title='bbox 3397 3322 3517 3370; x_wconf 80' lang='lat' dir='ltr'><strong>erat</strong></span> <span class='ocrx_word' id='word_1_566' title='bbox 3544 3314 3661 3367; x_wconf 85' lang='lat' dir='ltr'><strong>uir-</strong></span> 
     </span>
    </p>
   </div>
   <div class='ocr_carea' id='block_1_79' title="bbox 2083 3406 3656 3483">
    <p class='ocr_par' dir='ltr' id='par_1_79' title="bbox 2083 3406 3656 3483">
     <span class='ocr_line' id='line_1_79' title="bbox 2083 3406 3656 3483; baseline -0.007 -15"><span class='ocrx_word' id='word_1_567' title='bbox 2083 3422 2244 3468; x_wconf 82' lang='lat' dir='ltr'><strong>sutus</strong></span> <span class='ocrx_word' id='word_1_568' title='bbox 2278 3428 2412 3468; x_wconf 82' lang='lat' dir='ltr'><strong>zona</strong></span> <span class='ocrx_word' id='word_1_569' title='bbox 2447 3412 2671 3483; x_wconf 78' lang='lat' dir='ltr'><strong>pellicea</strong></span> <span class='ocrx_word' id='word_1_570' title='bbox 2705 3410 3156 3465; x_wconf 83' lang='lat' dir='ltr'><strong>circumcinctus.</strong></span> <span class='ocrx_word' id='word_1_571' title='bbox 3191 3406 3311 3474; x_wconf 86' lang='lat' dir='ltr'><strong>Hic,</strong></span> <span class='ocrx_word' id='word_1_572' title='bbox 3334 3406 3513 3474; x_wconf 85' lang='lat' dir='ltr'><strong>inquit</strong></span> <span class='ocrx_word' id='word_1_573' title='bbox 3540 3419 3656 3466; x_wconf 79' lang='lat' dir='ltr'><strong>rex,</strong></span> 
     </span>
    </p>
   </div>
   <div class='ocr_carea' id='block_1_80' title="bbox 2024 3497 3656 3573">
    <p class='ocr_par' dir='ltr' id='par_1_80' title="bbox 2024 3497 3656 3573">
     <span class='ocr_line' id='line_1_80' title="bbox 2024 3497 3656 3573; baseline -0.007 -10"><span class='ocrx_word' id='word_1_574' title='bbox 2024 3555 2032 3563; x_wconf 93' lang='lat'><strong>.</strong></span> <span class='ocrx_word' id='word_1_575' title='bbox 2082 3503 2196 3558; x_wconf 82' lang='lat' dir='ltr'><strong>Elia</strong></span> <span class='ocrx_word' id='word_1_576' title='bbox 2247 3512 2333 3559; x_wconf 86' lang='lat' dir='ltr'><strong>est</strong></span> <span class='ocrx_word' id='word_1_577' title='bbox 2379 3503 2661 3573; x_wconf 71' lang='lat' dir='ltr'><strong>propheta.</strong></span> <span class='ocrx_word' id='word_1_578' title='bbox 2690 3502 2895 3557; x_wconf 87' lang='lat' dir='ltr'><strong>Ducem</strong></span> <span class='ocrx_word' id='word_1_579' title='bbox 2926 3518 3057 3573; x_wconf 85' lang='lat' dir='ltr'><strong>ergo</strong></span> <span class='ocrx_word' id='word_1_580' title='bbox 3085 3497 3483 3569; x_wconf 76' lang='lat' dir='ltr'><strong>quinquaginta</strong></span> <span class='ocrx_word' id='word_1_581' title='bbox 3522 3497 3656 3551; x_wconf 77' lang='lat' dir='ltr'><strong>viris</strong></span> 
     </span>
    </p>
   </div>
   <div class='ocr_carea' id='block_1_81' title="bbox 2080 3591 3658 3665">
    <p class='ocr_par' dir='ltr' id='par_1_81' title="bbox 2080 3591 3658 3665">
     <span class='ocr_line' id='line_1_81' title="bbox 2080 3591 3658 3665; baseline -0.003 -15"><span class='ocrx_word' id='word_1_582' title='bbox 2080 3596 2397 3650; x_wconf 82' lang='lat' dir='ltr'><strong>comitatum</strong></span> <span class='ocrx_word' id='word_1_583' title='bbox 2439 3596 2504 3650; x_wconf 90' lang='lat' dir='ltr'><strong>ad</strong></span> <span class='ocrx_word' id='word_1_584' title='bbox 2531 3595 2711 3665; x_wconf 88' lang='lat' dir='ltr'><strong>ipsum</strong></span> <span class='ocrx_word' id='word_1_585' title='bbox 2760 3595 2929 3662; x_wconf 76' lang='lat' dir='ltr'><strong>misit,</strong></span> <span class='ocrx_word' id='word_1_586' title='bbox 2964 3596 3187 3651; x_wconf 85' lang='lat' dir='ltr'><strong>sedente</strong></span> <span class='ocrx_word' id='word_1_587' title='bbox 3220 3591 3329 3644; x_wconf 80' lang='lat' dir='ltr'><strong>Elia</strong></span> <span class='ocrx_word' id='word_1_588' title='bbox 3363 3591 3417 3643; x_wconf 88' lang='lat' dir='ltr'><strong>iu</strong></span> <span class='ocrx_word' id='word_1_589' title='bbox 3450 3592 3658 3645; x_wconf 82' lang='lat' dir='ltr'><strong>vertice</strong></span> 
     </span>
    </p>
   </div>
   <div class='ocr_carea' id='block_1_82' title="bbox 2080 3679 3654 3751">
    <p class='ocr_par' dir='ltr' id='par_1_82' title="bbox 2080 3679 3654 3751">
     <span class='ocr_line' id='line_1_82' title="bbox 2080 3679 3654 3751; baseline -0.005 -11"><span class='ocrx_word' id='word_1_590' title='bbox 2080 3686 2283 3741; x_wconf 89' lang='lat' dir='ltr'><strong>montis</strong></span> <span class='ocrx_word' id='word_1_591' title='bbox 2334 3685 2548 3740; x_wconf 80' lang='lat' dir='ltr'><strong>Caruiei</strong></span> <span class='ocrx_word' id='word_1_592' title='bbox 2579 3704 2592 3740; x_wconf 90' lang='lat'>:</span> <span class='ocrx_word' id='word_1_593' title='bbox 2635 3683 2735 3739; x_wconf 89' lang='lat' dir='ltr'><strong>Cui</strong></span> <span class='ocrx_word' id='word_1_594' title='bbox 2789 3685 2900 3738; x_wconf 73' lang='lat' dir='ltr'><strong>dux</strong></span> <span class='ocrx_word' id='word_1_595' title='bbox 2932 3703 2949 3739; x_wconf 86' lang='lat'><strong>:</strong></span> <span class='ocrx_word' id='word_1_596' title='bbox 2983 3684 3129 3738; x_wconf 86' lang='lat' dir='ltr'><strong>lleus</strong></span> <span class='ocrx_word' id='word_1_597' title='bbox 3162 3683 3177 3735; x_wconf 89' lang='lat'>!</span> <span class='ocrx_word' id='word_1_598' title='bbox 3209 3680 3474 3751; x_wconf 81' lang='lat' dir='ltr'><strong>propheta</strong></span> <span class='ocrx_word' id='word_1_599' title='bbox 3538 3679 3654 3742; x_wconf 86' lang='lat' dir='ltr'><strong>Del.</strong></span> 
     </span>
    </p>
   </div>
   <div class='ocr_carea' id='block_1_83' title="bbox 2077 3765 3652 3838">
    <p class='ocr_par' dir='ltr' id='par_1_83' title="bbox 2077 3765 3652 3838">
     <span class='ocr_line' id='line_1_83' title="bbox 2077 3765 3652 3838; baseline -0.004 -12"><span class='ocrx_word' id='word_1_600' title='bbox 2077 3772 2372 3831; x_wconf 85' lang='lat' dir='ltr'><strong>descende.</strong></span> <span class='ocrx_word' id='word_1_601' title='bbox 2406 3773 2643 3825; x_wconf 80' lang='lat' dir='ltr'><strong>accersit</strong></span> <span class='ocrx_word' id='word_1_602' title='bbox 2686 3781 2741 3825; x_wconf 87' lang='lat' dir='ltr'><strong>te</strong></span> <span class='ocrx_word' id='word_1_603' title='bbox 2776 3787 2892 3826; x_wconf 89' lang='lat' dir='ltr'><strong>rex.</strong></span> <span class='ocrx_word' id='word_1_604' title='bbox 2924 3768 3226 3838; x_wconf 77' lang='lat' dir='ltr'><strong>Respondit</strong></span> <span class='ocrx_word' id='word_1_605' title='bbox 3264 3765 3378 3820; x_wconf 76' lang='lat' dir='ltr'><strong>Elia</strong></span> <span class='ocrx_word' id='word_1_606' title='bbox 3413 3784 3428 3820; x_wconf 89' lang='lat'><strong>:</strong></span> <span class='ocrx_word' id='word_1_607' title='bbox 3463 3767 3519 3821; x_wconf 90' lang='lat' dir='ltr'><strong>Si</strong></span> <span class='ocrx_word' id='word_1_608' title='bbox 3548 3767 3652 3820; x_wconf 80' lang='lat' dir='ltr'><strong>sint</strong></span> 
     </span>
    </p>
   </div>
   <div class='ocr_carea' id='block_1_84' title="bbox 2078 3853 3649 3930">
    <p class='ocr_par' dir='ltr' id='par_1_84' title="bbox 2078 3853 3649 3930">
     <span class='ocr_line' id='line_1_84' title="bbox 2078 3853 3649 3930; baseline -0.005 -16"><span class='ocrx_word' id='word_1_609' title='bbox 2078 3876 2181 3930; x_wconf 78' lang='lat' dir='ltr'><strong>ego</strong></span> <span class='ocrx_word' id='word_1_610' title='bbox 2208 3859 2470 3928; x_wconf 85' lang='lat' dir='ltr'><strong>propheta</strong></span> <span class='ocrx_word' id='word_1_611' title='bbox 2522 3860 2612 3912; x_wconf 87' lang='lat' dir='ltr'><strong>Dei</strong></span> <span class='ocrx_word' id='word_1_612' title='bbox 2643 3858 2939 3912; x_wconf 85' lang='lat' dir='ltr'><strong>descendat</strong></span> <span class='ocrx_word' id='word_1_613' title='bbox 2980 3874 3011 3911; x_wconf 88' lang='lat' dir='ltr'><strong>e</strong></span> <span class='ocrx_word' id='word_1_614' title='bbox 3043 3856 3187 3910; x_wconf 73' lang='grc' dir='ltr'><strong>οωΙο</strong></span> <span class='ocrx_word' id='word_1_615' title='bbox 3229 3853 3398 3924; x_wconf 75' lang='lat' dir='ltr'><strong>ignis,</strong></span> <span class='ocrx_word' id='word_1_616' title='bbox 3441 3856 3536 3923; x_wconf 86' lang='lat' dir='ltr'><strong>qui</strong></span> <span class='ocrx_word' id='word_1_617' title='bbox 3574 3863 3649 3916; x_wconf 83' lang='lat' dir='ltr'><strong>te,</strong></span> 
     </span>
    </p>
   </div>
   <div class='ocr_carea' id='block_1_85' title="bbox 2077 3946 3653 4021">
    <p class='ocr_par' dir='ltr' id='par_1_85' title="bbox 2077 3946 3653 4021">
     <span class='ocr_line' id='line_1_85' title="bbox 2077 3946 3653 4021; baseline -0.004 -19"><span class='ocrx_word' id='word_1_618' title='bbox 2077 3968 2284 4021; x_wconf 85' lang='lat' dir='ltr'><strong>eosque</strong></span> <span class='ocrx_word' id='word_1_619' title='bbox 2315 3950 2409 4020; x_wconf 89' lang='lat' dir='ltr'><strong>qui</strong></span> <span class='ocrx_word' id='word_1_620' title='bbox 2459 3958 2642 4004; x_wconf 87' lang='lat' dir='ltr'><strong>tecum</strong></span> <span class='ocrx_word' id='word_1_621' title='bbox 2674 3960 2805 4003; x_wconf 76' lang='lat' dir='ltr'><strong>sunt</strong></span> <span class='ocrx_word' id='word_1_622' title='bbox 2838 3950 3084 4003; x_wconf 87' lang='lat' dir='ltr'><strong>devoret.</strong></span> <span class='ocrx_word' id='word_1_623' title='bbox 3127 3946 3474 4001; x_wconf 84' lang='lat' dir='ltr'><strong>Descendens</strong></span> <span class='ocrx_word' id='word_1_624' title='bbox 3519 3962 3653 4012; x_wconf 73' lang='lat' dir='ltr'><strong>ergo</strong></span> 
     </span>
    </p>
   </div>
   <div class='ocr_carea' id='block_1_86' title="bbox 2078 4034 3649 4109">
    <p class='ocr_par' dir='ltr' id='par_1_86' title="bbox 2078 4034 3649 4109">
     <span class='ocr_line' id='line_1_86' title="bbox 2078 4034 3649 4109; baseline -0.005 -15"><span class='ocrx_word' id='word_1_625' title='bbox 2078 4042 2220 4109; x_wconf 84' lang='lat' dir='ltr'><strong>ignis</strong></span> <span class='ocrx_word' id='word_1_626' title='bbox 2263 4040 2415 4108; x_wconf 81' lang='lat' dir='ltr'><strong>ipsos</strong></span> <span class='ocrx_word' id='word_1_627' title='bbox 2460 4038 2825 4107; x_wconf 86' lang='lat' dir='ltr'><strong>consumpsit.</strong></span> <span class='ocrx_word' id='word_1_628' title='bbox 2883 4036 3050 4108; x_wconf 68' lang='lat'><strong>208</strong></span> <span class='ocrx_word' id='word_1_629' title='bbox 3104 4036 3242 4091; x_wconf 83' lang='lat' dir='ltr'><strong>Tum</strong></span> <span class='ocrx_word' id='word_1_630' title='bbox 3296 4050 3392 4088; x_wconf 88' lang='lat' dir='ltr'><strong>rex</strong></span> <span class='ocrx_word' id='word_1_631' title='bbox 3452 4034 3649 4088; x_wconf 77' lang='lat' dir='ltr'><strong>duceni</strong></span> 
     </span>
    </p>
   </div>
   <div class='ocr_carea' id='block_1_87' title="bbox 2076 4127 3649 4200">
    <p class='ocr_par' dir='ltr' id='par_1_87' title="bbox 2076 4127 3649 4200">
     <span class='ocr_line' id='line_1_87' title="bbox 2076 4127 3649 4200; baseline -0.001 -17"><span class='ocrx_word' id='word_1_632' title='bbox 2076 4132 2242 4185; x_wconf 88' lang='lat' dir='ltr'><strong>alium</strong></span> <span class='ocrx_word' id='word_1_633' title='bbox 2270 4145 2396 4185; x_wconf 92' lang='lat' dir='ltr'><strong>cum</strong></span> <span class='ocrx_word' id='word_1_634' title='bbox 2424 4130 2819 4200; x_wconf 76' lang='lat' dir='ltr'><strong>quinquaginta</strong></span> <span class='ocrx_word' id='word_1_635' title='bbox 2854 4130 2984 4184; x_wconf 76' lang='lat' dir='ltr'><strong>viris</strong></span> <span class='ocrx_word' id='word_1_636' title='bbox 3029 4128 3201 4191; x_wconf 84' lang='lat' dir='ltr'><strong>misit,</strong></span> <span class='ocrx_word' id='word_1_637' title='bbox 3240 4127 3334 4197; x_wconf 90' lang='lat' dir='ltr'><strong>qui</strong></span> <span class='ocrx_word' id='word_1_638' title='bbox 3372 4136 3433 4184; x_wconf 85' lang='lat' dir='ltr'><strong>et</strong></span> <span class='ocrx_word' id='word_1_639' title='bbox 3462 4127 3603 4182; x_wconf 87' lang='lat' dir='ltr'><strong>dixit</strong></span> <span class='ocrx_word' id='word_1_640' title='bbox 3632 4143 3649 4181; x_wconf 90' lang='lat'><strong>:</strong></span> 
     </span>
    </p>
   </div>
   <div class='ocr_carea' id='block_1_88' title="bbox 2080 4221 3655 4292">
    <p class='ocr_par' dir='ltr' id='par_1_88' title="bbox 2080 4221 3655 4292">
     <span class='ocr_line' id='line_1_88' title="bbox 2080 4221 3655 4292; baseline -0.001 -17"><span class='ocrx_word' id='word_1_641' title='bbox 2080 4223 2225 4278; x_wconf 89' lang='lat' dir='ltr'><strong>lleus</strong></span> <span class='ocrx_word' id='word_1_642' title='bbox 2263 4223 2568 4292; x_wconf 78' lang='lat' dir='ltr'><strong>lprOpheta</strong></span> <span class='ocrx_word' id='word_1_643' title='bbox 2592 4221 2711 4285; x_wconf 88' lang='lat' dir='ltr'><strong>Dei,</strong></span> <span class='ocrx_word' id='word_1_644' title='bbox 2759 4221 3364 4283; x_wconf 81' lang='lat' dir='ltr'><strong>descendas;accersit</strong></span> <span class='ocrx_word' id='word_1_645' title='bbox 3409 4223 3551 4274; x_wconf 84' lang='lat' dir='ltr'><strong>enim</strong></span> <span class='ocrx_word' id='word_1_646' title='bbox 3599 4227 3655 4273; x_wconf 86' lang='lat' dir='ltr'><strong>te</strong></span> 
     </span>
    </p>
   </div>
   <div class='ocr_carea' id='block_1_89' title="bbox 2080 4313 3651 4387">
    <p class='ocr_par' dir='ltr' id='par_1_89' title="bbox 2080 4313 3651 4387">
     <span class='ocr_line' id='line_1_89' title="bbox 2080 4313 3651 4387; baseline 0 -18"><span class='ocrx_word' id='word_1_647' title='bbox 2080 4333 2193 4372; x_wconf 83' lang='lat' dir='ltr'><strong>rex.</strong></span> <span class='ocrx_word' id='word_1_648' title='bbox 2220 4316 2319 4371; x_wconf 89' lang='lat' dir='ltr'><strong>Cui</strong></span> <span class='ocrx_word' id='word_1_649' title='bbox 2354 4316 2466 4371; x_wconf 80' lang='lat' dir='ltr'><strong>Elia</strong></span> <span class='ocrx_word' id='word_1_650' title='bbox 2510 4334 2525 4368; x_wconf 90' lang='lat'><strong>:</strong></span> <span class='ocrx_word' id='word_1_651' title='bbox 2574 4313 2633 4369; x_wconf 84' lang='lat' dir='ltr'><strong>Si</strong></span> <span class='ocrx_word' id='word_1_652' title='bbox 2673 4317 2774 4370; x_wconf 89' lang='lat' dir='ltr'><strong>sim</strong></span> <span class='ocrx_word' id='word_1_653' title='bbox 2805 4330 2907 4387; x_wconf 87' lang='lat' dir='ltr'><strong>ego</strong></span> <span class='ocrx_word' id='word_1_654' title='bbox 2938 4315 3204 4385; x_wconf 78' lang='lat' dir='ltr'><strong>prepheta</strong></span> <span class='ocrx_word' id='word_1_655' title='bbox 3245 4314 3363 4375; x_wconf 89' lang='lat' dir='ltr'><strong>Dei.</strong></span> <span class='ocrx_word' id='word_1_656' title='bbox 3393 4314 3651 4384; x_wconf 82' lang='lat' dir='ltr'><strong>delapsus</strong></span> 
     </span>
    </p>
   </div>
   <div class='ocr_carea' id='block_1_90' title="bbox 396 4407 3648 4480">
    <p class='ocr_par' dir='ltr' id='par_1_90' title="bbox 396 4407 3648 4480">
     <span class='ocr_line' id='line_1_90' title="bbox 396 4407 3648 4480; baseline -0.001 -18"><span class='ocrx_word' id='word_1_657' title='bbox 396 4423 594 4475; x_wconf 80' lang='lat' dir='ltr'><strong>usque.</strong></span> <span class='ocrx_word' id='word_1_658' title='bbox 624 4407 789 4479; x_wconf 65' lang='grc'><strong>204</strong></span> <span class='ocrx_word' id='word_1_659' title='bbox 808 4408 1175 4463; x_wconf 80' lang='lat' dir='ltr'><strong>Consuieutcs</strong></span> <span class='ocrx_word' id='word_1_660' title='bbox 1209 4420 1389 4463; x_wconf 86' lang='lat' dir='ltr'><strong>autem</strong></span> <span class='ocrx_word' id='word_1_661' title='bbox 1415 4411 1516 4480; x_wconf 81' lang='lat' dir='ltr'><strong>ipsi</strong></span> <span class='ocrx_word' id='word_1_662' title='bbox 1539 4420 1591 4465; x_wconf 89' lang='lat' dir='ltr'><strong>et</strong></span> <span class='ocrx_word' id='word_1_663' title='bbox 1619 4411 1976 4479; x_wconf 71' lang='lat' dir='ltr'><strong>Stlt&#39;iisipsitts</strong></span> <span class='ocrx_word' id='word_1_664' title='bbox 2010 4410 2052 4462; x_wconf 90' lang='lat' dir='ltr'><strong>D</strong></span> <span class='ocrx_word' id='word_1_665' title='bbox 2081 4410 2220 4464; x_wconf 65' lang='lat' dir='ltr'><strong>coelo</strong></span> <span class='ocrx_word' id='word_1_666' title='bbox 2249 4409 2391 4479; x_wconf 82' lang='lat' dir='ltr'><strong>ignis</strong></span> <span class='ocrx_word' id='word_1_667' title='bbox 2426 4419 2479 4464; x_wconf 88' lang='lat' dir='ltr'><strong>te</strong></span> <span class='ocrx_word' id='word_1_668' title='bbox 2509 4419 2558 4462; x_wconf 91' lang='lat' dir='ltr'><strong>et</strong></span> <span class='ocrx_word' id='word_1_669' title='bbox 2594 4408 2686 4475; x_wconf 90' lang='lat' dir='ltr'><strong>qui</strong></span> <span class='ocrx_word' id='word_1_670' title='bbox 2734 4418 2910 4463; x_wconf 87' lang='lat' dir='ltr'><strong>tecum</strong></span> <span class='ocrx_word' id='word_1_671' title='bbox 2944 4418 3073 4463; x_wconf 90' lang='lat' dir='ltr'><strong>sunt</strong></span> <span class='ocrx_word' id='word_1_672' title='bbox 3125 4416 3453 4470; x_wconf 81' lang='lat' dir='ltr'><strong>consumat;</strong></span> <span class='ocrx_word' id='word_1_673' title='bbox 3502 4408 3648 4476; x_wconf 82' lang='lat' dir='ltr'><strong>quod</strong></span> 
     </span>
    </p>
   </div>
   <div class='ocr_carea' id='block_1_91' title="bbox 396 4500 1969 4569">
    <p class='ocr_par' dir='ltr' id='par_1_91' title="bbox 396 4500 1969 4569">
     <span class='ocr_line' id='line_1_91' title="bbox 396 4500 1969 4569; baseline 0.002 -17"><span class='ocrx_word' id='word_1_674' title='bbox 396 4500 649 4553; x_wconf 83' lang='lat' dir='ltr'><strong>nonnulli</strong></span> <span class='ocrx_word' id='word_1_675' title='bbox 695 4500 953 4555; x_wconf 88' lang='lat' dir='ltr'><strong>dixerunt</strong></span> <span class='ocrx_word' id='word_1_676' title='bbox 993 4516 1008 4552; x_wconf 89' lang='lat'><strong>:</strong></span> <span class='ocrx_word' id='word_1_677' title='bbox 1051 4516 1141 4555; x_wconf 82' lang='lat' dir='ltr'><strong>rex</strong></span> <span class='ocrx_word' id='word_1_678' title='bbox 1199 4500 1423 4556; x_wconf 79' lang='lat' dir='ltr'><strong>israelis</strong></span> <span class='ocrx_word' id='word_1_679' title='bbox 1487 4500 1969 4569; x_wconf 75' lang='lat' dir='ltr'><strong>misericorsest;</strong></span> 
     </span>
    </p>
   </div>
   <div class='ocr_carea' id='block_1_92' title="bbox 393 4593 1971 4662">
    <p class='ocr_par' dir='ltr' id='par_1_92' title="bbox 393 4593 1971 4662">
     <span class='ocr_line' id='line_1_92' title="bbox 393 4593 1971 4662; baseline 0.006 -19"><span class='ocrx_word' id='word_1_680' title='bbox 393 4597 727 4647; x_wconf 75' lang='lat' dir='ltr'><strong>accedentes</strong></span> <span class='ocrx_word' id='word_1_681' title='bbox 760 4608 890 4661; x_wconf 83' lang='lat' dir='ltr'><strong>ergo</strong></span> <span class='ocrx_word' id='word_1_682' title='bbox 935 4594 1110 4660; x_wconf 89' lang='lat' dir='ltr'><strong>ipsum</strong></span> <span class='ocrx_word' id='word_1_683' title='bbox 1158 4593 1473 4662; x_wconf 78' lang='lat' dir='ltr'><strong>rogabimus</strong></span> <span class='ocrx_word' id='word_1_684' title='bbox 1515 4604 1570 4646; x_wconf 91' lang='lat' dir='ltr'><strong>ut</strong></span> <span class='ocrx_word' id='word_1_685' title='bbox 1602 4610 1630 4647; x_wconf 83' lang='lat' dir='ltr'><strong>a</strong></span> <span class='ocrx_word' id='word_1_686' title='bbox 1668 4596 1827 4650; x_wconf 75' lang='lat' dir='ltr'><strong>nobis</strong></span> <span class='ocrx_word' id='word_1_687' title='bbox 1859 4596 1971 4652; x_wconf 76' lang='lat' dir='ltr'><strong>da-</strong></span> 
     </span>
    </p>
   </div>
   <div class='ocr_carea' id='block_1_93' title="bbox 394 4684 1971 4757">
    <p class='ocr_par' dir='ltr' id='par_1_93' title="bbox 394 4684 1971 4757">
     <span class='ocr_line' id='line_1_93' title="bbox 394 4684 1971 4757; baseline 0.005 -20"><span class='ocrx_word' id='word_1_688' title='bbox 394 4684 577 4745; x_wconf 79' lang='lat' dir='ltr'><strong>cedat.</strong></span> <span class='ocrx_word' id='word_1_689' title='bbox 603 4686 742 4738; x_wconf 86' lang='lat' dir='ltr'><strong>alias</strong></span> <span class='ocrx_word' id='word_1_690' title='bbox 799 4686 944 4739; x_wconf 89' lang='lat' dir='ltr'><strong>enim</strong></span> <span class='ocrx_word' id='word_1_691' title='bbox 981 4685 1266 4753; x_wconf 87' lang='lat' dir='ltr'><strong>periimus.</strong></span> <span class='ocrx_word' id='word_1_692' title='bbox 1301 4684 1559 4740; x_wconf 78' lang='lat' dir='ltr'><strong>Vestibus</strong></span> <span class='ocrx_word' id='word_1_693' title='bbox 1596 4702 1728 4757; x_wconf 87' lang='lat' dir='ltr'><strong>ergo</strong></span> <span class='ocrx_word' id='word_1_694' title='bbox 1776 4686 1971 4745; x_wconf 75' lang='lat' dir='ltr'><strong>laceris</strong></span> 
     </span>
    </p>
   </div>
   <div class='ocr_carea' id='block_1_94' title="bbox 395 4777 1969 4846">
    <p class='ocr_par' dir='ltr' id='par_1_94' title="bbox 395 4777 1969 4846">
     <span class='ocr_line' id='line_1_94' title="bbox 395 4777 1969 4846; baseline 0.004 -19"><span class='ocrx_word' id='word_1_695' title='bbox 395 4777 599 4843; x_wconf 74' lang='lat' dir='ltr'><strong>induti,</strong></span> <span class='ocrx_word' id='word_1_696' title='bbox 628 4777 902 4838; x_wconf 81' lang='lat' dir='ltr'><strong>Ahabum.</strong></span> <span class='ocrx_word' id='word_1_697' title='bbox 924 4778 1139 4831; x_wconf 78' lang='lat' dir='ltr'><strong>lsi-aclis</strong></span> <span class='ocrx_word' id='word_1_698' title='bbox 1164 4793 1345 4846; x_wconf 83' lang='lat' dir='ltr'><strong>regem</strong></span> <span class='ocrx_word' id='word_1_699' title='bbox 1380 4778 1644 4834; x_wconf 82' lang='lat' dir='ltr'><strong>adeuntes</strong></span> <span class='ocrx_word' id='word_1_700' title='bbox 1672 4780 1929 4835; x_wconf 87' lang='lat' dir='ltr'><strong>dixerunt</strong></span> <span class='ocrx_word' id='word_1_701' title='bbox 1956 4797 1969 4833; x_wconf 88' lang='lat'><strong>:</strong></span> 
     </span>
    </p>
   </div>
   <div class='ocr_carea' id='block_1_95' title="bbox 398 4868 1970 4929">
    <p class='ocr_par' dir='ltr' id='par_1_95' title="bbox 398 4868 1970 4929">
     <span class='ocr_line' id='line_1_95' title="bbox 398 4868 1970 4929; baseline 0.003 -7"><span class='ocrx_word' id='word_1_702' title='bbox 398 4870 543 4924; x_wconf 84' lang='lat' dir='ltr'><strong>Dicit</strong></span> <span class='ocrx_word' id='word_1_703' title='bbox 577 4883 775 4925; x_wconf 83' lang='lat' dir='ltr'><strong>servus</strong></span> <span class='ocrx_word' id='word_1_704' title='bbox 799 4877 929 4924; x_wconf 85' lang='lat' dir='ltr'><strong>tuus</strong></span> <span class='ocrx_word' id='word_1_705' title='bbox 964 4869 1077 4925; x_wconf 82' lang='lat' dir='ltr'><strong>Ebu</strong></span> <span class='ocrx_word' id='word_1_706' title='bbox 1114 4868 1324 4929; x_wconf 81' lang='lat' dir='ltr'><strong>&quot;adad.</strong></span> <span class='ocrx_word' id='word_1_707' title='bbox 1361 4887 1427 4924; x_wconf 89' lang='lat' dir='ltr'><strong>ne</strong></span> <span class='ocrx_word' id='word_1_708' title='bbox 1462 4872 1595 4927; x_wconf 88' lang='lat' dir='ltr'><strong>tnihi</strong></span> <span class='ocrx_word' id='word_1_709' title='bbox 1643 4888 1970 4928; x_wconf 76' lang='lat' dir='ltr'><strong>succenseas</strong></span> 
     </span>
    </p>
   </div>
   <div class='ocr_carea' id='block_1_96' title="bbox 394 4961 1969 5032">
    <p class='ocr_par' dir='ltr' id='par_1_96' title="bbox 394 4961 1969 5032">
     <span class='ocr_line' id='line_1_96' title="bbox 394 4961 1969 5032; baseline 0.003 -17"><span class='ocrx_word' id='word_1_710' title='bbox 394 4965 466 5015; x_wconf 87' lang='lat' dir='ltr'><strong>ob</strong></span> <span class='ocrx_word' id='word_1_711' title='bbox 496 4963 624 5016; x_wconf 84' lang='lat' dir='ltr'><strong>illud</strong></span> <span class='ocrx_word' id='word_1_712' title='bbox 661 4962 806 5032; x_wconf 82' lang='lat' dir='ltr'><strong>quod</strong></span> <span class='ocrx_word' id='word_1_713' title='bbox 857 4961 953 5016; x_wconf 82' lang='lat' dir='ltr'><strong>tibi</strong></span> <span class='ocrx_word' id='word_1_714' title='bbox 984 4963 1168 5017; x_wconf 90' lang='lat' dir='ltr'><strong>intuli.</strong></span> <span class='ocrx_word' id='word_1_715' title='bbox 1220 4961 1431 5029; x_wconf 87' lang='lat' dir='ltr'><strong>Quibus</strong></span> <span class='ocrx_word' id='word_1_716' title='bbox 1466 4965 1747 5031; x_wconf 87' lang='lat' dir='ltr'><strong>respondit</strong></span> <span class='ocrx_word' id='word_1_717' title='bbox 1792 4965 1969 5031; x_wconf 77' lang='lat' dir='ltr'><strong>Ahab,</strong></span> 
     </span>
    </p>
   </div>
   <div class='ocr_carea' id='block_1_97' title="bbox 399 5052 1965 5124">
    <p class='ocr_par' dir='ltr' id='par_1_97' title="bbox 399 5052 1965 5124">
     <span class='ocr_line' id='line_1_97' title="bbox 399 5052 1965 5124; baseline 0.002 -18"><span class='ocrx_word' id='word_1_718' title='bbox 399 5071 492 5107; x_wconf 85' lang='lat' dir='ltr'><strong>tex</strong></span> <span class='ocrx_word' id='word_1_719' title='bbox 537 5054 751 5109; x_wconf 84' lang='lat' dir='ltr'><strong>lsraelis</strong></span> <span class='ocrx_word' id='word_1_720' title='bbox 789 5072 802 5107; x_wconf 90' lang='lat'>:</span> <span class='ocrx_word' id='word_1_721' title='bbox 849 5052 965 5105; x_wconf 83' lang='lat' dir='ltr'><strong>Non</strong></span> <span class='ocrx_word' id='word_1_722' title='bbox 996 5062 1079 5107; x_wconf 76' lang='lat' dir='ltr'><strong>ert</strong></span> <span class='ocrx_word' id='word_1_723' title='bbox 1107 5055 1195 5107; x_wconf 90' lang='lat' dir='ltr'><strong>ille</strong></span> <span class='ocrx_word' id='word_1_724' title='bbox 1219 5056 1360 5109; x_wconf 87' lang='lat' dir='ltr'><strong>alius</strong></span> <span class='ocrx_word' id='word_1_725' title='bbox 1392 5070 1555 5124; x_wconf 89' lang='lat' dir='ltr'><strong>quam</strong></span> <span class='ocrx_word' id='word_1_726' title='bbox 1594 5056 1762 5107; x_wconf 78' lang='lat' dir='ltr'><strong>frater</strong></span> <span class='ocrx_word' id='word_1_727' title='bbox 1792 5072 1965 5111; x_wconf 78' lang='lat' dir='ltr'><strong>uicus.</strong></span> 
     </span>
    </p>
   </div>
   <div class='ocr_carea' id='block_1_98' title="bbox 392 5145 1967 5215">
    <p class='ocr_par' dir='ltr' id='par_1_98' title="bbox 392 5145 1967 5215">
     <span class='ocr_line' id='line_1_98' title="bbox 392 5145 1967 5215; baseline 0 -15"><span class='ocrx_word' id='word_1_728' title='bbox 392 5146 534 5204; x_wconf 80' lang='lat' dir='ltr'><strong>Tum</strong></span> <span class='ocrx_word' id='word_1_729' title='bbox 562 5147 635 5202; x_wconf 89' lang='lat' dir='ltr'><strong>illi</strong></span> <span class='ocrx_word' id='word_1_730' title='bbox 675 5166 688 5201; x_wconf 94' lang='lat'>:</span> <span class='ocrx_word' id='word_1_731' title='bbox 726 5146 778 5203; x_wconf 89' lang='lat' dir='ltr'><strong>Si</strong></span> <span class='ocrx_word' id='word_1_732' title='bbox 818 5148 983 5201; x_wconf 82' lang='lat' dir='ltr'><strong>frater</strong></span> <span class='ocrx_word' id='word_1_733' title='bbox 1043 5159 1167 5202; x_wconf 90' lang='lat' dir='ltr'><strong>tuus</strong></span> <span class='ocrx_word' id='word_1_734' title='bbox 1205 5148 1294 5209; x_wconf 86' lang='lat' dir='ltr'><strong>sit,</strong></span> <span class='ocrx_word' id='word_1_735' title='bbox 1328 5149 1601 5215; x_wconf 86' lang='lat' dir='ltr'><strong>inquiunt,</strong></span> <span class='ocrx_word' id='word_1_736' title='bbox 1637 5145 1814 5203; x_wconf 69' lang='lat' dir='ltr'><strong>lasdus</strong></span> <span class='ocrx_word' id='word_1_737' title='bbox 1846 5163 1967 5201; x_wconf 67' lang='lat' dir='ltr'><strong>tum</strong></span> 
     </span>
    </p>
   </div>
   <div class='ocr_carea' id='block_1_99' title="bbox 393 5237 1968 5307">
    <p class='ocr_par' dir='ltr' id='par_1_99' title="bbox 393 5237 1968 5307">
     <span class='ocr_line' id='line_1_99' title="bbox 393 5237 1968 5307; baseline 0.001 -16"><span class='ocrx_word' id='word_1_738' title='bbox 393 5240 489 5291; x_wconf 84' lang='lat' dir='ltr'><strong>illo</strong></span> <span class='ocrx_word' id='word_1_739' title='bbox 517 5239 585 5295; x_wconf 87' lang='lat' dir='ltr'><strong>de</strong></span> <span class='ocrx_word' id='word_1_740' title='bbox 608 5237 1130 5306; x_wconf 69' lang='lat' dir='ltr'><strong>Damascopaugas,</strong></span> <span class='ocrx_word' id='word_1_741' title='bbox 1168 5239 1348 5307; x_wconf 84' lang='lat' dir='ltr'><strong>sitque</strong></span> <span class='ocrx_word' id='word_1_742' title='bbox 1389 5239 1530 5292; x_wconf 85' lang='lat' dir='ltr'><strong>inter</strong></span> <span class='ocrx_word' id='word_1_743' title='bbox 1583 5248 1632 5292; x_wconf 88' lang='lat' dir='ltr'><strong>te</strong></span> <span class='ocrx_word' id='word_1_744' title='bbox 1680 5251 1733 5292; x_wconf 85' lang='lat' dir='ltr'><strong>et</strong></span> <span class='ocrx_word' id='word_1_745' title='bbox 1788 5240 1968 5306; x_wconf 82' lang='lat' dir='ltr'><strong>ipsum</strong></span> 
     </span>
    </p>
   </div>
   <div class='ocr_carea' id='block_1_100' title="bbox 394 5326 1967 5395">
    <p class='ocr_par' dir='ltr' id='par_1_100' title="bbox 394 5326 1967 5395">
     <span class='ocr_line' id='line_1_100' title="bbox 394 5326 1967 5395; baseline 0.003 -17"><span class='ocrx_word' id='word_1_746' title='bbox 394 5344 514 5391; x_wconf 86' lang='lat' dir='ltr'><strong>pax.</strong></span> <span class='ocrx_word' id='word_1_747' title='bbox 539 5326 636 5382; x_wconf 89' lang='lat' dir='ltr'><strong>Cui</strong></span> <span class='ocrx_word' id='word_1_748' title='bbox 666 5327 751 5380; x_wconf 87' lang='lat' dir='ltr'><strong>ille</strong></span> <span class='ocrx_word' id='word_1_749' title='bbox 779 5327 989 5381; x_wconf 86' lang='lat' dir='ltr'><strong>annuit.</strong></span> <span class='ocrx_word' id='word_1_750' title='bbox 1010 5326 1207 5380; x_wconf 69' lang='lat' dir='ltr'><strong>Tribus</strong></span> <span class='ocrx_word' id='word_1_751' title='bbox 1234 5336 1355 5395; x_wconf 59' lang='lat' dir='ltr'><strong>post</strong></span> <span class='ocrx_word' id='word_1_752' title='bbox 1394 5328 1574 5388; x_wconf 86' lang='lat' dir='ltr'><strong>annis,</strong></span> <span class='ocrx_word' id='word_1_753' title='bbox 1601 5328 1967 5383; x_wconf 78' lang='lat' dir='ltr'><strong>descendente</strong></span> 
     </span>
    </p>
   </div>
   <div class='ocr_carea' id='block_1_101' title="bbox 393 5415 1965 5487">
    <p class='ocr_par' dir='ltr' id='par_1_101' title="bbox 393 5415 1965 5487">
     <span class='ocr_line' id='line_1_101' title="bbox 393 5415 1965 5487; baseline -0.002 -18"><span class='ocrx_word' id='word_1_754' title='bbox 393 5415 752 5486; x_wconf 84' lang='lat' dir='ltr'><strong>Jnshaphatn,</strong></span> <span class='ocrx_word' id='word_1_755' title='bbox 793 5419 945 5471; x_wconf 79' lang='lat' dir='ltr'><strong>.lndue</strong></span> <span class='ocrx_word' id='word_1_756' title='bbox 979 5433 1125 5487; x_wconf 83' lang='lat' dir='ltr'><strong>rege,</strong></span> <span class='ocrx_word' id='word_1_757' title='bbox 1170 5417 1236 5469; x_wconf 86' lang='lat' dir='ltr'><strong>ad</strong></span> <span class='ocrx_word' id='word_1_758' title='bbox 1288 5418 1557 5482; x_wconf 75' lang='lat' dir='ltr'><strong>Ahabum,</strong></span> <span class='ocrx_word' id='word_1_759' title='bbox 1615 5418 1828 5471; x_wconf 70' lang='lat' dir='ltr'><strong>lsi-aeiis</strong></span> <span class='ocrx_word' id='word_1_760' title='bbox 1879 5435 1965 5471; x_wconf 72' lang='lat' dir='ltr'><strong>re.-</strong></span> 
     </span>
    </p>
   </div>
   <div class='ocr_carea' id='block_1_102' title="bbox 394 5509 1965 5579">
    <p class='ocr_par' dir='ltr' id='par_1_102' title="bbox 394 5509 1965 5579">
     <span class='ocr_line' id='line_1_102' title="bbox 394 5509 1965 5579; baseline 0.003 -20"><span class='ocrx_word' id='word_1_761' title='bbox 394 5526 536 5577; x_wconf 71' lang='lat' dir='ltr'><strong>gcm,</strong></span> <span class='ocrx_word' id='word_1_762' title='bbox 567 5510 939 5571; x_wconf 86' lang='lat' dir='ltr'><strong>salutandum,</strong></span> <span class='ocrx_word' id='word_1_763' title='bbox 972 5510 1185 5563; x_wconf 80' lang='lat' dir='ltr'><strong>obviam</strong></span> <span class='ocrx_word' id='word_1_764' title='bbox 1230 5511 1306 5562; x_wconf 92' lang='lat' dir='ltr'><strong>illi</strong></span> <span class='ocrx_word' id='word_1_765' title='bbox 1343 5511 1518 5563; x_wconf 85' lang='lat' dir='ltr'><strong>factus</strong></span> <span class='ocrx_word' id='word_1_766' title='bbox 1550 5512 1704 5564; x_wconf 80' lang='lat' dir='ltr'><strong>Aliab</strong></span> <span class='ocrx_word' id='word_1_767' title='bbox 1735 5509 1875 5579; x_wconf 85' lang='lat' dir='ltr'><strong>apud</strong></span> <span class='ocrx_word' id='word_1_768' title='bbox 1908 5525 1965 5564; x_wconf 88' lang='lat' dir='ltr'><strong>se</strong></span> 
     </span>
    </p>
   </div>
   <div class='ocr_carea' id='block_1_103' title="bbox 396 5598 1962 5669">
    <p class='ocr_par' dir='ltr' id='par_1_103' title="bbox 396 5598 1962 5669">
     <span class='ocr_line' id='line_1_103' title="bbox 396 5598 1962 5669; baseline 0.001 -16"><span class='ocrx_word' id='word_1_769' title='bbox 396 5602 633 5669; x_wconf 73' lang='lat' dir='ltr'><strong>hospitio</strong></span> <span class='ocrx_word' id='word_1_770' title='bbox 678 5601 911 5666; x_wconf 82' lang='lat' dir='ltr'><strong>excepit.</strong></span> <span class='ocrx_word' id='word_1_771' title='bbox 979 5600 1280 5669; x_wconf 77' lang='lat' dir='ltr'><strong>Juuxitque</strong></span> <span class='ocrx_word' id='word_1_772' title='bbox 1335 5598 1634 5668; x_wconf 80' lang='lat' dir='ltr'><strong>Joshaphat</strong></span> <span class='ocrx_word' id='word_1_773' title='bbox 1685 5600 1962 5655; x_wconf 88' lang='lat' dir='ltr'><strong>connubio</strong></span> 
     </span>
    </p>
   </div>
   <div class='ocr_carea' id='block_1_104' title="bbox 395 5691 1946 5762">
    <p class='ocr_par' dir='ltr' id='par_1_104' title="bbox 395 5691 1946 5762">
     <span class='ocr_line' id='line_1_104' title="bbox 395 5691 1946 5762; baseline 0 -15"><span class='ocrx_word' id='word_1_774' title='bbox 395 5694 560 5747; x_wconf 83' lang='lat' dir='ltr'><strong>lilium</strong></span> <span class='ocrx_word' id='word_1_775' title='bbox 597 5710 755 5747; x_wconf 77' lang='lat' dir='ltr'><strong>suum</strong></span> <span class='ocrx_word' id='word_1_776' title='bbox 789 5691 1064 5747; x_wconf 81' lang='lat' dir='ltr'><strong>Joramum</strong></span> <span class='ocrx_word' id='word_1_777' title='bbox 1098 5693 1304 5757; x_wconf 65' lang='lat' dir='ltr'><strong>Audias,</strong></span> <span class='ocrx_word' id='word_1_778' title='bbox 1362 5693 1535 5748; x_wconf 84' lang='lat' dir='ltr'><strong>Ahahi</strong></span> <span class='ocrx_word' id='word_1_779' title='bbox 1574 5694 1719 5762; x_wconf 76' lang='lat' dir='ltr'><strong>regis</strong></span> <span class='ocrx_word' id='word_1_780' title='bbox 1753 5695 1946 5749; x_wconf 88' lang='lat' dir='ltr'><strong>sorori.</strong></span> 
     </span>
    </p>
   </div>
   <div class='ocr_carea' id='block_1_105' title="bbox 2075 4497 3650 4567">
    <p class='ocr_par' dir='ltr' id='par_1_105' title="bbox 2075 4497 3650 4567">
     <span class='ocr_line' id='line_1_105' title="bbox 2075 4497 3650 4567; baseline -0.001 -12"><span class='ocrx_word' id='word_1_781' title='bbox 2075 4510 2129 4555; x_wconf 88' lang='lat' dir='ltr'><strong>et</strong></span> <span class='ocrx_word' id='word_1_782' title='bbox 2164 4500 2368 4555; x_wconf 85' lang='lat' dir='ltr'><strong>factum</strong></span> <span class='ocrx_word' id='word_1_783' title='bbox 2398 4509 2497 4555; x_wconf 85' lang='lat' dir='ltr'><strong>est.</strong></span> <span class='ocrx_word' id='word_1_784' title='bbox 2529 4497 2670 4555; x_wconf 80' lang='lat' dir='ltr'><strong>Tum</strong></span> <span class='ocrx_word' id='word_1_785' title='bbox 2703 4500 2898 4554; x_wconf 88' lang='lat' dir='ltr'><strong>ducem</strong></span> <span class='ocrx_word' id='word_1_786' title='bbox 2932 4501 3152 4554; x_wconf 86' lang='lat' dir='ltr'><strong>tertium</strong></span> <span class='ocrx_word' id='word_1_787' title='bbox 3199 4499 3347 4553; x_wconf 84' lang='lat' dir='ltr'><strong>misit</strong></span> <span class='ocrx_word' id='word_1_788' title='bbox 3377 4500 3650 4567; x_wconf 80' lang='lat' dir='ltr'><strong>quinqua-</strong></span> 
     </span>
    </p>
   </div>
   <div class='ocr_carea' id='block_1_106' title="bbox 2075 4589 3647 4663">
    <p class='ocr_par' dir='ltr' id='par_1_106' title="bbox 2075 4589 3647 4663">
     <span class='ocr_line' id='line_1_106' title="bbox 2075 4589 3647 4663; baseline 0.001 -21"><span class='ocrx_word' id='word_1_789' title='bbox 2075 4590 2223 4663; x_wconf 81' lang='lat' dir='ltr'><strong>ginta</strong></span> <span class='ocrx_word' id='word_1_790' title='bbox 2266 4589 2430 4646; x_wconf 86' lang='lat' dir='ltr'><strong>eliam</strong></span> <span class='ocrx_word' id='word_1_791' title='bbox 2483 4589 2617 4645; x_wconf 86' lang='lat' dir='ltr'><strong>viris</strong></span> <span class='ocrx_word' id='word_1_792' title='bbox 2664 4592 3026 4653; x_wconf 83' lang='lat' dir='ltr'><strong>comitatum;</strong></span> <span class='ocrx_word' id='word_1_793' title='bbox 3066 4605 3227 4660; x_wconf 86' lang='lat' dir='ltr'><strong>quem</strong></span> <span class='ocrx_word' id='word_1_794' title='bbox 3280 4604 3404 4644; x_wconf 92' lang='lat' dir='ltr'><strong>cum</strong></span> <span class='ocrx_word' id='word_1_795' title='bbox 3453 4591 3647 4645; x_wconf 81' lang='lat' dir='ltr'><strong>eodem</strong></span> 
     </span>
    </p>
   </div>
   <div class='ocr_carea' id='block_1_107' title="bbox 2076 4680 3647 4751">
    <p class='ocr_par' dir='ltr' id='par_1_107' title="bbox 2076 4680 3647 4751">
     <span class='ocr_line' id='line_1_107' title="bbox 2076 4680 3647 4751; baseline 0 -14"><span class='ocrx_word' id='word_1_796' title='bbox 2076 4684 2238 4738; x_wconf 84' lang='lat' dir='ltr'><strong>modo</strong></span> <span class='ocrx_word' id='word_1_797' title='bbox 2290 4683 2557 4738; x_wconf 83' lang='lat' dir='ltr'><strong>allocutus</strong></span> <span class='ocrx_word' id='word_1_798' title='bbox 2592 4691 2739 4737; x_wconf 81' lang='lat' dir='ltr'><strong>esset</strong></span> <span class='ocrx_word' id='word_1_799' title='bbox 2781 4682 3040 4751; x_wconf 81' lang='lat' dir='ltr'><strong>propheta</strong></span> <span class='ocrx_word' id='word_1_800' title='bbox 3086 4696 3196 4749; x_wconf 85' lang='lat' dir='ltr'><strong>quo</strong></span> <span class='ocrx_word' id='word_1_801' title='bbox 3248 4680 3463 4749; x_wconf 82' lang='lat' dir='ltr'><strong>priores</strong></span> <span class='ocrx_word' id='word_1_802' title='bbox 3509 4684 3647 4737; x_wconf 88' lang='lat' dir='ltr'><strong>allo-</strong></span> 
     </span>
    </p>
   </div>
   <div class='ocr_carea' id='block_1_108' title="bbox 2073 4771 3645 4843">
    <p class='ocr_par' dir='ltr' id='par_1_108' title="bbox 2073 4771 3645 4843">
     <span class='ocr_line' id='line_1_108' title="bbox 2073 4771 3645 4843; baseline -0.001 -13"><span class='ocrx_word' id='word_1_803' title='bbox 2073 4784 2238 4830; x_wconf 76' lang='lat' dir='ltr'><strong>cutus</strong></span> <span class='ocrx_word' id='word_1_804' title='bbox 2272 4782 2376 4840; x_wconf 85' lang='lat' dir='ltr'><strong>est,</strong></span> <span class='ocrx_word' id='word_1_805' title='bbox 2414 4774 2556 4829; x_wconf 85' lang='lat' dir='ltr'><strong>idem</strong></span> <span class='ocrx_word' id='word_1_806' title='bbox 2587 4776 2636 4829; x_wconf 88' lang='lat' dir='ltr'><strong>ei</strong></span> <span class='ocrx_word' id='word_1_807' title='bbox 2672 4771 2818 4842; x_wconf 85' lang='lat' dir='ltr'><strong>quod</strong></span> <span class='ocrx_word' id='word_1_808' title='bbox 2867 4772 2995 4837; x_wconf 84' lang='lat' dir='ltr'><strong>illis,</strong></span> <span class='ocrx_word' id='word_1_809' title='bbox 3028 4773 3209 4842; x_wconf 82' lang='lat' dir='ltr'><strong>iisque</strong></span> <span class='ocrx_word' id='word_1_810' title='bbox 3233 4773 3325 4843; x_wconf 87' lang='lat' dir='ltr'><strong>qui</strong></span> <span class='ocrx_word' id='word_1_811' title='bbox 3365 4790 3489 4826; x_wconf 89' lang='lat' dir='ltr'><strong>cum</strong></span> <span class='ocrx_word' id='word_1_812' title='bbox 3526 4775 3645 4843; x_wconf 85' lang='lat' dir='ltr'><strong>ipso</strong></span> 
     </span>
    </p>
   </div>
   <div class='ocr_carea' id='block_1_109' title="bbox 2075 4865 3643 4938">
    <p class='ocr_par' dir='ltr' id='par_1_109' title="bbox 2075 4865 3643 4938">
     <span class='ocr_line' id='line_1_109' title="bbox 2075 4865 3643 4938; baseline 0 -17"><span class='ocrx_word' id='word_1_813' title='bbox 2075 4869 2551 4938; x_wconf 85' lang='lat' dir='ltr'><strong>fueruntcontigit.</strong></span> <span class='ocrx_word' id='word_1_814' title='bbox 2572 4867 2710 4922; x_wconf 82' lang='lat' dir='ltr'><strong>Tum</strong></span> <span class='ocrx_word' id='word_1_815' title='bbox 2738 4867 2982 4934; x_wconf 86' lang='lat' dir='ltr'><strong>profecto</strong></span> <span class='ocrx_word' id='word_1_816' title='bbox 3009 4866 3075 4920; x_wconf 86' lang='lat' dir='ltr'><strong>ad</strong></span> <span class='ocrx_word' id='word_1_817' title='bbox 3129 4866 3305 4937; x_wconf 74' lang='lat' dir='ltr'><strong>ipsum</strong></span> <span class='ocrx_word' id='word_1_818' title='bbox 3340 4882 3518 4935; x_wconf 82' lang='lat' dir='ltr'><strong>regem</strong></span> <span class='ocrx_word' id='word_1_819' title='bbox 3544 4865 3643 4921; x_wconf 83' lang='lat' dir='ltr'><strong>de-</strong></span> 
     </span>
    </p>
   </div>
   <div class='ocr_carea' id='block_1_110' title="bbox 2073 4956 3644 5027">
    <p class='ocr_par' dir='ltr' id='par_1_110' title="bbox 2073 4956 3644 5027">
     <span class='ocr_line' id='line_1_110' title="bbox 2073 4956 3644 5027; baseline -0.003 -13"><span class='ocrx_word' id='word_1_820' title='bbox 2073 4964 2345 5015; x_wconf 78' lang='lat' dir='ltr'><strong>scendens</strong></span> <span class='ocrx_word' id='word_1_821' title='bbox 2376 4957 2490 5012; x_wconf 85' lang='lat' dir='ltr'><strong>Elia</strong></span> <span class='ocrx_word' id='word_1_822' title='bbox 2522 4960 2656 5012; x_wconf 89' lang='lat' dir='ltr'><strong>dixit</strong></span> <span class='ocrx_word' id='word_1_823' title='bbox 2689 4976 2703 5009; x_wconf 88' lang='lat'><strong>:</strong></span> <span class='ocrx_word' id='word_1_824' title='bbox 2739 4957 3090 5027; x_wconf 80' lang='lat' dir='ltr'><strong>Nequaquam</strong></span> <span class='ocrx_word' id='word_1_825' title='bbox 3110 4972 3141 5010; x_wconf 88' lang='lat' dir='ltr'><strong>a</strong></span> <span class='ocrx_word' id='word_1_826' title='bbox 3169 4956 3356 5011; x_wconf 82' lang='lat' dir='ltr'><strong>morbo</strong></span> <span class='ocrx_word' id='word_1_827' title='bbox 3386 4966 3482 5009; x_wconf 88' lang='lat' dir='ltr'><strong>tuo</strong></span> <span class='ocrx_word' id='word_1_828' title='bbox 3509 4973 3644 5010; x_wconf 85' lang='lat' dir='ltr'><strong>con-</strong></span> 
     </span>
    </p>
   </div>
   <div class='ocr_carea' id='block_1_111' title="bbox 2072 5046 3643 5115">
    <p class='ocr_par' dir='ltr' id='par_1_111' title="bbox 2072 5046 3643 5115">
     <span class='ocr_line' id='line_1_111' title="bbox 2072 5046 3643 5115; baseline 0.001 -14"><span class='ocrx_word' id='word_1_829' title='bbox 2072 5051 2336 5112; x_wconf 77' lang='lat' dir='ltr'><strong>valesces,</strong></span> <span class='ocrx_word' id='word_1_830' title='bbox 2368 5050 2463 5103; x_wconf 87' lang='lat' dir='ltr'><strong>sed</strong></span> <span class='ocrx_word' id='word_1_831' title='bbox 2495 5049 2798 5103; x_wconf 82' lang='lat' dir='ltr'><strong>moriturus</strong></span> <span class='ocrx_word' id='word_1_832' title='bbox 2826 5064 2886 5101; x_wconf 87' lang='lat' dir='ltr'><strong>cs</strong></span> <span class='ocrx_word' id='word_1_833' title='bbox 2917 5046 3065 5115; x_wconf 87' lang='lat' dir='ltr'><strong>quod</strong></span> <span class='ocrx_word' id='word_1_834' title='bbox 3105 5046 3248 5101; x_wconf 89' lang='lat' dir='ltr'><strong>idola</strong></span> <span class='ocrx_word' id='word_1_835' title='bbox 3288 5049 3556 5110; x_wconf 76' lang='lat' dir='ltr'><strong>colueris,</strong></span> <span class='ocrx_word' id='word_1_836' title='bbox 3588 5060 3643 5102; x_wconf 84' lang='lat' dir='ltr'><strong>et</strong></span> 
     </span>
    </p>
   </div>
   <div class='ocr_carea' id='block_1_112' title="bbox 2070 5139 3635 5210">
    <p class='ocr_par' dir='ltr' id='par_1_112' title="bbox 2070 5139 3635 5210">
     <span class='ocr_line' id='line_1_112' title="bbox 2070 5139 3635 5210; baseline 0.001 -19"><span class='ocrx_word' id='word_1_837' title='bbox 2070 5144 2212 5210; x_wconf 82' lang='lat' dir='ltr'><strong>quoi</strong></span> <span class='ocrx_word' id='word_1_838' title='bbox 2265 5144 2467 5196; x_wconf 85' lang='lat' dir='ltr'><strong>malum</strong></span> <span class='ocrx_word' id='word_1_839' title='bbox 2510 5150 2596 5195; x_wconf 83' lang='lat' dir='ltr'><strong>est</strong></span> <span class='ocrx_word' id='word_1_840' title='bbox 2636 5155 2819 5194; x_wconf 86' lang='lat' dir='ltr'><strong>coram</strong></span> <span class='ocrx_word' id='word_1_841' title='bbox 2863 5140 2973 5195; x_wconf 81' lang='lat' dir='ltr'><strong>Deo</strong></span> <span class='ocrx_word' id='word_1_842' title='bbox 3011 5139 3372 5208; x_wconf 76' lang='lat' dir='ltr'><strong>omnipotenti</strong></span> <span class='ocrx_word' id='word_1_843' title='bbox 3421 5140 3635 5194; x_wconf 79' lang='lat' dir='ltr'><strong>feceris.</strong></span> 
     </span>
    </p>
   </div>
   <div class='ocr_carea' id='block_1_113' title="bbox 2070 5229 3626 5301">
    <p class='ocr_par' dir='ltr' id='par_1_113' title="bbox 2070 5229 3626 5301">
     <span class='ocr_line' id='line_1_113' title="bbox 2070 5229 3626 5301; baseline -0.001 -14"><span class='ocrx_word' id='word_1_844' title='bbox 2070 5233 2242 5287; x_wconf 80' lang='lat' dir='ltr'><strong>Porro</strong></span> <span class='ocrx_word' id='word_1_845' title='bbox 2270 5234 2465 5288; x_wconf 84' lang='lat' dir='ltr'><strong>diebus</strong></span> <span class='ocrx_word' id='word_1_846' title='bbox 2508 5232 2729 5288; x_wconf 75' lang='lat' dir='ltr'><strong>Ahaziae</strong></span> <span class='ocrx_word' id='word_1_847' title='bbox 2758 5232 2901 5301; x_wconf 75' lang='lat' dir='ltr'><strong>regis</strong></span> <span class='ocrx_word' id='word_1_848' title='bbox 2955 5232 3181 5288; x_wconf 75' lang='lat' dir='ltr'><strong>israelis</strong></span> <span class='ocrx_word' id='word_1_849' title='bbox 3226 5240 3278 5286; x_wconf 90' lang='lat' dir='ltr'><strong>et</strong></span> <span class='ocrx_word' id='word_1_850' title='bbox 3319 5229 3626 5299; x_wconf 75' lang='lat' dir='ltr'><strong>loshaphat</strong></span> 
     </span>
    </p>
   </div>
   <div class='ocr_carea' id='block_1_114' title="bbox 2073 5321 3645 5393">
    <p class='ocr_par' dir='ltr' id='par_1_114' title="bbox 2073 5321 3645 5393">
     <span class='ocr_line' id='line_1_114' title="bbox 2073 5321 3645 5393; baseline 0.001 -20"><span class='ocrx_word' id='word_1_851' title='bbox 2073 5324 2215 5389; x_wconf 81' lang='lat' dir='ltr'><strong>regis</strong></span> <span class='ocrx_word' id='word_1_852' title='bbox 2238 5321 2411 5390; x_wconf 67' lang='lat' dir='ltr'><strong>Iudae,</strong></span> <span class='ocrx_word' id='word_1_853' title='bbox 2445 5324 2689 5377; x_wconf 87' lang='lat' dir='ltr'><strong>sublatus</strong></span> <span class='ocrx_word' id='word_1_854' title='bbox 2712 5334 2797 5376; x_wconf 89' lang='lat' dir='ltr'><strong>est</strong></span> <span class='ocrx_word' id='word_1_855' title='bbox 2830 5321 2944 5377; x_wconf 86' lang='lat' dir='ltr'><strong>Elia</strong></span> <span class='ocrx_word' id='word_1_856' title='bbox 2973 5323 3134 5393; x_wconf 77' lang='lat' dir='ltr'><strong>quasi</strong></span> <span class='ocrx_word' id='word_1_857' title='bbox 3165 5324 3218 5378; x_wconf 88' lang='lat' dir='ltr'><strong>in</strong></span> <span class='ocrx_word' id='word_1_858' title='bbox 3249 5326 3473 5379; x_wconf 70' lang='lat' dir='ltr'><strong>coelum.</strong></span> <span class='ocrx_word' id='word_1_859' title='bbox 3505 5321 3645 5377; x_wconf 69' lang='lat' dir='ltr'><strong>Mur.</strong></span> 
     </span>
    </p>
   </div>
   <div class='ocr_carea' id='block_1_115' title="bbox 2070 5415 3638 5471">
    <p class='ocr_par' dir='ltr' id='par_1_115' title="bbox 2070 5415 3638 5471">
     <span class='ocr_line' id='line_1_115' title="bbox 2070 5415 3638 5471; baseline 0.001 -5"><span class='ocrx_word' id='word_1_860' title='bbox 2070 5424 2197 5466; x_wconf 84' lang='lat' dir='ltr'><strong>tuus</strong></span> <span class='ocrx_word' id='word_1_861' title='bbox 2225 5427 2403 5469; x_wconf 78' lang='lat' dir='ltr'><strong>autem</strong></span> <span class='ocrx_word' id='word_1_862' title='bbox 2434 5416 2636 5469; x_wconf 74' lang='lat' dir='ltr'><strong>Aliazia</strong></span> <span class='ocrx_word' id='word_1_863' title='bbox 2668 5430 2755 5469; x_wconf 74' lang='lat' dir='ltr'><strong>rex</strong></span> <span class='ocrx_word' id='word_1_864' title='bbox 2790 5415 3007 5469; x_wconf 83' lang='lat' dir='ltr'><strong>israclis</strong></span> <span class='ocrx_word' id='word_1_865' title='bbox 3040 5417 3231 5471; x_wconf 78' lang='lat' dir='ltr'><strong>morbo</strong></span> <span class='ocrx_word' id='word_1_866' title='bbox 3256 5433 3357 5470; x_wconf 88' lang='lat' dir='ltr'><strong>suo</strong></span> <span class='ocrx_word' id='word_1_867' title='bbox 3384 5433 3487 5471; x_wconf 82' lang='lat' dir='ltr'><strong>una</strong></span> <span class='ocrx_word' id='word_1_868' title='bbox 3514 5433 3638 5470; x_wconf 87' lang='lat' dir='ltr'><strong>cum</strong></span> 
     </span>
    </p>
   </div>
   <div class='ocr_carea' id='block_1_116' title="bbox 2072 5504 3639 5576">
    <p class='ocr_par' dir='ltr' id='par_1_116' title="bbox 2072 5504 3639 5576">
     <span class='ocr_line' id='line_1_116' title="bbox 2072 5504 3639 5576; baseline 0.003 -20"><span class='ocrx_word' id='word_1_869' title='bbox 2072 5517 2223 5573; x_wconf 89' lang='lat' dir='ltr'><strong>patre</strong></span> <span class='ocrx_word' id='word_1_870' title='bbox 2256 5520 2358 5559; x_wconf 85' lang='lat' dir='ltr'><strong>suo</strong></span> <span class='ocrx_word' id='word_1_871' title='bbox 2392 5506 2635 5576; x_wconf 74' lang='lat' dir='ltr'><strong>sepultus</strong></span> <span class='ocrx_word' id='word_1_872' title='bbox 2669 5515 2771 5566; x_wconf 87' lang='lat' dir='ltr'><strong>est.</strong></span> <span class='ocrx_word' id='word_1_873' title='bbox 2806 5516 3068 5576; x_wconf 82' lang='lat' dir='ltr'><strong>regnante</strong></span> <span class='ocrx_word' id='word_1_874' title='bbox 3095 5517 3220 5575; x_wconf 88' lang='lat' dir='ltr'><strong>post</strong></span> <span class='ocrx_word' id='word_1_875' title='bbox 3250 5509 3428 5576; x_wconf 88' lang='lat' dir='ltr'><strong>ipsum</strong></span> <span class='ocrx_word' id='word_1_876' title='bbox 3473 5504 3639 5561; x_wconf 78' lang='lat' dir='ltr'><strong>fratre</strong></span> 
     </span>
    </p>
   </div>
   <div class='ocr_carea' id='block_1_117' title="bbox 2073 5595 3634 5666">
    <p class='ocr_par' dir='ltr' id='par_1_117' title="bbox 2073 5595 3634 5666">
     <span class='ocr_line' id='line_1_117' title="bbox 2073 5595 3634 5666; baseline 0 -18"><span class='ocrx_word' id='word_1_877' title='bbox 2073 5596 2243 5666; x_wconf 84' lang='lat' dir='ltr'><strong>ipsius</strong></span> <span class='ocrx_word' id='word_1_878' title='bbox 2268 5595 2489 5664; x_wconf 61' lang='grc' dir='ltr'><strong>ἔοι-ωηο</strong></span> <span class='ocrx_word' id='word_1_879' title='bbox 2516 5597 2690 5652; x_wconf 74' lang='lat' dir='ltr'><strong>Ahabi</strong></span> <span class='ocrx_word' id='word_1_880' title='bbox 2734 5597 2843 5652; x_wconf 79' lang='lat' dir='ltr'><strong>tilio</strong></span> <span class='ocrx_word' id='word_1_881' title='bbox 2886 5596 2942 5651; x_wconf 90' lang='lat' dir='ltr'><strong>in</strong></span> <span class='ocrx_word' id='word_1_882' title='bbox 2982 5596 3259 5654; x_wconf 86' lang='lat' dir='ltr'><strong>lsraclitas</strong></span> <span class='ocrx_word' id='word_1_883' title='bbox 3289 5601 3342 5654; x_wconf 92' lang='lat' dir='ltr'><strong>in</strong></span> <span class='ocrx_word' id='word_1_884' title='bbox 3384 5598 3634 5653; x_wconf 80' lang='lat' dir='ltr'><strong>Samaria</strong></span> 
     </span>
    </p>
   </div>
   <div class='ocr_carea' id='block_1_118' title="bbox 2070 5692 3638 5764">
    <p class='ocr_par' dir='ltr' id='par_1_118' title="bbox 2070 5692 3638 5764">
     <span class='ocr_line' id='line_1_118' title="bbox 2070 5692 3638 5764; baseline 0.001 -17"><span class='ocrx_word' id='word_1_885' title='bbox 2070 5710 2242 5750; x_wconf 86' lang='lat' dir='ltr'><strong>annos</strong></span> <span class='ocrx_word' id='word_1_886' title='bbox 2270 5694 2578 5752; x_wconf 80' lang='lat' dir='ltr'><strong>duodecim.</strong></span> <span class='ocrx_word' id='word_1_887' title='bbox 2610 5692 2775 5764; x_wconf 81' lang='lat' dir='ltr'><strong>idque</strong></span> <span class='ocrx_word' id='word_1_888' title='bbox 2802 5709 2948 5749; x_wconf 82' lang='lat' dir='ltr'><strong>anno</strong></span> <span class='ocrx_word' id='word_1_889' title='bbox 2975 5695 3121 5762; x_wconf 84' lang='lat' dir='ltr'><strong>regni</strong></span> <span class='ocrx_word' id='word_1_890' title='bbox 3149 5694 3465 5764; x_wconf 83' lang='lat' dir='ltr'><strong>Joshaphati</strong></span> <span class='ocrx_word' id='word_1_891' title='bbox 3495 5694 3638 5760; x_wconf 72' lang='lat' dir='ltr'><strong>regis</strong></span> 
     </span>
    </p>
   </div>
  </div>
