4070 6152
489 308 593 371 955

1501 319 1867 382 EUTYL‘iIlI
1911 325 2437 389 ALEXANDHINI
2463 332 2672 393 l'A'I'R.

3655 345 3755 415 356

485 421 643 478 Judte
668 421 934 478 vicesimo
958 424 1223 479 secundo.
1245 423 1513 484 ProieCtis
1532 430 1731 488 deinde
1761 445 1954 487 contra
1986 432 2078 487 ,10-
2110 438 2152 493 A
2184 440 2384 507 posito,
2417 441 2483 495 ad
2517 443 2758 497 Liishatn
2812 445 3129 513 prophetam
3162 452 3381 507 mitti-ns
3402 491 3417 514 ,
3448 450 3581 505 dixit
3608 452 3706 523 ipsi
3738 476 3750 508 :

487 516 812 586 sbaphatum
827 515 978 572 Iudae
993 534 1170 586 regem
1190 521 1515 579 Ammonitis
1525 533 1579 578 et
1593 524 1908 581 Amalekitis
1941 542 2069 580 cum

2179 534 2376 589 Annon
2430 537 2615 592 dixisti
2677 539 2964 593 Dominum
3018 557 3103 594 tilt‘.
3154 544 3380 599 victoria
3434 547 3490 602 in
3541 546 3769 602 hostem-

488 621 682 675 magna
717 607 995 661 hominum
1020 609 1371 673 nultitudine,
1394 622 1544 665 metu
1568 630 1760 669 eortuu
1787 615 2061 685 perculsus

2174 645 2354 685 meum
2403 631 2755 696 donaturum.
2794 634 3148 708 213-215
3182 641 3425 709 quandiu
3460 654 3593 709 ergo
3639 643 3741 695 erit

494 697 922 771 estJoshapbat,
950 711 1009 754 ut
1043 704 1267 758 suborto
1296 706 1349 757 in
1391 707 1825 762 Ammonitarum
1856 710 2072 764 Amale-

488 789 725 845 ltitarum
776 795 1019 849 exercitu
1070 798 1334 859 clamore.
1378 800 1469 853 alii
1494 800 1633 855 alios
1672 803 1985 858 occidentes
2016 803 2070 856 in

489 884 673 953 fugam
700 900 886 939 coram
917 885 1038 954 ipso
1064 890 1321 944 c0uversi
1357 901 1507 944 sunt.
1552 892 1692 947 Cum
1720 909 1851 963 ergo
1874 892 2073 951 Josha-

488 976 636 1047 pbati
664 977 897 1036 comites
929 979 1112 1036 tribus
1137 980 1335 1038 diebus
1370 984 1435 1037 ad
1482 994 1665 1041 castra
1692 1002 1912 1052 eorum,
1944 998 2067 1045 ten-

482 1068 624 1126 toria
656 1081 713 1124 et
743 1086 871 1125 vasa
902 1073 1236 1141 diripienda,
1278 1075 1681 1141 substitissent.
1720 1080 1838 1150 ipse
1870 1078 2067 1136 Hiero-

481 1163 693 1234 solyma
738 1164 1091 1237 209-211
1149 1184 1402 1223 reversus
1445 1181 1549 1224 est.
1607 1170 1803 1227 Postea
1838 1188 2065 1243 egresso

480 1269 609 1325 rege
655 1255 828 1311 tioabi
861 1268 1051 1313 contra
1076 1257 1358 1315 Iuramum
1425 1261 1647 1319 israciis
1677 1280 1886 1333 regem,
1936 1266 2063 1319 mit-

481 1358 601 1403 tens
632 1348 726 1404 ille
769 1349 838 1403 ad
883 1348 1280 1420 Josbapbatutn
1327 1354 1483 1408 Iuda:
1540 1370 1754 1426 regem,
1795 1374 1956 1427 opem
1991 1360 2061 1414 ab

479 1444 603 1511 ipso
624 1453 819 1498 contra
846 1446 1028 1500 Moabi
1060 1462 1240 1517 regem
1266 1450 1441 1518 petiit.
1483 1450 1629 1504 Misit
1654 1452 1821 1506 etiam
1855 1453 1925 1508 ad
1951 1452 2062 1506 llo-

480 1550 740 1591 tnzorum
775 1552 957 1607 regem
1004 1540 1253 1608 quitunc
1285 1543 1555 1611 temporis
1593 1542 1649 1598 in
1681 1543 1894 1599 Sitarah
1934 1545 2058 1610 fuit,

478 1628 658 1698 ipsum
692 1629 749 1683 iu
784 1630 1047 1685 auxilium
1076 1644 1354 1687 vocatum.
1399 1634 1731 1706 Congregati
1767 1654 1902 1708 ergo
1948 1651 2059 1695 tres

479 1735 636 1792 rcges
667 1737 730 1778 ae
761 1731 956 1779 contra
990 1722 1174 1795 regem
1208 1729 1372 1783 Moab
1398 1730 1625 1799 profecti
1667 1731 1808 1786 viam
1852 1733 2055 1787 deserti

476 1823 773 1868 tetulerunt
796 1830 908 1886 quo
942 1814 1122 1887 ipsum
1162 1820 1536 1885 adorirentur,
1585 1828 1640 1875 at
1680 1837 1807 1875 eum
1847 1831 2054 1893 septem

476 1907 691 1964 dierum
739 1908 843 1963 iter
895 1909 954 1965 in
1002 1910 1227 1968 deserto
1277 1914 1652 1970 coniecissent
1696 1913 1871 1969 deluit
1921 1916 2057 1985 ipsis

477 2012 619 2067 aqua
647 2017 813 2071 quam
844 2002 1121 2067 biberent.
1167 2004 1308 2060 adeo
1336 2018 1395 2061 ut
1424 2022 1617 2072 parum
1660 2008 1883 2063 abesset
1918 2010 2055 2079 qttiu

478 2091 571 2144 siti
621 2093 887 2162 perirent.
936 2093 1061 2149 Fuit
1108 2104 1290 2151 autem
1343 2113 1470 2151 cum
1522 2100 1657 2166 ipsis
1702 2100 1881 2155 Elisba
1930 2114 2058 2169 pro-

481 2185 683 2251 pheta.
726 2185 820 2255 qui
873 2188 1017 2241 dixit
1072 2188 1211 2258 ipsis
1278 2189 1488 2246 :Mane
1536 2192 1849 2262 impiebitnr
1905 2194 2059 2249 \aiiis

482 2278 584 2331 ista
613 2279 973 2342 torrentibus.
1007 2280 1267 2350 vobisque
1296 2282 1581 2337 victoriam
1614 2282 1671 2339 in
1704 2285 1893 2339 hostes
1921 2300 2054 2343 con-

479 2383 739 2426 cessurus
794 2383 883 2427 est
924 2370 1090 2428 Deus.
1141 2370 1482 2443 Factumque
1521 2383 1609 2430 est
1670 2376 1747 2430 uti
1802 2378 2056 2447 ιιιτιιάίχὲι

478 2461 764 2530 propheta,
797 2460 907 2518 Deo
933 2463 1071 2533 ipsis
1101 2463 1156 2518 in
1177 2463 1370 2521 bosms
1392 2466 1678 2523 victoriam
1698 2470 2057 2536 concedente,

479 2551 620 2608 adeo
643 2562 705 2609 ut
743 2555 889 2625 regis
931 2556 1227 2629 Moabitici
1252 2562 1520 2614 comitum
1551 2576 1749 2632 magna
1796 2563 1944 2617 edita
1988 2564 2059 2620 sit

480 2654 714 2717 strages.
744 2646 960 2703 Victum
987 2665 1120 2720 ergo
1148 2666 1206 2703 se
1235 2667 1362 2705 cum
1397 2652 1619 2709 vidisset
1660 2670 1754 2711 rex
1779 2654 1937 2711 Itoab
1966 2671 2060 2711 ar-

476 2750 599 2793 cem
643 2739 949 2807 ingressus.
995 2742 1167 2796 liliqu
1204 2758 1366 2798 situm
1399 2756 1531 2800 natu
1581 2747 1881 2803 maximum
1939 2765 2062 2819 pre-

477 2831 711 2887 hensum
742 2847 807 2887 ac
837 2849 1001 2899 super
1035 2850 1220 2891 arcem
1257 2836 1431 2893 Moabi
1456 2840 1766 2911 iugulatum
1798 2843 1851 2896 in
1878 2843 2057 2896 sacri-

477 2924 662 2979 ticiutu
717 2927 940 2983 obtulit.
986 2926 1162 3001 Cujus
1215 2930 1447 2987 horrore
1498 2934 1740 3003 perculsi
1795 2935 2063 2991 Israe‘litae

476 3018 677 3073 bellum
710 3019 811 3089 ipsi
845 3021 1046 3077 interre
1078 3033 1368 3079 cessantes
1398 3026 1607 3081 reversi
1632 3039 1785 3083 sunt.

2085 1785 2132 1843 B

2174 724 2317 779 hoc?
2344 723 2648 795 Respondit
2675 727 2857 782 Elisha
2884 731 3145 798 propheta
3172 734 3406 788 nuntio:
3434 734 3594 789 Dicas
3614 734 3743 797 regi.

2174 830 2298 871 cras
2352 818 2455 872 hac
2503 819 2723 873 circiter
2772 820 2927 883 hora,
2962 823 3251 879 victoriam
3288 826 3387 879 tibi
3439 826 3494 878 in
3527 826 3742 881 hostem

2176 917 2328 959 tuum
2359 922 2725 965 concessurus
2745 920 2829 965 est
2863 913 3147 983 Dominus,
3183 925 3239 970 et
3259 918 3326 969 ad
3350 928 3564 987 portatu
3591 919 3739 973 urbis

2170 999 2433 1055 Samaria!
2450 1003 2642 1056 similm
2666 1006 2904 1069 modius,
2931 1005 3123 1061 hordei
3147 1008 3259 1063 duo
3289 1009 3456 1066 modii
3477 1012 3734 1069 drachma

2171 1095 2491 1149 vendentur.
2521 1096 2744 1153 Dicente
2785 1098 2978 1151 nuntio
3015 1098 3219 1153 Elishre
3259 1102 3542 1171 propheta
3576 1120 3593 1158 ε
3624 1100 3735 1157 IIoe

2168 1186 2283 1240 lieri
2338 1203 2446 1242 non
2490 1198 2692 1256 potest,
2743 1190 3023 1261 respondit
3077 1190 3262 1247 Elisba
3301 1208 3317 1247 :
3352 1190 3621 1250 Futurum
3650 1204 3733 1251 est

2166 1279 2293 1343 hoc,
2328 1291 2383 1335 te
2411 1282 2651 1346 vidente,
2682 1293 2738 1338 at
2762 1283 2831 1337 de
2861 1299 2929 1336 eo
2975 1298 3318 1354 iiequaquam
3350 1286 3696 1343 comedente.

2232 1370 2479 1430 Fuerunt
2498 1389 2630 1446 ergo
2664 1374 2734 1429 ad
2760 1383 3067 1431 extremam
3096 1377 3236 1431 muri
3263 1386 3472 1445 partem
3505 1390 3750 1449 quatuor

2161 1466 2263 1522 viri
2302 1464 2560 1523 Israelita:
2595 1468 2739 1538 lepra
2775 1460 2976 1532 allecti,
3015 1469 3111 1538 qui
3146 1469 3237 1524 alii
3272 1470 3397 1527 aliis
3444 1472 3700 1527 dixerunt
3732 1490 3747 1528 :

2162 1560 2496 1617 Advenieute
2531 1570 2691 1617 nocte
2722 1578 2821 1616 nos
2850 1563 2919 1618 de
2949 1578 3111 1618 muro
3152 1564 3506 1622 demittentes
3540 1569 3604 1620 ad
3634 1564 3710 1638 Sy

2162 1669 2347 1709 rerum
2388 1663 2571 1709 castra
2606 1656 2893 1711 tendamus
2917 1698 2932 1722 ,
2972 1656 3065 1724 ει·ιί
3120 1671 3223 1712 nos
3261 1657 3347 1711 vei
3401 1658 3747 1715 interfectori

2162 1759 2311 1807 sunt.
2354 1749 2434 1803 vel
2453 1763 2652 1818 partem
2682 1750 2845 1803 nobis
2872 1750 3171 1814 pra-bituri.
3198 1749 3359 1818 Quod
3388 1761 3445 1806 et
3470 1752 3739 1808 iecerunt.

2165 1842 2231 1896 At
2269 1858 2393 1895 cum
2442 1843 2509 1895 ad
2545 1849 2725 1897 ωιτη
2773 1842 3175 1912 pervenissent,
3221 1846 3455 1900 tentoria
3482 1857 3537 1902 et
3571 1846 3750 1903 taber.

2160 1935 2282 1990 cuia
2331 1936 2467 1989 viris
2518 1949 2747 2004 prorsus
2792 1950 2967 1991 vacua
3025 1938 3320 2000 invenere.
3380 1938 3544 2009 idque
3599 1940 3746 2009 quod

2160 2027 2377 2093 oborto,
2429 2036 2592 2084 nocte
2640 2028 2772 2093 ista,
2809 2030 2869 2083 in
2918 2031 3163 2086 exercitu
3203 2029 3468 2104 Syrorum
3503 2047 3752 2096 rumore,

2160 2121 2487 2176 convenisse
2526 2118 2769 2192 Egypti,
2804 2122 3024 2181 Israelis
3069 2129 3125 2180 et
3159 2120 3314 2178 Iuda:
3374 2139 3554 2195 reges,
3585 2135 3753 2182 cate-

2161 2228 2359 2283 rosqne
2386 2229 2578 2269 omnes
2614 2229 2726 2282 quo
2752 2216 2900 2285 ipsos
2937 2226 3102 2271 nocto
3136 2218 3509 2283 adorirentur,
3548 2220 3605 2276 in
3659 2220 3751 2275 lu-

2161 2322 2282 2372 gam
2313 2308 2565 2363 conversi
2597 2308 2948 2364 tabernacula
2971 2318 3026 2365 ct
3057 2311 3292 2365 tentoria
3328 2328 3452 2367 cum
3507 2312 3744 2386 impedi-

2160 2397 2382 2462 mentis,
2421 2398 2686 2462 sarcinis,
2718 2415 2947 2469 quasque
3003 2401 3279 2459 habebant
3324 2406 3582 2461 omnibus
3624 2408 3752 2461 reli-

2158 2500 2419 2556 querunt.
2477 2488 2702 2548 Reversi
2758 2491 2929 2565 igitur
2988 2495 3221 2564 ieprosi,
3278 2513 3405 2551 cum
3466 2500 3571 2553 hoe
3638 2501 3751 2567 regi

2170 2581 2387 2637 Israeiis
2426 2584 2796 2650 nuntiassent,
2857 2588 3009 2641 misit
3064 2588 3155 2642 ille
3214 2598 3336 2661 post
3372 2592 3543 2663 ipsos,
3598 2594 3750 2647 viros

2160 2673 2249 2741 qui
2281 2690 2469 2729 eorum
2503 2676 2731 2745 vestigia
2770 2685 3136 2746 sectarentur,
3163 2682 3256 2752 qui
3282 2698 3405 2737 cum
3453 2681 3751 2739 Iordanem

2161 2780 2335 2835 usque
2373 2768 2769 2835 pervenissent.
2823 2782 2929 2825 nec
2981 2771 3155 2826 ullum
3203 2787 3398 2829 eorum
3432 2774 3748 2843 uestigium

2159 2857 2525 2922 invenissent,
2569 2862 2746 2926 aperit
2781 2875 2875 2916 rex
2923 2862 3078 2918 urbis
3129 2872 3378 2932 portam,
3432 2864 3754 2932 egressique

2163 2950 2413 3006 homines
2444 2953 2626 3006 omnia
2658 2968 2778 3021 qure
2814 2954 2865 3007 in
2899 2950 3160 3025 Syrorum
3206 2956 3409 3011 castris
3442 2967 3621 3021 erant,
3656 2957 3746 3011 di-

2165 3045 2469 3116 ripuerunt,
2517 3045 2655 3099 adeo
2696 3054 2752 3097 ut
2795 3048 2983 3101 statim
3035 3047 3232 3102 similae
3286 3048 3535 3114 modius,
3586 3050 3755 3122 216

550 3106 800 3164 Mortuus
827 3119 1009 3165 autem
1039 3110 1345 3186 .Iosbaphat
1375 3113 1530 3171 Iuda
1559 3129 1652 3170 rex
1686 3116 1739 3168 in
1783 3118 1918 3169 urbe
1960 3118 2059 3169 υ..-

2166 3106 2351 3190 hordei
2385 3136 2553 3190 modii
2610 3137 2721 3192 duo
2758 3138 3022 3193 drachma
3059 3138 3332 3195 venirent.
3386 3106 3755 3199 Nuntiusauv-

477 3203 619 3255 vidis
664 3206 919 3269 sepultus
961 3213 1071 3268 est,
1129 3205 1222 3261 cui
1273 3204 1331 3262 in
1384 3222 1555 3277 regno
1599 3210 1871 3264 successit
1916 3212 2057 3266 tilins

478 3297 653 3360 ipsius
696 3295 915 3360 .Ioraut,
965 3311 1145 3352 annos
1191 3307 1357 3352 natus
1409 3302 1635 3371 triginta
1688 3311 1822 3358 tres.
1852 3303 1956 3371 Qui
2002 3305 2057 3359 in

474 3387 671 3444 J-odaut
719 3387 1115 3459 Hierosolymis
1157 3400 1286 3445 octo
1335 3406 1511 3447 annos
1557 3396 1853 3463 regnavit;
1894 3396 2061 3466 idque

478 3497 625 3536 eum
648 3480 839 3550 quinto
865 3482 1017 3551 regni
1046 3481 1253 3536 Jorami
1305 3485 1405 3538 lilii
1437 3484 1611 3540 Ababi
1641 3488 1787 3560 regis
1816 3486 2058 3547 Israelis.

479 3574 655 3644 Ipsius
675 3584 918 3644 tempore
938 3574 1337 3644 prophetarum
1358 3577 1548 3634 Elisha
1575 3580 1880 3649 discipulus
1903 3583 2059 3650 Elim,

476 3680 533 3723 et
561 3668 793 3722 Obadia.
831 3667 1000 3721 Porro
1048 3683 1306 3736 egressus
1341 3668 1640 3727 Benbadad
1669 3675 1833 3745 212
1883 3676 2061 3747 Syria:

479 3775 572 3813 rex
618 3774 742 3812 cum
782 3760 958 3824 copiis
1012 3761 1129 3816 suis
1171 3759 1453 3817 loramum
1501 3762 1723 3819 Israeiis
1776 3783 1955 3836 regem
2004 3769 2058 3822 in

479 3852 730 3905 Samaria
777 3852 918 3905 bello
953 3868 1241 3917 agn-essns
1267 3869 1370 3913 est.
1405 3861 1446 3910 Δ
1474 3873 1586 3927 quo
1620 3873 1745 3912 cum
1797 3870 2064 3916 metueret

475 3943 689 4011 Joram,
717 3946 854 4002 dixit
878 3948 982 4015 ipsi
1010 3947 1191 4004 i‘liisha
1223 3970 1235 4006 ;
1262 3951 1339 4004 No
1370 3954 1587 4011 timeas,
1634 3953 1729 4006 sed
1754 3967 1813 4005 se
1845 3963 2056 4007 tantum

479 4041 535 4093 in
584 4040 717 4093 urbe
753 4050 849 4094 tua
881 4042 1140 4109 mutui-as;
1175 4044 1321 4099 Deus
1356 4045 1501 4099 enim
1534 4046 1634 4100 tihi
1686 4047 1971 4100 victoriam
2007 4050 2060 4102 in

480 4130 693 4186 hostem
756 4138 913 4186 tuum
950 4149 1318 4190 concessurus
1366 4147 1474 4192 est.
1520 4137 1617 4193 Ille
1649 4152 1782 4209 ergo
1821 4153 1946 4194 cum
2003 4155 2067 4195 se

481 4224 537 4278 in
573 4225 704 4281 urbe
730 4227 1076 4292 muttivissvt,
1105 4230 1430 4286 accedentes
1470 4230 1736 4302 Syrorum
1766 4234 1944 4301 copiae
1979 4232 2064 4287 in-

480 4322 603 4370 star
652 4330 829 4370 arenae
880 4319 1072 4382 uta-ris,
1122 4317 1329 4375 Jorami
1373 4321 1592 4381 urbem,
1634 4320 2069 4390 univcrsamqtte

485 4405 750 4463 Samaria:
778 4408 1061 4478 regionem
1088 4412 1401 4468 cinxerunt.
1424 4410 1674 4480 Cumque
1704 4414 1876 4468 tribus
1900 4415 2062 4470 annis

2163 3237 2268 3279 tem
2297 3227 2386 3294 qni
2440 3226 2682 3281 Eiisbam
2720 3232 3041 3299 prephrtam
3078 3232 3347 3287 mendacii
3379 3234 3583 3304 arguit,
3642 3233 3749 3288 huc

2162 3321 2380 3386 quidem
2414 3319 2566 3378 vidit.
2608 3330 2663 3373 at
2702 3321 2756 3372 iu
2789 3324 2941 3375 urbis
2976 3334 3130 3392 porta
3166 3338 3278 3394 pra:
3331 3340 3530 3393 magna
3571 3325 3746 3379 turbat

2160 3410 2573 3479 compressione
2612 3421 2863 3467 mortuus
2898 3423 3000 3467 est.
3043 3414 3293 3471 Postha-c
3346 3433 3610 3480 egressus
3648 3416 3750 3474 ιη.

2164 3512 2281 3549 rant
2327 3513 2419 3550 rex
2462 3498 2613 3553 Iuda:
2645 3500 2711 3553 ad
2770 3496 3048 3561 ROIIM‘OS,
3084 3505 3178 3570 qui
3228 3503 3282 3556 in
3323 3503 3536 3558 Sbarab
3593 3514 3755 3560 erant

2165 3603 2413 3653 iung-tam
2438 3605 2628 3644 eorum
2667 3598 2909 3659 stragem
2941 3594 3131 3647 edidit.
3162 3592 3408 3651 Mortous
3440 3608 3626 3651 autem
3661 3609 3750 3654 est

2160 3680 2187 3734 J
2230 3698 2341 3734 ram
2385 3682 2540 3738 Judae
2594 3699 2720 3747 rex,
2772 3695 2821 3738 ei
2884 3686 2936 3739 in
2989 3690 3123 3741 urbe
3186 3686 3410 3743 Davidis
3460 3693 3752 3759 sepultus,

2166 3782 2423 3838 regnante
2468 3782 2592 3843 post
2626 3776 2808 3845 ipsum
2846 3792 3051 3829 alituum
3090 3796 3257 3831 unum
3304 3780 3359 3835 in
3394 3776 3591 3837 Iudam
3627 3780 3753 3835 Ilio.

2166 3864 2477 3935 rosolymis,
2512 3866 2624 3920 lilio
2659 3865 2835 3935 ipsius
2884 3869 3114 3933 Ahazia,
3165 3886 3340 3928 annos
3374 3880 3504 3927 nato
3555 3874 3753 3941 viginti

2163 3956 2336 4021 duos;
2363 3957 2525 4027 idque
2556 3959 2701 4028 regni
2725 3957 2932 4013 Jorami
2962 3961 3135 4016 Ababi
3182 3960 3317 4026 lilii,
3348 3965 3493 4034 regis
3529 3963 3756 4020 Israelis

2163 4048 2509 4104 duodecimo.
2546 4046 2718 4105 Mater
2736 4050 2856 4120 ejus
2878 4052 3100 4106 nomine
3126 4053 3342 4109 Athaiia
3370 4056 3573 4118 Ababi.
3605 4061 3755 4111 reeis

2165 4138 2404 4203 israelis,
2438 4138 2591 4196 Omri
2629 4141 2727 4196 lilii
2760 4157 2941 4197 soror.
2976 4144 3107 4211 Ejus
3141 4154 3394 4215 tempore
3443 4150 3747 4217 propheta-

2165 4239 2294 4285 runt
2344 4229 2529 4287 Elislta
2571 4241 2623 4287 et
2669 4230 2941 4288 Obadiab.
2990 4230 3283 4292 Profectus
3325 4248 3511 4294 autem
3565 4239 3752 4295 δοται..

2164 4324 2383 4379 Ιπειυιίε
2411 4340 2528 4385 rex,
2560 4324 2791 4380 itamztm
2824 4341 2948 4381 cum
2978 4326 3213 4384 liazteie
3252 4329 3499 4386 tribuum
3533 4347 3661 4403 rege
3682 4333 3751 4387 ad

2166 4415 2363 4467 bellum
2394 4429 2522 4468 cum
2555 4413 2710 4485 Syris
2736 4417 3060 4486 gerendum,
3091 4433 3218 4472 cum
3258 4419 3311 4473 in
3344 4419 3535 4487 pridie
3557 4423 3749 4477 vulne-

481 4500 774 4556 obsidione
802 4498 1053 4572 [inclusi]
1083 4502 1453 4571 perstitissent
1486 4504 1769 4569 lsraclitae.
1806 4504 1949 4560 facta
1980 4514 2064 4562 est
2097 4488 2138 4541 ί)
2170 4515 2319 4558 ratus
2365 4516 2514 4560 esset
2554 4506 2624 4560 ad
2682 4506 2874 4563 urbem
2923 4506 3221 4565 chrrclem
3275 4528 3529 4567 reversus
3554 4524 3642 4566 est
3688 4529 3749 4568 ut

483 4592 539 4648 in
570 4594 815 4648 Samaria
864 4592 1036 4649 fames
1096 4604 1324 4664 magna,
1364 4597 1505 4653 adeo
1559 4606 1621 4652 ut
1674 4599 1741 4652 ad
1789 4598 2059 4654 cadavera

481 4687 691 4741 edenda
734 4685 1086 4757 adigerentur
1128 4688 1417 4751 homines.
1455 4705 1555 4744 nec
1593 4705 1701 4745 non
1730 4701 1945 4745 stercus
1972 4706 2065 4743 co-

480 4777 792 4835 lumbinum
821 4780 1194 4845 comederunt,
1221 4780 1661 4853 vvndercturque
1704 4790 1872 4853 caput
1918 4783 2063 4837 asini

480 4868 686 4923 mortui
717 4868 997 4939 Octoginta
1025 4869 1327 4939 drachmis,
1350 4874 1727 4944 stercorisque
1761 4875 2061 4929 columbini

480 4959 652 5017 cabus
698 4958 941 5028 quinque
987 4958 1282 5016 drachmis.
1342 4959 1477 5015 Dum
1518 4978 1653 5031 ergo
1702 4978 1871 5034 super
1910 4963 2063 5019 urbis

482 5052 783 5106 munimine
832 5051 1111 5107 incederet
1141 5052 1347 5115 ieram,
1388 5053 1607 5109 lsraeiis
1652 5068 1773 5121 rex,
1803 5070 1935 5109 ecce
1961 5068 2061 5110 oc-

479 5145 654 5198 currit
714 5144 820 5214 ipsi
880 5144 1078 5198 mulier
1130 5160 1254 5215 qua:
1306 5146 1469 5199 aliam
1529 5154 1722 5202 tenens
1777 5147 2062 5203 mulierem

479 5253 636 5305 opem
667 5254 693 5287 ει
724 5250 849 5305 rege
870 5236 1047 5307 petiit,
1076 5234 1271 5291 dicens
1304 5255 1321 5294 :
1351 5236 1493 5291 Dixit
1526 5239 1658 5293 mihi
1697 5239 1893 5293 umiier
1934 5240 2061 5303 ista,

483 5328 646 5383 hodie
676 5327 846 5381 lilium
878 5334 1032 5381 tuum
1085 5336 1293 5381 mactes
1317 5343 1428 5398 quo
1462 5343 1769 5395 vescamur,
1822 5345 1890 5383 ne
1922 5330 2064 5384 fame

481 5420 804 5481 moriamur,
846 5432 971 5471 cras
1017 5431 1119 5487 ego
1172 5432 1356 5473 meum
1399 5420 1688 5481 mactabo.
1742 5429 1803 5472 ut
1850 5429 1907 5475 et
1940 5420 2063 5491 ipso

480 5526 790 5566 vescamur.
849 5508 961 5578 Ego
997 5512 1161 5580 igitur
1208 5510 1378 5564 lilium
1409 5526 1590 5564 meum
1636 5511 1750 5565 heri
1791 5512 2060 5583 juguiavi,

482 5622 645 5675 quem
674 5602 925 5669 edimus;
955 5603 1046 5659 illa
1082 5613 1268 5657 autem
1304 5601 1471 5657 hodie
1503 5602 1677 5658 tilium
1730 5619 1888 5660 suum
1934 5622 2063 5673 pre-

486 5701 720 5753 bensnm
758 5695 1069 5750 abscondit.
1122 5693 1506 5749 Tremeiactus
1562 5710 1651 5749 rex
1705 5696 1791 5749 his
1833 5696 2057 5758 auditis.

486 5789 731 5845 vestibus
772 5789 887 5844 suis
928 5787 1140 5851 scissis,
1199 5786 1534 5857 puivcrcquc
1577 5788 1744 5857 capiti
1791 5790 2063 5859 superim-

2168 4595 2241 4649 ibi
2277 4604 2587 4657 Sanaretur,
2634 4611 2746 4662 quo
2787 4597 3085 4654 salutatum
3137 4616 3263 4655 eum
3323 4602 3604 4673 profectus
3664 4616 3750 4663 est

2166 4686 2372 4742 Abazia
2406 4687 2612 4741 Jorami
2648 4690 2816 4744 illius.
2854 4688 3040 4746 Elisba
3070 4701 3251 4746 autem
3278 4694 3552 4766 propheta
3587 4696 3750 4752 disci-

2164 4780 2292 4850 pulo
2317 4795 2418 4834 suo
2446 4779 2598 4834 lonze
2642 4781 2830 4835 Minari
2869 4781 2982 4835 lilio
3011 4783 3127 4852 (qui
3164 4785 3305 4837 idem
3338 4796 3423 4843 est
3470 4786 3570 4843 Dui
3598 4785 3747 4851 Nun.

2167 4870 2221 4924 id
2253 4878 2338 4925 est
2376 4871 2633 4925 Dominus
2669 4874 2848 4940 piscis,
2880 4890 3042 4944 quem
3072 4873 3361 4947 deglttrivit
3393 4878 3583 4947 piscis)
3618 4898 3749 4952 pre-

2167 4964 2361 5025 henso.
2399 4978 2571 5017 cornu
2601 4966 2655 5019 in
2691 4981 2803 5035 quo
2834 4974 2954 5020 erat
2981 4967 3186 5030 oleum,
3224 4971 3451 5024 tradens
3489 4988 3505 5025 :
3555 4971 3745 5027 Prote-

2166 5062 2305 5112 rtus,
2337 5054 2537 5122 inquit,
2587 5056 2654 5108 ad
2708 5055 2901 5110 urbem
2957 5055 3152 5111 Ramot
3183 5057 3399 5121 Ciiead,
3429 5075 3554 5115 cum
3599 5060 3675 5115 ibi
3713 5081 3745 5113 re

2166 5145 2399 5200 ducibus
2450 5147 2742 5217 quemdam
2797 5148 3017 5203 nomine
3068 5146 3229 5210 Jebu.
3290 5148 3500 5206 Nimsbi
3551 5154 3744 5213 tilium.

2166 5240 2465 5303 inveneris,
2500 5241 2676 5308 ipsum
2707 5241 2827 5295 oleo
2853 5240 2959 5294 isto
2986 5256 3167 5311 ungas
3196 5244 3252 5296 in
3287 5260 3469 5314 regem
3503 5243 3743 5303 Israciis.

2166 5332 2367 5386 Abiens
2414 5346 2544 5396 ergo
2585 5330 2755 5384 Ionas
2813 5331 3020 5386 Elisba
3074 5332 3384 5403 discipulus
3432 5337 3576 5406 quod
3636 5336 3741 5406 ipsi

2166 5425 2479 5478 mandatum
2508 5423 2686 5478 lui-rat
2715 5424 2859 5486 fecit,
2888 5424 3032 5493 quod
3060 5441 3184 5480 cum
3218 5426 3387 5481 sociis
3417 5427 3534 5482 suis
3556 5426 3747 5499 217-

2166 5514 2332 5586 219
2365 5517 2643 5571 retulisset
2676 5515 2837 5579 Jebu,
2873 5518 3008 5587 ipsis
3051 5522 3404 5589 congregatis
3436 5519 3504 5573 ad
3549 5518 3741 5576 urbem

2164 5600 2789 5671 Jezraoiem,‘.loramum
2826 5605 3049 5660 lsraeiis
3086 5619 3267 5675 regem
3300 5606 3592 5674 quaesitum
3616 5622 3743 5678 pro-

2168 5700 2344 5750 iectus
2376 5705 2481 5750 est.
2516 5697 2767 5767 Cumque
2809 5699 3027 5752 obviam
3064 5698 3165 5765 ipsi
3216 5702 3594 5765 procederent,
3647 5700 3741 5755 .Io-

2177 5804 2314 5856 ram,
2348 5785 2586 5857 lsraciis,
2635 5799 2688 5845 ct
2724 5789 2961 5845 Achazia
3008 5790 3159 5847 Juda‘
3190 5807 3306 5859 rex,
3352 5789 3492 5848 Jcbu
3545 5795 3739 5866 sagitta
