4068 6160
375 310 476 374 951

1820 318 2201 384 ΑΝΝλιεε.

3531 321 3640 383 9ἷι8

379 427 522 495 regis
560 440 656 479 cor
685 429 974 494 percussit.
1025 428 1421 501 interiectoque
1465 441 1626 502 caput
1675 431 1941 498 abstulit;
1976 440 2015 493 Α
2048 445 2233 491 contra
2273 435 2451 505 ipsum
2482 435 2702 496 liuzael,
2735 434 2904 502 Syriae
2931 449 3055 501 rev,
3090 435 3275 488 urbem
3301 433 3403 487 Gat
3431 436 3482 490 ei
3515 438 3642 491 abs-

378 518 618 582 iugiento
644 519 878 574 Acbazia
905 520 1058 576 Judm
1094 537 1243 592 rege,
1273 540 1436 593 quem
1467 525 1634 578 etiam
1666 524 1954 579 insecutus

371 609 514 667 Jebu
548 613 864 669 vulneribus
891 614 1134 670 confodit
1164 634 1177 671 :
1211 619 1307 688 qui
1348 627 1528 673 tamen
1576 621 1643 671 ab
1678 620 1797 688 ipso
1822 633 1955 674 eva-

373 702 536 771 deus.
566 705 756 764 urbem
785 708 1049 779 Mageddo
1080 711 1381 781 ingressus,
1414 713 1485 767 ibi
1520 722 1768 768 mortuus
1797 723 1908 769 est.

448 795 693 853 Hormus
730 815 861 869 ergo
888 802 1128 858 Acbazia
1176 802 1331 859 Iudae
1359 821 1474 869 res,
1530 821 1558 858 s
1610 809 1785 862 servis
1835 808 1955 861 suis

374 888 752 965 Hierosolyma
781 897 1104 962 translatus.
1135 901 1188 954 in
1217 901 1438 955 civitate
1484 901 1653 957 David
1700 900 1957 972 sepultus

372 994 494 1050 est;
529 987 921 1057 imperavitque
942 989 1095 1048 Juda:
1122 992 1515 1064 Hierosolymis
1544 995 1795 1050 Aebutia
1836 1008 1952 1048 ma-

372 1085 482 1145 ter,
523 1081 742 1138 nomine
770 1081 1007 1145 Athalia.
1038 1086 1196 1141 annis
1240 1094 1469 1155 septem.
1506 1085 1739 1156 Scripsit
1766 1096 1947 1141 autem

370 1169 514 1229 Jebu
552 1172 619 1229 ad
656 1177 948 1245 optimates
976 1178 1238 1234 Samariae
1272 1196 1287 1235 :
1324 1180 1383 1234 Si
1420 1179 1552 1235 mibi
1582 1181 1951 1250 obsequentes

374 1263 611 1330 fueritis,
648 1266 906 1335 pneﬁcite
940 1268 1097 1325 vobis
1128 1286 1159 1325 e
1190 1272 1316 1326 ﬁliis
1357 1269 1554 1336 Aliabi,
1600 1272 1744 1342 regis
1784 1271 1953 1327 lsrac-

371 1358 464 1421 iis.
515 1375 717 1431 regem.
767 1361 1226 1420 Rescribentibus
1270 1364 1455 1434 ipsis:
1505 1365 1619 1421 Non
1654 1377 1738 1426 est
1795 1366 1952 1421 nobis

372 1459 572 1517 Prmter
609 1459 662 1506 te.
714 1470 831 1519 rex,
863 1454 1082 1524 scripsit
1111 1474 1127 1511 :
1168 1455 1374 1512 Omnes
1404 1472 1536 1521 ergo
1564 1456 1709 1514 ﬁlios
1747 1458 1947 1525 Ababi,

373 1543 522 1610 regis
566 1544 813 1609 Israelis,
873 1562 904 1601 e
960 1547 1143 1603 medio
1196 1549 1397 1604 tollite.
1457 1548 1706 1606 Fuerunt
1762 1558 1946 1605 autem

370 1636 549 1691 Ababi
583 1637 676 1693 ﬁlii
706 1650 759 1691 et
799 1649 1026 1709 nepotes
1056 1640 1157 1695 viri
1191 1644 1561 1712 septuaginta,
1598 1659 1833 1713 quorum
1860 1643 1945 1698 in-

372 1728 726 1787 terfrrtﬂrttn
793 1734 972 1803 capita
1017 1732 1085 1789 ad
1138 1733 1275 1790 Jebu
1322 1738 1611 1790 miserunt.
1660 1736 1946 1793 Proiectus

369 1837 507 1891 ergo
530 1820 669 1882 Jebu
736 1825 1070 1893 Samariam,
1120 1827 1399 1883 neminem
1446 1844 1510 1881 es
1565 1827 1736 1882 Ababi
1782 1830 1952 1898 stirpe

369 1914 644 1985 reliquum
696 1914 844 1979 iecit,
878 1932 1041 1988 quem
1082 1934 1191 1973 non
1243 1919 1596 1981 interﬁceret.
1638 1921 1952 1976 Occurrens

371 2020 559 2065 autem
601 2009 657 2065 in
702 2013 787 2064 via
836 2010 974 2069 viris
1024 2012 1393 2083 quadraginla
1439 2011 1677 2078 duobus,
1728 2013 1949 2081 quinum

370 2110 562 2158 essem
615 2104 1016 2171 interrogavit.
1065 2104 1421 2175 (liventesque
1467 2124 1482 2159 :
1534 2102 1645 2161 Nos
1701 2105 1953 2162 Acbazim

371 2191 517 2261 regis
549 2191 703 2249 ludat:
751 2194 988 2260 fratres,
1029 2194 1322 2267 iugulavit.
1381 2195 1560 2254 Baulis
1602 2209 1784 2252 autem
1823 2199 1950 2253 idoli

370 2286 631 2352 templum
696 2285 748 2340 in
811 2285 1061 2343 Samaria
1125 2286 1330 2352 diruit,
1399 2287 1826 2358 sacerdotesque
1886 2305 1953 2344 ac

367 2377 650 2448 principes
687 2379 803 2432 ueri
837 2377 1023 2445 dedit;
1054 2380 1409 2449 regnavitque
1439 2379 1495 2435 in
1530 2377 1811 2435 israelitas
1845 2398 1949 2435 an-

370 2484 474 2522 nos
508 2470 693 2539 viginti
728 2480 875 2525 Orio.
899 2470 1064 2543 220
1086 2470 1488 2544 Egressnmque
1513 2472 1689 2529 Ababi
1724 2488 1949 2529 uxorem

368 2564 659 2627 Izebelem,
687 2582 807 2634 qum
831 2581 890 2619 se
915 2564 969 2621 in
999 2563 1139 2621 Jebu
1171 2580 1463 2621 occursum
1503 2577 1818 2627 ornaverat.
1866 2568 1953 2624 in-

368 2657 611 2720 tcr’ecii,
660 2674 861 2723 quam.
890 2673 1015 2713 cum
1060 2659 1257 2717 diebus
1314 2659 1515 2731 aliquot
1579 2662 1821 2731 projects
1868 2661 1954 2729 ja-

368 2751 600 2815 cuisset.
657 2753 1017 2808 ciunederunt
1059 2770 1243 2808 canes.
1288 2754 1490 2809 Deinde
1536 2757 1784 2823 corporis
1828 2754 1951 2826 ejus

369 2843 635 2913 reliquias
680 2843 901 2912 sepeliri
929 2843 1120 2912 jussit.
1166 2844 1337 2899 Porro
1386 2844 1627 2907 Atlnilia,
1665 2859 1791 2901 cum
1828 2856 1949 2916 post

368 2934 550 2993 (ilium
584 2938 641 2993 in
684 2933 883 2991 ludam
933 2934 1327 3009 Hierosolymis
1378 2946 1649 3008 regnaret,
1700 2938 1792 2994 lilii
1861 2939 1949 2996 sui

365 3027 623 3089 Achazize
681 3029 885 3085 liberos
933 3028 1244 3094 interii-cit.
1298 3030 1560 3086 familiam
1634 3030 1949 3089 Davidicam

2060 529 2205 589 tulit.
2241 528 2360 598 ipso
2402 529 2542 597 apud
2581 528 2723 581 illum
2751 527 3001 588 devicto;
3040 527 3237 581 deinde
3262 526 3641 599 Hierosolyma

2057 621 2355 677 ascendere
2402 620 2454 675 in
2513 621 2698 673 animo
2743 621 2951 674 habuit.
3001 618 3323 687 illoguopere
3373 620 3538 687 igitur
3570 621 3640 672 ab

2057 716 2179 782 ipso
2210 726 2461 771 metuens
2494 711 2663 769 Joasb
2700 730 2891 770 omnes
2922 716 3211 767 thesauros
3234 715 3325 781 qui
3362 714 3414 765 in
3444 712 3645 781 templo

2059 812 2231 873 luere,
2266 826 2403 880 quos
2456 816 2820 878 reposuerant
2854 817 3041 876 patres
3098 806 3281 874 ipsius
3310 804 3640 872 Joslmplint.

2054 904 2241 956 .loratit
2293 913 2348 957 et
2388 902 2649 964 Achazia,
2698 915 2948 967 quosque
3007 900 3119 966 ipse.
3169 899 3501 956 contulerat.
3547 911 3641 950 ae-

2055 1008 2264 1065 eeptos.
2299 996 2365 1048 ad
2423 992 2731 1055 iluzuelem,
2763 992 2933 1064 Syrisu
2988 1006 3188 1061 regem,
3223 990 3394 1054 misit,
3430 989 3519 1060 qui
3570 991 3640 1042 ab

2054 1089 2172 1157 ipso
2203 1104 2455 1143 reversus
2486 1098 2591 1141 esi.

2127 1180 2371 1236 Mortuus
2399 1190 2579 1234 autem
2607 1178 2759 1235 Jcbu'
2782 1178 3003 1233 lsraeiis
3036 1194 3126 1231 res
3164 1174 3427 1229 Samaria:
3455 1174 3641 1244 sepul—

2050 1285 2143 1331 tus
2172 1283 2297 1338 est,
2347 1282 2615 1342 regnante
2648 1281 2771 1342 post
2821 1272 2999 1338 ipsum
3060 1269 3173 1322 lilio
3209 1270 3383 1336 ipsius
3420 1268 3640 1319 Aeliam

2051 1366 2313 1424 Samaria:
2358 1381 2531 1421 annos
2592 1364 2985 1436 septemdecim
3012 1402 3027 1421 ,
3076 1361 3238 1427 idque
3283 1375 3428 1412 anno
3489 1359 3634 1426 regni

2051 1458 2239 1516 Joaslii
2281 1456 2434 1513 ludat
2479 1455 2625 1525 regis
2670 1456 2934 1511 vicesimo
2971 1456 3154 1507 tertio.
3195 1452 3290 1505 llic
3327 1452 3468 1505 idola
3522 1450 3629 1504 sibi

2052 1559 2272 1621 accepta
2316 1551 2511 1605 coluit.
2554 1548 2919 1604 vaaientes
2953 1561 3132 1600 autem
3192 1545 3375 1599 lsraeli
3437 1542 3638 1597 llazael

2052 1640 2224 1717 Syriae
2247 1659 2361 1706 rex,
2387 1653 2443 1697 et
2483 1640 2669 1696 liadad
2717 1638 2988 1695 Halaeliis
3036 1638 3198 1696 ﬁlius.
3230 1636 3377 1689 viros
3418 1635 3639 1687 israeli—

2055 1737 2195 1791 ticos
2226 1735 2366 1789 bello
2398 1737 2828 1803 absumpserunt
2848 1770 2865 1792 .
2897 1732 3035 1785 adeo
3067 1740 3127 1783 ut
3161 1743 3270 1781 non
3297 1735 3484 1781 essent
3512 1725 3638 1777 reli-

1984 1793 2025 1847 n
2055 1829 2146 1899 qiii
2182 1828 2403 1884 Acbazo
2424 1793 2642 1882 lsraelis
2673 1824 2787 1897 regi
2822 1824 2877 1877 in
2909 1823 3051 1877 bello
3082 1829 3282 1891 praeter
3306 1818 3515 1888 pedites
3540 1819 3638 1873 de-

2055 1923 2168 1975 cies
2203 1920 2372 1983 mille.
2416 1928 2471 1974 et
2500 1916 2667 1991 225
2710 1917 2924 1987 equites
2964 1914 3387 1984 quinquaginta.
3442 1910 3635 1972 Porro.

2057 2023 2308 2069 mortuus
2328 2020 2411 2068 est
2438 2010 2621 2067 Elisba
2645 2009 2933 2080 propheta.
2956 2007 3204 2064 Mortuus
3228 2009 3395 2062 etiam
3416 2005 3635 2071 ilazset,

2056 2111 2229 2181 Syria
2254 2125 2373 2172 rex,
2407 2108 2499 2163 cui
2529 2108 2586 2161 ln
2615 2120 2784 2177 regno
2814 2104 3087 2161 successit
3126 2102 3271 2158 illius
3318 2102 3489 2172 ipsius
3528 2100 3638 2153 lla.

2058 2203 2186 2258 dad.
2224 2202 2502 2256 Reversus
2547 2197 2742 2252 deinde
2776 2196 2959 2253 Acha:
3003 2195 3223 2249 Israelis
3270 2209 3365 2247 rex
3417 2193 3639 2248 iladado

2058 2294 2309 2351 liasaelis
2345 2291 2457 2346 lilio
2508 2306 2632 2359 rege
2681 2289 2855 2358 Syria:
2902 2287 3143 2349 devicto,
3198 2288 3383 2348 urbes,
3438 2286 3639 2355 quibus

2054 2388 2232 2460 captis
2272 2388 2641 2458 imperaverat
2675 2392 2829 2452 pater
2851 2380 3059 2450 ipsius,
3099 2378 3174 2432 illi
3210 2378 3457 2434 abstulit.
3490 2377 3637 2432 lcr-

2055 2492 2182 2536 tuus
2211 2478 2410 2536 deinde
2440 2477 2623 2538 Alias,
2655 2471 2874 2530 lsraelis
2918 2486 3011 2526 rex
3033 2509 3050 2535 ,
3091 2470 3352 2526 Samarizv
3383 2470 3636 2539 sepultos

2054 2583 2162 2640 est,
2194 2578 2455 2643 regnante
2497 2580 2617 2639 post
2648 2570 2827 2637 ipsum
2860 2568 2918 2622 in
2953 2564 3209 2621 israclem
3246 2562 3512 2618 Samaria!
3541 2580 3639 2616 an-

2057 2682 2161 2722 nos
2195 2664 2472 2722 sexdecim
2509 2662 2620 2716 ﬁlio
2660 2661 2833 2731 ipsius
2861 2658 3031 2715 Joasb
3066 2678 3081 2712 :
3124 2658 3284 2727 idque
3318 2657 3469 2725 regni
3502 2654 3632 2712 Joa-

2056 2752 2139 2811 sbi
2174 2752 2319 2824 regis
2341 2748 2493 2805 Iuda:
2524 2748 2811 2804 tricesimo
2846 2762 3009 2803 nono.
3043 2746 3138 2802 Ille
3186 2748 3339 2818 pejus
3374 2763 3433 2802 se
3460 2750 3634 2817 gessit

2052 2853 2206 2913 patre
2268 2859 2388 2909 suo,
2449 2852 2611 2910 atque
2665 2841 2811 2896 idola
2871 2842 3085 2896 coluit.'
3122 2838 3388 2896 Joasbum
3448 2850 3634 2894 autem

2050 2936 2207 2993 ludar
2239 2953 2427 3005 regem
2458 2934 2635 2991 adorti
2672 2936 2815 2991 servi
2847 2935 3023 3003 ipsius
3061 2933 3491 2993 interfecerunt.
3526 2951 3637 3004 quo

2054 3029 2107 3083 iu
2154 3029 2373 3085 civitate
2405 3026 2621 3082 Davidis
2647 3028 2863 3096 sepulto
2893 3026 3201 3095 imperavit,
3244 3023 3400 3081 Julia
3440 3025 3637 3081 lliero-

366 3136 623 3192 qimens
646 3130 703 3177 ut
737 3123 884 3192 ip=os
911 3136 947 3178 e
974 3123 1155 3178 medio
1189 3123 1424 3187 tolleret.
1459 3126 1603 3194 quod
1634 3127 1750 3194 ipsa
1782 3143 1952 3194 genus
1981 3133 2024 3190 ο
2059 3122 2284 3191 solymis
2317 3135 2492 3173 annos
2520 3120 2714 3189 viginti
2753 3134 2947 3173 novem
2984 3119 3127 3175 ﬁlius
3165 3119 3339 3189 ipsius
3387 3119 3632 3175 Amasis.

365 3215 580 3269 ducens
611 3216 679 3269 ab
701 3214 925 3269 Acbabo
961 3213 1182 3271 lsraelis
1211 3230 1356 3284 rege,
1392 3223 1557 3270 totam
1592 3217 1814 3285 stirpem
1847 3217 1951 3271 Da-

364 3306 601 3363 vidicam
628 3307 958 3361 exstinctam
984 3315 1227 3377 cuperet.
1265 3306 1394 3360 Erat
1431 3315 1614 3363 autem
1659 3308 1760 3378 ipsi
1793 3310 1900 3363 ﬁlia
1932 3327 1947 3373 ;

364 3398 620 3453 Aelia-size
645 3414 823 3462 soror,
859 3398 1079 3453 nomine
1101 3396 1445 3466 Jehoshuba.
1485 3397 1769 3455 Jeboiadue
1797 3403 1949 3471 priu-

365 3490 511 3559 eipis
552 3489 901 3546 sacerdotum
957 3503 1114 3552 uxor,
1164 3505 1289 3559 qua
1335 3491 1653 3561 subreptum
1705 3509 1733 3544 τι
1776 3504 1950 3551 mat-c

366 3582 543 3653 ipsius
576 3583 741 3638 lilium
798 3583 1051 3637 Achazid:
1100 3586 1189 3635 cui
1252 3597 1449 3636 nomen
1497 3581 1688 3648 Joasb.
1741 3595 1945 3655 septem

364 3673 531 3729 annis
560 3673 703 3743 apud
738 3689 797 3728 se
852 3672 1163 3728 abscondit.
1213 3673 1626 3742 Prolilietarunt
1680 3678 1784 3731 sub
1831 3680 1946 3749 ipsa

367 3764 559 3821 I‘Zlisba
615 3772 672 3820 et
737 3764 967 3818 Obadia.
1040 3764 1257 3818 Atlialia
1325 3774 1508 3820 autem
1569 3765 1949 3839 Hierosolyma

366 3854 705 3911 scortatioue
730 3855 1064 3925 inquinavit.
1090 3854 1263 3909 Jussit
1297 3857 1445 3909 enim
1473 3856 1707 3915 feminas
1734 3862 1950 3931 publice

367 3948 577 4018 absque
620 3955 765 4001 metu
793 3943 1049 4009 scortari,
1092 3960 1307 4003 necnon
1345 3949 1491 4003 viros
1541 3959 1793 4019 stuprum
1824 3967 1947 4008 cum

366 4039 588 4097 feminis
612 4040 831 4095 nemine
879 4039 1200 4108 increpante
1230 4039 1599 4096 committere.
1631 4040 1736 4097 Ubi
1768 4056 1947 4100 autem

364 4134 701 4191 adolevisset
757 4130 926 4187 Joasb
982 4130 1232 4185 Acbaziu-
1278 4131 1448 4197 ﬁlius,
1480 4130 1738 4191 Jeliniada
1764 4152 1951 4193 sacer-

365 4226 471 4279 dos
527 4223 845 4280 convocatis
905 4220 1059 4277 .ludae
1115 4223 1455 4294 principibus
1505 4225 1574 4280 ad
1636 4228 1758 4282 illos
1824 4228 1951 4283 Joa-

364 4316 531 4372 sbum
567 4316 747 4385 ipsum
780 4313 1033 4370 Acbazia:
1092 4314 1261 4370 ﬁlium
1316 4317 1591 4386 produxit.
1647 4336 1809 4390 quem
1871 4322 1950 4378 illi

366 4424 556 4481 regem
609 4408 714 4463 sibi
768 4408 1194 4465 constituerunt.
1251 4406 1375 4475 Quo
1432 4410 1657 4475 audito,
1709 4413 1946 4476 Athalia,

2056 3215 2221 3285 quue
2248 3228 2392 3267 anno
2420 3212 2571 3283 regni
2602 3210 2792 3266 Joasbi
2828 3211 2974 3281 regis
2998 3211 3219 3266 lsvaelis
3242 3212 3505 3268 secundo.
3535 3214 3635 3266 llic

2052 3314 2243 3374 captos
2277 3320 2468 3359 servos
2497 3304 2587 3375 qui
2622 3315 2833 3374 patrem
2865 3303 3038 3373 ipsius
3062 3303 3451 3361 interiecerant
3476 3306 3635 3373 jugu-

2054 3396 2199 3449 lavit.
2227 3395 2339 3450 Sub
2366 3410 2434 3452 eo
2458 3396 2799 3466 proplictavit
2820 3394 2991 3450 Amos
3016 3396 3283 3466 propheta
3321 3395 3631 3450 Davidieus.

2050 3488 2392 3543 Ascendeute
2428 3500 2609 3542 autem
2650 3487 2854 3543 .loaslio
2889 3487 3111 3543 lsraelis
3136 3503 3260 3557 rege
3315 3488 3630 3558 Hierosoly-

2054 3594 2159 3633 ma.
2212 3579 2428 3634 Amasia
2460 3578 2613 3634 Judae
2652 3595 2743 3633 res
2783 3589 2928 3634 metu
2964 3580 3083 3647 ejus
3111 3578 3508 3635 Beitsbemsum
3544 3582 3637 3637 fu-

2051 3674 2231 3744 giens,
2266 3674 2453 3725 urbem
2490 3686 2716 3725 vacuam
2749 3672 2989 3739 reliquit.
3038 3671 3213 3725 Diruit
3247 3687 3381 3740 ergo
3405 3671 3577 3730 Joasb
3602 3692 3637 3729 e

2051 3781 2206 3821 muro
2257 3766 2408 3821 urbis
2440 3764 2955 3837 Hierosolymitana:
2999 3764 3214 3820 cubitos
3262 3766 3632 3836 quadringen-

2054 3868 2158 3915 tos.
2183 3866 2578 3926 acceptumque
2609 3859 2749 3917 auri.
2784 3857 2994 3928 argenti
3025 3866 3080 3909 et
3104 3872 3446 3927 gemmarum
3472 3860 3633 3928 qvid-

2051 3950 2180 4015 quid
2225 3951 2277 4004 iu
2323 3951 2546 4016 templo,
2600 3965 2819 4005 necnon
2880 3950 3147 4018 quidquid
3186 3951 3304 4003 :iuri
3341 3962 3507 4017 atque
3540 3966 3631 4005 ar-

2050 4041 2194 4109 genti
2221 4040 2274 4093 in
2299 4040 2501 4110 palatio
2525 4040 2669 4110 regis
2702 4040 2925 4094 \masite
2954 4040 3073 4100 fuit.
3100 4040 3407 4097 Samariam
3438 4059 3633 4108 aspor-

2052 4134 2209 4187 tavit.
2246 4131 2458 4186 Mortuo
2509 4133 2710 4194 deinde
2756 4131 2960 4187 Joast
3007 4132 3226 4190 lsraulis
3270 4151 3415 4206 rege,
3465 4147 3633 4206 atque

2053 4224 2312 4281 Samaria!
2345 4227 2585 4296 sepulto.
2613 4234 2737 4297 post
2768 4227 2946 4298 ipsum
2979 4227 3239 4282 Samaria!
3267 4227 3630 4299 225-227

2053 4319 2107 4372 in
2138 4319 2401 4375 israelom
2426 4320 2671 4390 regnavit
2697 4334 2873 4374 annos
2894 4320 3252 4391 quadraginta
3287 4337 3454 4375 unum
3485 4322 3633 4378 ﬁlius

2054 4411 2229 4481 ipsius
2261 4411 2575 4475 Jeroboam.
2609 4412 2775 4484 idque
2818 4428 2964 4465 anno
3014 4415 3168 4483 regni
3199 4413 3436 4469 Amasire
3489 4415 3631 4484 regis

366 4500 567 4557 scissis
599 4498 845 4555 vestibus
884 4498 950 4552 ad
1000 4498 1178 4567 ipsum
1207 4500 1661 4568 conspiciendum
1698 4518 1945 4590 egressa,
1979 4481 2025 4537 θ
2050 4500 2206 4559 Iuda
2234 4504 2449 4561 decimo
2480 4481 2697 4573 quinto;
2730 4503 2947 4557 Mortuo
2993 4481 3162 4558 dmi—Sil
3217 4504 3432 4561 lsraelis
3482 4481 3630 4575 rege.

368 4592 552 4648 eladio
583 4590 912 4660 interempta
936 4600 1041 4645 est.
1084 4587 1354 4655 Regnavit
1403 4608 1533 4659 ergo
1567 4587 1734 4649 Joasb
1766 4596 1949 4650 Arba-

368 4683 467 4738 κίε
492 4680 634 4739 ﬁlius
666 4680 1060 4752 Hierosolymis
1079 4682 1132 4735 in
1150 4679 1342 4736 ludam
1360 4684 1720 4753 quadraginta
1744 4700 1949 4753 annos;

372 4789 540 4845 regno
555 4782 736 4828 autem
757 4770 1050 4842 prariectus
1067 4782 1151 4827 est
1168 4787 1341 4828 annos
1362 4783 1520 4827 natus
1541 4784 1770 4844 septem;
1789 4778 1951 4847 idque

367 4883 518 4923 anno
546 4867 694 4936 regni
717 4864 858 4921 Jebu
881 4865 1025 4936 regis
1050 4864 1263 4920 lsraelis
1282 4868 1531 4935 septimo.
1561 4865 1717 4921 Matri
1755 4866 1949 4925 Jonsbi

368 4974 565 5015 nomen
586 4956 940 5028 221-223
959 4966 1078 5013 erat
1104 4958 1262 5013 Sebia
1294 4959 1632 5015 Birsebaitis.
1662 4958 1790 5029 Ejus
1809 4972 1949 5016 tem-

368 5067 501 5120 pore.
516 5055 916 5120 proplictaruut
930 5048 1135 5114 Elisha,
1155 5049 1307 5113 Urio,
1324 5060 1375 5102 et
1395 5049 1658 5105 Zacliaria
1675 5050 1950 5108 Jeboiadze

370 5143 677 5198 sacerdotis
723 5143 889 5197 illius.
918 5140 1105 5212 Neque
1130 5142 1340 5197 destitit
1358 5143 1491 5196 bene
1520 5161 1577 5199 se
1602 5147 1654 5199 in
1689 5145 1824 5201 luds
1859 5163 1951 5214 ge.

371 5251 516 5302 rere,
548 5236 722 5290 donec
753 5248 1058 5291 moreretur
1078 5233 1338 5290 Jeboiada
1372 5237 1753 5306 sacerdos,qui
1780 5253 1950 5293 anno-

367 5346 492 5382 i'uttt
510 5338 726 5383 centum
753 5337 869 5380 erat
894 5337 947 5380 et
985 5326 1227 5395 triginta.
1246 5329 1400 5398 Cepit
1432 5330 1629 5383 deinde
1657 5330 1821 5385 Joain
1846 5347 1937 5386 res

366 5418 471 5473 sibi
492 5419 630 5470 idola
648 5432 767 5485 qua:
784 5416 1175 5485 coleret.un
1194 5432 1321 5472 cum
1341 5420 1519 5473 lacere
1537 5418 1712 5487 ipsum
1740 5429 1946 5473 veturct

364 5509 632 5567 ’IAcharia
649 5510 910 5579 propin-ta
941 5506 1218 5563 Jeboiadz
1245 5510 1649 5578 iilius,jubeute
1667 5511 1784 5579 ipso
1809 5510 1946 5579 lapi-

370 5612 530 5657 datus
558 5600 784 5655 interiit.
810 5600 923 5653 Hoc
946 5600 1154 5655 scilicet
1184 5599 1465 5670 prreuiium
1500 5601 1752 5658 retribuit
1776 5600 1947 5657 Joaslt

371 5693 651 5747 Jcboiadte
686 5691 990 5757 sacerdoti;
1037 5706 1263 5759 regnum
1320 5692 1493 5758 ipsius
1540 5708 1644 5761 ope
1684 5692 1941 5762 adeptus,

370 5788 541 5841 lilium
576 5784 692 5852 ejus
728 5782 1047 5838 Zachariam
1097 5783 1391 5838 interiecit.
1433 5785 1698 5854 l'Ign-ssus
1751 5795 1937 5839 autem

2054 4594 2458 4651 AmaziaJuda:
2492 4611 2580 4650 res
2616 4610 2646 4649 a
2675 4593 3016 4649 Beitsliemes
3040 4593 3415 4666 Hierosolyma
3446 4612 3628 4652 rever-

2050 4703 2149 4744 sus
2171 4698 2274 4744 est.
2312 4687 2442 4743 Post
2469 4688 2693 4757 aliquod
2732 4699 2913 4741 autem
2953 4688 3218 4756 temporis
3263 4688 3502 4757 spatium
3533 4686 3623 4745 Ic-

2050 4782 2345 4835 roboamus
2369 4778 2587 4835 lsraelis
2614 4795 2706 4834 res
2736 4780 2984 4835 collectis
3014 4781 3187 4847 copiis
3223 4781 3338 4837 suis
3374 4781 3630 4838 Hieroso-

2049 4870 2193 4944 lyma
2228 4870 2512 4935 ascendit;
2565 4886 2597 4924 a
2633 4885 2742 4941 quo
2773 4886 2894 4926 cum
2931 4870 3150 4925 Amozia
3188 4869 3343 4927 lude
3384 4888 3481 4927 res
3511 4913 3529 4939 ,
3562 4874 3628 4928 :id

2051 4962 2241 5017 urbem
2294 4960 2561 5017 Laeliisclt
2610 4959 2886 5032 fugisset.
2946 4961 3169 5016 mittens
3220 4960 3312 5016 ille
3344 4972 3472 5029 post
3503 4978 3628 5017 eum

2050 5046 2410 5114 Laelii-bum,
2438 5052 2513 5105 ibi
2547 5051 2725 5121 ipsum
2760 5049 2973 5109 interict
3002 5058 3078 5115 't;
3111 5052 3203 5122 qui
3248 5050 3628 5123 Hierosolyma

2050 5160 2079 5199 a
2112 5146 2286 5201 servis
2313 5144 2429 5199 suis
2463 5151 2777 5213 reportatus
2806 5142 2859 5197 in
2878 5143 3097 5198 civitate
3127 5140 3351 5199 Davidis
3377 5146 3628 5213 sepultus

2049 5248 2153 5295 est.
2193 5236 2459 5305 Regnavit
2490 5246 2615 5306 post
2646 5237 2827 5305 ipsum
2878 5236 2931 5288 in
2983 5232 3179 5289 ludam
3234 5234 3629 5307 Hierosolymis

2050 5344 2224 5383 atinos
2254 5329 2647 5395 quinquaginta
2678 5328 2808 5389 duo,
2839 5326 2982 5382 ﬁlius
3015 5327 3185 5396 ipsius
3223 5325 3411 5392 Uzzia,
3448 5342 3621 5383 annos

2050 5419 2320 5475 sexdecim
2358 5426 2539 5477 natus,
2577 5418 2738 5485 idque
2768 5433 2912 5473 antro
2944 5418 3095 5486 rcgui
3121 5416 3437 5472 lemboami
3474 5417 3619 5486 regis

2050 5508 2210 5562 lsrael
2239 5507 2453 5561 decimo
2502 5507 2717 5576 quinto.
2769 5504 2901 5574 Ejus
2947 5517 3189 5576 tempore
3222 5509 3622 5577 proplietarunt

2052 5602 2238 5663 Amos,
2271 5598 2499 5668 ejusque
2548 5597 2692 5653 ﬁlius
2725 5597 2899 5652 lsaialt
2952 5614 2984 5653 c
3034 5597 3241 5653 faiiiilin
3283 5599 3451 5653 David
3477 5642 3489 5660 .
3528 5599 3627 5653 Jo-

2051 5692 2185 5747 sliua
2218 5690 2432 5753 Jcimdi.
2465 5689 2607 5747 ﬁlius
2643 5688 2938 5755 Rubenita,
2971 5687 3139 5746 Jonas
3170 5689 3399 5745 hiantia:
3427 5689 3566 5745 ﬁlius
3592 5708 3623 5747 e

2050 5782 2423 5852 Cathbaphar.
