4068 6160
389 190 498 251 959

1408 188 1779 252 EUTYCHII
1824 186 2363 251 ALEXANDRINI
2406 190 2622 251 l‘A'l‘ll.

3546 178 3669 247 060

461 298 704 352 Mortuus
728 294 1272 361 Jeroboaszraelis
1301 312 1415 364 rex,
1437 296 1701 355 Samarize
1722 297 1970 369 sepultus
1997 297 2048 355 Α
2073 306 2141 361 ad
2173 306 2351 376 ipsum
2383 304 2564 357 Achaz
2599 300 2750 355 ludo:
2803 314 2919 364 rex,
2959 308 3015 353 ut
3061 298 3265 369 gratias
3312 297 3359 349 ei
3408 296 3476 349 ob
3518 291 3660 347 ituri

389 401 494 447 est.
531 393 901 462 Regnavitque
932 401 1053 462 post
1084 393 1263 463 ipsum
1318 392 1583 449 Samaria:
1614 394 1667 447 iu
1705 392 1964 447 lsraelctn

399 502 495 539 sex
535 502 751 541 menses
778 527 793 548 ,
842 486 985 540 iiiius
1047 488 1217 554 ipsius
1265 484 1529 541 Zacharia
1558 528 1573 548 ,
1614 487 1777 556 idque
1816 483 1966 555 regni

396 578 575 634 Uuiae
608 580 753 649 regis
780 578 933 633 .ludze
961 595 1105 633 anno
1137 581 1400 633 vicesimo
1426 596 1572 633 nono
1600 598 1614 643 ;
1652 594 1811 647 quem
1844 592 1967 633 cum

397 673 575 739 ipsum
613 672 813 733 adorti,
844 671 1089 724 Shallum
1120 670 1343 726 Jabeshi
1378 671 1520 725 liiius
1549 681 1604 727 et
1638 671 1842 725 Bileum
1876 670 1967 741 qui

403 773 564 817 erant
598 779 627 816 e
660 764 894 817 ducibus
938 764 1131 832 ipsius,
1168 762 1592 827 interfecissent,
1621 777 1846 833 regnqu
1877 776 1973 817 oc-

391 872 600 926 cupans
634 854 876 911 Shallum
909 854 1130 912 Jabeshi
1156 856 1317 922 illius,
1348 856 1609 909 Samaria'
1634 856 1688 909 in
1715 854 1969 910 Israelem

397 950 515 1003 dies
566 948 784 1018 triginta
842 949 1109 1017 regnavit,
1160 950 1324 1018 idque
1378 964 1523 1005 anno
1581 949 1735 1014 regni
1796 948 1973 1002 Liuiae

394 1044 556 1107 regis.
592 1040 747 1095 Iudae
791 1042 1052 1096 vicesimo
1095 1058 1259 1098 nono.
1294 1041 1448 1097 lllmu
1508 1042 1736 1096 adortus
1774 1040 1972 1097 Mena-

393 1136 551 1187 chem
585 1132 720 1186 Gadt
772 1133 938 1198 ﬁlius,
969 1135 1059 1204 qui
1097 1149 1126 1188 e
1152 1135 1383 1188 ducibus
1414 1134 1580 1205 228
1603 1134 1720 1201 ejus
1755 1133 1933 1189 fuerat
1955 1175 1971 1197 .

394 1228 515 1293 ipso
545 1223 833 1278 interfecto
869 1240 1094 1293 regnum
1127 1226 1415 1293 cccupavit
1438 1263 1453 1286 ,
1488 1226 1842 1294 regnavitque
1876 1225 1976 1279 Sa-

396 1314 581 1367 maria:
614 1314 665 1366 in
699 1313 955 1367 lsraelem
985 1329 1157 1368 annos
1184 1315 1371 1383 viginti
1417 1333 1429 1368 :
1465 1316 1629 1383 idque
1663 1315 1821 1369 initio
1847 1315 1972 1367 anui

396 1407 549 1475 regni
580 1405 761 1460 Uzzize
809 1407 954 1474 regis
990 1404 1142 1460 Judae
1192 1407 1493 1461 tricesimo.
1532 1406 1734 1462 Deinde
1764 1405 1975 1462 'l'irsam

402 1502 591 1554 ttrhetn
631 1500 910 1565 punit-rtus
948 1516 1011 1553 ea
1041 1511 1200 1568 capta
1234 1515 1425 1554 omnes
1452 1502 1543 1569 qui
1588 1502 1641 1554 itt
1675 1501 1790 1571 ipsa
1820 1507 1979 1553 erant

401 1602 577 1647 morte
602 1591 805 1657 all'ecit,
834 1603 882 1645 ιιι
914 1600 1289 1662 ιιιυιιιςιιλιιιιιιιι
1324 1602 1509 1647 uteros
1532 1592 1748 1647 dtllidit.
1774 1591 1978 1647 Ascen-

2072 397 2217 465 quod
2250 397 2453 452 fecerat
2476 403 2679 465 ageret.
2726 393 2999 447 l‘eltahum
3027 401 3206 445 autem
3232 389 3445 443 lsraelis
3470 403 3658 455 regem

2070 487 2235 554 Osca,
2270 489 2380 545 Elze
2413 488 2578 551 lilius,
2614 488 2706 557 qui
2740 501 2773 541 e
2804 482 3034 538 duribus
3081 484 3251 551 ipsius
3305 481 3426 541 fuit,
3474 481 3657 547 ipsum

2072 583 2303 638 adortus
2354 580 2655 643 interiecit,
2709 592 2988 649 regnoque
3046 586 3332 643 occupato,
3388 574 3659 628 Suuariae

2070 674 2234 747 232
2280 675 2334 730 in
2374 674 2633 729 lsraelem
2694 687 2887 745 novem
2938 683 3111 722 annos
3161 665 3439 733 regnavit;
3490 662 3656 729 idque

2070 782 2217 822 anno
2254 768 2405 838 regni
2441 768 2642 820 Achaei
2682 765 2825 833 regis
2851 761 3002 817 Jualze
3032 759 3382 815 duodecimo.
3408 754 3654 809 Mortuus

2070 860 2268 917 deinde
2298 862 2478 916 Achaz
2512 857 2665 913 ιιιιιςυ
2690 874 2779 911 rex
2815 858 2868 911 in
2889 856 3111 911 ciritate
3156 853 3379 907 Davidis
3407 852 3655 918 sepul'us

2070 962 2159 1008 est
2182 992 2199 1015 ,
2228 961 2515 1022 postquam
2557 951 2801 1019 regnavit
2835 947 3229 1016 Hierosolymis
3266 960 3433 1013 super
3453 940 3647 997 ludam

2078 1060 2254 1101 annos
2300 1045 2489 1107 viginti
2543 1059 2736 1097 novem
2792 1043 2934 1096 Iilius
2984 1042 3158 1111 ipsius
3192 1038 3449 1103 Ezekialt,
3481 1050 3657 1090 annos

2076 1148 2238 1193 natus
2272 1136 2459 1208 viginti
2488 1136 2778 1204 quinque;
2844 1132 3008 1201 idque
3070 1145 3217 1184 anno
3275 1127 3428 1197 regni
3477 1126 3648 1185 Oscae,

2080 1231 2222 1301 regis
2272 1229 2528 1291 lsraelis.
2593 1228 2775 1283 tertio.
2836 1225 2968 1291 Ejus
3013 1224 3213 1279 diebus
3266 1222 3654 1292 prophetarum

2079 1319 2274 1387 Isaias,
2320 1320 2494 1375 Oseas
2539 1328 2593 1373 et
2661 1317 2837 1371 Mielta
2889 1316 3241 1381 Ephraitnita.
3292 1315 3465 1370 Porro
3512 1327 3654 1365 anno

2076 1413 2227 1482 regni
2265 1410 2493 1475 Ezekiae,
2532 1414 2672 1483 regis
2701 1409 2875 1476 .ludm,
2926 1419 3144 1479 quarto,
3176 1408 3271 1479 qui
3306 1405 3484 1470 οων,
3515 1407 3655 1473 regis

2082 1502 2328 1572 isIaelis,
2358 1506 2624 1573 septimus
2655 1513 2794 1567 erat,
2845 1502 3148 1555 Samariam
3197 1500 3503 1553 ascendens
3536 1498 3653 1550 Salv

2082 1612 2392 1663 manassar,
2438 1596 2607 1651 Musal
2644 1605 2698 1650 et
2729 1595 3134 1664 Mesopotamia
3162 1608 3279 1657 rex,
3308 1606 3431 1643 eam
3468 1590 3655 1643 tribus

398 1688 620 1740 dentem
653 1686 850 1740 deinde
898 1697 1089 1741 contra
1135 1687 1313 1757 ipsum
1348 1684 1536 1739 Polam
1584 1701 1767 1754 regem
1803 1684 1977 1739 Musal
2012 1659 2052 1713 Β
2085 1692 2245 1744 annis
2279 1690 2563 1745 obsessam
2602 1688 2745 1759 cepit
2772 1706 2787 1749 ;
2819 1696 3153 1758 captumque
3180 1684 3404 1747 Oscam,
3438 1683 3656 1737 lsraelis

397 1777 714 1833 Meuachem
746 1779 961 1834 lsraclis
991 1795 1107 1841 rex,
1132 1794 1326 1848 magna
1353 1778 1472 1831 auri
1503 1788 1556 1833 et
1585 1778 1792 1849 argenti
1824 1775 1981 1848 COpia

395 1870 547 1935 data,
585 1870 864 1933 demulsit,
894 1885 961 1923 ne
988 1871 1091 1925 sibi
1118 1866 1414 1941 [noceretJ
1442 1882 1614 1937 quare
1641 1868 1710 1922 ab
1740 1867 1864 1939 ipso
1896 1879 1984 1919 re-

400 1977 597 2017 versus
636 1971 741 2015 est.
776 1960 992 2016 Mortuo
1015 1960 1393 2022 Menachemo.
1422 1968 1478 2013 et
1508 1957 1770 2015 Samaria:
1800 1956 1986 2025 sepul-

400 2062 481 2119 to,
519 2055 767 2124 regnarit
796 2062 918 2123 post
950 2054 1125 2122 ipsum
1172 2054 1438 2109 Samaria:
1469 2054 1525 2107 in
1551 2050 1805 2107 israeiem
1845 2054 1986 2104 tlttns

401 2162 577 2200 annos
610 2145 757 2198 lilitts
789 2145 961 2214 ipsius
997 2145 1257 2207 Pckuhia,
1289 2144 1452 2215 idque
1504 2162 1648 2199 anno
1687 2145 1839 2214 regni
1881 2142 1985 2198 Uc-

402 2238 502 2292 zia:
534 2235 681 2306 regis
705 2233 861 2289 Juda:
894 2238 1372 2306 quinquagesimo.
1410 2238 1567 2290 llium
1622 2236 1852 2290 adortus
1881 2236 1984 2288 ιδυ-

402 2331 531 2397 kah,
564 2328 819 2383 llemalise
854 2329 1019 2395 lilius,
1050 2346 1078 2382 e
1111 2328 1345 2384 ducibus
1373 2328 1565 2398 ipsius,
1599 2344 1723 2383 cum
1761 2331 1987 2385 interfe-

400 2425 589 2485 cisset,
609 2438 833 2491 regnum
862 2421 1176 2491 occupavit,
1200 2423 1555 2493 regnavitque
1582 2422 1698 2493 ipse
1721 2424 1775 2479 in
1806 2424 1981 2481 lsrae-

402 2516 530 2579 lem,
551 2512 810 2568 Satnaria-
838 2529 1014 2568 annos
1037 2514 1225 2583 viginti
1255 2524 1399 2576 octo,
1430 2515 1595 2585 idque
1630 2518 1783 2587 regni
1805 2517 1987 2573 Unius

404 2604 549 2674 regis
582 2604 729 2659 ludat
761 2604 1223 2674 quinquagesimo
1272 2606 1535 2660 secundo.
1588 2605 1741 2661 Fecit
1791 2621 1977 2664 autem

416 2694 578 2751 Uzzia
613 2698 715 2751 iste
748 2712 912 2753 omne
945 2698 1148 2750 malum
1174 2713 1190 2762 ;
1220 2696 1505 2769 ingressus
1539 2700 1686 2755 enim
1726 2700 1991 2758 Sanctum

409 2800 757 2850 sanctorum.
778 2800 991 2859 arrepto
1006 2792 1130 2845 inde
1150 2809 1178 2846 e
1192 2806 1352 2845 manu
1373 2791 1674 2850 sacerdotis
1696 2794 1992 2859 thuribulo,

407 2880 778 2938 nutrimentum
800 2885 957 2937 altari
983 2883 1258 2948 admovit;
1287 2900 1450 2952 quam
1483 2886 1553 2940 ob
1579 2900 1803 2942 causam
1831 2887 1983 2958 lepra

2086 1798 2288 1852 regem,
2321 1782 2375 1837 in
2397 1798 2673 1839 carcerem
2699 1781 2954 1852 coniecit,
2978 1795 3041 1835 ac
3064 1779 3256 1834 decem
3290 1777 3660 1833 lsi‘aclilarttut

2085 1874 2283 1939 tribus,
2312 1890 2343 1930 e
2375 1874 2596 1944 regione
2629 1871 2978 1938 Samaritica,
3013 1870 3269 1927 Amidom
3304 1870 3575 1923 Mnsalnm
3604 1881 3658 1919 et

2088 1966 2337 2023 Babelem
2364 1966 2693 2035 deportavit,
2715 1963 2853 2021 adeo
2885 1973 2946 2018 ut
2970 1964 3083 2035 jam
3114 1960 3672 2034 nonsnperessetnisi

2088 2055 2264 2113 tribus
2292 2055 2464 2121 ιιηιεε,
2488 2070 2613 2110 cum
2645 2058 2817 2125 stirpe
2854 2055 3110 2110 Davidica
3141 2070 3262 2126 qua:
3292 2054 3404 2107 illis
3432 2056 3668 2121 impera-

2091 2159 2191 2212 ret.
2222 2161 2277 2206 et
2304 2150 2482 2204 tribus
2524 2150 2882 2219 Deujaminis.
2932 2145 3252 2204 Translatos
3282 2161 3464 2201 autem
3499 2146 3667 2198 Baha-

2089 2241 2181 2307 lis,
2208 2241 2413 2305 Amidi,
2442 2251 2499 2297 et
2530 2240 2725 2297 Ilusali
2771 2240 2981 2296 incolas
3022 2238 3076 2295 in
3110 2240 3343 2295 urbibus
3384 2238 3667 2293 Sumat-iti-

2089 2337 2171 2390 cis
2197 2336 2320 2389 loco
2350 2334 2720 2390 lsraelitarum
2756 2333 3081 2400 collocavit;
3112 2332 3304 2389 relicto
3332 2332 3478 2403 apud
3511 2333 3661 2401 ipsos

2089 2426 2374 2483 sacerdote
2429 2426 2649 2481 nomine
2701 2425 2820 2481 Lun
2876 2424 2971 2491 qui
3028 2426 3181 2496 ipsos
3214 2424 3385 2493 legem
3427 2424 3665 2477 doceret.

2094 2519 2328 2576 Edocuit
2356 2534 2487 2589 ergo
2515 2518 2669 2589 ipsos
2698 2516 2837 2580 Lun,
2878 2518 3029 2571 illam
3059 2531 3225 2587 quam
3257 2523 3446 2571 tenent
3475 2514 3666 2577 legem.

2096 2614 2451 2683 Puerumque
2482 2612 2557 2667 illi
2589 2609 3061 2668 Samaritanorum
3100 2616 3307 2680 patres,
3338 2607 3671 2663 Samaritani

2093 2717 2276 2763 autem
2306 2706 2398 2775 qui
2440 2706 2543 2760 hoc
2575 2715 2824 2773 tempore
2860 2702 3215 2772 reperiuntur
3258 2702 3503 2772 ipsorum
3554 2700 3672 2755 lilii.

2094 2800 2345 2872 Separati
2372 2801 2518 2854 enim
2554 2815 2583 2852 ιι
2611 2796 2817 2851 .lndzeis
2842 2794 3188 2865 prophetiam
3223 2794 3444 2849 Daridis
3473 2802 3528 2848 et
3551 2808 3675 2862 pro-

2097 2896 2384 2966 phetarum
2419 2892 2662 2949 omnium
2702 2890 3087 2960 repudiarunt,
3116 2889 3384 2943 dicentes:
3420 2887 3539 2942 Non
3572 2885 3678 2940 fuit

409 2976 469 3031 in
503 2973 642 3028 facie
673 2990 967 3075 percussus
996 2986 1101 3075 est,
1134 2992 1311 3045 neque
1335 2984 1519 3032 tamen
1558 2993 1586 3031 a
1618 2993 1784 3049 regno
1813 2996 1990 3035 seuto-
2014 3012 2059 3075 Ο
2099 2998 2219 3057 post
2267 2986 2453 3043 Mosen
2485 2984 2803 3055 prophetam
2833 3022 2845 3044 ,
2872 2980 3175 3052 propheta;
3212 2981 3320 3036 sibi
3356 2978 3608 3047 principe
3636 2992 3667 3030 e

410 3078 521 3133 tus,
547 3084 668 3121 cum
692 3066 834 3121 ﬁlius
862 3069 1034 3137 ipsius
1053 3066 1295 3133 Jotham,
1318 3084 1544 3138 regnum
1570 3070 1988 3142 administrans,

409 3160 588 3229 ipsum
623 3170 890 3213 tueretur.
928 3160 1178 3215 Mortuus
1213 3172 1394 3216 autem
1427 3161 1589 3218 Uzzia
1615 3203 1632 3231 ,
1659 3162 1812 3219 ludar
1849 3181 1942 3223 rex
1971 3209 1986 3233 ,

413 3253 469 3305 iu
512 3251 734 3306 civitate
793 3250 958 3303 David
1007 3253 1256 3320 sepultus
1302 3260 1407 3306 cst.
1458 3251 1831 3325 [legunt-itque
1871 3267 1993 3326 post

410 3345 588 3412 ipsum
626 3342 1015 3412 Hierosolymis
1043 3345 1096 3397 in
1132 3341 1325 3416 ludam
1365 3343 1510 3400 ﬁlius
1546 3347 1718 3416 ipsius
1772 3347 1991 3403 Jotham

412 3451 587 3490 attttos
620 3436 914 3495 sexdecim,
946 3450 1119 3489 annos
1145 3445 1258 3487 tum
1304 3447 1464 3491 natus
1512 3438 1701 3508 viginti
1732 3440 1993 3510 quinque,

429 3528 590 3597 idque
625 3526 982 3598 229-331.
1015 3543 1160 3583 anno
1191 3528 1339 3598 regni
1376 3528 1553 3593 Peliae,
1585 3533 1725 3604 regis
1752 3532 1991 3595 lSraelis,

418 3619 681 3675 secundo.
718 3617 851 3687 Ejus
892 3629 1138 3686 tempore
1174 3621 1573 3690 prephetaruut
1606 3623 1793 3688 Isaias,
1820 3624 1995 3678 Micha

362 3712 368 3718 ’
418 3712 734 3776 Morashitn,
768 3724 821 3764 et
846 3713 965 3768 Joel
993 3712 1287 3768 Phanuelis
1312 3714 1477 3769 illius.
1519 3716 1785 3784 Egressus
1809 3727 1992 3771 autem

415 3806 595 3878 Tiglat
629 3805 850 3871 Pili-ser,
888 3823 981 3860 rex
1016 3806 1188 3861 Musal
1216 3846 1233 3867 ,
1266 3809 1466 3862 multas
1494 3808 1865 3865 lsraehtarum
1900 3826 1995 3863 ur-

418 3900 516 3955 bes
552 3899 821 3962 devictas,
857 3899 992 3967 ipsis
1027 3899 1274 3953 abstulit.

488 3988 734 4044 Mortuus
785 3988 1005 4047 Jotham
1039 3987 1193 4048 ludar
1238 4006 1331 4045 rex
1360 4029 1376 4053 .
1410 3990 1465 4045 in
1511 3992 1730 4046 civitate
1778 3991 1999 4047 Davidis

417 4082 735 4138 Bethlehem
789 4083 1040 4153 sepultus
1072 4092 1193 4149 est;
1244 4083 1604 4155 regnavitque
1652 4094 1773 4154 post
1818 4086 1997 4156 ipsum

417 4175 817 4245 Hierosolymis
844 4176 897 4229 in
922 4174 1115 4231 ludam
1153 4191 1327 4230 annos
1350 4176 1631 4231 sexdecim
1661 4176 1805 4232 illius
1830 4179 2005 4249 ipsius

418 4271 603 4326 Acha:
631 4285 808 4325 annos
845 4281 1006 4324 natus
1034 4268 1223 4340 viginti
1252 4288 1267 4324 :
1300 4268 1463 4339 idque
1493 4270 1645 4337 regni
1674 4271 1835 4326 Pckae
1863 4273 2002 4343 regis

2092 3080 2327 3151 posteris
2374 3080 2605 3132 Aaronis
2654 3075 2982 3141 constituto,
3011 3073 3098 3131 cui
3139 3070 3494 3144 233-235
3525 3069 3672 3140 regis

2094 3174 2311 3231 titulum
2349 3171 2684 3228 indiderunt.

2168 3264 2356 3336 Regna
2380 3276 2562 3320 autem
2596 3263 2774 3332 potito
2808 3260 3010 3316 Ezt'ltia
3058 3259 3211 3314 Judze
3240 3274 3367 3320 rege
3403 3258 3456 3310 in
3489 3271 3679 3309 omnes

2097 3358 2395 3421 lsraelitas,
2428 3364 2481 3413 et
2508 3358 2602 3428 qui
2635 3371 2697 3412 ex
2730 3356 2865 3422 ipsis
2892 3353 3086 3424 reliqui
3111 3362 3295 3407 essent
3325 3351 3378 3403 in
3404 3347 3677 3406 Samaria,

2098 3452 2241 3507 idola
2272 3450 2681 3521 confregerunt,
2706 3459 3028 3517 statuasque
3062 3454 3421 3502 amaverunt;
3451 3456 3549 3495 nec
3572 3456 3686 3493 nou

2106 3554 2413 3615 serpentem
2465 3557 2677 3598 aeneum
2706 3581 2721 3605 .
2764 3556 2924 3610 quem
2968 3539 3165 3602 Moses,
3196 3555 3248 3595 ο.
3284 3555 3337 3606 p.
3368 3539 3421 3590 iu
3458 3536 3673 3588 deserto

2100 3636 2323 3700 fecerat,
2352 3650 2631 3707 quemque
2677 3635 2809 3688 illud
2854 3648 3028 3703 usque
3058 3643 3271 3697 tempus
3301 3646 3409 3684 non
3437 3631 3683 3684 destitis-

2101 3742 2222 3783 sent
2256 3728 2520 3783 Israelita
2553 3726 2731 3795 magni
2776 3726 2955 3781 facere
2983 3735 3039 3778 et
3082 3723 3285 3785 colere,
3338 3722 3684 3775 comminuit.

2102 3817 2301 3872 Tribus
2326 3819 2491 3871 etiam
2523 3817 2857 3884 alienigenas
2887 3824 3249 3885 oppugnatas,
3280 3811 3485 3868 Gazam
3512 3828 3686 3881 usque.

2101 3920 2158 3966 et
2209 3910 2396 3966 urbem
2434 3909 2696 3979 Raphach
2742 3906 2971 3977 fugavit.
3009 3906 3150 3960 Misit
3190 3906 3353 3957 etiam
3396 3904 3462 3957 ad
3513 3912 3689 3957 totum

2106 4003 2502 4062 lsraeiitarum,
2527 4002 2618 4069 qtti
2646 3999 2912 4055 ditionem
3032 3996 3428 4056 Samaritieam,
3456 4006 3685 4051 terram-

2105 4112 2214 4167 que
2240 4093 2393 4149 Juda:
2426 4094 2751 4153 incolerent,
2784 4098 3016 4149 emtum,
3042 4098 3096 4140 ut
3134 4086 3525 4158 Hierosolymis
3557 4102 3690 4142 cou-

2108 4190 2388 4245 venientes
2421 4187 2631 4241 Pascha
2666 4185 3029 4240 celebrarent.
3068 4180 3391 4250 Congregati
3424 4195 3555 4249 ergo
3598 4179 3675 4233 illi

2110 4281 2319 4336 Pascha
2358 4278 2753 4350 Hierosolymis
2786 4276 3155 4329 celebrarunt.
3209 4271 3456 4328 Mactavit
3509 4279 3691 4325 autem

420 4362 593 4420 Israel
632 4362 847 4419 decimo
878 4362 1133 4433 septimo.
1162 4363 1296 4431 Ejus
1330 4369 1575 4431 tempore
1605 4363 2001 4433 prophetarum
2039 4351 2082 4409 υ
2117 4370 2313 4426 Ezekia
2353 4369 2512 4424 Indae
2559 4384 2651 4423 rex
2696 4367 2961 4435 juvencos
2994 4363 3078 4417 bis
3117 4363 3287 4422 mille.
3320 4359 3560 4433 pecudes
3606 4375 3693 4413 se-

422 4455 613 4517 lsaias,
674 4452 867 4517 οδω,
911 4465 966 4510 et
1019 4454 1216 4518 Micha,
1253 4455 1620 4524 princepsque
1652 4455 2004 4510 sacerdotum

419 4556 540 4603 erat
574 4546 724 4603 Uria.
760 4544 1045 4601 Profectus
1091 4556 1273 4601 autem
1326 4546 1493 4601 Reziu
1546 4544 1797 4603 Damasci
1858 4561 1951 4601 rex
1984 4587 2000 4612 ,

426 4653 535 4695 una
561 4654 687 4694 cum
715 4637 953 4701 Prii-alio,
986 4637 1206 4693 lsraeiis
1233 4654 1381 4707 rege,
1408 4636 1778 4710 Hierosolyma
1813 4653 2007 4693 ascen-

424 4732 563 4788 dens
595 4745 715 4785 eam
754 4729 1009 4791 obsedit;
1044 4743 1206 4798 quam
1235 4745 1359 4783 eum
1385 4743 1585 4800 capere
1610 4744 1715 4785 non
1748 4740 1971 4799 possent
1991 4773 2005 4792 ,

430 4823 637 4881 ωνοηὶ
668 4821 1184 4890 sunt.Vastavitque
1213 4819 1402 4885 Belin,
1439 4821 1691 4876 Damasci
1726 4837 1840 4884 rex,
1877 4820 2005 4873 l.am

432 4915 603 4989 Syria:
634 4915 843 4977 urbem,
888 4914 943 4967 in
994 4928 1141 4982 qua,
1187 4912 1442 4969 abductis
1477 4913 1603 4969 inde
1647 4911 1873 4974 Iudaeis,
1906 4913 2012 4967 Rn-

434 5024 599 5063 tnazos
622 5006 688 5061 ad
721 5008 893 5077 ipsam
930 5005 1275 5059 incolentium
1311 5004 1527 5070 statuit,
1560 5008 1655 5075 qui
1705 5021 1825 5059 eam
1864 5007 2012 5060 hunc

436 5114 608 5169 usque
650 5100 792 5152 diem
845 5098 1109 5151 incolunt.
1141 5096 1372 5165 Scripsit
1419 5112 1550 5163 ergo
1602 5098 1808 5155 Acltaz.
1858 5097 2013 5153 ludat:

437 5209 554 5254 res,
588 5192 653 5245 ad
688 5191 1184 5245 Salman-assarum
1209 5230 1221 5250 ,
1264 5205 1445 5258 regem
1486 5188 1695 5254 Mnsal,
1742 5206 1897 5260 Opt‘ttl
1945 5190 2015 5245 ab

444 5286 569 5354 ipso
606 5283 829 5352 petitum
859 5323 873 5346 ,
902 5284 1072 5337 misso
1107 5282 1171 5336 ad
1225 5282 1405 5351 ipsum
1458 5281 1825 5351 quodcunque
1856 5284 1970 5336 auri
1998 5324 2013 5348 ,

440 5375 678 5444 argenti,
708 5388 772 5428 ac
807 5388 1140 5444 gemmarum
1174 5372 1227 5426 in
1256 5373 1460 5441 templo
1487 5373 1784 5443 repositum
1819 5372 2015 5428 fuerat.

446 5470 529 5523 Ad
564 5483 729 5539 quem
760 5482 892 5538 ergo
925 5467 1186 5521 accedens
1225 5482 1351 5521 cum
1381 5465 1716 5521 exercitibus
1762 5468 1878 5519 suis
1928 5482 2019 5521 res

450 5560 644 5622 Musal,
683 5560 1001 5615 Damascum
1035 5570 1247 5627 raptam
1290 5561 1410 5622 igne
1443 5557 1765 5620 combussit.
1812 5574 2023 5628 regetu-

458 5665 564 5717 que
601 5649 771 5717 ipsius
813 5646 979 5700 llezin
1020 5657 1191 5699 tttttllt!
1235 5645 1435 5700 aﬂ‘rcit.
1472 5646 1755 5699 Profectus
1779 5660 1856 5701 rst
1896 5664 2025 5716 ergo

2118 4464 2261 4534 pties
2294 4461 2479 4525 mille;
2512 4457 2753 4530 pra-fecti
2784 4458 2905 4527 ejus
2949 4456 3213 4523 juvencos
3261 4451 3427 4513 mille,
3462 4453 3699 4520 pecudes

2116 4556 2301 4611 decies
2338 4554 2503 4617 mille,
2539 4550 2851 4618 iesuuuque
2888 4548 3174 4619 pulchrum
3208 4553 3263 4599 et
3294 4545 3578 4610 cepiosutn
3609 4558 3696 4597 ce-

2116 4649 2417 4705 lebrarunt.
2440 4644 2609 4698 Porro
2632 4657 2773 4697 anno
2798 4642 2946 4710 regni
2980 4638 3191 4694 Ezekire
3230 4637 3375 4704 regis
3404 4632 3580 4697 Iudae,
3604 4634 3701 4688 de-

2116 4740 2259 4792 cimo
2276 4747 2494 4803 quarto,
2516 4751 2639 4787 cum
2665 4733 2969 4787 ascendens
3006 4726 3380 4785 Senuacherib
3398 4741 3492 4781 res
3518 4723 3691 4780 Ilusai

2117 4832 2173 4886 in
2204 4841 2405 4884 terram
2435 4827 2608 4885 Juthe.
2658 4824 2857 4879 multas
2893 4825 3014 4892 ejus
3049 4823 3213 4876 urbes
3240 4819 3503 4885 cepisset.
3542 4826 3695 4869 metu

2117 4922 2237 4991 ejus
2271 4918 2560 4988 perculsus
2596 4916 2822 4970 Ezekins
2865 4911 3021 4968 JttdiB
3044 4926 3161 4975 rex,
3192 4909 3341 4963 misit
3397 4907 3464 4961 ad
3501 4909 3702 4977 ipsum,

2119 5008 2375 5067 Lachishi
2407 5020 2520 5061 tum
2547 5013 2855 5059 manentem
2881 4998 3143 5073 [dicens],
3168 4998 3538 5069 quodcunque
3572 4999 3704 5049 mihi

2121 5098 2468 5167 imposueris,
2500 5111 2601 5159 ego
2654 5097 2707 5149 in
2738 5110 2824 5148 tne
2859 5093 2953 5145 tibi
2987 5090 3353 5158 pra-standum
3384 5089 3703 5158 suscipiam,

2125 5191 2291 5247 modo
2317 5207 2346 5244 a
2372 5208 2456 5243 tne
2484 5189 2731 5244 recedas.
2768 5184 3001 5253 Scripsit
3026 5198 3156 5249 ergo
3188 5181 3254 5235 ad
3291 5182 3466 5249 ipsmu
3496 5180 3709 5233 Sentia-

2121 5285 2336 5349 cherib,
2361 5299 2451 5338 rex
2476 5281 2670 5337 Musal:
2696 5278 2821 5339 Fac,
2842 5278 2971 5331 mihi
2996 5275 3112 5330 auri
3132 5274 3329 5330 talenta
3350 5283 3615 5336 trecenta,
3631 5291 3714 5326 ar-

2124 5376 2271 5448 genti
2294 5388 2376 5431 ter
2396 5375 2541 5427 mille
2558 5372 2753 5427 ail'et'as
2778 5388 2792 5424 :
2817 5370 3014 5425 obtulit
3040 5385 3168 5439 ergo
3184 5368 3287 5436 ipsi
3309 5366 3501 5420 Ezekia
3534 5367 3712 5435 quod-

2128 5484 2346 5539 cunque
2374 5469 2428 5522 in
2464 5467 2663 5536 templo
2700 5462 2805 5519 fuit
2834 5465 2950 5515 auri
2974 5461 3137 5533 236
3160 5469 3321 5530 atque
3350 5461 3582 5528 argenti,
3614 5476 3713 5511 llt't:

2131 5576 2237 5613 non
2273 5566 2457 5627 portas
2487 5554 2673 5623 templi
2693 5568 2889 5608 aureas
2910 5549 3222 5606 contractas
3244 5549 3309 5603 ad
3331 5548 3507 5620 ipsum
3539 5549 3707 5601 misit.

2133 5648 2171 5701 li
2192 5650 2327 5701 «lem
2360 5660 2540 5702 autem
2580 5654 2739 5719 nocte
2766 5643 2959 5697 oborto
2996 5641 3050 5691 in
3082 5640 3319 5695 exercitu
3352 5638 3710 5693 Senachcribi
