4070 6152
417 370 513 435 961

1854 376 2230 437 ΑΝΝΛΙΕΒ.

3571 369 3675 434 962

434 488 1020 557 tegisMusalrumure,
1046 490 1275 559 aliisque
1302 491 1436 545 alios
1465 490 1794 546 ca‘dentibus
1818 508 2003 563 egres-
2036 497 2074 550 Α
2113 491 2237 560 igne.
2270 491 2606 556 combussit;
2654 488 2853 543 orrisis
2893 488 3116 555 insuper
3153 494 3204 540 et
3248 487 3369 555 igne
3417 486 3673 540 trematis

414 600 511 635 sus
546 580 791 645 Ezekias,
823 598 911 634 rex
952 580 1126 644 Jud:e,
1165 582 1435 637 interfecit
1481 598 1541 636 ex
1574 582 1709 653 ipsis
1745 583 1987 639 virorum

415 671 623 724 centies
672 672 918 736 et-togies
952 669 1242 740 quinquies
1300 671 1465 724 mille.
1512 670 1981 726 Senuacberibum

416 777 544 815 vero
578 777 756 832 regem
793 759 984 825 Musal,
1019 777 1144 816 cum
1186 763 1413 833 fugisset
1444 760 1708 826 Nineven,
1745 762 1839 817 lilii
1870 762 1988 831 ejus

415 854 548 916 duo,
582 868 814 923 quorum
862 855 1015 908 alteri
1064 870 1261 909 nomen
1307 856 1487 909 Anzar
1533 855 1745 909 Malaclt
1772 895 1788 918 ,
1828 856 1985 909 alteri

417 945 667 1011 Sareser,
706 949 757 1000 in
794 946 973 1016 ipsum
1006 947 1296 1010 irruentes,
1326 946 1508 1016 gladio
1556 947 1986 1013 interfecerunt;

413 1040 609 1095 deinde
654 1041 706 1092 in
740 1048 937 1095 terrain
986 1038 1202 1103 Korda,
1229 1055 1349 1108 quze
1376 1047 1461 1094 est
1500 1048 1645 1093 terra
1685 1036 1983 1101 Al-Musal,

414 1132 693 1201 fugerunt.
725 1131 833 1186 Iste
868 1131 1058 1185 I‘lzcltia
1092 1147 1184 1185 rex
1206 1169 1222 1194 ,
1269 1131 1359 1185 ille
1411 1140 1527 1186 erat
1556 1131 1715 1201 cujus
1740 1132 1860 1185 vita:
1893 1132 1987 1185 atl-

417 1223 555 1277 didit
588 1221 847 1276 Dominus
886 1236 1058 1276 :nnos
1094 1221 1402 1290 quindecim
1432 1260 1447 1284 ,
1497 1220 1642 1288 quod
1670 1262 1685 1285 ,
1737 1220 1984 1284 scilicet,

424 1314 726 1383 propinqua
763 1325 932 1367 morte
963 1328 1086 1366 cum
1124 1312 1306 1367 nullus
1335 1313 1437 1381 ipsi
1473 1312 1618 1366 filius
1648 1321 1820 1377 esset,
1848 1325 1983 1365 con-

330 1453 334 1456 .
421 1420 576 1460 versa
612 1406 870 1476 parietem
922 1403 1063 1461 facie
1095 1421 1280 1460 amare
1315 1403 1466 1459 fleret
1494 1421 1679 1459 coram
1732 1402 1982 1458 Domino.

417 1495 669 1554 Misenus
688 1514 815 1565 ergo
843 1498 1015 1567 ipsius
1041 1494 1304 1552 Dominus
1323 1498 1800 1563 clementissimus,
1818 1498 1988 1553 misso

417 1590 676 1658 adipsum
695 1589 905 1659 angelo,
951 1599 1137 1643 notum
1169 1589 1271 1659 ipsi
1303 1589 1427 1643 fecit
1458 1605 1517 1645 se
1551 1590 1860 1660 quindecim
1890 1605 1987 1642 au-

418 1695 519 1735 nos
551 1680 674 1733 vita:
702 1680 872 1748 ipsius
908 1679 1189 1750 adiecisse.
1222 1678 1393 1732 Natus
1421 1688 1504 1735 est
1527 1694 1654 1750 ergo
1700 1679 1804 1749 ipsi
1846 1680 1985 1734 filius

411 1788 572 1842 quem
600 1771 896 1828 Manassetn
922 1773 1227 1841 appellavit.
1265 1772 1455 1836 Porro,
1490 1774 1686 1826 dicitur
1714 1772 1864 1828 illum
1891 1773 1981 1843 qui

2069 581 2375 650 .ittolorum
2423 580 2826 644 sacerdotibus,
2870 596 2971 635 nec
3008 596 3115 634 non
3158 594 3285 634 ossa
3332 587 3669 631 mortuorum

2094 670 2189 740 qui
2262 672 2399 726 idola
2461 673 2749 727 coluerant
2820 674 3048 727 collecta
3118 670 3354 725 flammis
3416 666 3665 723 tradidit.

2094 762 2269 816 Porro
2301 778 2446 817 anno
2481 764 2632 833 regni
2664 763 2748 815 sui
2781 762 2998 816 decimo
3042 770 3237 816 octavo
3280 760 3491 813 Pascha
3520 759 3672 813 cele-

2102 852 2277 907 bravit
2304 855 2467 923 quale
2497 868 2656 909 nemo
2688 867 2921 922 unquam
2954 853 3327 907 celebraverat
3361 867 3390 905 a
3422 860 3668 919 tempore

2090 945 2255 1001 Iosue
2285 944 2379 1000 ﬁlii
2411 946 2557 1002 Nuu.
2595 945 2866 1000 Sacerdos
2898 955 3028 999 tunc
3060 955 3177 999 erat
3214 944 3389 998 Hilkia
3421 943 3670 999 Ieremia:

2092 1036 2368 1105 prophetae
2408 1046 2593 1105 pater;
2634 1036 2749 1105 qui,
2782 1046 2994 1099 reperto
3017 1036 3071 1088 in
3102 1036 3301 1103 templo
3328 1036 3465 1087 lihrn
3498 1036 3655 1104 legis,

2090 1144 2216 1183 cum
2282 1128 2435 1181 illum
2492 1129 2745 1199 legisset,
2809 1126 3012 1183 Pascha
3058 1129 3215 1198 juxta
3267 1126 3411 1199 quod
3471 1130 3524 1180 itt
3572 1128 3671 1183 illo

2091 1219 2413 1293 [scriptum]
2458 1235 2595 1282 erat,
2637 1223 2892 1275 instituit.
2941 1219 3056 1277 Sub
3104 1222 3223 1291 ipso
3268 1221 3668 1291 prophetarqu

2097 1308 2302 1365 Chalda
2337 1297 2476 1365 uxor
2510 1312 2637 1367 Salu
2701 1313 2983 1369 ieustodis
3010 1315 3244 1368 vestium
3271 1314 3487 1381 templi,
3516 1311 3668 1367 Iere-

2093 1404 2231 1459 mins
2290 1413 2344 1457 et
2394 1402 2705 1473 Sophonias
2765 1406 3094 1475 propheta:
3151 1403 3423 1459 Jeremias
3482 1413 3663 1458 autem

2090 1506 2375 1565 acceptam
2428 1511 2610 1550 arcam
2651 1497 2705 1550 in
2761 1497 2938 1551 media
2991 1504 3143 1568 petra
3195 1498 3524 1552 abscondit:
3562 1496 3666 1550 fuit

2088 1589 2255 1642 etiam
2281 1589 2353 1643 ibi
2387 1588 2863 1659 pseudopropheta
2894 1589 3114 1657 quidam
3146 1590 3367 1643 nomine
3393 1587 3658 1644 llauania.

2089 1678 2363 1750 Tempore
2416 1677 2582 1735 Josie
2639 1683 2783 1750 regis
2838 1680 2992 1735 ludat
3052 1681 3357 1737 ascendens
3412 1680 3659 1735 Pbaraoh

2088 1771 2242 1827 Nalm
2274 1775 2440 1841 (quod
2462 1782 2545 1826 est
2565 1771 2833 1841 Claudus)
2859 1772 3076 1844 Egypti
3108 1789 3222 1839 rex,
3254 1785 3445 1829 contra
3480 1789 3660 1843 regem

411 1864 513 1933 ipsi
542 1879 573 1918 a
603 1863 714 1918 Deo
730 1864 966 1918 dixerit:
996 1864 1215 1919 Addidit
1244 1865 1385 1919 Deus
1413 1866 1533 1920 vitae
1564 1875 1668 1918 tute
1682 1864 1986 1935 quindecim
2024 1861 2063 1916 Β
2093 1861 2263 1916 Musa!
2284 1905 2298 1927 ,
2360 1862 2506 1915 illum
2562 1863 2701 1918 bello
2757 1864 3073 1919 lacessitum
3122 1875 3551 1935 Stipet'atttmque
3602 1870 3657 1921 in

410 1970 605 2018 annos,
634 1953 800 2010 fuisse
826 1953 1014 2008 Isaiam
1048 1956 1394 2025 prepbetaut;
1444 1964 1606 2027 atque
1639 1958 1739 2010 hoc
1789 1971 1976 2011 verum

408 2054 516 2099 est.
549 2042 812 2116 Regnavit
842 2054 1021 2099 autem
1069 2048 1121 2099 in
1156 2044 1327 2101 Musal
1376 2045 1550 2101 Filius
1586 2045 1979 2101 Sennacheribi

407 2140 627 2195 nomine
673 2137 1042 2194 Asarhaddon.
1082 2138 1349 2209 Tempore
1380 2137 1786 2195 autemEzekia:
1837 2141 1981 2212 regis

404 2229 577 2295 Judzr,
607 2232 888 2303 imperavit
918 2230 1174 2285 Romanis
1205 2248 1296 2287 rex
1343 2232 1563 2286 nomine
1591 2229 1859 2294 Romanis,
1888 2233 1979 2302 qui

406 2324 595 2377 urbem
622 2324 885 2378 condens:
911 2323 1011 2391 ipsi
1045 2324 1296 2386 Romam,
1316 2323 1679 2393 appellatione
1703 2337 1732 2373 a
1763 2322 1980 2375 nomine

404 2430 504 2470 suo
554 2417 869 2484 desumpta,
904 2412 1098 2469 nomen
1145 2417 1430 2485 imposuit;
1475 2415 1544 2471 ab
1584 2414 1771 2471 eodem
1815 2417 1975 2470 etiam

401 2508 732 2564 denominati
761 2517 888 2563 sunt
1300 2507 1528 2563 Romani
1556 2515 1572 2561 2
1598 2509 1667 2562 ab
1698 2524 1764 2562 eo
1799 2526 1969 2578 usque.

402 2614 645 2671 tempore
688 2602 820 2655 urbs
870 2598 1042 2656 Roma
1088 2602 1240 2670 regni
1297 2600 1504 2673 [caput]
1542 2600 1663 2654 fuit.
1710 2599 1973 2673 Regnavit

399 2703 581 2748 autem
614 2691 864 2749 Romanis
898 2709 1069 2748 annos
1095 2693 1313 2763 triginta
1339 2702 1481 2749 octo.

472 2785 717 2841 Mortuus
772 2796 952 2840 autem
1026 2783 1219 2839 Eri-hia
1308 2783 1461 2840 Juda:
1520 2799 1615 2839 rex
1693 2782 1747 2838 in
1812 2782 1974 2839 dumo

405 2877 625 2933 Davitlls
656 2881 903 2948 sepultus
931 2886 1035 2931 est.
1065 2876 1197 2932 Post
1236 2878 1417 2947 ipsum
1465 2875 1864 2946 Hierosolymis
1915 2880 1969 2930 in

402 2969 597 3025 ludam
629 2976 873 3042 regnavit
920 2971 1062 3025 lilius
1103 2970 1279 3040 ipsius
1318 2967 1570 3025 Manasse
1602 2986 1777 3026 annos
1808 2972 1970 3040 quin-

397 3064 655 3134 quaginta
706 3062 988 3132 quinque,
1042 3076 1216 3116 annos
1269 3072 1431 3115 natus
1483 3061 1813 3128 duodecim;
1872 3062 1964 3131 qui

397 3157 562 3211 tertio
610 3154 758 3224 regni
798 3156 882 3208 sui
926 3169 1070 3207 anno
1125 3152 1267 3207 idola
1316 3151 1589 3217 confecit,
1628 3152 1693 3207 ad
1728 3166 1963 3222 quorum

2087 1953 2267 2024 fugam
2301 1956 2489 2018 dedit,
2524 1954 2701 2009 donec
2736 1956 3065 2027 Euphratem
3114 1957 3467 2027 perveniret:
3502 1973 3662 2014 cum-

2084 2062 2190 2114 que
2235 2048 2434 2101 rediret
2483 2044 2641 2118 2&1
2661 2045 2854 2120 -Ξω
2885 2048 3099 2101 obviam
3128 2048 3226 2118 ipsi
3261 2050 3540 2119 profectus
3572 2058 3660 2104 est.

2080 2137 2228 2193 Josia
2274 2154 2365 2193 rex
2419 2136 2575 2193 ludat
2617 2139 2809 2194 multis
2856 2157 2977 2193 cum
3036 2143 3391 2205 muneribus,
3440 2153 3493 2195 at
3540 2141 3658 2211 ipse

2082 2231 2261 2286 visum
2316 2248 2440 2285 entn
2500 2231 2813 2296 interfecit,
2866 2248 3027 2302 quem
3078 2248 3209 2305 ergo
3256 2243 3590 2304 reportatum
3624 2252 3655 2290 a

2080 2322 2330 2396 Megiddo
2364 2324 2505 2395 (qua!
2535 2324 2749 2379 Menbai
2787 2324 2904 2394 fest)
2938 2325 3336 2396 Hierosolyma,
3369 2327 3441 2380 ibi
3480 2328 3656 2397 ipsum

2085 2418 2425 2489 sepelierunt
2478 2421 2622 2473 servi
2683 2419 2897 2485 ipsius,
2959 2433 3133 2473 annos
3188 2427 3375 2473 natum
3436 2418 3653 2487 triginta

2082 2528 2302 2567 novent.
2332 2511 2460 2566 Post
2495 2513 2671 2582 ipsum
2705 2508 3103 2580 Hierosolymis
3139 2512 3192 2565 in
3227 2510 3421 2565 ludam
3453 2526 3651 2581 regna-

2081 2607 2153 2659 vit
2186 2606 2366 2659 tribus
2392 2605 2670 2659 mensibus
2696 2604 2838 2657 filius
2862 2604 3033 2673 ipsius
3058 2603 3278 2665 Jocltaz,
3302 2619 3473 2658 annos
3495 2612 3654 2658 natus

2078 2698 2273 2767 viginti
2313 2707 2450 2750 tres.
2481 2698 2800 2752 Ascendeus
2829 2708 3009 2749 autem
3041 2694 3292 2750 Pbaraob
3332 2696 3482 2752 Nalm
3518 2696 3650 2751 Ilie-

2076 2789 2354 2861 rasolynta
2376 2787 2675 2843 Jochazum
2706 2786 2860 2842 Judre
2888 2804 3066 2855 regem
3089 2798 3307 2858 captum
3332 2797 3380 2844 et
3407 2790 3650 2846 vinetum

2073 2895 2180 2933 una
2213 2895 2336 2933 cum
2372 2879 2683 2934 Iuda-orum
2730 2880 3082 2934 multitudine
3124 2879 3416 2951 Egyptutu
3448 2882 3646 2955 depor-

2072 2973 2230 3027 tavit.
2270 2972 2533 3042 Imposuit
2572 2975 2737 3027 etiam
2774 2971 3024 3027 Pitaraolt
3066 2973 3217 3027 Nalm
3253 2978 3517 3031 omnibus
3551 2978 3646 3047 qui

2074 3062 2466 3135 Hierosolymis
2500 3073 2657 3117 erant
2694 3065 2984 3127 tributum,
3007 3066 3151 3134 quod
3185 3066 3320 3135 ipsis
3349 3068 3455 3123 sibi
3487 3081 3650 3139 quot-

2072 3156 2229 3210 annis
2294 3154 2631 3210 ell'erentlntn
2679 3155 2957 3223 iniunxit,
2998 3156 3119 3209 auri
3165 3155 3365 3209 talenta
3404 3168 3643 3224 centum,

395 3249 605 3305 cultum
659 3246 939 3301 lsraelitas
990 3247 1207 3315 adegit,
1251 3245 1323 3298 ob
1365 3243 1513 3314 quod
1558 3259 1682 3300 cum
1720 3246 1789 3300 ab
1826 3240 1962 3298 Isaia
1992 3218 2035 3274 ο
2068 3255 2121 3301 et
2147 3247 2354 3319 argenti
2378 3250 2623 3303 totidem.
2652 3247 3230 3318 Deindeinﬁlgyptutn
3257 3265 3507 3303 reversus
3535 3264 3646 3311 Bst.

396 3341 661 3409 propheta
700 3339 1017 3407 increpatus
1057 3346 1224 3402 esset,
1258 3338 1434 3405 ipsum
1468 3334 1817 3389 interfectum
1851 3349 1967 3388 sero

396 3447 566 3500 raque
603 3428 840 3483 medium
888 3429 1031 3481 inter
1072 3427 1209 3480 duos
1239 3441 1454 3482 asseres
1496 3425 1796 3479 dissectum
1841 3426 1964 3495 igne

394 3523 727 3577 combussit.
764 3518 959 3574 Fertur
993 3530 1175 3573 autem
1211 3517 1385 3584 Isaite,
1417 3533 1539 3572 cum
1572 3527 1696 3570 ante
1732 3529 1959 3570 mortem

393 3617 591 3671 sitiens
624 3610 913 3667 Dominum
964 3613 1292 3675 invocasset,
1343 3622 1584 3681 apertum
1634 3611 1799 3665 fuisse
1836 3610 1955 3663 fon-

394 3717 503 3760 tem
550 3720 579 3760 e
610 3720 717 3773 quo
763 3702 928 3768 bibit;
983 3708 1175 3771 estque
1227 3701 1317 3754 iiie
1361 3698 1483 3753 fons
1528 3698 1766 3763 δίης-κη,
1800 3698 1956 3767 cujus

396 3797 635 3852 nominis
661 3793 1038 3863 interpretatio
1066 3802 1174 3857 est,
1206 3790 1389 3845 Missa.
1424 3790 1620 3844 Fertur
1644 3791 1805 3844 etiam
1833 3804 1956 3843 cum

394 3898 583 3959 postea
623 3895 809 3957 gentes
859 3884 1228 3955 Hierosolyma
1267 3884 1584 3944 incolerent,
1618 3883 1954 3936 exsiccatum

388 3995 513 4033 esse
541 3979 741 4033 fontem
777 3978 965 4044 illum;
1002 3987 1201 4031 atrum
1235 3976 1516 4038 Israelita),
1550 3988 1687 4043 aqua
1712 3972 1957 4027 ﬂuxisse.

386 4073 682 4128 Uoluerunt
736 4081 916 4125 autem
967 4068 1225 4123 Israelita:
1286 4068 1425 4119 idola
1474 4068 1632 4120 anuis
1684 4066 1955 4135 quinqua-

388 4165 534 4235 ginta
566 4173 820 4234 qsatuor.
859 4160 1062 4216 Deinde
1097 4161 1309 4214 Baltelis
1349 4176 1439 4212 rex
1479 4171 1693 4228 captum
1736 4156 1955 4211 Manas-

388 4272 487 4313 sen
524 4253 679 4314 Iudas
716 4271 895 4326 regem
931 4255 1085 4308 vituli
1112 4254 1262 4316 :t-rei,
1300 4255 1383 4305 citi
1424 4253 1602 4319 ignem
1640 4250 1952 4319 supposuit,

388 4351 510 4403 alvo
535 4348 776 4402 inclusit.
802 4348 989 4399 Orantt
1018 4347 1180 4415 igitur
1209 4344 1454 4398 Manassc
1486 4342 1638 4397 Jttdae
1674 4344 1783 4411 regi
1821 4341 1949 4395 dum

389 4443 441 4494 in
478 4441 755 4496 simulacri
791 4440 914 4492 alvo
941 4438 1226 4491 exsistetet
1251 4477 1264 4501 ,
1304 4446 1358 4489 et
1389 4436 1460 4488 ob
1496 4452 1557 4488 ea
1590 4450 1712 4503 qua:
1746 4433 1952 4488 fecerat

2138 3341 2352 3397 Mortuo
2402 3355 2581 3396 autem
2619 3341 2859 3397 .lot-ltazo
2904 3342 3057 3396 ludat
3112 3359 3237 3405 rege
3286 3345 3341 3397 in
3384 3342 3643 3414 Egypto,

2066 3436 2314 3504 regnavit
2354 3444 2473 3502 post
2505 3436 2680 3499 ipsum
2717 3434 3112 3505 llierosely'nis
3150 3437 3201 3488 in
3227 3432 3424 3488 Jutlnttt
3469 3434 3643 3490 nntie-

2066 3529 2173 3581 cint
2228 3541 2406 3581 annos
2456 3526 2686 3582 Eliakiut
2737 3526 2901 3583 Josim
2960 3529 3101 3582 filius
3147 3528 3275 3597 (qui
3327 3538 3379 3583 et
3428 3528 3636 3582 .loakitn

2063 3620 2249 3674 dictus
2300 3620 2421 3679 est)
2477 3634 2652 3675 annos
2705 3628 2867 3672 natus
2920 3620 3105 3689 viginti
3173 3622 3435 3688 quinque.
3510 3621 3640 3685 Eius

2061 3716 2306 3776 tempore
2363 3710 2762 3777 propltetarunt
2818 3706 3084 3762 Jerentias
3143 3713 3447 3777 propheta,
3504 3709 3637 3766 Uria

2062 3796 2293 3853 Semaize
2341 3798 2485 3852 filius
2530 3814 2591 3852 cx
2620 3798 2821 3867 oppido
2850 3799 3061 3862 Aauab,
3101 3809 3155 3853 t-t
3202 3799 3326 3853 Βυιὶ
3376 3800 3640 3854 Εκειιῐιιιὶει

2061 3897 2233 3960 pater.
2262 3889 2503 3944 l’ortavit
2536 3900 2715 3943 autem
2746 3888 2958 3943 Joaltint
2995 3889 3148 3943 Judzu
3188 3908 3303 3953 rex,
3342 3896 3635 3962 quotannis

2058 3983 2124 4036 ad
2158 3981 2495 4038 Pharaonem
2534 3983 2687 4036 Nalm
2728 3982 2949 4055 :Egypti
2994 3999 3198 4053 regem,
3238 4001 3334 4053 pro
3360 4000 3418 4039 se
3447 3994 3498 4038 et
3538 4002 3637 4054 pro

2058 4076 2279 4145 regione
2314 4091 2445 4139 sua,
2495 4075 2547 4127 in
2593 4076 2855 4127 tributum
2906 4083 3125 4129 centum
3160 4078 3277 4130 auri
3316 4094 3378 4131 ac
3410 4078 3632 4130 totilem

2055 4168 2268 4235 argenti
2304 4165 2530 4218 talenta.
2566 4166 2723 4218 Anno
2761 4176 2941 4219 autem
2968 4176 3169 4236 quarto
3207 4169 3357 4233 regni
3396 4166 3630 4222 JOakiwi

2056 4254 2198 4324 regis
2236 4253 2391 4309 ludat.
2428 4256 2717 4323 imperavit
2764 4254 3166 4311 Boclttanasser
3198 4256 3406 4323 llaheli,
3438 4262 3550 4323 cui,
3580 4271 3633 4313 et

2053 4346 2159 4401 sub
2205 4347 2345 4415 ipso,
2398 4346 2779 4416 Hierosolyma
2828 4348 3140 4402 ascendenti
3190 4350 3405 4402 obviam
3457 4349 3634 4403 factus

2050 4435 2263 4492 Joakim
2300 4436 2450 4493 Jttdm
2482 4456 2597 4504 rev,
2631 4440 2733 4509 ipsi
2774 4440 2947 4495 instar
2981 4442 3123 4495 servi
3153 4441 3330 4495 factus
3357 4441 3519 4513 2M
3548 4454 3632 4496 est

385 4536 758 4605 pmniteutiatn
802 4536 981 4603 agenti
1024 4549 1319 4603 precesque
1366 4534 1431 4585 ad
1478 4532 1763 4585 Dominum
1812 4532 1948 4583 fttn-
1978 4555 2023 4610 υ
2055 4531 2122 4584 ad
2183 4530 2503 4585 triennium.
2567 4530 2840 4585 Reversus
2900 4542 2984 4585 est
3044 4548 3175 4602 ergo
3232 4533 3629 4591 lloehtanasser

382 4626 555 4691 denti,
586 4641 711 4680 cum
746 4636 1029 4693 peceatum
1072 4626 1161 4678 ille.
1199 4625 1523 4688 remisisset,
1552 4633 1605 4676 et
1641 4625 1815 4693 ipsius
1847 4623 1947 4677 ιιιί-

383 4731 562 4775 scrtus
613 4730 794 4784 esset,
847 4717 1126 4786 tliruptutu
1185 4726 1269 4771 est
1325 4718 1715 4781 simulacrum,
1766 4717 1841 4771 ita
1889 4726 1950 4770 ttt

379 4811 592 4873 exiret;
636 4811 891 4877 misitque
919 4804 1185 4861 Dominus
1220 4807 1321 4877 ipsi
1364 4809 1610 4877 angelum
1643 4807 1733 4874 qui
1764 4807 1947 4863 sublao

381 4912 498 4956 tum
535 4899 910 4971 Hierosolyma
960 4898 1277 4967 reportavit.
1322 4896 1568 4952 Mortuus
1607 4906 1789 4952 autem
1830 4896 1947 4951 Ma-

380 5002 542 5041 ttnsse
573 4988 625 5041 iu
667 4988 823 5039 ltorto
1052 4985 1209 5039 [inte
1244 4986 1492 5055 sepultus
1523 4996 1636 5053 est;
1674 4988 1946 5055 regnavit-

378 5095 487 5150 que
516 5088 635 5148 post
670 5078 849 5145 ipsum
889 5077 1110 5131 biennio
1147 5077 1288 5131 filius
1317 5080 1491 5145 ipsius
1522 5079 1733 5143 Atuon;
1773 5094 1943 5135 annos

379 5182 542 5225 natus
597 5170 783 5238 viginti
816 5170 977 5233 duos,
1009 5170 1099 5237 qui
1147 5170 1199 5220 in
1242 5169 1489 5223 colendis
1528 5171 1685 5225 idolis
1734 5179 1941 5238 patrem

375 5277 536 5317 suum
570 5262 814 5315 imitatus
843 5271 947 5313 est.
980 5259 1135 5313 Illum
1170 5270 1349 5314 autem
1389 5260 1563 5312 adorti
1597 5261 1741 5312 servi
1773 5260 1944 5328 ipsius

374 5354 523 5410 domi
560 5368 672 5407 sua:
704 5360 877 5406 morte
908 5352 1162 5405 allectum
1198 5366 1323 5404 cum
1361 5365 1511 5418 patre
1553 5367 1653 5405 suo
1694 5352 1745 5403 in
1785 5349 1942 5406 Una:

376 5446 538 5499 horto
568 5443 936 5514 sepelierunt;
969 5451 1231 5509 regnante
1261 5454 1385 5510 post
1415 5444 1592 5509 ipsum
1630 5442 1942 5514 Hierosoly-

377 5538 483 5591 mis
533 5541 584 5590 in
629 5535 861 5601 ludam,
906 5549 1080 5589 annos
1126 5534 1347 5604 triginta
1396 5550 1560 5586 tuunu
1612 5534 1721 5587 filio
1770 5536 1940 5603 ipsius

372 5626 559 5693 Josia,
600 5628 841 5681 octenni.
880 5628 971 5682 Ille
1002 5640 1181 5682 autem
1213 5641 1358 5680 anno
1391 5626 1543 5695 regni
1578 5628 1662 5681 sui
1696 5626 1940 5682 secundo

374 5717 516 5771 idola
575 5716 895 5781 confracta,
952 5718 1254 5785 omniaque
1305 5716 1576 5769 idolorum
1625 5718 1826 5786 templa
1883 5720 1937 5772 in

372 5810 637 5876 Samaria,
670 5825 790 5881 quae
848 5818 1226 5867 cxsttuxcraut
1284 5808 1501 5865 lsraelis
1538 5826 1714 5881 reges,
1753 5809 1935 5866 diruta

2052 4623 2305 4679 Balteletn
2360 4624 2610 4677 mittente
2677 4624 2740 4677 ad
2796 4627 2976 4692 ipsum
3029 4627 3328 4695 quotannis
3384 4625 3629 4684 Juakiu-o

2048 4731 2167 4769 cam
2212 4730 2381 4783 quam
2430 4716 2495 4769 ad
2534 4716 2877 4770 Pharaonem
2923 4715 3077 4771 Nalm
3134 4721 3348 4773 nti:tere
3397 4720 3627 4786 solebat,

2048 4808 2168 4863 auri
2197 4818 2360 4877 atque
2384 4808 2594 4879 argenti
2623 4824 2893 4863 summam
2917 4827 2930 4873 ;
2965 4811 3255 4879 imperium
3283 4813 3429 4866 enim
3455 4815 3629 4869 tenuit

2050 4896 2454 4952 Bochtanasser
2486 4913 2514 4948 a
2566 4895 2764 4952 Babele
2807 4913 2982 4965 usque
3029 4901 3093 4952 atl
3135 4899 3324 4955 urbem
3375 4898 3624 4969 Raphak.

2053 4985 2247 5041 Postea
2296 4998 2517 5057 pactum
2566 4988 2780 5041 irritttm
2833 4987 3070 5043 reddens
3113 4986 3327 5045 Joakim
3384 4993 3516 5045 nihil
3557 4996 3625 5047 ad

2045 5079 2223 5149 ipsum
2265 5080 2436 5133 misit.
2482 5078 2728 5133 Mortuus
2760 5088 2939 5135 autent
2967 5078 3201 5147 Joakim,
3235 5099 3323 5133 rex
3352 5081 3529 5151 ludar,
3566 5086 3621 5140 in

2043 5172 2253 5225 aedibus
2305 5171 2523 5228 Davidis
2601 5172 2851 5243 sepultus
2911 5182 3017 5227 est.
3073 5175 3449 5245 Regnavitque
3499 5175 3624 5246 pos'

2043 5261 2221 5330 ipsum
2249 5262 2395 5317 filius
2422 5262 2594 5332 ipsius
2626 5260 2903 5329 Joachim,
2931 5267 3023 5334 qui
3052 5273 3103 5318 tt
3135 5268 3268 5321 Abin
3298 5266 3482 5324 dit-tus
3513 5278 3621 5337 est,

2046 5354 2463 5427 Hierosolymis,
2507 5356 2683 5409 tribus
2720 5357 3023 5418 mensibus.
3055 5373 3229 5413 annos
3269 5370 3430 5413 natos
3463 5369 3622 5416 octo.

1993 5478 1997 5481 -
2042 5449 2263 5515 decim;
2303 5450 2395 5518 qui
2428 5464 2553 5503 cum
2596 5450 2862 5503 tributum
2902 5466 3011 5505 non
3047 5452 3309 5519 mitteret,
3356 5455 3622 5511 accedens

2042 5539 2443 5595 Bochtanasser
2471 5556 2595 5594 cum
2632 5543 2875 5596 exercitu
2909 5559 3013 5597 suo
3052 5542 3430 5617 Hierosolyma
3460 5548 3620 5603 obse-

2042 5633 2155 5696 dit;
2198 5632 2263 5686 sd
2313 5648 2473 5701 quem
2517 5647 2741 5699 egresso
2797 5630 3082 5688 Joachimo
3124 5633 3280 5691 Iuda:
3324 5654 3469 5707 rege,
3511 5655 3619 5694 una

2040 5738 2164 5775 eum
2198 5733 2393 5785 matre,
2422 5724 2732 5793 sertisque,
2764 5733 2819 5777 et
2853 5723 3224 5782 Israelitarum
3253 5731 3613 5800 principibus,

2041 5814 2233 5869 urbem
2258 5814 2308 5869 ei
2332 5824 2704 5885 aperuerunt;
2727 5830 2889 5887 quam
2918 5816 3202 5889 ingressus
3219 5820 3616 5878 Boclttanssser
