4068 6160
388 328 495 391 ςεπ

1816 331 2188 393 ΛΝΝΛΙΕς.

3537 319 3642 384 966

387 435 538 489 diuzn
580 433 935 507 253-255
976 433 1475 509 Hierosolymorum
1512 450 1564 495 ct
1602 440 1970 509 captivitatem
2006 446 2052 505 Α
2084 450 2165 492 set
2191 482 2204 501 ,
2245 456 2355 492 mu
2396 437 2470 491 illi
2494 436 2729 491 confessi
2763 445 2932 500 sunt;
2970 451 3136 506 quare
3169 447 3213 484 ιιι
3266 435 3466 486 idulmu
3513 450 3647 486 cuu-

389 526 758 580 lsraeiitarum
787 536 1238 595 antecesserunt;
1279 532 1465 598 viginti
1488 548 1578 585 sex
1613 534 1783 585 secuti
1816 540 1964 586 sunt.

468 615 684 671 Ilortuo
715 614 1147 672 Bochlauasscro
1178 636 1321 689 tege.
1355 626 1476 687 post
1500 621 1674 687 ipsum
1730 621 1971 691 regnavit

391 707 536 763 illius
576 709 749 777 ipsius
786 707 1185 764 l-ZviI-liardoch
1241 727 1415 765 anuus
1466 713 1648 781 viginti
1711 724 1836 766 tres.
1874 712 1971 766 llic

384 796 655 857 Joacltitn.
687 798 1055 853 Israelitarutn
1094 814 1316 869 regem,
1348 816 1379 852 e
1410 817 1629 853 carceri-
1659 801 1915 855 edin-lum
1949 841 1966 864 ,

392 900 543 947 veste
577 892 779 953 induit,
812 892 1060 962 beneque
1088 896 1366 957 tractavit,
1398 910 1499 948 nec
1526 911 1634 948 non
1690 894 1966 949 Israelitas

383 995 652 1056 quotquot
682 986 737 1040 in
769 1001 986 1040 carcere
1018 995 1174 1040 erant
1226 985 1456 1041 dimisit.
1492 985 1727 1041 Jeremia
1781 998 1961 1039 autem

384 1081 654 1149 propheta
680 1080 737 1133 in
772 1077 1009 1148 Egypto
1044 1079 1377 1149 lapidatione
1430 1096 1462 1134 e
1489 1079 1673 1133 medio
1705 1078 1958 1132 suhlattts

381 1180 493 1229 est.
519 1168 788 1237 lapidibus
815 1170 1020 1239 petitus
1054 1172 1373 1241 usquedum
1399 1179 1718 1238 moreretur,
1737 1169 1965 1242 [ibique]

382 1261 655 1331 sepultus.
688 1258 900 1317 Ferunt
927 1261 1302 1317 Alexandrum
1358 1278 1484 1317 cum
1528 1260 1825 1334 Egyptum
1875 1279 1961 1316 tu-

383 1368 609 1423 gressus
644 1364 812 1419 esset,
841 1351 1098 1409 Ieremia
1134 1358 1419 1425 propheta:
1465 1369 1670 1425 corpus
1715 1358 1954 1410 Alexan-

384 1448 561 1502 driam
590 1448 919 1503 translatum
956 1446 1029 1502 ihi
1068 1449 1371 1517 sepeliisse.
1424 1446 1640 1502 Mortuo
1672 1447 1788 1503 Evil
1821 1444 1966 1500 Mar-

383 1542 567 1594 ducho
595 1548 720 1609 post
762 1540 943 1609 ipsum
1012 1539 1252 1596 triennio
1309 1541 1553 1610 regnarit
1609 1540 1752 1596 illius
1792 1541 1965 1610 ipsius

383 1630 654 1693 Beltasar.
667 1630 867 1687 deinde
889 1633 1209 1687 interfectus
1231 1641 1336 1689 est.
1355 1636 1586 1703 Quippe,
1619 1648 1741 1688 cum
1762 1633 1968 1689 instru-

388 1734 483 1778 cto
514 1721 763 1778 convivio
791 1738 896 1777 una
923 1740 1048 1777 cum
1073 1724 1373 1779 comitibus
1396 1728 1513 1779 suis
1567 1728 1755 1781 ederet
1786 1740 1853 1779 ac
1882 1725 1965 1780 hi-

2081 532 2262 601 fregit,
2290 539 2342 584 et
2377 530 2607 583 famulos
2648 538 2821 581 morte
2845 528 3044 582 alia-cit.
3096 526 3223 580 Fuit
3259 528 3424 580 etiam
3460 525 3645 580 llaheli

2070 624 2237 679 draco
2276 622 2633 693 pmgrantiis,
2684 638 2846 691 quem
2878 638 2999 674 rum
3031 621 3244 675 Baltelis
3276 621 3463 675 incola:
3497 620 3650 675 cole-

2074 726 2220 777 rent,
2257 712 2448 769 Daniel
2487 714 2595 775 regi
2631 732 2645 767 :
2685 713 2741 765 Si
2770 712 2904 766 mihi
2968 712 3023 766 in
3078 713 3255 781 ipsum
3318 719 3644 781 potestatem

2071 806 2433 864 concesseris.
2464 820 2566 876 ego
2595 804 2768 873 ipsum
2814 804 3161 857 interliciatn.
3206 805 3462 872 Acceptis
3514 820 3647 875 ergo

2070 902 2251 971 adipe,
2284 898 2400 970 pice
2432 909 2485 953 et
2520 899 2669 968 pilis,
2706 898 2884 967 iisque
2916 899 3160 953 subat-tis
3192 914 3314 952 (ιυιη
3350 900 3641 954 draconem

2076 994 2322 1049 cibasa't't
2348 993 2463 1062 ipse
2486 991 2633 1047 illico
2657 1000 2904 1046 mortuus
2933 1000 3035 1045 est.
3068 986 3198 1043 Viso
3226 1007 3356 1058 ergo
3396 991 3524 1059 quid
3577 995 3649 1044 le-

2068 1086 2236 1141 cissct
2288 1082 2475 1139 Daniel
2537 1082 2739 1135 invidia
2794 1099 2917 1151 erga
2971 1098 3094 1137 cum
3150 1085 3280 1136 moti
3336 1080 3640 1151 llaby'onii,

2069 1176 2246 1247 ipsum
2292 1176 2437 1245 apud
2474 1188 2652 1244 regem
2715 1173 3055 1238 delerehant,
3117 1171 3363 1227 dict'ntes
3397 1190 3412 1228 :
3448 1170 3633 1224 Daniel

2066 1264 2268 1319 caedem
2306 1276 2456 1320 tuam
2509 1266 2752 1319 molitur.
2816 1262 2994 1319 Iratus
3029 1277 3161 1332 ergo
3210 1276 3301 1315 rex
3348 1262 3526 1328 ipsum
3582 1262 3639 1315 in

2067 1360 2385 1428 speluncam
2414 1359 2545 1413 feris
2584 1359 2771 1413 noxiis
2806 1358 3018 1428 plenam
3072 1358 3330 1424 conjecit.
3390 1356 3479 1409 ubi
3540 1369 3635 1409 sex

2065 1452 2262 1507 diebus
2316 1453 2603 1518 substitit;
2681 1450 2812 1506 feris
2868 1450 2993 1505 istis
3045 1451 3354 1504 dimensum
3408 1450 3637 1519 singulis

2064 1544 2260 1600 diebus
2279 1552 2397 1599 erat
2431 1546 2596 1599 boves
2621 1543 2761 1608 irini,
2793 1559 2917 1599 eum
2962 1543 3160 1597 ovihus
3206 1542 3351 1596 lituis
3381 1558 3397 1596 :
3430 1552 3485 1596 at
3540 1559 3637 1597 sex

2066 1633 2187 1690 istis
2228 1634 2424 1691 diebus
2473 1634 2609 1689 nihil
2638 1634 2864 1688 omnino
2914 1637 3098 1688 carnis
3149 1635 3456 1703 conjectum
3512 1631 3635 1689 fuit.

2068 1722 2319 1782 liahacuc
2358 1736 2538 1782 autem
2566 1724 2885 1796 prophetam
2920 1729 3011 1796 qui
3055 1726 3109 1780 in
3135 1732 3283 1779 terra
3311 1722 3486 1789 ludat,
3511 1728 3637 1779 loco

393 1818 568 1883 heret,
591 1816 916 1886 ehriusjant
946 1817 1127 1871 factus
1151 1817 1337 1872 aﬂ‘erri
1380 1817 1547 1885 jussit
1595 1833 1725 1872 vasa
1775 1817 1960 1887 templi
1994 1803 2037 1862 Β
2065 1818 2302 1888 quodam
2337 1817 2487 1873 diuo
2535 1812 2747 1880 Tekoa,
2789 1816 2916 1880 fttit,
2971 1817 3098 1869 dum
3138 1815 3310 1870 lentes
3353 1823 3633 1885 coqueret,

383 1923 551 1964 aurea
573 1919 631 1965 et
649 1919 905 1979 argentea
927 1925 1048 1980 qua:
1070 1909 1465 1980 Hierosolymis
1487 1911 1803 1965 abduxisset
1827 1926 1963 1967 avus

385 2001 559 2069 ipsius
593 2000 1020 2068 Bochtanasser,
1052 2004 1107 2057 in
1134 2003 1334 2073 quibus
1368 2017 1493 2056 cum
1530 2001 1758 2058 bibisset
1784 2012 1840 2059 et
1868 2019 1961 2059 so-

382 2090 490 2144 ciis
511 2092 634 2146 suis
656 2090 949 2145 bibendum
985 2094 1329 2160 prtebuisset.
1358 2093 1567 2148 interea
1595 2095 1725 2147 dum
1760 2094 1813 2148 iu
1842 2094 1962 2149 loco

386 2198 492 2236 suo
521 2183 814 2247 dormiret,
846 2184 985 2237 vidit
1033 2198 1165 2238 ecce
1194 2184 1375 2240 volam
1419 2201 1612 2239 manus
1644 2187 1697 2239 in
1733 2185 1960 2256 pariete,

384 2275 546 2342 cujus
566 2275 717 2346 digiti
743 2272 999 2347 [aliquid]
1026 2276 1355 2330 scriberent.
1388 2275 1435 2329 ll
1456 2291 1581 2345 rgno
1625 2278 1788 2345 igitur
1814 2286 1959 2332 metu

382 2375 775 2421 consternatus
800 2380 996 2423 omnes
1045 2364 1471 2438 Babyloniorum
1510 2367 1706 2422 doctos
1756 2385 1961 2423 convo-

383 2458 529 2512 cavit
566 2468 626 2513 ut
658 2459 992 2529 scripturam
1030 2458 1193 2513 istam
1227 2460 1469 2530 legerent
1502 2469 1664 2530 atque
1688 2461 1958 2530 interpre-

385 2560 656 2605 tarentur.
694 2550 853 2617 Quod
885 2565 1009 2605 cum
1049 2551 1124 2603 illi
1152 2552 1334 2606 facere
1369 2566 1479 2605 non
1524 2563 1770 2620 possent,
1811 2554 1959 2607 dixe-

384 2653 515 2696 runt
573 2645 687 2712 regi
727 2643 864 2698 :Est
918 2642 1008 2697 hic
1043 2658 1109 2698 ex
1166 2643 1425 2698 Israelitis
1463 2644 1711 2713 quidam,
1736 2646 1959 2699 nomine

386 2734 597 2799 Daniel,
629 2749 795 2803 quem
828 2734 897 2788 ad
934 2736 1200 2789 honorent
1241 2736 1440 2797 evexit,
1495 2745 1548 2790 et
1607 2737 1788 2806 magni
1832 2737 1961 2791 fecit

384 2840 521 2877 arus
562 2835 689 2880 tuus
718 2824 1160 2892 Duelitanasser;
1193 2826 1285 2881 ille
1305 2827 1471 2899 256
1494 2827 1589 2880 tilti
1629 2832 1957 2897 scripturam

387 2918 531 2970 hanc
567 2926 624 2971 et
675 2916 816 2986 leget
846 2925 901 2971 et
969 2920 1440 2987 iuterpretabitur.
1502 2923 1797 2975 Acuersivil
1832 2937 1961 2991 ergo

388 3024 486 3062 res
520 3006 825 3074 Danielem,
859 3010 956 3079 qtti
1004 3010 1139 3063 illud
1166 3011 1315 3079 quod
1367 3012 1630 3079 scriptum
1693 3013 1797 3067 fuit
1856 3017 1958 3084 ipsi

384 3102 537 3168 legit.
568 3097 698 3154 Erat
725 3111 930 3167 autem,
967 3099 1126 3163 ναί.
1145 3101 1353 3168 lecel,
1392 3103 1616 3160 Pharus.
1635 3102 1777 3159 Dixit
1793 3122 1957 3177 ergo;
1985 3136 2030 3199 C

384 3192 773 3264 Interpretatio
791 3193 952 3257 ﬂaui,
980 3206 1085 3260 est,
1122 3193 1262 3251 Deus
1292 3212 1519 3268 regnum
1551 3210 1702 3252 tuum
1736 3197 1962 3265 perfecit

383 3295 440 3338 et
469 3284 536 3338 ad
570 3286 1002 3355 magnitudinem
1035 3288 1309 3357 perduxit.
1328 3289 1711 3360 Interpretatio
1740 3291 1960 3358 Thecel,

383 3392 617 3447 regnum
644 3378 737 3432 tthi
768 3376 1067 3448 perfectum
1094 3379 1282 3447 fuerit,
1300 3380 1553 3436 deﬁcere.
1581 3382 1963 3454 Interpretatio

384 3466 615 3533 Pharas,
648 3482 878 3538 regnum
923 3477 1078 3524 tuutu
1110 3471 1281 3527 Medis
1312 3482 1369 3527 ct
1400 3471 1579 3528 Persis
1608 3473 1958 3529 distributum

384 3562 477 3616 iri.
517 3558 629 3615 R'es
660 3577 794 3632 ergo
849 3560 1124 3617 Ilauielem
1172 3572 1321 3619 veste
1353 3574 1408 3619 et
1443 3576 1637 3636 torque
1669 3581 1842 3621 aureo
1874 3572 1956 3622 in-

381 3653 529 3707 duit.
562 3650 671 3706 Ista
707 3660 892 3710 autem
922 3663 1085 3709 nocte
1115 3654 1434 3710 interfectus
1457 3646 1545 3709 est
1576 3671 1668 3710 rex
1694 3655 1958 3718 Baltasar,

384 3743 749 3814 iicgnumquc
783 3753 907 3816 post
951 3747 1130 3816 ipsum
1179 3748 1474 3817 oet'upavit
1530 3747 1728 3805 Darius
1781 3749 1956 3804 Asriri

384 3836 555 3900 filius,
583 3835 792 3901 Medus,
822 3850 855 3891 e
886 3836 1302 3894 iladauensium
1332 3856 1415 3895 sc.
1449 3829 1637 3911 stirpe,
1662 3856 1807 3896 anno
1826 3859 1955 3896 uno.

385 3927 489 3983 llic
517 3938 701 3984 autem
728 3939 1071 4000 assumptum
1097 3931 1369 3986 Danielem
1389 3934 1652 3987 exercitui
1685 3949 1788 3988 suo
1820 3949 1957 4003 prte-

384 4019 536 4082 fecit,
570 4034 732 4088 quam
760 4018 836 4074 ob
871 4034 1096 4074 causam
1155 4022 1358 4076 invidia
1397 4035 1524 4091 erga
1574 4024 1749 4094 ipsum
1802 4040 1954 4078 com-

382 4112 544 4174 suoti,
578 4109 750 4164 duces
774 4111 915 4180 ejus,
972 4110 1151 4178 ipsum
1202 4112 1342 4182 apud
1402 4128 1583 4186 regem
1633 4116 1955 4170 incusarunt

381 4200 634 4256 dicentes
662 4215 680 4256 :
708 4200 922 4269 Danieli
967 4204 1021 4255 in
1052 4206 1238 4257 animo
1263 4213 1347 4259 est
1380 4206 1435 4259 in
1480 4219 1660 4275 regem
1689 4205 1955 4260 rebellare

382 4301 550 4363 atque
583 4292 766 4361 ipsum
802 4292 1131 4348 interficere.
1164 4294 1413 4361 Conjecit
1453 4308 1586 4363 ergo
1613 4309 1708 4350 res
1758 4292 1955 4347 Danie-

384 4384 493 4438 lelu
517 4384 575 4437 in
611 4382 789 4437 laeum
822 4382 1081 4438 leonibus
1119 4385 1451 4441 truculentis
1477 4386 1721 4455 plenum.
1750 4383 1955 4437 Deinde

2062 1920 2116 1962 et
2142 1923 2335 1979 panem
2362 1908 2609 1961 intritum
2641 1907 2917 1979 paropsidi
2948 1906 3182 1968 iuderet,
3216 1922 3325 1978 quo
3362 1918 3635 1962 messores

2063 1999 2293 2062 ciharet,
2318 2014 2349 2052 e
2373 1998 2516 2055 ccio
2547 1999 2859 2054 inclamavit
2885 2000 3145 2069 angelus:
3168 1994 3313 2053 licus
3348 1996 3626 2059 liahacuc.

2065 2085 2195 2141 illud
2229 2085 2375 2157 quod
2402 2088 2544 2158 apud
2574 2097 2628 2142 te
2652 2099 2757 2151 est.
2784 2089 2853 2143 ad
2884 2089 3185 2156 llanielem,
3230 2086 3505 2156 Baheletu,
3557 2087 3638 2144 fc-

2065 2192 2193 2253 ras;
2256 2180 2348 2239 ille
2404 2178 2670 2250 siquidem
2720 2177 2834 2250 jam
2886 2195 2981 2237 ses
3036 2181 3254 2245 diehns,
3322 2181 3524 2249 quibus
3577 2181 3637 2235 in

2064 2269 2323 2339 spelunca
2359 2267 2595 2325 ferarum
2629 2269 2755 2336 fuit,
2797 2271 2931 2327 nihil
2975 2273 3228 2327 comedit.
3284 2270 3639 2328 llaliacucum

2061 2378 2193 2435 ergo
2244 2366 2561 2435 prophetam
2595 2363 2758 2436 260
2787 2365 2985 2435 capillo
3034 2365 3227 2434 capitis
3286 2367 3641 2436 prehensum,

2064 2471 2171 2509 una
2220 2466 2347 2510 cum
2380 2456 2505 2511 cibo
2534 2459 2628 2526 qui
2660 2459 2712 2510 in
2740 2456 2997 2512 martihus
3039 2456 3163 2525 ejus
3210 2454 3331 2522 fuit,
3386 2455 3633 2513 Bahelcut

2066 2551 2323 2618 portavit,
2357 2556 2411 2603 et
2434 2564 2598 2618 super
2621 2548 2795 2603 laeum
2831 2549 2885 2602 in
2911 2563 3020 2619 quo
3051 2558 3169 2602 erat
3202 2547 3386 2604 Daniel
3412 2548 3633 2619 posuit;

2062 2645 2153 2714 qui
2181 2658 2314 2716 ergo
2342 2645 2520 2717 ipsum
2546 2642 2848 2699 inclamans
2870 2642 3007 2698 dixit
3046 2663 3059 2697 :
3086 2642 3132 2698 Ο
3155 2641 3365 2707 Daniel,
3400 2658 3486 2698 me
3524 2640 3633 2697 ila-

2064 2738 2333 2792 hacucum
2360 2738 2505 2793 misit
2528 2737 2595 2792 ad
2629 2748 2681 2794 te
2708 2738 2969 2791 Dominus
3001 2751 3122 2791 eum
3152 2737 3277 2791 cibo
3308 2752 3419 2807 quo
3445 2750 3636 2791 vesca-

2064 2830 2162 2883 ris.
2194 2827 2511 2884 Ascendeus
2534 2842 2665 2900 ergo
2694 2827 2879 2882 Daniel
2914 2844 2946 2881 e
2984 2828 3102 2881 lacu
3135 2829 3395 2892 comedit,
3428 2827 3629 2881 Deum-

2065 2936 2172 2987 que
2229 2918 2546 2982 celebravit.
2592 2932 2656 2972 ac
2716 2932 2932 2972 rursum
2988 2916 3041 2970 in
3098 2917 3276 2970 lacum
3328 2918 3641 2973 descendit.

2067 3012 2415 3066 llahacucum
2443 3023 2622 3067 autem
2656 3008 2930 3065 sublatum
2958 3010 3011 3063 in
3041 3020 3239 3063 terram
3269 3008 3421 3065 Julia:
3449 3024 3633 3079 repor-

2065 3103 2200 3156 tarit
2244 3102 2499 3172 angelus.
2534 3098 2739 3154 Deinde
2791 3114 2884 3153 res
2942 3100 3266 3169 pmnitentia
3327 3108 3505 3152 nzotus
3564 3101 3635 3152 oh

2068 3195 2196 3249 illud
2226 3193 2371 3264 quod
2430 3191 2636 3247 Danieli
2706 3190 2933 3254 fecerat,
2988 3192 3164 3261 ipsum
3187 3205 3217 3242 e
3244 3204 3409 3260 specu
3442 3206 3471 3243 a
3504 3190 3644 3243 feria

2067 3285 2334 3339 intactum
2371 3282 2597 3348 eduxit;
2632 3282 2776 3352 qttod
2819 3282 3051 3335 miratus
3084 3298 3175 3334 rex
3228 3282 3404 3349 ipsum
3444 3282 3645 3350 przel'e‘

2063 3384 2231 3429 cturze
2261 3374 2541 3429 exercitus
2573 3374 2833 3429 restituit.
2864 3372 3039 3443 Cyrus
3082 3383 3260 3427 autem
3287 3372 3471 3430 Persa.
3499 3386 3627 3425 enim

2063 3470 2301 3523 triennio
2358 3476 2681 3540 regnasset,
2740 3477 2988 3523 mortuus
3042 3476 3150 3530 est,
3198 3476 3458 3537 tegnante
3505 3476 3635 3535 post

2062 3562 2238 3631 ipsum
2273 3559 2751 3616 Achasharlrosho
2782 3573 2955 3613 annos
2974 3559 3281 3612 duodecim.
3308 3556 3436 3611 Post
3462 3574 3629 3626 quem

2062 3655 2206 3709 illius
2243 3652 2419 3723 ipsius
2451 3651 2648 3724 Cyrus,
2703 3650 3125 3722 cognominatus
3183 3649 3400 3711 Darius.
3450 3665 3632 3704 annos

2060 3743 2281 3817 triginta
2317 3741 2622 3812 imperavit.
2663 3741 2838 3809 Cujus
2885 3741 3036 3809 regni
3073 3753 3218 3793 anno
3270 3740 3448 3810 primo
3501 3752 3628 3791 tuos

2058 3836 2203 3891 diem
2234 3834 2373 3889 ohiit
2406 3832 2595 3888 Daniel
2626 3832 2911 3903 propheta.
2944 3836 3103 3887 Anno
3136 3842 3313 3887 autem
3343 3834 3493 3903 regni
3538 3833 3627 3886 sui

2059 3927 2300 3981 secundo
2345 3923 2622 3979 lsraclitas
2659 3922 3034 3996 Hierosolyma
3088 3924 3291 3988 redire,
3325 3924 3632 3990 urbemque

2057 4030 2122 4069 ac
2157 4016 2419 4084 templum
2443 4014 2711 4068 c-liticare
2734 4014 2920 4084 jussit.
2959 4014 3133 4084 Cujus
3160 4028 3321 4070 causa
3345 4011 3448 4068 fuit
3475 4016 3629 4084 quod

2055 4108 2236 4178 Cyrus
2266 4105 2457 4171 Persa,
2508 4105 2864 4161 lsraelitidem
2905 4108 3199 4176 quamdam
3245 4107 3467 4160 nomine
3511 4103 3630 4159 lia-

2059 4198 2228 4261 lcitat,
2248 4196 2599 4252 lerohaheiis
2622 4212 2891 4260 sororem,
2935 4212 3162 4251 uxorem
3195 4196 3425 4261 ducens,
3452 4196 3633 4268 ipsam

2058 4288 2349 4346 Persarum
2405 4306 2558 4345 more
2614 4292 2855 4360 reginam
2916 4292 3279 4344 constituerit.
3324 4285 3455 4355 Quze
3500 4305 3623 4344 cum

2058 4386 2232 4455 ipsam
2274 4392 2486 4441 amaret
2517 4384 2715 4454 Cyrus,
2759 4382 2915 4453 petiit
2961 4383 3029 4436 ah
3065 4385 3156 4436 illo
3179 4393 3239 4438 ut
3270 4382 3623 4437 Zorobaht-lis

384 4473 710 4543 pauitantia
763 4484 948 4528 motus
994 4485 1100 4530 est.
1168 4474 1265 4529 Die
1314 4489 1446 4547 ergo
1501 4475 1745 4529 crastino
1772 4490 1803 4528 e
1832 4476 1951 4527 lacu
1988 4480 2030 4534 l)
2060 4473 2247 4531 lratris
2267 4474 2352 4528 sui
2385 4472 2563 4543 gratia
2596 4471 2869 4528 l‘raelitas
2892 4471 3263 4543 Hierosolyma
3298 4475 3629 4529 remitteret.

380 4571 664 4619 extractus
690 4572 777 4619 cst
802 4564 992 4619 Daniel
1023 4578 1054 4619 a
1093 4566 1225 4620 feris
1251 4565 1510 4620 intactus.
1550 4564 1797 4620 lletuens
1823 4579 1957 4631 ergo

384 4668 483 4710 res
552 4655 723 4712 duces
793 4658 930 4711 istos
989 4655 1085 4727 qui
1155 4655 1431 4710 Danielum
1492 4663 1846 4711 accusasscttt
1900 4652 1956 4707 lu

385 4746 705 4817 speluncam
724 4748 984 4818 coniecit,
1005 4761 1145 4817 quos
1164 4747 1497 4801 devoraruat
1520 4746 1669 4798 feras.
1682 4743 1956 4797 Danielum

385 4846 568 4894 autaut
606 4837 942 4907 uariatum
962 4838 1240 4893 cacrcitus
1272 4845 1327 4890 et
1357 4837 1620 4907 dynastia:
1648 4835 1907 4900 restituit.

457 4928 566 4985 Ubi
604 4939 785 4984 autem
814 4930 1068 4998 periisset
1118 4927 1318 4982 Darius
1345 4927 1635 4983 Persarum
1692 4940 1807 4989 res,
1842 4925 1956 4993 pri-

389 5036 516 5078 mus
556 5022 650 5091 qui
679 5018 866 5077 Persis
903 5022 1212 5091 imperavit,
1249 5020 1350 5073 fuit
1406 5020 1585 5088 Cyrus
1644 5018 1828 5081 Persa,
1861 5017 1954 5085 qui

386 5117 554 5166 etiam
591 5112 869 5167 Dauicicit
898 5112 1167 5167 exercitui
1186 5111 1583 5180 suo-praefecit.
1616 5109 1658 5164 Ρ
1661 5111 1740 5163 uit
1771 5119 1953 5161 autem

391 5202 574 5257 Ilahcli
604 5203 812 5257 idolum
841 5218 1043 5255 areum
1075 5203 1267 5271 ingens
1295 5202 1383 5255 cui
1415 5217 1610 5256 nomen
1641 5200 1754 5266 Bel,
1796 5201 1960 5268 cuius

388 5296 700 5350 dimensum
737 5291 897 5363 2⁵7
931 5291 1098 5363 ιδθ
1119 5291 1495 5362 quotidianum
1519 5300 1637 5345 erat
1666 5291 1957 5345 duodecim

393 5387 564 5441 tuudii
594 5385 789 5441 similae
816 5401 988 5455 pura‘,
1012 5399 1145 5440 oves
1195 5386 1576 5455 quadraginta,
1601 5395 1655 5438 et
1688 5388 1796 5439 vini
1829 5400 1956 5439 ses-

392 5480 519 5534 tarii
550 5494 669 5540 ses,
706 5478 851 5548 quod
902 5494 1029 5532 cum
1056 5479 1297 5549 quoddie
1339 5476 1666 5547 adequitans
1713 5493 1805 5532 res
1863 5475 1929 5530 ad

397 5581 604 5635 oraret,
634 5572 805 5624 vetuit
821 5585 944 5624 cum
971 5568 1076 5625 hoc
1122 5570 1299 5624 facere
1328 5567 1541 5635 Daniel,
1587 5567 1779 5627 dicens
1807 5585 1822 5622 :
1855 5572 1958 5635 Qui

394 5662 700 5718 inserviunt
751 5661 918 5725 idolo,
954 5661 1057 5731 ipsi
1104 5663 1227 5730 eius
1265 5661 1577 5716 dimensum
1642 5662 1959 5717 comedunt.

392 5757 531 5809 Cum
556 5770 686 5823 ergo
720 5769 812 5806 res
839 5754 1153 5809 convocatis
1182 5751 1399 5809 famulis
1431 5752 1550 5807 istis
1594 5756 1841 5809 minatus
1879 5772 1959 5808 es-

2058 4561 2231 4618 Jussit
2260 4576 2393 4632 ergo
2412 4559 2590 4633 Cyrus
2633 4558 3029 4615 Zurohahelem
3082 4560 3475 4632 Hierosolymis
3526 4564 3635 4617 iut-

2059 4667 2272 4725 perarc.
2304 4650 2421 4706 Sub
2444 4652 2563 4720 ipso
2591 4650 2988 4720 prophetarum
3040 4651 3291 4720 Argutus,
3321 4664 3370 4705 et
3420 4650 3630 4707 Zacha-

2058 4745 2191 4798 rias.
2217 4741 2391 4797 Porro
2434 4741 2541 4795 fuit
2581 4743 2723 4812 Cyro
2769 4754 3091 4794 (nconutnus
3152 4742 3502 4814 261-263
3560 4761 3626 4798 es

2058 4836 2324 4892 lsraelitis
2363 4836 2585 4889 nomine
2616 4831 2946 4891 Naitthania,
2987 4831 3208 4900 Ilajaliae
3249 4836 3415 4897 illius,
3450 4837 3543 4903 qui
3574 4844 3633 4888 et

2059 4928 2393 5000 captivitatis
2422 4926 2679 4996 princeps
2712 4924 2836 4978 lttit.
2873 4923 2963 4979 ille
2997 4926 3183 4993 templi
3236 4927 3485 4979 struendi
3536 4944 3625 4982 (⁸η-

2061 5037 2179 5078 ram
2206 5022 2474 5087 suscepit,
2494 5032 2728 5087 quocum
2760 5034 2867 5071 una
2899 5016 3128 5071 furum
3171 5019 3303 5072 llzra
3334 5019 3535 5071 Si‘l'i'iili
3566 5020 3632 5071 li-

2061 5115 2169 5168 lius
2200 5110 2477 5174 sacerdos,
2508 5117 2563 5163 et
2595 5106 2964 5164 lsraelitarum
2994 5109 3305 5163 multitudo.

2129 5202 2248 5257 iam
2283 5218 2315 5255 a
2346 5201 2660 5269 captivitate
2688 5199 3015 5271 Babylonica
3051 5201 3117 5252 ad
3152 5203 3409 5270 templum
3437 5204 3628 5257 condi-

2063 5306 2177 5351 tum
2209 5295 2337 5349 anni
2364 5292 2583 5347 fuerunt
2597 5294 2963 5363 septuaginta.
2991 5294 3163 5347 Annis
3189 5305 3374 5350 autem
3397 5308 3631 5365 quatuor

2063 5385 2303 5459 perfecta
2359 5392 2443 5440 est
2513 5390 2831 5448 structura;
2899 5391 3192 5438 structurae
3239 5386 3357 5457 ejus
3417 5387 3630 5456 pra-fuit

2062 5476 2362 5533 Zerohahel
2396 5476 2541 5532 ﬁlius
2562 5472 2868 5541 Salatielis,
2898 5476 2989 5532 lilii
3073 5478 3277 5542 Achiai.
3307 5479 3401 5549 qui
3428 5495 3631 5547 cogno-

2062 5570 2304 5624 minatus
2330 5576 2418 5624 est
2458 5565 2733 5631 loachim,
2764 5564 2919 5624 Iutis
2961 5569 3125 5638 regis,
3161 5584 3325 5639 quem
3356 5573 3630 5641 captivum

2064 5659 2360 5715 abductum
2393 5663 2446 5713 tn
2478 5673 2757 5714 carcerem
2788 5659 3029 5730 coniecit
3056 5660 3476 5715 Bochtauasser.
3524 5662 3629 5714 lte-

2066 5752 2254 5827 gnavit
2289 5762 2469 5809 autem
2495 5749 2799 5807 Zurobabcl
2832 5752 3223 5821 Hierosolymis
3248 5754 3299 5808 in
3329 5754 3625 5813 lSl'tit‘iiitls.
