4068 6160
424 285 531 348 967

1394 266 1758 334 EUTYCHII
1792 259 2334 327 ALEXANDRINI
2364 260 2583 322 PATR.

3574 258 3687 322 968

429 402 605 454 I‘nrro
630 411 738 451 uno
761 402 882 466 post
914 392 1103 447 urbem
1129 387 1405 445 conditam
1461 399 1609 441 anno
1655 383 1798 437 diem
1855 379 1996 434 obiit
2038 388 2081 442 Α
2126 377 2307 432 donize
2371 392 2464 431 rex
2528 373 2811 447 Philippus
2870 372 3166 427 Alexandri
3227 382 3400 442 pater.
3469 373 3689 428 Hortuo

434 489 572 544 Ezra
602 488 881 550 sacerdos.
915 484 1031 553 qui.
1073 492 1199 538 ante
1234 482 1420 536 Jostne
1475 478 1570 532 lilii
1616 473 1870 530 Jusadaei
1913 487 2001 525 sa-

429 580 675 636 cerdotis
718 581 1039 639 adventum.
1089 573 1393 629 sacerdotis
1444 583 1647 624 munus
1694 566 1830 620 obiit
1863 582 1877 620 :
1907 565 2000 633 qui

428 687 554 728 eum
578 670 801 726 .lmlteos
846 671 899 723 in
954 667 1139 721 multis
1178 666 1322 721 circa
1356 664 1526 733 legem
1561 673 1782 716 errasse
1813 656 1992 711 offen-

431 767 619 824 disset.
657 765 853 816 librum
905 761 1039 831 legis
1087 760 1220 829 ipsis
1261 757 1574 827 descripsit.
1624 768 1752 809 eum
1808 762 2003 816 nempe

431 859 524 926 qui
562 857 725 911 hodie
751 856 805 909 in
833 854 1088 907 manibus
1111 854 1350 920 ipsorum
1371 857 1479 902 est.
1505 848 1720 916 Resque
1742 844 1808 897 ad
1828 843 1999 910 legem

430 948 674 1015 ipsorum
707 953 1016 1014 spectantes
1061 942 1192 1009 ipsis
1226 939 1527 1002 renovavit.
1560 946 1613 989 et
1637 937 1758 1004 jura
1792 933 2000 987 docuit.

432 1035 648 1089 Mortuo
668 1035 812 1105 Cyro
834 1033 1016 1095 Dario,
1051 1030 1264 1086 Babclis
1296 1046 1441 1100 rege.
1470 1040 1590 1098 post
1622 1030 1795 1096 ipsum
1827 1025 2001 1092 impc-

435 1127 576 1179 ravit
611 1126 757 1179 titius
806 1124 978 1193 ipsius
1036 1123 1309 1194 Kamysus
1363 1134 1538 1174 annos
1590 1134 1782 1172 novent
1821 1132 1838 1171 :
1879 1126 2003 1185 post

432 1232 594 1285 quem
629 1215 947 1269 Samardius
977 1227 1167 1280 magus
1195 1226 1397 1265 annum
1436 1226 1625 1263 unum.
1674 1209 1774 1263 Hie
1806 1221 1996 1277 magus

433 1307 853 1377 cognominatus
905 1312 987 1356 est
1037 1303 1182 1372 quod
1246 1303 1417 1371 ipsius
1460 1309 1703 1367 tctnpore
1763 1297 2008 1352 ﬂoruerit

434 1396 602 1451 Persa
623 1397 843 1464 quidam
880 1395 1104 1449 nomine
1126 1392 1451 1455 Zoradasht.
1482 1391 1575 1459 qui
1608 1403 1887 1458 magorum
1914 1402 2007 1443 re-

436 1489 692 1558 ligionem
749 1486 999 1542 condidit
1062 1483 1275 1540 rudibus
1337 1483 1446 1552 igni
1513 1480 1805 1534 dedicatis.
1880 1477 2009 1533 Pest

437 1581 613 1649 ipsum
652 1578 890 1647 regnavit
944 1577 1082 1630 Dara
1120 1576 1350 1646 primus.
1400 1587 1577 1627 annos
1629 1571 1843 1642 viginti.
1878 1568 2009 1626 Post

437 1672 589 1724 illum
621 1670 978 1724 Artachsbast
1004 1667 1369 1738 Longimanus
1389 1662 1554 1738 26‘.
1574 1664 2007 1732 cognominatus,

441 1775 621 1816 annos
660 1761 847 1830 tiginti
905 1771 1163 1827 quatuor.
1206 1760 1367 1827 cujus
1418 1769 1661 1826 tempore
1724 1755 1909 1810 floruit
1949 1754 2004 1808 in
2038 1740 2079 1796 Β

435 1850 752 1907 Gmcornm
814 1852 1057 1919 regione.
1090 1849 1145 1902 in
1185 1850 1317 1901 urbe
1347 1847 1478 1909 Coo,
1516 1844 1876 1914 llippocrates
1919 1859 2008 1900 sa-

440 1944 595 2012 piens
626 1942 758 1996 artis
783 1944 1005 1994 medica;
1028 1951 1240 1993 auctor.
1276 1939 1415 1992 Dicit
1443 1936 1572 1991 Said
1593 1937 1810 1990 Patricii
1842 1936 2007 1998 filius.

440 2033 691 2089 medicus
727 2052 743 2089 :
780 2032 957 2102 llujus
985 2034 1061 2087 rei
1096 2033 1357 2087 indicium
1392 2042 1475 2086 est
1526 2033 1674 2099 quod
1705 2030 1868 2086 refert
1902 2030 1980 2086 Ga

442 2128 601 2182 lenus
634 2127 689 2181 in
725 2141 825 2180 sua
865 2125 1166 2193 juramenti
1196 2133 1252 2178 et
1276 2141 1306 2175 n
1329 2123 1515 2177 antlati
1544 2121 1887 2192 Hippocratis
1914 2137 2009 2175 ex-

444 2218 755 2287 pliratione,
779 2218 989 2271 scitir-tt
1028 2231 1203 2285 regem
1230 2214 1515 2268 Persarum
1538 2215 1604 2266 ad
1636 2210 2008 2282 Hippocratem

449 2309 685 2373 misisse.
704 2324 769 2364 ae
794 2323 985 2376 magna
1012 2308 1250 2374 pecunia:
1268 2320 1478 2360 summa
1509 2305 1686 2357 oblata
1707 2300 2011 2376 [invitasse]

444 2407 505 2453 nt
540 2400 608 2453 ad
644 2402 823 2469 ipsum
848 2398 1130 2452 accederet
1160 2413 1175 2461 ;
1221 2404 1348 2451 voto
1376 2402 1565 2449 autem
1612 2396 1733 2464 ejus
1762 2411 1868 2448 non
1915 2410 2011 2448 an-

447 2492 635 2547 nuisse
666 2492 1083 2561 Hippocratem,
1114 2505 1291 2558 neque
1320 2492 1493 2558 ipsum
1518 2489 1735 2553 adiisse,
1763 2504 1885 2542 eum
1922 2504 2012 2540 uc-

445 2597 719 2653 qnaqttam
751 2583 853 2651 ipsi
880 2597 1035 2650 teque
1053 2590 1480 2636 consentaneum
1511 2581 1792 2635 videretur
1818 2580 2014 2636 Persas

446 2675 540 2741 qui
568 2672 881 2729 Gitccornin
918 2674 1105 2728 hostes
1135 2683 1319 2727 essent
1342 2686 1558 2727 sanare.
1594 2669 1782 2726 llefert
1832 2681 2011 2724 autem

451 2766 663 2821 Honain
726 2765 901 2821 Isaaki
938 2767 1104 2831 tilius,
1163 2768 1215 2818 in
1263 2779 1363 2820 sua
1413 2765 1535 2819 libri
1592 2764 1802 2832 hujuse
1833 2764 2011 2832 lingua

452 2858 638 2915 Graeca
670 2861 725 2914 in
755 2860 1046 2915 Arabicatn
1070 2861 1344 2919 versione.
1387 2857 1700 2913 meminisse
1727 2853 2012 2917 Calenum,

452 2948 835 3020 Hippocratem
862 2966 969 3003 non
997 2950 1197 3003 adiisse
1227 2949 1676 3004 Artachshasturu
1726 2945 2018 3015 Lougima—

458 3057 588 3095 num
642 3043 993 3112 appellatum,
1054 3042 1197 3110 quod
1243 3053 1502 3109 regnante
1553 3041 1671 3108 ipso
1723 3040 2015 3109 contigisse

456 3133 664 3186 feratur
735 3134 917 3187 Persis
970 3135 1218 3187 morbum
1264 3132 1468 3185 dictum
1511 3129 1873 3186 Al-Mavvarek
1915 3130 2016 3198 (vel

452 3225 607 3291 juxta
636 3225 781 3278 aliud
815 3225 1116 3293 exemplar,
1162 3224 1415 3294 pestem).
1447 3223 1654 3277 Misisse
1681 3236 1812 3293 ergo
1845 3223 2018 3291 ipsum

454 3317 524 3370 ad
558 3318 706 3370 urbis
740 3315 817 3371 K0
848 3316 1160 3386 prmfettuut
1199 3330 1360 3383 quem
1423 3314 1658 3384 rogavit.
1713 3323 1774 3369 ut
1819 3314 2022 3385 Hippo-

455 3412 591 3465 crati
622 3416 845 3463 centum
880 3409 998 3461 auri
1034 3409 1234 3461 talenta
1293 3406 1551 3470 traderet,
1612 3407 1903 3475 ipsumque
1954 3407 2019 3459 ad

457 3517 538 3567 se.
571 3500 873 3554 honorifice
911 3507 1224 3562 tractatum,
1277 3498 1599 3561 adduceret.
1626 3513 1736 3567 quo
1764 3495 1957 3552 Persas
1994 3513 2022 3550 a

461 3593 650 3651 morbo
676 3592 767 3664 qui
798 3590 929 3663 ipsis
955 3590 1296 3660 contigisset,
1348 3601 1607 3655 sanaret;
1640 3589 1901 3644 abnuisse
1930 3605 2020 3642 au-

463 3701 569 3744 tem
641 3687 1052 3758 Hippocratem,
1133 3698 1255 3734 cum
1308 3697 1416 3738 uolt
1477 3694 1691 3753 aequum
1756 3682 2022 3753 judicaret

459 3778 778 3835 Gra‘corum
813 3778 1075 3834 hostibus
1101 3792 1256 3849 Opem
1294 3776 1451 3841 ferre,
1483 3788 1685 3844 eosque
1720 3788 1936 3830 sanare.

532 3873 749 3927 Mortuo
780 3872 1214 3927 Artachshashto
1264 3869 1622 3939 Longimano.
1677 3879 1797 3935 post
1854 3867 2026 3935 ipsum

464 3966 749 4035 imperavit
782 3962 1183 4017 Artaebshasbt
1234 3960 1482 4029 Magnus,
1521 3972 1691 4013 annos
1725 3960 1948 4030 triginta
1976 3966 2031 4011 et

467 4072 655 4110 unum.
685 4056 814 4111 Post
834 4072 957 4110 eum
982 4053 1290 4108 Saadianus
1319 4066 1491 4106 annos
1522 4060 1653 4106 tres.
1687 4049 1818 4104 Post
1850 4050 2029 4120 ipsum

469 4146 605 4201 Dara
636 4146 933 4211 secundus,
966 4143 1318 4216 265-267
1365 4145 1460 4212 qui
1492 4142 1904 4213 cognominatus
1947 4149 2033 4197 est

469 4237 767 4293 Al-Naceth
820 4251 994 4291 armos
1052 4235 1469 4306 septemdecim.
1513 4234 1639 4288 l’ost
1694 4251 1817 4289 eum
1871 4235 2033 4288 Arta-

468 4330 749 4393 ehsbasht,
780 4344 811 4382 e
845 4327 973 4381 filiis
992 4325 1177 4379 fratris
1202 4324 1328 4396 Cyri
1362 4325 1612 4384 secundi,
1640 4340 1811 4379 annos
1845 4326 2032 4395 viginti

2117 468 2332 525 Achuso
2362 466 2656 522 Persarum
2687 481 2833 535 rege.
2864 477 2988 537 post
3038 468 3219 536 ipsum
3258 468 3503 537 regnavit
3537 468 3687 521 illius

2110 559 2286 632 ipsius
2307 560 2499 623 Arses.
2520 559 2611 629 qni
2629 558 3048 626 regnantinatus
3068 555 3354 625 estNaeet,
3386 572 3561 613 annos
3581 572 3689 613 un-

2105 653 2301 708 decim.
2335 652 2468 721 Ejus
2495 659 2739 722 tempore
2774 648 3075 705 ﬂoruerunt
3100 651 3152 704 in
3181 651 3317 705 urbe
3340 652 3680 704 Athenarum

2105 754 2160 798 et
2194 744 2512 800 Graecorum
2564 744 2786 813 regione
2823 740 3128 811 philosophi
3166 742 3464 812 sapientes.
3503 740 3682 805 Plato.

2104 834 2372 890 Censalon
2405 830 2782 907 [XenOphon].
2826 833 3187 896 Democritus.
3236 834 3577 900 Apollonius.
3627 843 3687 887 et

2109 933 2388 984 Socrates.
2413 927 2628 982 Mortuo
2646 928 2847 983 Arseso
2874 924 3166 981 Persarum
3187 942 3337 995 rege.
3359 935 3481 995 post
3504 928 3717 996 ipsum-

2109 1022 2355 1091 regnavit
2410 1020 2557 1075 iilius
2612 1020 2787 1089 ipsius
2832 1016 3031 1073 Darius
3062 1032 3236 1073 annos
3267 1028 3497 1088 septem,
3523 1034 3683 1088 quem

2112 1113 2383 1170 interfecit
2406 1112 2731 1168 Alexander.
2762 1110 3007 1182 Regnum
3032 1120 3323 1167 tenuerunt
3344 1112 3511 1184 268
3532 1126 3685 1184 reges

2110 1211 2199 1263 isti
2253 1208 2308 1262 in
2366 1206 2561 1271 Musal,
2618 1206 2965 1278 Babylonem,
3026 1204 3265 1260 Persiam
3298 1212 3354 1258 et
3396 1206 3679 1262 Ameriam.

2106 1299 2280 1353 Causa
2313 1308 2491 1353 autem
2519 1313 2615 1375 cur
2638 1299 2967 1351 interficeret
2989 1296 3294 1351 Alexander
3318 1295 3540 1350 Darium
3572 1296 3682 1352 hac

2114 1400 2255 1453 erat.
2291 1390 2435 1460 quod
2469 1405 2593 1444 cum
2614 1400 2831 1445 mortuo
2852 1400 3007 1460 patre
3040 1388 3294 1459 Philippo
3325 1390 3681 1445 successisset

2112 1481 2164 1534 in
2194 1480 2527 1536 Macedonia:
2559 1494 2730 1551 regno
2758 1481 3066 1536 Alexander
3086 1495 3259 1536 annos
3284 1481 3558 1535 sexdecim
3582 1495 3680 1535 na-

2113 1584 2223 1637 tus.
2256 1584 2419 1643 atque
2441 1572 2604 1628 Dario
2639 1572 2837 1628 Pel'SiiB
2867 1573 2980 1645 regi
3027 1574 3339 1628 nuntiatum
3379 1580 3527 1628 esset
3566 1570 3684 1628 Ale-

2114 1664 2380 1719 xandrum
2414 1671 2539 1733 post
2589 1672 2798 1732 patrem
2830 1680 2991 1719 suum
3016 1660 3221 1719 Graecis
3269 1664 3560 1733 imperare.
3594 1663 3681 1719 ille

2111 1754 2282 1823 ipsius
2312 1752 2691 1827 [subjugandi]
2725 1754 2984 1825 cupidus.
3019 1755 3228 1810 litteras
3246 1754 3314 1810 ad
3347 1756 3523 1824 ipsum
3545 1769 3681 1809 con-

2112 1846 2415 1915 scripserit,
2446 1861 2679 1915 quarum
2715 1846 2817 1899 hoc
2839 1847 3115 1914 exemplar
3145 1854 3230 1900 est
3259 1862 3272 1897 :
3315 1862 3334 1895 ι
3363 1843 3679 1901 Nuntiatum

2114 1947 2195 1991 t‘.~.(
2227 1939 2355 1992 mihi
2393 1947 2443 1993 te
2493 1939 2705 2008 injussu
2745 1954 2867 1993 meo
2895 1939 2948 1991 in
2978 1936 3197 1993 Graecos
3254 1952 3481 2008 regnum
3512 1950 3678 1992 oecu-

2114 2047 2295 2101 passe.
2318 2032 2472 2098 Quod
2503 2032 2549 2087 si
2571 2031 2758 2087 eadem
2787 2048 2894 2102 qua
2922 2047 2985 2101 pa
3012 2048 3072 2087 er
3102 2038 3231 2087 tuus
3252 2031 3338 2086 via
3363 2032 3682 2087 ineessisses

2114 2126 2169 2178 in
2223 2124 2455 2180 consilio
2488 2124 2773 2195 capiendo.
2840 2134 2895 2179 et
2931 2125 3075 2193 quod
3134 2138 3237 2193 ego
3286 2131 3339 2180 te
3392 2124 3677 2193 iussissem

2118 2216 2361 2281 fecisses.
2412 2219 2517 2273 hoc
2548 2218 2648 2273 tibi
2682 2218 2879 2273 melius
2931 2217 3146 2282 luisset.
3186 2226 3239 2272 et
3265 2219 3679 2288 prosper-intem

2116 2318 2261 2363 tuam
2286 2308 2495 2364 diutius
2520 2308 2923 2365 continuasses.
2959 2308 3159 2363 Verum
3194 2310 3399 2381 adhoc
3432 2318 3484 2362 te
3508 2310 3684 2379 impu-

2115 2400 2180 2453 iit
2216 2401 2462 2469 pueritiae
2495 2401 2742 2473 deeeptio
2778 2417 2878 2473 pro
2907 2411 2994 2455 tua
3037 2411 3090 2455 et
3117 2411 3334 2455 tuorum
3359 2401 3684 2472 ignorantia.

2120 2492 2330 2548 Recede
2352 2508 2482 2564 ergo
2527 2495 2596 2549 ab
2623 2506 2689 2549 eo
2714 2509 2826 2563 quo
2849 2494 2963 2563 jam
2985 2509 3045 2548 es
3075 2491 3269 2565 [luem]
3292 2503 3344 2548 et
3366 2510 3463 2563 pro
3493 2493 3688 2562 teipse.

2118 2595 2171 2636 et
2201 2586 2370 2651 patria
2405 2596 2493 2638 tua
2528 2584 2917 2655 redemptionis
2938 2586 3167 2655 pretium
3192 2586 3450 2652 aﬂ‘ereus.
3474 2588 3684 2655 culpam

2123 2686 2271 2731 tuam
2314 2677 2595 2740 confitere.
2629 2689 2791 2749 atque
2822 2678 2925 2733 hoc
2951 2679 3061 2733 cito
3082 2681 3227 2733 omni
3262 2694 3411 2734 mora
3446 2680 3685 2748 deposita

2122 2768 2314 2824 facias.
2349 2768 2445 2824 Sin
2479 2770 2661 2826 minus
2691 2772 2758 2825 ad
2788 2780 2840 2826 te
2881 2784 3007 2825 eum
3067 2769 3362 2825 Persarum
3398 2772 3531 2826 viris
3565 2786 3688 2842 pro-

2123 2860 2319 2927 lectus,
2346 2862 2578 2929 patriam
2633 2871 2779 2917 tuam
2815 2877 3005 2919 eorum
3048 2863 3276 2931 pedibus
3331 2864 3681 2927 conculcabo.

2124 2957 2275 3008 viros
2299 2963 2426 3009 tuos
2456 2954 2728 3018 occidam.
2765 2963 2924 3024 teque
2952 2957 3313 3025 prosperitate
3344 2965 3435 3010 tua
3468 2969 3685 3011 exuam.

2126 3042 2242 3099 Misi
2275 3045 2489 3099 interim
2543 3044 2637 3100 tibi
2666 3044 2796 3100 illud
2850 3046 2997 3117 quod
3047 3047 3090 3100 sl
3143 3062 3432 3101 numerare
3492 3046 3687 3115 possis.

2123 3150 2409 3191 numerare
2422 3137 2581 3190 etiam
2602 3137 2748 3192 viros
2768 3147 2819 3192 et
2846 3139 3073 3193 comites
3096 3152 3246 3193 meos
3263 3139 3483 3207 pateris.
3509 3137 3651 3193 Vale.
3665 3156 3685 3190 ι

2194 3224 2415 3280 Miserat
2440 3235 2622 3280 autem
2657 3229 2723 3281 ad
2758 3229 2930 3297 ipsum
2965 3242 3059 3296 per
3077 3228 3309 3297 legatum
3351 3241 3685 3282 sesamorum

2122 3319 2577 3373 excorticatorum
2627 3319 2892 3373 modium.
2948 3322 3230 3377 Accedens
3264 3336 3393 3390 ergo
3434 3319 3578 3375 Darii
3619 3321 3690 3375 Ie-

2124 3417 2280 3478 gatus
2300 3407 2368 3463 ad
2391 3409 2782 3475 Alexandrum,
2812 3408 2913 3479 ipsi
2936 3411 3144 3465 litteras
3165 3418 3219 3465 et
3246 3426 3456 3465 sesama
3478 3412 3690 3467 obtulit.

2126 3503 2428 3556 Alexander
2466 3502 2636 3572 igitur
2673 3505 3017 3573 congregatis
3045 3502 3398 3574 269-271
3428 3502 3688 3559 comitum

2128 3607 2354 3649 suorum
2414 3594 2707 3664 praecipuis
2772 3608 2837 3649 ac
2891 3593 3034 3647 Darii
3094 3594 3287 3650 litteris
3344 3594 3694 3653 audientibus

2129 3683 2421 3753 prmlectis.
2445 3683 2581 3737 dixit
2609 3701 2622 3736 :
2658 3684 2714 3737 Si
2751 3700 2858 3739 uno
2881 3685 3068 3739 animo
3101 3686 3314 3740 fueritis
3370 3687 3545 3755 ipsum
3576 3686 3695 3741 vin-

2130 3780 2284 3843 cetis,
2317 3779 2401 3833 sin
2434 3777 2503 3831 ab
2532 3778 2762 3833 invicem
2798 3778 3059 3847 separati.
3089 3777 3242 3833 vobis
3302 3778 3557 3832 inhiabit.
3590 3778 3687 3835 Cui

2132 3872 2528 3940 responderunt
2556 3870 2754 3941 singuli
2790 3878 2949 3941 prout
2978 3870 3111 3941 ipsis
3139 3882 3270 3928 tunc
3291 3872 3465 3926 visum
3497 3870 3694 3954 fqerat.

2131 3962 2339 4029 Quibus
2401 3963 2739 4017 Alexander:
2772 3961 3061 4018 Ontinatur
3114 3964 3247 4017 mihi
3286 3964 3501 4018 animus
3528 3964 3701 4019 victo.

2134 4058 2268 4109 riatu
2304 4057 2359 4109 in
2421 4054 2638 4109 Darium
2683 4054 2865 4126 (cujus
2918 4055 3052 4109 mihi
3116 4056 3375 4131 indicium
3439 4054 3568 4110 inde
3615 4065 3701 4111 est

2132 4145 2273 4211 quod
2310 4145 2537 4199 comites
2565 4158 2698 4199 suos
2737 4159 2952 4199 sesamo
3002 4144 3345 4207 assimilarit,
3368 4147 3513 4213 quod
3543 4146 3699 4199 cibus

2132 4244 2217 4293 est
2250 4238 2487 4307 pinguis.
2519 4246 2574 4291 et
2607 4239 2727 4293 sine
2758 4238 3005 4293 molestia
3046 4238 3272 4311 editur).
3307 4252 3514 4309 nosque
3534 4253 3702 4309 regno

2137 4333 2309 4403 ipsius
2361 4335 2651 4401 petituros.
2690 4333 2952 4387 Dixerunt
3017 4333 3119 4403 ipsi
3180 4333 3315 4386 socii
3370 4332 3543 4402 ipsius
3575 4348 3591 4381 .-
3623 4332 3699 4385 Ita

468 4424 628 4477 duos.
657 4421 786 4490 Ejus
816 4430 1059 4488 tempore
1083 4418 1391 4471 ﬂoruerunt
1416 4417 1471 4470 iu
1518 4416 1727 4471 Graecia
1759 4420 2031 4487 sapientes
2068 4444 2109 4497 ο
2140 4426 2303 4480 faciat
2328 4423 2494 4481 Deus,
2522 4422 2819 4495 Respondit
2843 4439 2974 4495 ergo
2998 4421 3305 4478 Alexander
3327 4422 3487 4478 Dario
3509 4423 3703 4477 “ueri.

468 4523 521 4569 ct
554 4512 885 4584 philosophi,
915 4508 1202 4573 llercules,
1231 4507 1419 4573 Italus.
1446 4505 1807 4579 Pythagoras,
1836 4507 2032 4563 Socra-

472 4616 578 4671 tes.
607 4604 769 4659 Solon
807 4603 1108 4670 legislalor.
1158 4599 1366 4663 Zenon.
1396 4612 1450 4655 et
1488 4600 1863 4672 Empedocles.
1908 4600 2031 4655 Post

472 4701 647 4768 ipsum
681 4696 925 4765 regnavit
951 4707 1123 4747 annos
1169 4692 1361 4762 viginti
1426 4690 1573 4746 illius
1629 4691 1748 4761 ejus
1800 4691 2035 4745 Artacii-

472 4790 687 4849 shasbt.
714 4788 805 4855 qui
854 4784 1274 4853 cognominatus
1313 4790 1400 4837 est
1442 4780 1651 4836 Aelius.
1704 4781 1805 4836 llic
1864 4784 2036 4853 copiis

472 4881 587 4936 suis
624 4879 864 4933 collectis
897 4876 1191 4947 Egyptum
1248 4875 1423 4944 petiit.
1481 4888 1646 4942 quam
1703 4888 1829 4945 rege
1863 4874 2037 4943 ipsius

468 4973 685 5027 devicto
703 4970 1009 5036 occupavit.
1051 4968 1166 5021 Rex
1216 4974 1399 5020 autem
1448 4962 1669 5036 ASgypti
1699 4964 1809 5034 (cui
1838 4980 2035 5019 nomen

472 5065 682 5117 Pharao
712 5061 949 5129 Sbanak)
992 5060 1261 5121 devictus.
1320 5058 1519 5111 timens
1557 5072 1625 5111 ne
1660 5058 1703 5109 si
1757 5057 1813 5109 in
1845 5072 2037 5110 tnauus

473 5155 700 5219 Achusi.
742 5152 1027 5207 Persarum
1064 5150 1208 5219 regis
1262 5147 1549 5210 incideret.
1614 5146 1752 5201 male
1802 5148 1871 5200 ab
1921 5150 2039 5216 ipso

477 5253 819 5308 multaretur.
844 5249 985 5303 rasis
1025 5248 1202 5315 capite
1222 5255 1276 5299 et
1310 5245 1500 5306 barba,
1530 5259 1591 5298 ac
1620 5246 1839 5297 mutatis
1875 5245 2039 5297 vesti-

477 5344 579 5399 bus
609 5340 979 5396 Macedoniam
1012 5339 1201 5393 urbem
1238 5338 1499 5406 profugit.
1543 5337 1729 5392 Acbus
1757 5352 1886 5391 vero
1912 5335 2041 5389 Per-

476 5451 660 5489 sarum
705 5430 1051 5497 rexFustati,
1082 5430 1298 5503 Egypti
1356 5445 1561 5494 arcem.
1614 5431 1882 5495 condidit,
1918 5445 2039 5499 qua:

479 5529 637 5581 hodie
669 5526 1080 5580 Kasrolshamaa
1139 5523 1329 5578 audit:
1390 5523 1443 5575 in
1502 5539 1610 5591 qua
1666 5532 1719 5575 ct
1774 5524 2034 5590 templum

481 5635 737 5691 magnum
780 5618 1076 5680 exstruxit.
1133 5615 1244 5685 igni
1294 5614 1627 5677 dedicatum,
1673 5618 1816 5683 quod
1881 5616 2039 5668 hodie

480 5704 709 5758 ecclesia
731 5703 917 5758 Sancti
952 5700 1222 5756 Theoderi
1250 5700 1572 5771 appellatur.
1600 5700 1831 5773 Fuitque
1862 5702 2037 5758 Maec-

2134 4520 2352 4591 scriptis
2374 4534 2605 4590 quarum
2640 4521 2745 4573 hoc
2770 4519 3047 4587 exemplar
3065 4524 3149 4573 est
3181 4534 3196 4571 :
3221 4516 3305 4571 Ab
3328 4531 3394 4571 eo
3421 4516 3513 4585 qui
3538 4531 3570 4570 λ
3596 4516 3703 4571 Deo

2136 4628 2226 4666 rex
2262 4613 2596 4668 constitutus
2624 4619 2730 4677 est,
2761 4610 3076 4664 Alexandro
3122 4623 3281 4663 servo
3313 4608 3426 4670 Dei.
3459 4619 3514 4661 et
3554 4606 3703 4662 Crte.

2136 4722 2327 4762 corum
2363 4721 2490 4778 rege
2527 4705 2593 4759 ad
2634 4705 2853 4760 Darium
2883 4701 3228 4773 praecelsum.
3255 4699 3499 4756 Intellexi
3559 4700 3701 4755 litte-

2140 4813 2227 4853 ras
2249 4808 2393 4859 tuas.
2419 4807 2473 4850 et
2500 4796 2775 4865 quomodo
2829 4810 2915 4849 me
2954 4802 3013 4848 ut
3063 4794 3117 4847 in
3177 4791 3491 4846 mandatum
3549 4800 3699 4844 tuum

2139 4888 2393 4943 rebellem
2438 4885 2832 4956 indigitaveris.
2862 4895 2915 4939 et
2962 4882 3093 4954 quid
3151 4880 3293 4935 mihi
3341 4880 3703 4935 columinatus

2141 4978 2331 5032 fueris.
2368 4976 2629 5031 Videlicet
2658 4976 2705 5031 si
2736 4989 2767 5029 a
2796 4974 2966 5045 gradu
3012 4987 3135 5027 meo
3168 4987 3274 5025 non
3308 4983 3612 5031 recessero.
3651 4978 3705 5021 et

2140 5068 2390 5125 dill'eram
2419 5069 2550 5123 illud
2582 5067 2775 5122 alferre
2804 5066 2951 5137 quod
2994 5066 3200 5133 scripto
3235 5075 3329 5118 tuo
3373 5060 3584 5132 iussisti
3620 5075 3703 5113 me

2142 5163 2235 5215 tibi
2266 5161 2478 5225 ail'erre.
2502 5158 2871 5228 profecturum
2925 5168 2979 5212 te
3030 5162 3224 5211 contra
3283 5169 3368 5208 me
3401 5168 3524 5208 eum
3572 5153 3705 5206 viris

2141 5250 2454 5307 Persarum.
2484 5251 2644 5304 Certe
2681 5249 2848 5304 dictat
2874 5246 2971 5302 tibi
3009 5247 3226 5301 animus
3277 5255 3403 5299 tuus
3431 5256 3553 5313 qua
3596 5257 3704 5296 non

2142 5354 2463 5411 assequetur
2513 5354 2708 5395 manus
2738 5349 2849 5406 tua,
2888 5354 2986 5393 nec
3039 5336 3399 5406 apprehendit
3447 5334 3702 5404 cogitatio

2141 5442 2254 5487 tua.
2286 5430 2393 5501 Ego
2420 5439 2599 5485 autem
2640 5431 2707 5483 ad
2735 5440 2786 5484 te
2822 5443 3009 5483 revera
3041 5426 3356 5494 proficiscar
3379 5439 3499 5482 cum
3528 5425 3701 5481 leoni-

2143 5527 2242 5576 bus
2280 5523 2616 5586 Gratcornm.
2656 5532 2707 5576 et
2748 5520 3024 5589 quomodo
3050 5535 3107 5573 se
3156 5533 3242 5572 res
3272 5518 3469 5572 habeat
3499 5517 3702 5571 docebo

2142 5622 2195 5666 te
2226 5614 2312 5666 ubi
2338 5613 2552 5667 obviam
2578 5613 2687 5682 tibi
2722 5609 2900 5666 factus
2948 5609 3118 5665 fuero.
3162 5608 3283 5663 Misi
3342 5609 3556 5662 interitu
3606 5608 3700 5663 tibi

2143 5717 2251 5774 quo
2281 5702 2601 5767 dignoscere
2631 5703 2805 5773 possis
2862 5709 3068 5775 quanto
3121 5700 3363 5755 acriores
3389 5699 3551 5769 272
3577 5699 3700 5753 viris
