4070 6152
435 302 547 365 969

1876 306 2245 371 ANNALES.

3579 300 3684 362 910

434 418 543 470 tuis
574 413 775 471 fuerint
805 415 905 473 viri
958 420 1085 473 mei.
1124 418 1272 475 Vale.
1308 418 1452 475 Misit
1484 429 1662 476 autem
1714 420 1779 475 ad
1821 421 2001 491 ipsum
2034 423 2078 478 Α
2107 416 2322 489 natum]
2359 434 2371 470 :
2408 425 2525 488 pete
2562 425 2741 472 autem
2788 431 2815 471 a
2856 431 2941 472 me
2970 416 3112 486 quod
3147 416 3242 470 tibi
3279 414 3455 470 visum
3496 414 3682 471 fuerit.

432 523 651 563 saccum
699 511 928 580 sinapis.
967 512 1255 568 Reversus
1287 528 1419 582 ergo
1449 512 1515 567 ad
1551 513 1731 583 ipsum
1792 513 2002 582 legatus

434 597 633 669 ipsius,
660 601 788 671 quid
824 600 1039 656 fecisset
1081 604 1386 658 Alexander
1421 606 1520 673 ipsi
1553 604 1840 657 nuntiarit.
1887 603 2006 657 Ale-

433 694 641 746 xander
657 704 862 761 autem,
882 698 1193 750 convocatis
1215 697 1453 765 patriciis
1468 714 1530 752 ac
1556 699 1687 752 viris
1705 698 2003 767 primariis,

431 783 516 836 sic
548 783 672 839 illos
700 786 967 841 allocutus
1000 797 1125 843 est:
1162 790 1205 843 0
1242 791 1458 859 populo,
1496 790 1672 845 tribus
1701 792 2005 859 proprieta-

431 878 579 933 tibus
603 879 958 949 perﬁciuntur
981 895 1089 942 res,
1125 881 1377 937 videlicet
1407 882 1640 936 consilio
1673 884 1835 945 bono,
1869 882 2004 935 viri-

431 971 538 1027 bus
567 971 636 1027 ad
669 971 806 1026 idem
827 971 1305 1046 [exsequendum],
1330 974 1526 1031 deinde
1553 976 1665 1030 luce
1692 988 1918 1045 utraque
1951 976 2003 1029 in

428 1075 614 1119 actum
642 1065 946 1121 intentione
978 1069 1191 1122 sincera
1238 1068 1606 1136 perducendo.
1638 1067 1902 1139 Quisquis
1928 1068 2003 1121 ira

429 1164 780 1225 comparatus
819 1156 1006 1220 fuerit,
1058 1157 1286 1212 idoneus
1338 1167 1422 1212 est
1471 1158 1536 1214 ad
1581 1175 1645 1214 ca
1677 1176 1800 1229 qua:
1855 1160 2003 1227 cupit

428 1246 809 1314 assequenda;
863 1246 909 1298 si
955 1248 1079 1314 quis
1106 1262 1237 1316 ergo
1283 1256 1526 1302 vestrum
1578 1248 1663 1303 bis
1704 1249 2003 1303 instructus

430 1332 621 1398 fuerit,
656 1336 788 1390 mihi
838 1350 899 1391 se
945 1337 1238 1406 adiungat,
1283 1347 1338 1393 ct
1381 1339 1694 1408 quicunque
1738 1354 1898 1395 secus
1947 1356 2005 1394 se.

430 1427 709 1492 habuerit,
746 1443 775 1482 a
820 1444 906 1484 me
941 1431 1181 1483 recedat.
1232 1428 1652 1500 Responderunt
1712 1430 1786 1484 illi
1820 1448 1836 1485 :
1872 1430 2003 1485 Pro-

429 1521 689 1590 prietates
735 1523 864 1575 istas
900 1522 951 1574 in
980 1536 1106 1591 rege
1136 1522 1478 1591 conjunctae,
1532 1524 1584 1576 in
1622 1524 1773 1577 nobis
1802 1525 2006 1578 discre-

431 1620 518 1665 tas
571 1612 755 1681 posuit
818 1613 981 1678 Deus,
1034 1628 1134 1667 nec
1184 1615 1480 1669 cessabite
1527 1615 1681 1669 nobis
1734 1617 2002 1685 quispiam

430 1703 683 1758 ultimum
719 1702 862 1773 quod
894 1717 1061 1773 penes
1083 1703 1261 1772 ipsum
1295 1704 1456 1758 fuerit
1485 1703 1811 1778 [praestare].
1847 1708 2000 1773 Quod

2114 507 2243 564 Tria
2294 511 2390 564 tibi
2438 525 2467 563 a
2499 523 2585 563 me
2636 511 2930 578 impetrare
2981 506 3189 565 licebit,
3245 517 3299 559 tu
3349 521 3515 559 uinum
3550 506 3685 560 mibi

2114 613 2323 657 tantum
2360 602 2650 657 concedas.
2692 600 2837 655 Dixit
2883 615 3014 669 ergo
3041 599 3117 653 illi
3166 599 3399 654 Darius:
3434 598 3544 654 lioc
3573 613 3603 652 a
3630 606 3683 653 te

2115 705 2257 766 peto,
2298 710 2364 749 ne
2391 694 2613 748 familiis
2656 694 2794 764 apud
2846 692 3042 748 Persas
3083 694 3388 749 illustribus
3418 703 3586 758 satos.
3631 702 3687 747 et

2114 788 2323 842 nobiles
2370 788 2585 855 perdas,
2628 788 2721 841 sed
2769 787 2971 841 liberos
3014 786 3297 851 dimittas;
3330 796 3456 855 peto
3494 789 3682 851 etiam,

2114 896 2181 934 ne
2215 880 2419 949 Ignium
2465 878 2613 934 aedes
2667 879 2879 944 diritas,
2933 894 3232 947 earumque
3267 878 3498 933 aedituos
3548 878 3685 933 bene

2116 971 2332 1027 tractari
2383 972 2615 1041 jubcas;
2682 972 2919 1040 denique
2969 980 3028 1024 nt
3082 987 3167 1026 me
3214 970 3281 1026 de
3336 972 3686 1027 interfectore

2117 1079 2233 1117 meo
2268 1064 2573 1128 ulciscaris,
2623 1064 2914 1132 ipsumque
2955 1062 3084 1116 inibi
3133 1064 3397 1133 a'ljungas
3433 1083 3447 1119 :
3480 1080 3601 1117 nam
3635 1065 3682 1119 si

2114 1164 2392 1224 superstes
2417 1156 2704 1219 manserit,
2732 1167 2947 1209 tuorum
2978 1154 3141 1209 etiam
3163 1155 3550 1209 beneficiorum
3584 1156 3684 1209 im-

2116 1262 2324 1300 memor
2368 1248 2495 1311 erit,
2538 1254 2597 1298 ut
2630 1261 2756 1316 erga
2793 1259 2879 1300 me
2926 1254 3084 1300 antea
3119 1260 3179 1300 se
3208 1245 3483 1315 ingratum
3550 1262 3684 1313 pra:-

2113 1340 2270 1393 stitit.
2326 1331 2583 1393 Promisit
2636 1352 2770 1407 ergo
2828 1338 3137 1392 Alexander
3198 1339 3567 1408 priestiturum
3623 1355 3684 1393 se

2114 1431 2257 1499 quod
2294 1430 2543 1501 petierat.
2576 1429 2720 1484 Dixit
2761 1430 2960 1485 deinde
2993 1431 3341 1485 Alexander:
3369 1431 3523 1497 Quod
3559 1447 3588 1485 a
3626 1444 3677 1485 te

2115 1523 2305 1576 vellem
2350 1531 2457 1584 est,
2487 1530 2541 1576 ut
2572 1522 2733 1575 tiliam
2787 1530 2934 1575 tuam
2990 1520 3235 1577 Rusbtac
3282 1523 3414 1576 mihi
3457 1524 3511 1577 in
3545 1539 3682 1576 uxo-

2114 1629 2227 1666 rem
2273 1613 2564 1676 concedas,
2603 1612 2733 1666 illud
2780 1612 2926 1667 enim
2973 1621 3026 1666 te
3073 1613 3281 1667 sciente
3334 1628 3399 1667 ac
3449 1628 3683 1669 consen-

2116 1707 2284 1759 tiente
2311 1706 2427 1759 ficri
2457 1706 2673 1761 vellem.
2698 1704 2997 1776 Respondit
3021 1705 3094 1761 illi
3123 1706 3361 1761 Darius:
3394 1707 3547 1763 Illam
3580 1710 3675 1764 tibi

431 1796 679 1867 ipsorum
722 1811 1045 1867 responsum
1094 1812 1217 1851 cum
1249 1797 1529 1866 probasset
1550 1798 1876 1864 Alexander,
1906 1814 1999 1868 pa-
2038 1783 2077 1837 Β
2110 1799 2161 1851 in
2212 1813 2435 1852 uxorem
2488 1798 2649 1853 trado
2691 1798 2796 1853 hac
2832 1798 3166 1865 conditione,
3217 1808 3276 1855 ut
3328 1806 3453 1870 post
3494 1810 3547 1854 te
3585 1818 3672 1857 re-

430 1889 572 1944 ntia
602 1889 786 1943 statim
822 1887 999 1958 copiis
1057 1889 1125 1942 ad
1195 1888 1394 1942 bellum
1456 1888 1615 1945 Dario
1665 1889 2003 1945 inferendum

430 1977 709 2051 profectus
733 1989 837 2035 est.

502 2071 749 2139 Quicum
778 2074 831 2125 in
857 2069 1242 2141 Mesopotamia
1273 2075 1698 2142 concurrissent,
1732 2076 1831 2131 fuit
1862 2078 2005 2131 int-ar

431 2162 584 2236 ipsos
635 2165 1001 2236 quadraginta
1052 2169 1265 2224 dierum
1311 2173 1490 2238 spatio
1535 2173 1760 2227 bellum.
1810 2173 2004 2230 Darius

431 2271 569 2312 vero
602 2259 851 2330 quinque
888 2262 1156 2316 confectis
1190 2260 1358 2319 fossis
1405 2264 1462 2318 in
1518 2264 1751 2335 singulis
1808 2266 2002 2321 ducem

430 2364 563 2404 cum
630 2351 921 2406 duodecim
993 2354 1237 2407 virorum
1314 2354 1556 2410 millibus
1614 2356 2002 2422 collocaverat,

429 2458 668 2513 quorum
720 2446 852 2499 nulli
906 2447 1011 2501 nisi
1065 2450 1262 2516 quinto
1302 2449 1544 2519 quolibet
1589 2450 1678 2505 die
1726 2452 1999 2521 pugnandi

431 2536 583 2590 vires
631 2538 971 2607 obtigerunt.
1027 2538 1157 2595 Suis
1206 2541 1374 2595 etiam
1407 2540 1722 2612 injuuxcrat
1771 2544 2003 2615 singulis

430 2626 628 2684 diebus
673 2629 905 2684 duorum
958 2628 1114 2703 [sibi]
1161 2629 1476 2688 Grmcurum
1510 2634 1692 2705 capita
1733 2633 1999 2707 [afferre].

429 2720 611 2772 Allata
665 2730 796 2775 sunt
846 2736 979 2792 ergo
1031 2722 1110 2777 illi
1148 2724 1395 2793 quotidie
1439 2724 1672 2780 duorum
1709 2729 1789 2781 rel
1840 2730 2003 2782 unius

431 2814 631 2866 saltem
680 2808 994 2867 Graecorum
1049 2818 1252 2886 capita.
1284 2813 1367 2871 Ob
1410 2816 1556 2888 quod
1590 2833 1787 2889 magna
1831 2819 1999 2873 animi

428 2903 656 2959 tristitia
676 2905 1038 2976 273-275
1056 2906 1302 2974 aifectus,
1331 2910 1519 2977 iraque
1544 2924 1741 2981 quanta
1763 2912 1876 2966 ﬁeri
1901 2928 2001 2984 po-

429 2997 535 3049 tuit
565 3007 876 3053 exaestuans
920 3001 1226 3055 Alexander
1260 3000 1407 3057 misit
1432 3002 1502 3057 ad
1527 3003 1748 3057 Darium
1771 3005 1863 3074 qui
1898 3006 1996 3075 ipsi

2107 1905 2271 1958 gnum
2295 1889 2569 1959 progeniei
2594 1897 2702 1945 tua:
2717 1892 2785 1945 ab
2802 1892 2918 1961 ipsa
2936 1890 3184 1947 oriunda:
3202 1893 3501 1963 relinquas.
3517 1891 3675 1960 Quod

2107 1994 2230 2035 cum
2270 1991 2556 2037 annuisset
2586 1983 2688 2049 ipsi
2717 1983 3024 2038 Alexander
3063 1983 3211 2037 illam
3240 1998 3464 2040 uxorem
3499 1984 3675 2042 duxit.

2179 2064 2449 2124 Mortuum
2492 2079 2675 2125 autem
2717 2072 3138 2141 pretiosissimis
3165 2089 3286 2143 qua:
3309 2075 3452 2145 apud
3493 2091 3674 2146 regem

2107 2170 2262 2215 erant
2316 2161 2500 2217 linteis
2534 2162 2734 2217 involvi
2796 2164 3046 2228 curavit;
3103 2163 3304 2221 deinde
3360 2163 3675 2222 Grecorum

2106 2251 2509 2324 Persarumque
2556 2254 2852 2316 exercitus,
2903 2252 3168 2311 feretrum
3219 2265 3464 2312 armatos
3500 2262 3677 2313 comi-

2107 2345 2208 2399 tari
2256 2345 2484 2415 iubens,
2542 2346 2660 2416 ipse
2727 2345 2890 2400 etiam
2968 2361 3094 2401 cum
3142 2349 3404 2403 comitum
3448 2366 3671 2405 suormn

2105 2436 2471 2507 277-279
2486 2436 2771 2508 praecipuis
2792 2436 2931 2491 idem
2957 2448 3185 2493 secutus
3204 2447 3288 2495 est
3305 2441 3476 2497 donec
3497 2443 3675 2513 ipsum

2106 2540 2263 2585 terra:
2308 2530 2649 2585 mandasset.
2700 2529 2845 2585 Dixit
2890 2545 3021 2599 ergo
3069 2531 3417 2586 Alexander:
3450 2532 3676 2590 Etiamsi

2106 2622 2457 2694 praestiterim
2491 2620 2654 2675 Dario
2694 2621 2843 2691 quod
2895 2621 3127 2686 vidistis,
3165 2637 3558 2693 usquequaque
3590 2633 3676 2680 ta-

2105 2727 2227 2767 men
2265 2714 2441 2767 hostis
2489 2712 2620 2766 mibi
2668 2711 2792 2774 fuit,
2839 2727 2902 2765 ac
2939 2721 3085 2767 certe
3120 2728 3367 2783 magnam
3406 2731 3517 2770 rem
3560 2728 3677 2771 ten-

2104 2806 2237 2860 tavit
2268 2804 2359 2875 qui
2395 2820 2477 2859 me
2526 2805 2630 2859 hoc
2658 2806 2876 2871 negotio
2906 2803 3204 2874 expedivit,
3236 2806 3323 2860 cui
3362 2809 3672 2865 mercedem

2105 2897 2402 2967 rependere
2456 2912 2684 2951 necesse
2743 2897 2953 2961 habeo;
3012 2897 3254 2951 libellum
3313 2914 3446 2970 ergo
3510 2916 3672 2955 suum

2105 2990 2237 3043 mibi
2275 2989 2554 3059 porrigat;
2600 2996 2789 3044 sancte
2820 2989 2965 3042 enim
3004 3002 3099 3058 per
3132 2986 3302 3043 Deum
3334 2991 3460 3058 juro
3492 2991 3673 3062 ipsum

425 3088 882 3144 diceretzParum
904 3092 1057 3147 abest
1075 3108 1141 3147 ne
1160 3102 1349 3149 mutuo
1371 3109 1791 3165 consumantur;
1820 3100 1993 3153 visum
2023 3123 2067 3183 ρ
2102 3082 2398 3183 “dum?”
2435 3081 2590 3183 irin“
2688 3096 2773 3137 me
2830 3096 2995 3152 δίψη
3028 3095 3247 3183 ,ριηιηξε
3296 3082 3479 3138 εοείοε
3524 3099 3675 3139 meo“

425 3189 515 3236 est
539 3191 719 3235 autem
758 3182 889 3236 mibi
918 3185 1061 3252 quod
1089 3186 1251 3239 saluti
1284 3195 1487 3242 nostra:
1524 3189 1684 3244 simul
1721 3200 1777 3243 et
1803 3204 1999 3246 vesrrx;

427 3275 773 3337 consulatur,
803 3277 1059 3329 nimirum
1094 3285 1153 3331 ut
1178 3292 1300 3331 cum
1331 3279 1667 3337 instruenda:
1693 3282 1801 3336 sint
1825 3288 1997 3347 acies,

424 3366 666 3434 spatium
711 3368 1029 3437 relinquant
1071 3369 1233 3423 nobis
1262 3371 1493 3426 comites
1524 3372 1602 3427 tui
1629 3389 1739 3441 quo
1773 3376 1996 3430 ordines

426 3464 554 3511 tuos
603 3456 670 3511 ad
704 3458 930 3513 ditionis
975 3467 1080 3512 tua:
1109 3458 1336 3514 limitem
1368 3472 1763 3529 pertranseam.
1801 3465 1998 3521 deinde

424 3550 495 3602 ad
545 3551 777 3617 patriam
831 3566 1004 3604 meam
1062 3561 1329 3609 revertar.
1364 3551 1552 3622 Neque
1584 3557 1730 3608 enim
1778 3558 1996 3613 animus

427 3642 588 3697 nobis
636 3652 721 3695 est
766 3652 1043 3697 certamen
1096 3644 1438 3710 detrectare;
1472 3655 1620 3699 esset
1667 3648 1769 3702 hoc
1794 3663 1995 3717 oppro-

426 3736 605 3790 brium
648 3734 794 3805 quod
825 3735 958 3798 elui,
1002 3736 1217 3793 macula
1270 3751 1393 3804 quae
1428 3738 1705 3804 mandari,
1733 3737 1994 3809 flagitium

429 3827 518 3880 cui
572 3826 803 3897 ignosci,
851 3840 959 3880 non
1002 3835 1211 3895 posset.
1261 3825 1565 3896 Respondit
1615 3828 1995 3888 DariuszNou

426 3915 605 3970 visum
636 3924 722 3970 est
750 3916 912 3970 nobis
939 3915 1050 3969 ullo
1076 3915 1238 3969 modo
1262 3916 1406 3985 quod
1436 3916 1642 3986 petiisti
1671 3922 1995 3977 concedere.

428 4003 587 4071 Quod
640 4018 762 4057 cum
821 4006 1049 4059 vidisset
1082 4004 1414 4071 Alexander,
1453 4005 1755 4078 [homines]
1797 4014 1862 4062 ad
1898 4009 1998 4061 ali-

426 4098 561 4166 quid
595 4106 786 4152 contra
834 4103 997 4165 caput
1046 4094 1221 4163 ipsius
1270 4094 1692 4152 maehinandum
1749 4098 1997 4152 incitavit

425 4187 617 4244 dicens
647 4204 662 4241 :
689 4185 871 4242 Heus!
907 4186 1104 4249 Graeci,
1137 4196 1222 4241 est
1250 4187 1355 4241 boc
1392 4188 1759 4254 imbecillitas,
1793 4198 1846 4246 et
1877 4196 1997 4263 opis

428 4281 746 4352 indigentia.
804 4279 975 4332 Estne
1014 4292 1045 4331 e
1077 4278 1234 4332 vobis
1262 4290 1351 4330 aut
1384 4294 1414 4331 θ
1447 4278 1630 4337 Persis
1670 4284 1760 4354 qui
1790 4285 1996 4353 aliquid

426 4375 561 4428 mihi
597 4374 700 4429 hoc
738 4372 791 4426 in
838 4371 1055 4442 negotio
1085 4372 1552 4438 comminiscatur,
1584 4390 1693 4446 quo
1721 4393 1806 4432 me
1836 4395 1864 4430 a
1903 4378 2000 4432 tri-

2103 3173 2464 3228 evebendum.
2514 3172 2710 3228 Statim
2764 3188 2895 3243 ergo
2926 3188 2984 3228 se
3026 3173 3100 3228 illi
3134 3171 3424 3229 oti‘ercntes
3457 3176 3675 3230 Cbcsb-

2102 3265 2272 3334 nesph
2302 3274 2357 3321 et
2386 3265 2701 3332 Adarsbist,
2726 3266 3058 3321 Adarbachti
3090 3266 3209 3333 filii,
3239 3266 3494 3322 dixerunt
3521 3285 3541 3323 :
3563 3268 3675 3325 Nos

2102 3358 2250 3412 Darii
2286 3359 2519 3412 comites
2553 3373 2763 3421 sumus,
2798 3368 2854 3413 et
2886 3360 2976 3427 qui
3014 3357 3292 3427 negotium
3322 3358 3424 3413 boc
3452 3360 3549 3415 tibi
3580 3377 3673 3415 ex-

2101 3446 2411 3516 pedivimus
2444 3466 2457 3502 :
2494 3456 2687 3516 praesta
2722 3449 2889 3519 igitur
2921 3450 3079 3503 nobis
3109 3448 3254 3519 quod
3286 3450 3565 3520 pollicitus
3589 3468 3666 3507 es.

2097 3535 2269 3592 Jussit
2314 3554 2441 3610 ergo
2489 3540 2636 3609 ipsos
2672 3554 2836 3609 super
2884 3540 3099 3595 duabus
3146 3541 3397 3597 trabibus
3427 3542 3671 3595 sublimi-

2098 3628 2200 3683 bus
2253 3628 2549 3700 suspendi;
2594 3629 2839 3700 dixiique
2867 3648 2879 3685 :
2909 3632 3069 3687 Certe
3103 3632 3154 3685 bi
3187 3632 3507 3687 du0'meriti
3540 3645 3671 3687 sunt

2100 3720 2204 3773 boc
2232 3722 2375 3790 quod
2428 3723 2566 3792 ipsis
2608 3722 2724 3775 fieri
2750 3722 2915 3790 jussi,
2947 3724 3017 3776 ob
3049 3738 3202 3776 suam
3232 3737 3358 3793 erga
3388 3723 3668 3777 domitum:

2101 3828 2259 3869 suum
2310 3812 2687 3868 inﬁdelitatem
2734 3829 2798 3867 ac
2827 3814 3108 3879 fraudem;
3141 3816 3232 3883 qui
3266 3816 3409 3870 enim
3446 3816 3670 3871 domum

2098 3920 2201 3960 suo
2230 3904 2388 3959 fidem
2420 3920 2525 3959 non
2562 3906 2961 3974 praestiterunt,
3000 3923 3099 3960 nec
3129 3906 3283 3961 alteri
3315 3908 3668 3976 praestabunt.

2098 3995 2213 4068 Ego
2256 3996 2475 4051 interim
2527 3996 2674 4066 quod
2727 3997 2861 4066 ipsis
2907 3996 3185 4066 pollicitus
3230 4014 3350 4053 sum
3400 4000 3665 4053 exhibui:

2103 4089 2256 4159 ipsos
2307 4103 2475 4158 supra
2512 4102 2704 4143 omnes
2757 4089 2941 4143 socios
2990 4102 3136 4142 meos
3178 4088 3477 4143 eveliendo.
3530 4086 3668 4143 Tum

2104 4180 2158 4233 in
2186 4178 2330 4233 Darii
2362 4190 2587 4235 matrem
2616 4193 2841 4233 uxorem
2869 4190 2921 4232 et
2949 4179 3110 4233 filiam
3141 4178 3366 4235 donaria
3393 4195 3455 4235 ac
3485 4190 3668 4236 vestes

2098 4270 2334 4326 conferri
2386 4270 2570 4341 jussit,
2634 4272 2887 4341 ipsasque
2938 4270 3147 4325 honore
3198 4269 3379 4326 ati‘eoit
3426 4287 3443 4325 :
3496 4272 3664 4326 duces

2101 4361 2263 4415 etiam
2313 4377 2377 4415 ac
2431 4361 2576 4417 viros
2616 4360 2910 4417 Persarum
2962 4363 3273 4432 primarius,
3328 4364 3667 4427 muneribus,

421 4466 571 4522 stitia
597 4467 700 4521 ista
729 4466 996 4523 exsolvat.
1032 4464 1158 4536 [bac
1180 4464 1454 4537 mercede]
1486 4476 1543 4522 ut
1575 4469 1645 4523 sit
1676 4470 1775 4538 ipsi
1798 4486 1991 4542 regno-

2103 4454 2363 4517 vestibus,
2411 4454 2741 4518 honerariis,
2795 4455 3069 4525 rebusque
3110 4453 3176 4508 ad
3230 4455 3434 4509 victum
3478 4470 3667 4512 neces-

424 4572 545 4611 rum
603 4556 801 4613 Persia:
858 4566 911 4611 et
964 4554 1207 4621 Graeciae,
1263 4572 1363 4611 nec
1426 4574 1532 4613 non
1577 4563 1818 4614 omnium
1871 4581 1991 4635 qua:

420 4649 476 4702 in
503 4648 906 4719 gazopliylaciis
934 4646 1158 4715 fuerint,
1192 4649 1516 4705 dimidium?
1543 4651 1675 4717 Quae
1702 4654 1990 4711 Alexandri

419 4743 585 4795 verba
612 4756 733 4794 cum
765 4741 1048 4797 audissent
1074 4741 1390 4811 Cbesnespb
1422 4754 1474 4797 et
1502 4745 1791 4801 Adarsliist
1815 4747 1990 4802 Adar-

424 4831 608 4887 bacbti
645 4828 763 4895 ﬁlii,
808 4832 901 4901 qui
934 4831 1262 4885 satellitibus
1310 4830 1457 4887 Darii
1495 4832 1626 4905 μοι,
1656 4834 1810 4902 juxta
1844 4838 1989 4891 aliud

417 4921 723 4991 exemplar,
778 4917 1138 4992 exercitibus]
1189 4931 1482 4991 praeerant,
1531 4924 1829 4978 commissa
1874 4924 1988 4995 jam

415 5029 597 5086 pugna
645 5014 865 5067 Darium
900 5012 1076 5067 adorti
1109 5013 1303 5084 gladiis
1340 5014 1726 5079 confoderunt,
1760 5018 1897 5072 adeo
1934 5028 1994 5072 ut

417 5122 625 5177 pronus
668 5107 966 5161 decideret.
1003 5105 1184 5160 Persa:
1225 5114 1403 5161 autem
1435 5107 1486 5161 in
1516 5105 1698 5177 fugam
1741 5112 1989 5166 conversi

414 5211 540 5258 sunt
584 5213 777 5268 magna
807 5198 1054 5267 ipsorum
1106 5210 1293 5268 strage
1323 5198 1489 5255 edita.
1524 5202 1829 5257 Alexander
1861 5221 1987 5259 vero

414 5295 506 5347 ubi
550 5293 616 5347 ad
650 5293 873 5347 Darium
910 5306 975 5346 eo
1025 5291 1187 5345 modo
1215 5308 1275 5347 se
1304 5293 1594 5347 habentem
1619 5298 1982 5364 pervenisset,

414 5385 582 5456 276
613 5399 754 5453 equo
780 5382 1123 5438 descendens
1152 5380 1296 5436 Darii
1330 5393 1491 5453 caput
1521 5385 1727 5454 gremio
1755 5401 1857 5442 suo
1888 5389 1989 5439 im-

420 5478 624 5548 posuit,
651 5476 1009 5543 abstersaque
1042 5473 1179 5527 facie
1203 5482 1259 5527 et
1283 5475 1507 5528 vulnere
1534 5473 1777 5544 alligato,
1812 5481 1985 5547 ipsum

412 5568 695 5623 osculatus
719 5578 769 5619 et
802 5567 854 5619 in
886 5564 1155 5631 lacrymas
1188 5566 1441 5634 profusus
1471 5566 1608 5621 dixit
1635 5586 1647 5619 :
1681 5565 1824 5624 Laus
1859 5571 1985 5636 Deo,

413 5660 506 5730 qui
543 5667 594 5713 te
629 5657 861 5713 interfici
916 5656 1088 5710 noluit
1117 5671 1146 5708 a
1195 5656 1453 5709 comitum
1489 5673 1735 5713 meorum
1768 5660 1984 5731 aliquo;

411 5759 530 5808 erat
565 5751 690 5815 boc,
724 5748 867 5819 quod
892 5749 1163 5809 videmus.
1198 5749 1542 5818 praescieutia
1573 5749 1664 5805 Dei
1686 5744 1985 5821 [determi-

734 5844 1005 5903 i‘naoc.
1047 5844 1161 5900 Gn.
1200 5841 1360 5903 CXI.

2097 4546 2258 4602 sariis
2292 4546 2482 4600 donari
2512 4545 2735 4615 jubens,
2780 4544 2933 4616 ipsos
2963 4548 3016 4598 in
3052 4544 3246 4600 iisdem
3280 4546 3481 4615 quibus
3510 4556 3667 4601 erant

2096 4640 2429 4709 dignitatum
2499 4637 2761 4709 gradibus
2812 4638 3151 4692 conﬁrmavit
3210 4656 3225 4691 :
3268 4653 3441 4707 quare
3487 4638 3667 4708 ipsum

2094 4745 2283 4785 amore
2350 4730 2629 4796 prosecuti
2693 4736 2845 4793 sunt,
2901 4742 2966 4782 ac
3027 4728 3487 4781 consuetudinem
3544 4744 3666 4785 cum

2093 4822 2215 4891 ipso
2247 4820 2578 4875 habuerunt.
2627 4818 2883 4875 Invitavit
2916 4818 3083 4874 etiam
3113 4834 3306 4875 eorum
3337 4833 3477 4888 quos
3510 4821 3665 4873 lilmit

2095 4916 2162 4971 ad
2204 4915 2417 4970 lndiam
2468 4914 2635 4987 280
2677 4915 3064 4978 invadendam,
3114 4917 3206 4986 qui
3237 4929 3368 4987 ergo
3400 4917 3501 4986 ipsi
3536 4933 3663 4984 ope.

2093 5024 2209 5065 ram
2242 5010 2449 5065 alacres
2493 5023 2560 5063 ac
2608 5009 2715 5063 laeti
2767 5011 3165 5077 praestiterunt.
3222 5008 3295 5064 Ita
3346 5010 3399 5062 in
3455 5021 3661 5080 septum

2092 5103 2310 5157 climata
2340 5116 2508 5172 regno
2538 5100 2742 5173 potitus
2771 5112 2856 5155 est
2881 5101 3205 5157 Alexander.

2158 5195 2335 5251 Jama
2368 5194 2682 5265 captivitate
2741 5195 3064 5265 Babylonica
3128 5194 3195 5247 ad
3245 5209 3471 5264 regnum
3526 5196 3653 5249 Ale-

2090 5288 2274 5342 xandri
2310 5288 2438 5340 anni
2462 5295 2591 5341 sunt
2618 5285 2834 5342 ducenti
2868 5285 3150 5355 sexaginta
3201 5294 3334 5338 tres.
3393 5286 3438 5339 A
3492 5300 3660 5355 regno

2092 5377 2338 5443 Davidis,
2376 5376 2707 5447 septingenti
2760 5375 3146 5445 quadraginta.
3183 5375 3266 5430 Ab
3298 5377 3444 5430 exitu
3493 5374 3662 5430 Israec

2092 5471 2313 5523 litarum
2341 5484 2405 5521 ex
2435 5467 2695 5540 Algypto,
2722 5468 2869 5523 mille
2896 5467 3121 5521 trecenti
3153 5465 3515 5536 quadraginta
3543 5478 3659 5519 sex.

2091 5564 2172 5616 Ab
2203 5562 2536 5626 Abrahamo,
2568 5562 2715 5615 mille
2748 5558 3048 5629 octingenti
3083 5560 3474 5629 quinquaginta
3520 5568 3660 5615 ιτα.

2089 5658 2133 5710 A
2163 5654 2419 5719 Plialeko,
2473 5654 2555 5708 bis
2588 5653 2736 5706 mille
2787 5652 3013 5707 trecenti
3070 5653 3365 5721 nonaginta
3399 5658 3655 5718 quatuor.

2090 5753 2133 5805 A
2163 5749 2393 5814 diluvio,
2438 5746 2521 5802 bis
2553 5744 2700 5800 mille
2738 5743 2996 5815 nongenti
3042 5741 3227 5812 viginti
3265 5742 3525 5813 quinque.
3567 5736 3647 5793 Ab

3167 5830 3235 5897 31
