4070 6152
456 290 553 351 ΟΤΙ

1466 276 1831 342 E’UTYCHU
1862 265 2402 333 ALEXANDRINI
2450 264 2666 325 l‘ATii.

3620 256 3723 321 9'32

460 406 692 463 Adanto,
725 397 1019 466 quinquies
1077 393 1225 449 mille
1253 399 1472 449 centum
1527 390 1808 459 octoginta
1873 397 2037 439 unus.
2072 387 2122 444 Α
2154 398 2173 434 t
2214 382 2405 443 tundo,
2438 393 2505 433 ne
2542 375 2854 432 dominetur
2896 372 2993 425 tibi
3025 372 3246 424 tristitth
3318 370 3550 440 Scripta:
3601 384 3723 426 sunt

455 492 750 547 Alexandri
784 499 1091 561 praeceptor
1146 487 1250 543 fuit
1277 485 1601 542 AristOIcies
1654 477 2033 550 philosophus.

456 584 581 639 Fuit
607 584 773 638 etiam
810 580 1041 636 Athenis
1093 580 1318 651 sapiens
1344 569 1572 632 itomine
1608 573 1896 642 Diogenes.
1940 569 2041 622 De-

460 680 591 733 vieit
645 690 778 743 ergo
831 673 1143 729 Alexander
1199 670 1472 741 regiones,
1521 667 1890 733 suberautque
1935 662 2037 734 ipsi

455 773 775 827 Graecorum
844 784 1000 839 reges
1055 765 1343 825 tredecim.
1373 762 1632 818 tredecim
1673 760 1837 815 etiam
1875 755 2040 812 urbes

455 866 725 933 condidit,
752 879 983 936 quarum
1004 863 1125 916 alia:
1154 859 1209 914 itt
1234 858 1551 924 Occidente.
1575 854 1762 910 aliatin
1794 851 2037 907 Oriente.

457 960 604 1015 Bella
639 957 803 1014 etiam
858 956 1050 1027 gessit,
1088 969 1153 1009 ac
1210 953 1473 1007 victorias
1505 953 1810 1021 reportavit
1850 948 2041 1018 quales

461 1072 642 1125 regum
674 1052 895 1125 [praeter
951 1045 1157 1122 ipsum]
1199 1060 1379 1101 nemo.
1443 1041 1640 1099 Urbem
1691 1038 1856 1095 etiam
1905 1051 2040 1093 con-

456 1153 593 1207 didit
631 1164 795 1220 quam
830 1147 897 1201 de
931 1147 1154 1201 nomine
1202 1156 1305 1198 suo
1360 1132 1747 1195 Alexandriam
1800 1130 2042 1203 appella-

459 1247 568 1311 vit;
606 1244 672 1297 ad
710 1254 873 1311 quam
932 1253 963 1293 a
1020 1233 1339 1295 Macedonia
1390 1227 1679 1298 imperium
1735 1221 2039 1279 transtulit.

457 1338 696 1391 Pharum
730 1334 896 1388 etiam
944 1327 1292 1386 Alexandria:
1318 1320 1613 1385 exstruxit,
1648 1331 1816 1389 quam
1858 1313 2045 1369 omni-

457 1433 561 1485 bus
588 1425 977 1501 navigantibus
1011 1423 1067 1479 in
1101 1422 1345 1492 signum,
1392 1429 1504 1489 quo
1552 1414 1621 1470 ad
1645 1408 2039 1501 Alexandriam

457 1500 849 1591 dirigerentur,
882 1517 1091 1588 posuit.
1118 1510 1416 1581 Postquam
1460 1515 1645 1565 autem
1692 1500 1924 1560 devictis
1958 1513 2046 1555 re-

457 1619 616 1687 gibus
665 1623 721 1669 et
766 1611 1068 1681 subjugztto
1113 1604 1323 1661 mundo
1360 1600 1617 1657 Babeletn
1676 1595 2041 1668 pervenisset,

2146 493 2168 529 ι
2204 477 2270 530 ad
2303 484 2354 529 te
2380 475 2578 528 littera:
2605 471 2723 525 ista!
2752 485 2906 532 meae,
2960 466 3048 520 die
3098 466 3260 536 hujus
3294 468 3479 518 tnnndi
3507 467 3722 528 ultimo,

2147 589 2168 623 ε
2210 568 2380 624 futuri
2415 569 2631 639 primo:
2668 565 2771 619 ltac
2801 577 2896 631 spe
2926 570 2986 617 ut
3013 560 3108 613 tibi
3167 559 3235 615 ad
3285 558 3723 614 consolationem

2148 684 2167 718 ι
2210 663 2553 719 ἰηδρῐνίιιιῐω
2596 659 2730 722 sint,
2786 665 3064 728 gratzeque
3135 654 3347 709 futurtn.
3408 651 3486 710 Nc
3544 661 3724 707 autem

2148 778 2168 812 ς
2208 766 2409 813 contra
2432 772 2495 809 ac
2543 756 2742 824 opinor
2776 752 2965 815 facias,
3002 765 3180 821 neque
3232 748 3488 823 spiritum
3544 764 3724 804 meum

2149 876 2167 908 ι
2200 853 2514 910 contristes.
2554 848 2707 903 Vale.
2751 866 2771 900 ι

2215 946 2356 1003 Tum
2387 944 2595 1017 signari
2627 943 2867 1007 litteras,
2928 950 3094 1009 atque
3158 938 3224 991 ad
3278 944 3509 993 matrem
3575 950 3724 990 suam

2144 1050 2360 1100 secreto
2392 1039 2533 1094 mitti
2566 1036 2735 1108 jussit
2770 1053 2782 1090 :
2820 1050 2885 1089 ac
2914 1051 3040 1090 cum
3070 1031 3374 1089 Philemoni
3407 1028 3728 1085 consiliario

2145 1150 2270 1201 suo,
2298 1142 2359 1189 ut
2410 1140 2643 1188 mortem
2693 1146 2849 1187 suam
2901 1129 3132 1191 celaret,
3179 1136 3234 1181 et
3284 1124 3554 1181 citissime
3601 1123 3727 1179 Aie.

2144 1226 2438 1285 xandriam
2472 1227 2598 1292 iret,
2634 1231 2992 1297 praaccpcrat,
3024 1222 3170 1277 diem
3203 1219 3363 1276 obiit.
3397 1217 3585 1274 Fertur
3626 1234 3727 1273 au-

2145 1330 2257 1378 tem
2284 1319 2688 1383 Alexandrum,
2747 1332 2874 1372 cum
2939 1314 3241 1370 Kotnosum
3272 1313 3641 1383 pervenisset,
3673 1314 3729 1365 in

2146 1415 2399 1471 morbum
2427 1425 2645 1484 gravem
2674 1410 2956 1473 incidisse,
2991 1424 3106 1478 quo
3128 1406 3393 1462 continue
3438 1406 3728 1467 laboravit.

2145 1516 2427 1566 crescente
2452 1506 2507 1561 in
2524 1505 2643 1562 dies
2660 1502 3020 1577 285-287
3044 1499 3365 1573 aegritudine
3389 1515 3405 1556 :
3430 1510 3735 1555 narratum-

2146 1618 2255 1676 que
2274 1602 2379 1675 ipsi
2402 1617 2434 1659 s
2454 1609 2633 1658 matre
2657 1601 2828 1656 fuisse
2853 1598 3162 1669 astrologos
3181 1611 3303 1650 tum
3337 1596 3517 1667 primo
3539 1608 3734 1649 nasce-

458 1720 725 1761 venenum
790 1702 868 1758 illi
925 1696 1224 1756 bibendum
1278 1692 1573 1758 dederunt,
1634 1705 1744 1761 quo
1786 1694 2039 1742 mortuus
2072 1715 2114 1775 Β
2146 1705 2301 1756 rem,
2326 1691 3112 1762 dixis“.uorimrumipwm
3160 1689 3212 1744 ί..
3259 1690 3381 1744 loco
3410 1687 3570 1759 cui“,
3621 1701 3733 1742 ιω.

458 1811 559 1854 est.
625 1796 799 1865 Cujus
850 1806 1015 1848 causa
1073 1790 1197 1855 fuit,
1247 1785 1394 1859 quod
1457 1799 1585 1840 cum
1635 1791 1810 1837 mater
1862 1776 2037 1849 ipsius

459 1893 733 1965 Olympias
760 1890 974 1944 litteras
1001 1886 1069 1940 ad
1098 1887 1279 1956 ipsum
1311 1879 1652 1952 scripsisset,
1716 1876 1773 1930 in
1833 1872 2040 1943 quibus

459 1988 608 2040 illum
661 1997 819 2054 queui
880 1977 1216 2034 Macedoniae
1276 1968 1599 2046 praifeéerat
1659 1971 2036 2029 accusaverat,

460 2075 813 2150 281—283
844 2074 1017 2128 iratus
1040 2067 1353 2125 Alexander
1374 2073 1551 2123 morte
1580 2062 1734 2118 illum
1752 2058 1967 2115 allicere
1984 2057 2039 2110 iit

461 2186 641 2225 animo
674 2172 932 2232 haberet;
961 2180 1073 2234 quo
1105 2162 1380 2218 intellecto
1422 2158 1507 2214 vir
1554 2156 1644 2212 ille
1676 2155 1849 2210 filium
1877 2161 2039 2207 suum

462 2282 579 2320 cum
610 2262 935 2317 muneribus
968 2256 1211 2329 pulchris
1243 2249 1731 2316 tttittens,tradidit
1751 2246 1914 2303 etiam
1937 2244 2041 2312 ipsi

461 2374 729 2413 venenum
763 2354 1134 2421 mortiferum,
1155 2350 1356 2421 jubeus
1390 2346 1576 2418 aliquo
1617 2342 1698 2398 uti
1726 2345 2043 2397 commento

461 2469 567 2525 quo
598 2454 776 2523 ipsum
815 2430 1024 2501 veneno
1056 2446 1374 2516 perimeret.
1408 2437 1702 2494 Profectus
1753 2433 1921 2504 igitur
1946 2430 2043 2500 ju-

464 2550 639 2613 venis,
678 2560 806 2599 runt
840 2558 961 2612 quae
991 2554 1177 2597 secum
1226 2536 1419 2591 habuit
1466 2546 1695 2588 munera
1726 2527 2041 2589 obtulisset,

465 2645 608 2695 inter
633 2638 876 2706 reliquos
929 2636 984 2690 in
1035 2630 1333 2691 Alexandri
1383 2625 1766 2698 pocillatorem
1821 2616 2036 2679 incidit,

465 2734 578 2798 t-ui,
618 2732 763 2801 quod
799 2745 906 2783 non
942 2730 1015 2781 ita
1069 2723 1279 2795 pridem
1313 2722 1490 2776 iratus
1513 2716 1827 2773 Alexander
1860 2713 2038 2782 ipsutn

465 2832 828 2895 percusserat,
859 2831 1049 2889 pectus
1085 2820 1163 2873 ira
1194 2814 1494 2877 aestuabat;
1541 2810 1631 2866 hic
1681 2823 1816 2878 ergo
1846 2816 2047 2876 prepo-

464 2919 571 2975 sito
605 2916 784 2988 ipsius
811 2913 944 2968 favit
975 2932 987 2965 :
1021 2910 1374 2981 conspirante
1401 2906 1567 2960 etiam
1598 2918 1725 2958 cum
1756 2901 1887 2971 ipsis
1916 2911 2052 2966 quu-

465 3009 587 3064 datn
637 3025 701 3061 ex
752 3004 1049 3062 Alexandri
1104 2998 1494 3057 familiaribus.
1539 2993 1789 3064 Contigit
1858 2998 2044 3044 autem

2142 1792 2277 1860 lum,
2309 1804 2503 1846 aurum
2529 1796 2696 1851 esset,
2723 1792 2871 1843 terra
2909 1781 3120 1838 ferrum
3155 1797 3172 1837 :
3203 1780 3385 1855 ipsum
3414 1794 3544 1849 ergo
3574 1780 3649 1834 ita
3674 1793 3735 1835 se

2143 1884 2436 1940 habentem
2468 1881 2779 1953 perrexisse
2801 1895 2978 1951 usque
3006 1878 3135 1934 dum
3160 1874 3229 1931 ad
3263 1870 3584 1929 Shahrazur
3613 1885 3737 1941 per-

2142 1976 2380 2042 veniret;
2411 1983 2467 2029 at
2493 1975 2638 2030 inter
2667 1971 2908 2027 eundum
2939 1986 3065 2027 cum
3093 1970 3511 2040 ingravescente
3540 1964 3736 2021 morbo

2141 2068 2527 2132 descenderet,
2556 2066 2860 2138 supposita
2890 2074 3019 2120 sunt
3051 2063 3155 2130 ipsi
3188 2060 3391 2115 tabula:
3439 2059 3603 2120 binae.
3631 2072 3733 2114 su—

2146 2164 2502 2236 perimposita
2554 2159 2723 2217 lorica
2784 2160 2985 2223 ferrea,
3039 2158 3129 2213 cui
3204 2153 3445 2217 insedit,
3519 2155 3738 2220 tegente

2144 2257 2324 2331 ipsum
2351 2258 2591 2329 quodam
2640 2257 2840 2329 clypeo
2903 2256 3212 2309 deaurato:
3282 2265 3394 2321 quo
3436 2256 3736 2319 conspecto

2144 2357 2265 2425 eius
2296 2353 2445 2426 quod
2488 2360 2813 2408 narraverat
2842 2350 2955 2419 ipsi
2984 2359 3182 2409 mater.
3215 2346 3590 2407 recordatum,
3647 2356 3741 2398 ac-

2144 2449 2347 2505 cersito
2371 2447 2464 2517 qui
2503 2448 2604 2518 ipsi
2636 2459 2667 2501 a
2695 2444 2945 2500 consiliis
2981 2452 3121 2497 erat.
3148 2442 3361 2495 litteras
3391 2438 3458 2492 ad
3500 2446 3734 2490 matrem

2144 2543 2408 2604 dictasse,
2438 2554 2503 2594 ae
2530 2548 2644 2592 turn
2669 2538 2812 2593 diem
2853 2536 3078 2591 obiisse.
3124 2535 3194 2590 At
3250 2533 3339 2585 ulti
3393 2532 3460 2586 ad
3497 2539 3734 2584 matrem

2151 2634 2329 2704 ipsius
2356 2630 2738 2701 pervenissent
2789 2628 3006 2690 litterae,
3043 2630 3158 2695 ipsa
3191 2625 3413 2691 epulum
3450 2621 3554 2678 sibi
3580 2618 3737 2675 insti~

2147 2726 2440 2796 tuijussit,
2497 2724 2565 2779 ad
2608 2721 2759 2791 quod
2813 2719 3013 2777 deinde
3076 2719 3329 2773 homines
3381 2712 3736 2772 convocavit.

2148 2820 2460 2891 praeficiens
2510 2825 2688 2887 portts
2715 2816 2810 2887 qui
2854 2815 3131 2869 neminem
3181 2813 3408 2866 introire
3468 2812 3739 2871 sinerent,

2154 2917 2260 2973 nisi
2311 2915 2399 2969 cui
2449 2912 2661 2970 nullum
2709 2909 3006 2967 accidisset
3044 2907 3425 2963 infortunium.
3458 2904 3742 2961 Ianitores

2151 3024 2305 3080 ergo,
2333 3022 2529 3063 omnes
2583 3007 2680 3078 qui
2735 3004 3063 3059 accederent
3117 2986 3573 3069 interrogantes,’
3605 3014 3734 3053 cum

466 3109 525 3157 ιιι
552 3101 862 3157 Alexander
896 3096 1192 3152 comitibus
1230 3093 1348 3148 suis
1370 3089 1686 3145 convivium
1717 3088 2042 3143 instrueret,
2070 3097 2114 3152 ε
2149 3106 2386 3174 nminem
2411 3099 2780 3156 infortunium
2810 3096 3036 3167 “quod
3093 3108 3320 3164 passum
3357 3091 3530 3149 fuisse
3577 3106 3745 3159 rem-

467 3198 669 3267 quibus
692 3194 983 3250 edentibus
1006 3206 1071 3244 ac
1095 3187 1432 3252 bibentibus,
1486 3184 1605 3255 ipse
1649 3196 1776 3237 cum
1814 3176 2046 3233 familia-

468 3291 621 3345 ribus
655 3303 717 3341 ac
747 3282 996 3339 convivis
1018 3282 1136 3337 suis
1179 3277 1452 3343 consedit,
1480 3275 1757 3331 hilaritate
1787 3287 1851 3328 ac
1878 3270 2052 3326 collo-

468 3381 598 3451 quiu
631 3380 944 3448 indulgens.
976 3377 1114 3430 Cum
1139 3387 1274 3443 ergo
1307 3372 1435 3427 vino
1469 3370 1648 3425 victus
1680 3374 1848 3429 esset,
1881 3378 2051 3419 vene-

471 3490 602 3529 nnnt
637 3470 773 3525 illud
830 3467 973 3540 regis
1006 3464 1205 3539 poculo
1249 3465 1566 3521 immiscan
1593 3461 1904 3532 pocillator.
1935 3454 2049 3526 regi

473 3564 890 3639 porro-xit;quo
913 3571 1099 3631 epoto,
1156 3554 1448 3612 confestim
1475 3563 1707 3611 mortem
1762 3550 2051 3625 [ingruen-

475 3660 613 3732 tem]
642 3658 815 3714 sensit
835 3672 850 3721 ;
870 3669 1043 3725 quare
1060 3652 1331 3707 accersito
1351 3649 1528 3705 scriba
1556 3663 1676 3713 suo,
1708 3646 1812 3716 ipsi
1833 3646 1901 3701 ad
1936 3658 2054 3698 nta-

481 3769 617 3810 tretn
648 3765 803 3807 suam
827 3746 1110 3820 epistolam
1140 3745 1389 3805 dictavit,
1410 3741 1569 3812 cujus
1601 3742 1703 3796 hoc
1721 3741 2002 3811 exemplar
2036 3757 2050 3794 :

480 3868 497 3899 s
527 3838 610 3903 Ab
640 3841 951 3899 Alexandro
975 3852 1139 3895 servo
1168 3835 1285 3903 Dei,
1338 3834 1433 3907 qui
1468 3834 1586 3888 lteri
1615 3834 1861 3887 omnium
1897 3843 2055 3887 terrm

479 3957 501 3991 ι
540 3935 732 3991 finiunt
763 3930 1040 3994 dominus,
1093 3927 1256 3983 hodie
1289 3923 1533 3994 ejusdem
1587 3922 1896 3991 depositum
1948 3936 2053 3988 est,

480 4051 500 4084 Ι
538 4028 606 4085 ad
642 4025 1018 4099 Olympiadem
1049 4029 1279 4075 matrem
1345 4033 1501 4073 suam
1542 4018 1858 4087 benignam,
1885 4017 2056 4071 mise-

483 4144 500 4174 ι
543 4120 840 4181 ricordem,
888 4131 995 4186 qua
1040 4115 1262 4185 propius
1308 4109 1417 4165 frui
1460 4123 1566 4164 non
1626 4109 1774 4164 licet.
1810 4107 1921 4164 Pax
1956 4108 2054 4163 tibi

2153 3198 2377 3255 rissent,
2411 3192 2641 3247 introire
2672 3206 2780 3245 non
2814 3188 3096 3255 sinebant,
3128 3187 3266 3241 adeo
3299 3194 3355 3240 ut
3391 3198 3613 3249 omnes,
3641 3195 3744 3237 ne-

2153 3289 2300 3342 mine
2324 3287 2541 3351 relicto,
2576 3282 2842 3341 redirent.
2879 3281 3038 3350 Quod
3077 3296 3199 3336 cum
3235 3280 3486 3345 vidisset,
3536 3293 3746 3334 conso-

2152 3379 2357 3435 latione
2419 3376 2660 3432 adtttissa
2697 3377 3021 3447 patientiam
3065 3374 3275 3439 induit,
3308 3386 3411 3446 pro
3447 3380 3745 3445 comma

2153 3473 2368 3528 habens
2414 3472 2560 3526 viam
2619 3485 2744 3525 esse
2805 3470 2949 3525 hanc
3001 3469 3291 3542 [omnibus
3334 3470 3739 3542 communem].

2154 3566 2327 3621 Porro
2350 3563 2634 3620 Philemon
2671 3564 3021 3619 consiliarius
3067 3565 3371 3620 Alexandri
3407 3579 3609 3635 corpus
3635 3566 3739 3618 ho-

2155 3660 2309 3716 noris
2339 3674 2505 3713 causa
2544 3672 2689 3711 arca:
2723 3672 2907 3712 aureae
2965 3658 3253 3728 imposuit.
3294 3658 3353 3711 ιη
3397 3657 3508 3711 alio
3556 3670 3745 3712 exem-

2155 3755 2291 3826 plari
2319 3756 2517 3825 legitur
2552 3752 2730 3823 ipsum
2774 3750 2908 3806 illud
2955 3750 3116 3806 melle
3174 3749 3513 3820 implevisse,
3564 3756 3744 3805 morte

2156 3851 2278 3917 ejus
2308 3848 2508 3911 celata,
2556 3843 2834 3901 exercitus
2882 3852 2939 3898 et
2994 3841 3288 3898 thesauros
3346 3842 3741 3897 Alexandriam

2155 3938 2574 4005 dedoxisse;eo
2598 3946 2781 3992 autem
2816 3951 2939 3990 eum
2966 3934 3330 4005 pervenisset,
3363 3942 3597 3989 mortem
3620 3934 3745 4005 eius

2157 4037 2345 4085 notam
2395 4028 2710 4083 hominibus
2738 4022 2912 4096 288
2946 4023 3166 4089 fecisse,
3213 4039 3343 4079 arca
3396 4024 3452 4078 in
3503 4021 3744 4079 medium

2160 4121 2396 4194 prolata,
2431 4133 2607 4191 caque
2658 4118 2716 4174 irt
2762 4120 3077 4188 pavimento
3124 4116 3401 4188 deposita,
3463 4116 3748 4188 sapientes

485 4234 501 4263 ι
541 4216 773 4281 integra,
810 4208 1037 4277 optima.
1071 4202 1228 4259 Viam
1286 4218 1452 4275 quam
1505 4202 1658 4256 ealco
1708 4216 1832 4269 ego,
1875 4217 1938 4256 ea
1971 4210 2050 4258 est

2158 4213 2392 4284 iussisse
2421 4226 2867 4283 unumquemque
2890 4209 3202 4281 Epicedium
3226 4224 3424 4264 canere
3442 4208 3589 4280 quod
3612 4210 3750 4263 ami-

488 4327 505 4357 ι
540 4322 702 4376 quam
736 4302 1024 4356 calearunt
1069 4299 1167 4369 qui
1213 4304 1611 4367 praeesserunt
1656 4297 1891 4365 priores.
1947 4292 2050 4358 ‘l‘u,

2161 4306 2243 4361 cis
2298 4305 2571 4369 solandis,
2625 4303 2886 4358 omnibus
2964 4302 3349 4365 instituendis,
3431 4302 3747 4357 inserviret.

485 4418 506 4453 ι
536 4398 827 4465 exterique
848 4394 939 4462 qtti
965 4390 1096 4446 inihi
1121 4389 1447 4461 superstites
1464 4396 1615 4447 sunt,
1636 4384 1875 4455 vestigiis
1893 4380 2050 4455 28‘

2164 4397 2314 4454 Dixit
2353 4413 2487 4470 ergo
2532 4394 2819 4451 Philemon
2854 4396 3117 4467 sapiens:
3164 4392 3417 4465 Magnum
3475 4396 3565 4449 hic
3627 4395 3747 4448 dies

485 4513 505 4544 ι
535 4478 1531 4564 [uestrisiuststttis].Siquidemillud
1551 4477 1710 4532 cuiin
1736 4478 2061 4532 boetuuutio
2093 4478 2139 4534 ο
2168 4488 2478 4560 “emptu”
2526 4486 2772 4543 οιωυει,
2828 4485 3117 4541 pacem]
3168 4486 3369 4540 malum
3416 4484 3564 4557 eius,
3599 4485 3746 4556 quod

496 4607 515 4639 ι
556 4583 763 4640 similes
790 4594 1004 4642 sumus,
1037 4584 1122 4630 est
1146 4574 1263 4629 dies
1289 4573 1608 4637 hodiernus,
1631 4575 1726 4639 qui
1749 4568 2060 4641 praeceden-

488 4700 506 4730 ι
542 4688 652 4733 tem
693 4674 865 4747 pellit.
898 4669 974 4726 Ne
1005 4678 1185 4723 autem
1213 4667 1283 4722 ob
1325 4665 1589 4721 mundum
1651 4666 1794 4719 hunc
1849 4660 2061 4718 centri-

492 4792 509 4824 ε
546 4770 733 4836 stet-is,
760 4783 883 4823 eum
918 4780 1051 4819 suos
1082 4761 1271 4817 fallere
1298 4764 1493 4815 soleat.
1525 4757 1849 4825 Exemplum
1897 4754 2065 4827 hujus

493 4884 511 4915 ι
550 4862 632 4917 rei
656 4862 828 4915 habes
858 4860 912 4913 in
946 4874 1012 4911 eo
1033 4855 1177 4925 quod
1204 4853 1303 4908 tibi
1332 4862 1520 4907 notum
1547 4860 1633 4905 est
1673 4848 1744 4903 de
1773 4863 1900 4918 rege
1934 4847 2066 4903 Phi-

492 4978 510 5007 ι
556 4958 725 5026 lippo,
756 4953 849 5020 qui
880 4950 1029 5003 nullo
1058 4946 1219 5001 modo
1245 4947 1495 4999 obtinere
1528 4950 1725 5014 potuit,
1757 4950 1815 4996 ut
1848 4942 1933 4996 vel
1982 4952 2068 4995 te-

494 5070 511 5099 ι
560 5032 685 5102 cum
720 5053 1087 5115 permaneret,
1115 5043 1195 5094 vel
1224 5038 1357 5092 mihi
1388 5044 1670 5108 superstes
1692 5043 1843 5092 esset
1877 5052 1891 5089 :
1925 5048 2067 5105 pm-

501 5168 515 5195 .
559 5144 718 5211 cinge
744 5138 907 5208 igitur
939 5148 990 5190 te
1033 5135 1317 5206 patientia,
1366 5142 1417 5187 et
1474 5128 1867 5211 impatientiam
1906 5126 2066 5199 pelle,

500 5258 519 5291 ι
562 5209 727 5305 teque
759 5246 787 5285 a
820 5230 979 5284 turba
1014 5226 1346 5290 subduceris,
1370 5209 1567 5291 iubeas
1592 5238 1661 5276 ne
1694 5220 1763 5275 ad
1785 5231 1837 5276 te
1878 5222 2068 5292 ingre-

501 5352 517 5379 ι
564 5327 750 5383 diatur
773 5324 922 5395 quis,
953 5320 1058 5375 nisi
1094 5319 1197 5373 cui.
1228 5315 1596 5372 infortunium
1646 5314 1871 5385 aliquod
1922 5315 2070 5369 acci-

503 5441 520 5473 t
552 5420 718 5483 derit,
752 5430 864 5486 quo
892 5413 1027 5482 quid
1058 5411 1127 5464 sit
1158 5409 1293 5464 illud
1318 5407 1463 5463 scire
1488 5410 1718 5477 puteris,
1767 5414 1822 5460 et
1871 5416 2071 5461 statum

503 5535 523 5567 s
563 5524 715 5567 tuum
736 5510 930 5565 melius
967 5506 1260 5576 percipias.
1317 5502 1400 5557 Tu
1450 5518 1541 5557 res
1588 5510 1711 5557 tuas
1762 5515 1885 5572 age,
1940 5498 2073 5557 illud

507 5626 527 5661 ς
565 5614 748 5661 autem
776 5606 842 5654 ad
878 5599 1023 5669 quod
1064 5612 1169 5666 ego
1217 5596 1404 5661 tendo,
1439 5594 1634 5650 melius
1700 5604 1802 5658 est,
1838 5611 1901 5649 ac
1938 5593 2077 5649 faci-

510 5715 529 5745 1
570 5694 675 5748 lius
699 5710 763 5746 eu
788 5706 895 5761 quo
924 5688 1000 5743 fui
1032 5683 1251 5760 [statu].
1303 5684 1446 5742 liene
1502 5691 1684 5741 autem
1741 5684 1895 5748 tnihi,
1948 5685 2077 5742 tibi-

514 5809 532 5841 ι
565 5802 669 5857 que
698 5786 801 5855 ipsi
827 5785 995 5841 facias
1018 5780 1450 5841 consolationem
1469 5794 1523 5839 st
1540 5782 1859 5855 patientiam
1880 5783 2076 5839 adurit-

2164 4598 2196 4636 a
2246 4590 2404 4651 tergo
2458 4589 2613 4647 crat;
2672 4587 2728 4633 et
2797 4588 2945 4633 retro
2969 4579 3105 4633 abiit
3169 4578 3373 4632 bonum
3433 4581 3744 4650 ejus,-quod

2167 4681 2557 4745 prmcesserat;
2615 4671 2943 4741 Quicunque
2991 4683 3174 4725 autent
3221 4687 3347 4726 eum
3398 4674 3564 4737 cuﬁtts
3609 4674 3745 4728 abiit

2173 4779 2431 4836 regnum,
2464 4760 2666 4819 delere
2684 4764 2833 4831 velit,
2864 4762 3079 4819 deﬂeat.
3107 4762 3257 4818 Plato
3276 4767 3494 4838 sapiens
3522 4783 3537 4817 τ
3566 4764 3740 4823 flens!

2168 4858 2262 4928 qui
2297 4871 2394 4925 per
2418 4855 2525 4909 vim
2573 4852 2808 4927 [omnia]
2843 4854 3068 4926 agebas.
3099 4857 3365 4927 collegisti
3396 4857 3539 4927 quod
3575 4868 3623 4913 te
3653 4860 3745 4913 tle-

2168 4950 2339 5020 cepit,
2367 4956 2423 5002 et
2458 4964 2483 5001 a
2517 4956 2570 5003 te
2608 4955 2875 5012 recessit;
2903 4952 2977 5002 ita
3011 4957 3069 5001 ut
3121 4947 3217 5001 tibi
3251 4949 3525 5006 adhaereat
3558 4963 3744 5007 reatus

2170 5044 2315 5113 eius,
2354 5042 2567 5097 utilitas
2602 5051 2785 5096 autem
2820 5042 2887 5095 ad
2932 5040 3101 5095 alium
3135 5042 3383 5099 redierit.
3419 5043 3745 5103 Aristoteles

2170 5136 2384 5204 sapiens
2412 5152 2426 5190 :
2462 5134 2611 5190 Abiit
2632 5150 2661 5189 a
2702 5136 2859 5190 nobis
2877 5134 3185 5190 Alexander
3210 5136 3463 5206 loquens,
3493 5154 3745 5197 reversus

2171 5239 2259 5288 est
2291 5231 2357 5284 ad
2392 5243 2493 5286 nos
2532 5230 2724 5286 silens.
2757 5228 2940 5287 Naren
2968 5232 3193 5303 sapiens
3242 5252 3255 5286 :
3294 5233 3389 5289 Dic
3434 5238 3582 5305 gregi
3617 5233 3744 5289 Aie.

2177 5319 2394 5388 xandri,
2430 5320 2532 5377 llic
2585 5330 2670 5378 est
2698 5322 2817 5379 dies
2848 5320 2905 5378 in
2933 5338 3041 5395 quo
3072 5325 3307 5380 custodit
3359 5340 3492 5394 grex
3553 5337 3740 5397 pasto-

2176 5428 2293 5469 rem
2323 5428 2511 5468 suum.
2538 5412 2701 5469 Nilon
2736 5430 2749 5467 :
2787 5414 2870 5469 An
2921 5414 3302 5471 consolabitur
3362 5434 3486 5483 nos,
3532 5417 3607 5475 ob
3662 5435 3747 5476 re-

2174 5522 2297 5580 gem
2346 5514 2623 5571 nostrum,
2679 5506 2785 5561 nisi
2817 5508 2909 5577 qui
2967 5506 3328 5563 infortunium
3379 5525 3575 5579 passus
3609 5512 3750 5566 sola-

2181 5601 2311 5653 tium
2342 5596 2597 5667 accepit?
2629 5594 2774 5650 Dixit
2822 5598 2966 5652 alius
2998 5613 3014 5652 :
3044 5595 3167 5651 Haec
3227 5605 3311 5652 est
3344 5597 3452 5661 via,
3500 5612 3607 5667 qua
3656 5612 3751 5652 ne-

2182 5704 2340 5747 cesse
2362 5690 2603 5745 eundum
2637 5702 2741 5746 est.
2796 5689 2998 5746 Eodem
3052 5706 3184 5763 ergo
3247 5692 3447 5747 all'eetu
3480 5692 3629 5764 quod
3656 5692 3752 5745 du-

2184 5794 2428 5843 ratorum
2454 5797 2536 5844 est
2563 5786 2810 5857 quaerite,
2842 5802 2952 5857 quo
2983 5789 3223 5857 peritura
3246 5774 3515 5858 quaeritis.
3544 5784 3697 5841 Alius
3731 5801 3743 5836 :
