4070 6152
424 306 532 371 9³ῖ3

1863 301 2232 369 ANNALES.

3566 314 3669 377 97i

418 420 628 480 Sziilicit
660 421 762 474 hoc
799 418 854 473 in
889 415 1196 488 exemplum
1242 435 1253 472 :
1284 415 1402 471 heri
1468 415 1568 471 fuit
1622 430 1815 473 aurum
1872 417 1997 475 Ale-
2025 430 2071 488 Α
2102 419 2347 493 losophis
2374 440 2389 477 :
2420 422 2480 479 Si
2518 426 2682 481 vestri
2705 426 3094 481 ileAiexandi-o
3116 425 3667 483 scrmonesilludendi

419 517 629 573 xamlro
662 518 975 575 thesaurus,
1041 510 1203 567 hodie
1256 509 1573 567 Alexander
1636 512 1689 565 in
1732 526 1869 567 auro
1912 528 1996 568 re-

417 613 695 669 conditus.
723 609 877 665 Alius
917 630 929 663 :
959 605 1240 676 Sequetur
1272 613 1325 661 te
1357 604 1451 675 qui
1520 614 1695 659 morte
1731 611 1822 657 tua
1859 620 1998 673 gau-

416 706 531 773 det,
558 701 1025 776 quemadmodum
1053 707 1111 755 tu
1134 707 1362 755 secutus
1389 712 1449 754 es
1470 711 1595 755 eum
1629 696 1788 768 cujus
1822 704 1998 753 morte

414 802 643 870 gavisus
666 813 746 853 es.
779 794 929 850 Dixit
959 792 1125 849 Lotas
1175 789 1542 865 philosophus
1569 807 1583 872 ι
1616 789 1695 846 Ne
1724 789 1997 845 miremini

415 906 569 954 cum,
597 890 690 961 qui
719 904 843 945 cum
880 887 936 942 in
977 887 1089 942 vita
1125 900 1226 939 sua
1280 898 1380 941 nos
1400 899 1508 939 non
1542 882 1865 949 instituerit,
1896 896 2001 937 no-

417 983 506 1040 bis
534 983 754 1037 tandem
782 995 844 1037 se
866 988 1045 1034 morte
1077 993 1173 1033 sua
1205 978 1531 1032 monitorem
1569 974 1819 1045 praebuit.
1855 973 1999 1030 Dixit

420 1076 629 1133 Metron
664 1074 886 1145 sapiens
919 1090 935 1127 :
964 1071 1117 1139 Heri,
1152 1071 1288 1126 heus
1313 1068 1776 1141 tu1289-291
1806 1067 1999 1123 audire

416 1167 721 1241 potuimus,
753 1179 862 1219 non
892 1174 1077 1221 autem
1126 1161 1274 1232 loqui
1309 1159 1518 1235 [coram
1554 1157 1655 1233 te],
1696 1172 1842 1215 nunc
1867 1172 1998 1214 vero

416 1276 550 1318 nunt
575 1261 732 1314 audis
763 1275 881 1328 quas
903 1254 1219 1328 loquimur?
1251 1255 1394 1308 Dixit
1442 1251 1533 1309 Sis
1577 1255 1800 1324 sapiens
1832 1267 1851 1307 :
1897 1248 1998 1307 llic

418 1352 625 1409 multos
651 1360 826 1407 morte
847 1349 1028 1405 alii-cit
1058 1366 1127 1405 ne
1158 1355 1492 1415 moreretur,
1515 1356 1572 1402 at
1597 1354 1851 1402 mortuus
1870 1354 1955 1403 est
1976 1360 1995 1411 ;

416 1446 693 1518 quomodo
726 1462 835 1501 nun
862 1445 1039 1515 potuit
1066 1459 1097 1499 a
1136 1460 1195 1500 se
1230 1453 1462 1497 mortem
1491 1451 1665 1497 morte
1693 1438 1999 1511 repellere?

418 1543 569 1597 Dixit
596 1539 740 1595 alius
770 1557 785 1594 :
811 1537 929 1595 Non
979 1537 1052 1591 ita
1114 1535 1353 1592 crmlivit
1399 1549 1502 1590 nos
1535 1533 1847 1591 Alexander
1883 1549 1997 1590 sero

418 1649 580 1691 mone
607 1649 730 1695 suo,
757 1647 820 1687 ac
848 1631 1068 1688 silentio
1118 1645 1223 1686 suo
1275 1643 1378 1684 nos
1429 1628 1634 1684 erudit.
1689 1626 1835 1682 Dixit
1892 1625 1998 1683 De-

415 1730 649 1784 metrius
677 1725 896 1796 sapiens
923 1742 938 1780 :
970 1721 1117 1779 licus
1140 1733 1196 1777 tu
1218 1722 1233 1777 l
1258 1721 1419 1793 cujus
1446 1724 1527 1776 ira
1564 1736 1712 1777 mors
1737 1721 1860 1787 fuit,
1896 1737 1994 1778 cur

2102 513 2465 587 293-295
2495 518 2667 588 gratia
2713 517 2952 584 fuerunt,
2990 519 3205 589 reliquit
3246 519 3501 588 poculum
3525 520 3668 589 quod

2100 608 2294 674 ebibit,
2320 611 2627 675 vobiscum,
2656 611 2723 666 de
2772 628 2883 683 quo
2908 611 3201 667 videndum
3233 622 3314 667 est
3354 612 3511 668 vobis
3535 627 3671 665 om-

2102 702 2264 759 nibus
2291 704 2419 770 quid
2451 706 2721 760 sentiatis.
2747 701 2844 759 Sin
2867 704 2934 760 ad
2954 704 3385 761 consolationem
3406 713 3459 760 et
3491 705 3671 760 luctus

2100 793 2339 865 signum,
2368 808 2558 863 parate
2606 812 2704 850 vos
2738 795 2802 849 ad
2852 797 3329 866 respondendum,
3385 805 3440 853 et
3503 812 3670 870 argu-

2102 896 2282 941 menta
2322 889 2658 959 conquiiitr,
2719 887 2992 959 siquidem
3022 890 3293 961 gustaturi
3343 889 3478 945 estis
3524 895 3669 956 quod

2102 981 2195 1037 ille
2224 978 2556 1053 degustavit.
2610 982 2733 1037 Sint
2782 997 2913 1053 ergo
2947 998 3111 1053 Opera
3143 994 3322 1038 vestra
3383 985 3544 1041 dictis
3574 1002 3668 1038 ve-

2100 1074 2229 1129 stris
2251 1081 2645 1135 consentanea,
2676 1088 2852 1143 neque
2881 1074 3026 1130 enim
3070 1074 3123 1129 in
3166 1076 3462 1131 securitate
3508 1078 3667 1146 positi

2100 1165 2257 1222 estis.
2301 1165 2439 1220 Tum
2462 1180 2685 1238 egressa
2735 1165 3031 1223 Alexandri
3060 1176 3232 1222 mater
3254 1182 3389 1236 gena
3412 1183 3507 1223 sua
3529 1184 3670 1223 arra:

2101 1254 2320 1311 admota
2362 1257 2543 1312 dixit:
2587 1256 2821 1313 Abunde
2868 1273 2969 1315 nos
3013 1257 3279 1315 consolati
3312 1259 3465 1317 estis.
3514 1260 3672 1317 Certe

2100 1347 2246 1419 quod
2286 1350 2579 1407 timueram
2606 1349 2944 1415 Alexandro,
2966 1351 3080 1420 jam
3122 1350 3200 1407 illi
3233 1349 3458 1417 accidit,
3496 1370 3672 1424 neque

2100 1444 2370 1516 reliquum
2398 1452 2483 1501 est
2508 1443 2582 1499 illi
2619 1445 2704 1499 vel
2751 1454 2944 1500 contra
2997 1444 3151 1501 illum
3199 1461 3460 1516 regnum;
3516 1447 3672 1501 valde

2098 1552 2232 1607 ergo
2263 1553 2292 1591 a
2323 1535 2531 1592 mundo
2552 1535 2897 1605 abstineatis,
2931 1546 2986 1594 et
3019 1539 3164 1609 quod
3232 1553 3259 1591 a
3315 1539 3471 1593 vobis
3522 1540 3670 1594 debi-

2100 1640 2217 1685 tum
2244 1640 2330 1685 est
2368 1638 2642 1701 pmute.
2678 1630 2881 1702 Accepi
2926 1632 3355 1689 consolationem
3407 1642 3669 1700 vestram,

2100 1722 2389 1793 ipsumque
2412 1721 2630 1793 sepeliri
2649 1722 2838 1791 iubeo.

415 1836 527 1875 non
560 1820 662 1890 ipsi
696 1795 861 1873 murti
889 1818 1065 1873 iratus
1095 1814 1198 1872 es?
1236 1813 1379 1869 Dixit
1408 1814 1597 1871 alius:
1633 1812 1853 1871 Timent
1876 1814 1989 1885 jam
2029 1795 2069 1850 θ
2166 1812 2437 1885 Regnavit
2460 1827 2641 1871 autem
2693 1815 3004 1874 Alexander
3041 1834 3219 1876 annos
3248 1820 3489 1878 sedecim
3522 1841 3539 1881 :
3590 1824 3670 1880 vi-

416 1922 721 1975 arcestum,
754 1928 786 1957 o
818 1924 936 1974 rex,
983 1918 1038 1965 et
1092 1922 1300 1964 securae
1327 1917 1454 1964 sunt
1508 1922 1667 1964 arces
1709 1918 1762 1963 te
1810 1910 1998 1963 timen-

417 2006 577 2059 tium.
605 2004 747 2058 Dixit
780 2005 923 2060 alius
950 2020 963 2057 :
992 2003 1168 2069 Quam
1216 2009 1376 2055 caute
1407 2000 1520 2072 jam
1548 2016 1577 2055 a
1636 2009 1689 2056 te
1720 1999 1995 2056 absdnent

418 2095 693 2164 homines,
720 2110 755 2149 ο
784 2109 905 2162 rex,
929 2106 983 2150 et
1004 2109 1171 2166 quam
1215 2094 1374 2148 avide
1421 2106 1563 2148 arcte
1597 2099 1703 2149 tum
1742 2092 1991 2147 inhiant!

418 2189 562 2245 Dixit
594 2189 737 2243 alius
773 2187 981 2257 :Quam
1025 2188 1292 2243 veraciter
1325 2188 1436 2259 agit
1473 2201 1624 2242 mors
1679 2200 1803 2240 cum
1856 2186 1992 2251 suis,

416 2280 525 2337 nisi
556 2279 705 2351 quod
737 2279 815 2335 illi
846 2280 1042 2335 oculos
1069 2294 1203 2335 suos
1231 2279 1518 2344 claudant,
1544 2286 1599 2334 et
1626 2292 1791 2334 aures
1828 2277 1993 2333 obtu-

414 2371 572 2429 rent!
613 2372 762 2427 Dixit
780 2368 1101 2427 l’hiioitaton
1128 2370 1569 2443 sapienszQuod
1598 2371 1664 2426 ad
1702 2371 1991 2438 mundum,

395 2467 571 2535 cujus
596 2464 699 2520 hoc
738 2471 822 2519 est
853 2464 1126 2529 ultimum,
1152 2472 1303 2520 certe
1335 2464 1495 2521 nobis
1528 2465 1702 2521 satius
1738 2466 1935 2521 luisset
1960 2479 1991 2521 a

411 2557 591 2628 primo
614 2557 735 2628 ejus
751 2556 1110 2613 abstinuisse.
1138 2554 1281 2613 Dixit
1300 2554 1447 2613 alius
1468 2570 1484 2612 :
1504 2555 1648 2614 licus
1671 2557 1685 2612 ι
1717 2557 1990 2626 homines,

414 2666 483 2708 ne
509 2650 761 2709 delicatis
811 2651 963 2706 illum
1021 2650 1115 2722 qui
1159 2651 1291 2709 flere
1346 2651 1533 2718 desiit,
1593 2652 1690 2709 sed
1746 2654 1987 2725 seipsum

414 2745 793 2816 unusquisque
855 2756 1097 2801 vestrum
1143 2744 1362 2802 delicat.
1421 2744 1572 2801 Dixit
1608 2746 1750 2802 alius
1782 2763 1798 2802 :
1836 2746 1991 2819 iiogo

414 2835 546 2891 milii
573 2836 752 2904 dicas,
787 2836 880 2906 qui
934 2837 1176 2893 animum
1218 2837 1504 2910 regionum
1530 2839 1887 2910 amplitudine
1912 2841 1990 2895 la-

411 2929 610 2985 tiorem
634 2930 879 3000 gessisti,
912 2929 1190 2998 quomodo
1250 2928 1363 2999 jam
1414 2932 1527 3001 pati
1590 2941 1745 3003 potes
1807 2934 1988 2988 locum

412 3033 522 3077 tam
552 3021 885 3093 angustum!
938 3020 1084 3078 Dixit
1142 3023 1288 3079 alius
1317 3040 1331 3079 :
1396 3021 1455 3079 ιιι
1486 3039 1598 3081 non
1630 3025 1895 3082 deﬂentur
1923 3025 1990 3082 de

413 3123 590 3169 morte
613 3114 717 3168 nisi
749 3112 961 3168 novitas
989 3113 1129 3183 ejus,
1171 3123 1321 3169 certe
1359 3115 1609 3187 quotidie
1662 3132 1810 3171 mors
1848 3133 1986 3172 nova
2018 3142 2062 3200 ο

413 3204 642 3263 accidit.
676 3204 825 3261 Dixit
858 3205 1040 3261 alius:
1097 3204 1154 3261 Si
1186 3208 1367 3261 elatus
1407 3206 1582 3275 fuisti,
1616 3210 1729 3279 jam
1770 3210 1994 3265 humilis

412 3311 494 3365 es,
527 3306 584 3353 et
624 3298 669 3353 si
696 3296 1024 3353 inridendus
1057 3296 1262 3364 fueras,
1316 3298 1429 3368 jam
1460 3309 1613 3355 certe
1643 3300 1992 3358 miserandus

412 3405 493 3447 es.
518 3390 661 3445 Dixit
680 3391 824 3446 alius
853 3406 868 3445 :
898 3388 1041 3460 Quid
1065 3391 1185 3447 est?
1202 3406 1237 3447 o
1264 3400 1320 3445 tn
1347 3391 1512 3463 cujus
1539 3393 1623 3448 ira
1647 3392 1989 3452 formidanda

412 3492 552 3550 erat,
605 3492 658 3537 et
704 3482 845 3537 latus
897 3484 1192 3550 munitum,
1227 3482 1393 3556 29³
1421 3499 1524 3539 cur
1559 3500 1668 3541 non
1698 3489 1874 3544 iratus
1904 3500 1987 3553 es,

424 3586 473 3630 at
503 3589 531 3627 a
570 3581 624 3628 te
660 3574 967 3629 discederet
999 3572 1187 3630 mors?
1222 3583 1339 3641 aut,
1365 3589 1468 3630 cur
1494 3590 1604 3630 non
1651 3583 1706 3629 te
1750 3577 1990 3648 protexi-

423 3668 510 3725 sti.
540 3678 593 3719 ut
640 3682 670 3722 a
716 3677 771 3722 te
827 3667 1214 3739 impotentiam
1244 3669 1583 3739 repellens?
1620 3666 1767 3725 Dixit
1799 3670 1988 3725 alius:

423 3757 625 3815 Sullicit
658 3761 817 3829 vulgo
848 3760 903 3815 in
950 3759 1262 3831 exemplum
1299 3772 1458 3817 mors
1486 3774 1712 3832 regum;
1751 3769 1807 3816 et
1841 3761 1992 3818 suill-

424 3856 487 3909 :it
517 3850 742 3924 regibus
777 3854 831 3907 in
888 3852 1406 3919 commonitionem,
1442 3867 1591 3909 mors
1636 3853 1805 3925 vulgi.
1844 3854 1990 3911 Dixit

424 3946 595 4000 ilius:
647 3941 766 3999 Non
814 3943 965 3999 aliud
1028 3944 1197 3999 edidit
1241 3942 1549 4005 Alexander
1590 3946 1989 4002 documentum

424 4037 712 4113 illustrius,
740 4045 918 4093 morte
969 4051 1091 4093 sua.
1132 4035 1282 4093 Dixit
1331 4038 1474 4093 alius
1510 4056 1524 4092 :
1556 4035 1682 4095 Fuit
1736 4054 1839 4095 vox
1895 4049 1988 4095 tua

422 4128 699 4193 .erribilis,
731 4137 786 4184 et
830 4142 1057 4201 regnum
1123 4137 1283 4184 tuum
1332 4129 1829 4201 praecelsum;jam
1864 4146 1992 4187 vero

424 4222 616 4279 .tefecit
646 4237 747 4277 vox
782 4229 899 4285 tua,
949 4229 1004 4277 et
1072 4237 1298 4292 regnum
1338 4230 1493 4278 tuum
1532 4206 1854 4295 depressum
1884 4232 1989 4283 est.

422 4319 559 4375 Dixit
592 4318 736 4374 alius
765 4336 778 4373 :
820 4314 948 4372 Fuit
992 4317 1089 4372 tibi
1126 4315 1282 4389 copia
1316 4315 1719 4384 benefaciendi,
1749 4334 1858 4373 non
1891 4305 1996 4373 an;

421 4429 526 4470 tem
562 4412 695 4468 mibi
722 4410 1022 4484 loquendi;
1071 4409 1188 4481 jam
1224 4424 1354 4465 vero
1386 4417 1473 4465 est
1523 4412 1659 4466 mihi
1702 4413 1857 4482 copia
1909 4412 1994 4466 lo-

2098 1906 2179 1963 xit
2202 1906 2258 1962 in
2277 1916 2448 1962 toturn
2480 1906 2702 1980 triginta
2726 1907 2885 1965 duos.
2909 1908 3078 1965 Porro
3095 1912 3412 1983 praefecerat
3431 1914 3641 1971 Alexan
3658 1944 3671 1955 -

2096 1999 2197 2057 der
2221 2000 2522 2073 unicuique
2544 2002 2749 2075 regioni
2782 2017 3002 2059 servum
3029 2002 3111 2077 [at
3138 2005 3293 2075 juxta
3321 2007 3465 2063 aliud
3487 2024 3673 2064 excin-

2097 2094 2235 2164 plar,
2269 2093 2639 2166 praefectum],
2667 2108 2859 2153 vetans
2890 2112 2961 2154 ne
2991 2097 3059 2152 ad
3092 2114 3251 2169 quem
3292 2099 3348 2155 in
3390 2102 3669 2170 provincia

2096 2187 2185 2242 cui
2207 2192 2459 2259 praeerat,
2494 2188 2844 2245 mitterentur
2892 2189 3084 2246 littera:
3127 2192 3198 2246 ab
3246 2193 3356 2249 alio
3402 2194 3495 2264 qui
3550 2195 3669 2262 ipso

2096 2285 2369 2348 potestate
2401 2282 2579 2350 major
2616 2290 2785 2336 esset.
2823 2280 2907 2337 Ab
2937 2281 3194 2339 omnibus
3251 2295 3433 2339 autem
3490 2284 3557 2340 ad
3611 2303 3670 2343 se

2094 2370 2214 2425 dari
2246 2371 2463 2428 litteras
2496 2369 2721 2443 jubeus,
2753 2389 2853 2429 nec
2892 2390 3053 2445 quem
3082 2379 3246 2432 etiam
3307 2392 3365 2434 se
3417 2390 3669 2450 excepto,

2060 2475 2278 2537 _rcgem
2320 2461 2609 2533 appellari.
2648 2462 2857 2519 Mortuo
2926 2463 3094 2536 igitur
3136 2464 3450 2524 Alexandro
3491 2485 3669 2527 unus-

2093 2554 2328 2626 quisque
2374 2555 2717 2625 provinciam
2750 2572 2908 2612 suam
2962 2564 3276 2630 occupavit.
3330 2560 3395 2616 Et
3436 2562 3669 2619 divisum

2091 2652 2175 2699 est
2203 2644 2575 2703 Barbarorum
2607 2648 2920 2720 imperium,
2948 2650 3149 2709 Persia:
3176 2662 3229 2709 et
3256 2655 3473 2711 Ahvvazi
3503 2673 3672 2729 regno

2094 2751 2263 2808 penes
2296 2738 2679 2810 Asitaganldas
2733 2752 3011 2808 manente.
3062 2746 3155 2813 qui
3218 2746 3457 2800 tribuum
3516 2763 3670 2819 reges

2093 2830 2408 2887 audierunt.
2440 2831 2500 2889 In
2518 2830 2906 2890 Alexandriam
2936 2844 3118 2891 autem
3141 2844 3195 2892 et
3223 2835 3350 2909 χες)
3367 2850 3518 2909 ptum
3550 2849 3674 2910 post

2092 2919 2461 2979 Alexandrum
2521 2936 2727 2997 septem
2779 2940 2954 2983 annos
3010 2930 3256 2998 regnavit
3296 2928 3465 2986 frater
3496 2931 3671 3001 ipsius

2092 3014 2260 3089 πω
2291 3020 2513 3073 nomine
2561 3016 2868 3088 Philippus,
2925 3021 3018 3090 qui
3067 3020 3393 3079 Ptolomaeus
3422 3021 3670 3080 Aridzeus

2094 3108 2516 3180 cognominatus
2552 3119 2634 3165 est
2674 3109 2783 3184 [vel
2834 3100 2991 3183 juxta
3033 3114 3178 3169 aliud
3239 3115 3537 3185 exemplar,
3569 3132 3667 3171 an.

2094 3216 2197 3257 nos
2224 3200 2636 3274 quadraginta].
2673 3203 2809 3259 Post
2839 3206 3016 3274 ipsum
3060 3205 3408 3273 Ptolomaeus,
3437 3206 3524 3263 cui
3567 3224 3669 3263 no-

2098 3309 2221 3349 men
2251 3294 2576 3361 Alexander,
2623 3312 2924 3369 cognomen
2979 3296 3313 3365 Caieb—Vzr,
3362 3317 3536 3358 annos
3588 3305 3671 3356 vi.

2097 3384 2233 3455 ginti
2267 3395 2479 3455 septem
2514 3385 2689 3457 [aliud
2718 3389 3000 3458 exemplar
3029 3387 3220 3461 viginti
3257 3406 3424 3446 uuuin
3458 3392 3668 3468 habet}.

2096 3472 2199 3529 Hie
2227 3489 2373 3531 anno
2406 3484 2560 3549 regni
2591 3478 2674 3531 sui
2705 3475 2971 3533 vicesimo
3008 3474 3381 3552 Hierosolyma
3431 3481 3668 3546 mittens,

2095 3566 2224 3623 inde
2261 3569 2607 3640 septuaginta
2642 3570 2789 3625 viros
2842 3584 2873 3625 e
2917 3566 3123 3626 Judais
3163 3569 3546 3627 Alexandriam
3576 3572 3671 3626 aii-

2097 3659 2225 3716 duci
2260 3662 2497 3725 curavit,
2542 3676 2682 3732 q-os
2741 3661 2844 3717 sibi
2882 3661 3053 3734 legem
3103 3662 3387 3737 librosque
3437 3666 3672 3736 prephc-

2098 3755 2240 3810 ticos
2255 3770 2285 3809 e
2300 3753 2485 3824 lingua
2519 3752 2785 3810 llehraica
2809 3757 2862 3809 in
2890 3754 3132 3810 Crmcam
3164 3756 3463 3813 transferre
3477 3758 3496 3828 j
3510 3758 3666 3818 ussit,

2095 3849 2340 3918 ipsorum
2384 3849 2616 3917 singulis
2676 3848 2909 3904 seorsim
2970 3849 3041 3902 ab
3096 3847 3221 3903 aliis
3263 3848 3317 3904 in
3371 3849 3532 3904 domo
3564 3850 3666 3906 sibi

2101 3938 2321 4009 prepria
2342 3938 2648 4006 collocatis,
2675 3946 2735 3993 ut
2761 3940 2835 3994 ita
2857 3940 3132 4010 quomodo
3165 3955 3225 3996 se
3251 3940 3500 3996 habitura
3526 3953 3673 3997 ESSl‘l

2100 4030 2541 4102 uniuscujusque
2606 4029 2986 4103 interpretatio
3053 4030 3282 4088 videret.
3344 4030 3479 4086 Cum
3540 4049 3672 4104 ergo

2098 4133 2388 4194 postquam
2440 4122 2612 4178 libros
2657 4122 2795 4178 istos
2855 4122 3285 4189 transtulissent,
3348 4124 3672 4196 interprctzv

2099 4219 2280 4271 tiones
2304 4216 2548 4287 ipsorum
2574 4214 2923 4286 inspexisset,
2974 4217 3288 4273 uniusmodi
3318 4231 3437 4273 erat
3467 4224 3671 4287 versio,

2101 4305 2249 4363 nulla
2276 4321 2506 4379 prorsus
2534 4306 2930 4376 discrepantia.
2991 4303 3186 4363 Libros
3235 4308 3478 4379 igiturin
3503 4326 3669 4365 unum

2102 4400 2385 4464 collectos,
2415 4409 2469 4454 et
2493 4398 2697 4454 annulo
2751 4413 2852 4454 suo
2901 4398 3143 4469 signatos
3176 4400 3229 4453 in
3282 4402 3486 4473 templo
3519 4401 3669 4465 idoli,

423 4502 648 4575 quandi,
685 4517 797 4559 non
827 4510 1012 4556 autem
1039 4502 1139 4555 tibi
1187 4498 1585 4557 beuelaciendi.
1622 4499 1767 4555 Dixit
1797 4502 1939 4556 alius
1977 4518 1990 4554 :
2028 4500 2069 4554 D
2101 4491 2386 4563 Serapidis
2418 4490 2588 4556 dicti.
2623 4491 2896 4562 reposuit.
2939 4492 3069 4547 Erat
3097 4508 3127 4546 e
3156 4494 3503 4562 septuaginta
3540 4495 3670 4549 isto.

423 4592 477 4652 Si
532 4594 649 4651 beri
720 4605 751 4647 ο
794 4599 846 4649 te
899 4606 1007 4647 non
1075 4590 1176 4646 fuit
1212 4591 1505 4663 quisquam
1546 4605 1800 4660 securus,
1834 4591 1994 4650 hodie

423 4696 703 4745 rertenun
744 4685 900 4740 timet
951 4696 1003 4739 te
1057 4683 1372 4755 quisquam.
1417 4682 1565 4737 Dixit
1608 4682 1794 4740 alius:
1859 4683 1992 4737 lteri

423 4778 690 4836 sollicitus
741 4775 844 4831 fuit
898 4785 1088 4848 pastor
1130 4775 1201 4830 oii
1242 4790 1486 4847 gregem,
1549 4774 1713 4830 hodie
1763 4790 1895 4848 grex
1924 4776 1995 4830 ob

423 4879 691 4946 pastorem
726 4882 909 4924 suum.
965 4865 1109 4921 Dixit
1161 4867 1357 4923 alius:
1413 4866 1716 4925 Pervenisti
1763 4868 1876 4938 jam
1928 4871 1993 4924 ad

422 4966 575 5020 illum
609 4962 699 5018 cui
722 4962 940 5017 debitor
998 4975 1145 5025 eras,
1175 4961 1247 5016 ob
1282 4960 1531 5016 debitum
1564 4961 1713 5033 quod
1769 4974 1996 5016 necesse

423 5066 508 5115 est
536 5064 597 5113 ut
625 5055 831 5121 solvas,
862 5065 1026 5126 atque
1072 5055 1283 5108 utinam
1339 5053 1535 5110 scirem
1585 5068 1694 5125 qua
1731 5056 1996 5124 patientia

421 5150 596 5210 uteris
618 5147 677 5208 lu
709 5149 896 5206 debito
917 5161 1029 5220 quo
1068 5148 1271 5204 teneris
1301 5146 1565 5204 solvendo
1582 5149 1608 5203 τ
1634 5148 1777 5205 Dixit
1806 5148 1948 5205 alius
1974 5165 1989 5204 :

420 5242 481 5301 Si
507 5250 673 5301 antea
699 5254 765 5299 ea
795 5239 991 5296 fuisset
1026 5240 1125 5294 tibi
1160 5241 1422 5308 gravitas,
1452 5249 1509 5296 et
1552 5242 1845 5313 temperies
1875 5257 1995 5313 qme

422 5334 587 5394 hodie
616 5342 723 5401 est,
746 5340 895 5389 certe
915 5331 1156 5402 prudens
1184 5330 1408 5387 fuisses.
1441 5331 1691 5404 Cumque
1726 5334 1989 5405 loquendi

422 5431 533 5502 jam
566 5426 729 5486 tinem
768 5427 1033 5483 fecissent
1070 5425 1408 5499 pliilosOplii,
1451 5440 1685 5499 surgens
1727 5426 1991 5491 liusbtac.

425 5516 572 5577 Darii
604 5520 749 5589 regis
783 5518 1080 5574 Persarum
1130 5516 1262 5583 lilia,
1316 5516 1616 5576 Alexandri
1678 5535 1836 5585 uxor,
1874 5535 1995 5587 quae

423 5614 672 5670 omnium
717 5611 1032 5670 Alexandro
1064 5610 1395 5667 charissima
1456 5608 1581 5677 fuit,
1633 5628 1793 5665 manu
1855 5628 1995 5668 arca:

424 5703 677 5777 imposita
698 5703 834 5758 dixit
868 5720 882 5757 :
914 5701 1030 5757 Non
1062 5711 1399 5773 putaveram,
1430 5716 1463 5755 o
1482 5716 1596 5767 rex.
1617 5716 1741 5759 cum
1771 5703 1993 5756 Darium

426 5799 692 5863 vinceres,
716 5809 938 5867 regnum
969 5803 1118 5853 tuum
1144 5793 1417 5852 devictum
1438 5793 1526 5849 iri.
1547 5789 1684 5849 Tum
1706 5795 1842 5855 dixit
1870 5794 1992 5866 phi-

491 5890 513 5923 ⁸
553 5889 686 5948 Luc.
722 5905 783 5957 ιι,
816 5890 850 5949 9
878 5904 995 5957 seq.

2099 4603 2219 4642 rum
2246 4599 2497 4650 nurnero,
2538 4585 2624 4641 vir
2680 4585 2902 4654 quidam
2938 4584 3156 4639 nomine
3185 4582 3405 4641 Simeon
3461 4588 3668 4657 justus,

2096 4682 2194 4752 qui
2229 4679 2522 4734 Dominum
2581 4687 2826 4733 nostrum
2870 4676 3148 4732 Christum
3184 4693 3214 4733 e
3256 4679 3455 4748 templo
3481 4694 3669 4735 susce-

2097 4772 2197 4844 pit.
2226 4770 2326 4827 Hic
2350 4773 2482 4826 dum
2514 4774 2687 4842 legem
2719 4780 2775 4827 et
2813 4772 2984 4826 libros
3040 4770 3428 4842 prophetarum
3479 4787 3509 4827 e
3567 4773 3667 4829 lin-

2095 4879 2202 4937 gua
2234 4864 2497 4921 llebraica
2547 4865 2599 4919 in
2626 4862 2869 4919 Graecam
2903 4862 3248 4929 transferret,
3309 4868 3665 4935 quotiescun-

2096 4974 2206 5029 que
2240 4972 2454 5012 comma
2481 4956 2703 5026 aliquod
2736 4958 2788 5010 in
2822 4971 2931 5027 quo
2971 4957 3253 5027 prophetia
3284 4969 3431 5013 esset
3460 4959 3527 5014 de
3564 4955 3669 5013 Do-

2099 5053 2251 5107 mino
2274 5049 2497 5105 Christo
2529 5050 3012 5119 interpretaretur,
3062 5050 3135 5103 iiii
3188 5049 3353 5105 corde
3403 5064 3505 5108 suo
3559 5066 3666 5108 non

2098 5141 2430 5208 assentiens,
2465 5143 2703 5208 dixerat,
2758 5138 2874 5197 Hoc
2924 5140 3041 5212 Πριιί
3090 5157 3201 5198 non
3246 5150 3467 5214 potest:
3526 5146 3668 5204 Deus

2096 5249 2226 5306 ergo
2254 5237 2381 5289 vitae
2412 5234 2703 5289 terminum
2739 5233 2841 5304 ipsi
2884 5233 3058 5298 auxit,
3094 5233 3233 5290 adeo
3274 5247 3327 5290 ut
3353 5250 3526 5291 annos
3553 5245 3667 5293 tre-

2099 5335 2293 5384 centes
2313 5325 2713 5397 quinquaginta
2760 5327 2986 5390 viveret,
3020 5328 3191 5382 donec
3248 5323 3523 5383 Christum
3562 5328 3668 5384 Do-

2097 5423 2307 5477 minum
2353 5419 2594 5487 videret;
2646 5416 3009 5492 297-399
3056 5436 3217 5491 quem
3278 5422 3367 5476 ubi
3418 5422 3663 5490 vidisset,

2098 5513 2277 5579 Nunc,
2307 5513 2735 5585 inquit,dt'mitts,
2757 5529 2785 5566 ο
2808 5509 3048 5577 Domine,
3074 5528 3277 5569 seruum
3311 5524 3454 5568 tuum
3481 5531 3666 5572 sectati-

2094 5608 2221 5659 dam
2249 5605 2453 5660 verbum
2478 5615 2620 5658 tuum
2656 5606 2710 5659 in
2734 5621 2893 5673 pace;
2930 5603 3049 5674 jam
3072 5607 3206 5660 enim
3259 5606 3496 5662 ridet-tm!
3526 5612 3665 5663 oculi

2095 5700 2196 5755 nisi
2212 5700 2431 5755 salutem
2456 5714 2611 5767 quam
2633 5698 2839 5768 parasti
2855 5714 3034 5753 coram
3067 5700 3305 5755 omnibus
3342 5703 3576 5773 gemit-ss
3592 5702 3661 5757 °°.

2171 5791 2385 5850 Mortuo
2411 5788 2705 5847 Ptolemaeo
2732 5788 3026 5861 Giiebvro,
3057 5796 3299 5863 regnavit
3331 5805 3449 5868 post
3486 5798 3660 5869 ipsum
