4068 6160
395 198 495 260 975

1402 190 1764 255 EUTYCIlil
1803 189 2337 252 ALEXANDIUNI
2382 189 2597 253 PATR.

3527 194 3633 257 976

395 327 566 366 annos
586 309 776 379 viginti
816 322 1006 365 novem
1037 308 1359 362 Ptolomaeus
1401 308 1827 377 cognominatus
1853 304 1955 363 Le-
1989 310 2032 366 A
2065 320 2184 360 rum
2236 322 2266 360 a
2308 305 2513 361 familia
2566 301 2845 370 Davidica,
2889 320 2953 361 ex
3001 319 3113 376 quo
3158 302 3360 375 captivi
3414 303 3634 359 abducti

396 419 518 475 pus.
578 402 676 457 llic
706 402 1050 458 Alexandriae
1097 400 1529 471 llippodromum
1587 413 1840 468 magnum
1892 398 1957 452 ad

394 509 657 565 equorum
674 504 950 549 certamen
969 493 1257 557 exstruxit,
1273 494 1363 562 qui
1381 502 1618 561 tempore
1632 490 1865 545 Zenonis
1879 503 1964 544 re-

396 585 478 654 gis
503 585 625 657 igne
654 585 833 654 periit.
864 584 1159 639 Postilium
1183 598 1357 639 annos
1381 584 1567 655 viginti
1587 600 1681 637 sex
1704 581 1952 652 regnavit

399 676 541 731 liiins
595 676 790 745 ipsius,
840 675 1230 747 Philadelphus
1278 674 1718 745 cognominatus.
1756 672 1960 730 Deinde

397 784 577 825 annos
620 770 811 841 viginti
858 772 1102 841 quinque
1149 769 1495 834 Ptolomzeus,
1540 767 1959 836 cognominatus

396 858 707 929 Evergctes.
768 859 836 914 Et
898 867 1020 929 post
1095 864 1269 931 ipsum
1344 874 1517 915 annos
1569 858 1957 929 septemdecim

397 948 725 1005 Ptolommus
762 949 1182 1019 cognominatus
1222 950 1555 1020 Philopator.
1610 949 1815 1005 Deinde
1858 964 1960 1005 an-

395 1058 497 1098 nos
523 1043 711 1115 viginti
749 1052 982 1114 quatuor
1011 1045 1338 1099 Ptolomaeus
1377 1045 1795 1113 cognominatus
1834 1044 1961 1097 Illu-

395 1133 541 1189 stria.
583 1133 715 1189 Post
764 1135 914 1189 illum
950 1150 1126 1190 annos
1165 1135 1353 1206 viginti
1394 1133 1724 1189 Ptolomaeus
1769 1133 1959 1190 Philo-

396 1235 588 1279 metor.
633 1224 762 1294 Ejus
814 1234 1056 1295 tempore
1099 1224 1425 1291 Antiochus,
1469 1224 1786 1280 Graecorum
1840 1240 1958 1290 rex,

395 1318 625 1372 devictis
668 1318 822 1389 Syria
853 1314 1137 1382 etJudtra,
1168 1318 1387 1373 Judaeos
1432 1333 1461 1371 e
1499 1316 1657 1389 Syria
1708 1314 1960 1387 expulit,

392 1408 684 1477 omniaque
723 1408 829 1461 illis
878 1407 1048 1473 mala,
1081 1417 1137 1463 et
1199 1410 1540 1463 cruciatuum
1572 1422 1771 1478 genera
1812 1408 1960 1464 intu-

396 1500 478 1552 lit.
517 1498 644 1553 Post
684 1499 832 1553 illum
872 1501 1119 1570 regnavit
1167 1499 1337 1555 fra'er
1387 1501 1565 1569 ipsius
1606 1499 1959 1567 Ptolomaeus,

394 1592 687 1662 Evergetes
715 1595 877 1646 etiam
908 1593 1117 1656 dietus,
1146 1607 1323 1648 annos
1358 1593 1552 1663 viginti
1584 1600 1717 1647 tres.
1763 1590 1838 1645 Eo
1869 1607 1957 1647 rc—

393 1691 593 1749 gnante
620 1683 865 1737 condidit
896 1683 1222 1749 Antiochus,
1259 1683 1577 1739 Graecorum
1611 1699 1730 1748 rex,
1764 1685 1961 1742 Antio-

393 1772 594 1839 chiam,
652 1774 738 1827 cui
783 1773 851 1829 de
886 1776 1108 1829 nomine
1147 1790 1251 1829 suo
1294 1776 1710 1845 appellationem
1764 1777 1963 1833 indidit

390 1878 499 1931 qua
546 1873 735 1918 vocata
776 1874 884 1920 est.
917 1864 1055 1922 Post
1088 1865 1269 1939 ipsum
1310 1870 1559 1938 regnavit
1593 1866 1959 1935 Ptolomaeus,

394 1954 674 2012 Liberator
710 1958 911 2026 dictus,
948 1975 1123 2015 annos
1150 1960 1365 2031 viginti,
1397 1961 1555 2032 cujus
1595 1970 1842 2034 tempore
1865 1977 1967 2019 cxa

396 2061 606 2105 structa
638 2062 721 2107 est
749 2055 878 2107 urbs
916 2051 1186 2109 Seleucia.
1225 2055 1432 2111 Deinde
1473 2055 1834 2120 Ptolomaeus.
1869 2055 1960 2111 cui

395 2143 558 2197 etiam
619 2159 921 2214 cognomen
982 2144 1307 2212 Liberator,
1364 2162 1541 2202 annos
1614 2146 1958 2219 quindecim.

396 2235 600 2292 Deinde
637 2235 963 2294 Ptolomaeus
994 2240 1215 2295 nomine
1256 2240 1580 2305 Alexander,
1631 2240 1961 2312 cognomine

395 2329 615 2401 Easpbis
660 2329 997 2402 PhiIOpator,
1043 2348 1217 2388 annos
1240 2332 1431 2388 decem
1472 2331 1579 2405 [vel
1604 2333 1760 2403 juxta
1811 2333 1960 2389 aliud

395 2423 692 2492 exemplar,
759 2424 1092 2498 duodecim].
1145 2425 1350 2479 Deinde
1406 2426 1739 2482 Ptolomams
1796 2425 1962 2497 300

394 2514 807 2578 cognominatus
840 2512 1068 2580 Phosas,
1101 2514 1406 2571 octodecim
1438 2516 1560 2571 dies
1594 2514 1714 2588 .[vel
1757 2531 1958 2571 secun-

395 2605 519 2661 dum
549 2606 693 2662 aliud
734 2609 1033 2679 exemplar,
1071 2618 1192 2664 octo
1220 2607 1440 2682 annos].
1475 2608 1607 2665 Post
1629 2611 1806 2681 ipsum
1831 2607 1960 2664 Pto-

395 2706 618 2756 lomaeus
656 2701 948 2772 Dionysius
974 2719 1144 2758 annos
1175 2704 1365 2775 viginti
1396 2718 1614 2758 novem.
1650 2703 1777 2759 Post
1796 2718 1958 2774 quem

395 2792 500 2847 filia
547 2794 720 2863 ipsius
771 2794 1057 2863 Cleopatra
1113 2795 1294 2865 (cujus
1346 2794 1583 2849 nominis
1620 2793 1960 2864 signiﬁcatus

395 2894 475 2939 est
528 2898 727 2953 petram
795 2886 1035 2959 deﬂens),
1108 2901 1285 2942 annos
1338 2885 1528 2956 viginti
1607 2885 1766 2941 duos.
1835 2885 1962 2943 llaec

2064 405 2195 452 sunt
2226 413 2255 453 a
2286 398 2745 453 Bochtanassero.
2791 396 2981 467 Neque
3013 398 3159 452 enim
3189 397 3244 451 in
3278 397 3436 452 hunc
3467 413 3633 467 usque

2062 490 2207 544 diem
2238 491 2542 560 praeﬁciunt
2587 490 2694 546 sibi
2736 488 2910 545 Judaei
2943 505 3124 560 regem
3183 480 3288 544 nisi
3338 505 3371 545 e
3415 488 3631 544 Davidis

2063 581 2254 652 stirpe.
2306 579 2579 638 Sacerdos
2627 596 2758 637 vero
2800 581 2903 637 fuit
2941 584 3114 653 stirpe
3152 582 3405 637 Davidica
3442 584 3627 638 oriun-

2063 674 2190 738 dus,
2246 676 2464 729 nomine
2491 674 2863 741 Aristobulus,
2890 674 2984 746 qui
3046 676 3199 744 regio
3236 691 3389 732 more
3419 673 3631 731 Judzeos

2063 766 2223 822 rexit.
2275 765 2422 821 Misit
2479 782 2611 839 ergo
2660 769 2949 839 Augustus
2986 767 3181 822 ducem
3222 784 3251 823 e
3282 768 3401 825 suis
3446 784 3633 838 quem-

2062 859 2189 914 dam
2222 860 2444 915 nomine
2484 858 2691 915 Paetum
2726 861 2819 926 qui
2856 859 3233 939 Hierosolyma
3261 863 3489 918 obsessa
3513 876 3632 917 cum

2062 954 2339 1023 cepisset,
2416 952 2796 1009 Aristobulum
2877 952 3192 1009 Judaeorum
3258 955 3637 1022 sacerdotem,

2062 1042 2420 1115 compedibus
2454 1046 2725 1109 vinctum,
2782 1060 2909 1100 cum
2948 1047 3137 1101 multis
3184 1062 3214 1100 e
3265 1046 3435 1102 sociis
3467 1047 3639 1117 ipsius

2062 1135 2289 1191 Romam
2326 1136 2499 1202 misit,
2535 1137 2857 1207 tributoque
2893 1136 3101 1193 Iudaeis
3139 1137 3399 1207 imposito
3428 1138 3498 1193 ab
3529 1139 3635 1195 illis

2062 1226 2338 1283 discessit.
2370 1225 2563 1299 Magna
2596 1243 2729 1283 vero
2770 1229 2992 1283 miseria
3019 1227 3239 1283 Iudaeos
3265 1230 3488 1285 invasit.
3535 1229 3635 1283 Sa-

2064 1318 2258 1375 cerdos
2309 1311 2490 1375 atitem
2539 1319 2839 1375 Aristobuli
2905 1320 3032 1375 loco
3098 1321 3273 1376 factus
3329 1329 3414 1376 est
3473 1321 3636 1376 frater

2061 1408 2258 1480 ipsius,
2313 1411 2400 1466 cui
2457 1424 2654 1466 nomen
2711 1410 2919 1467 Arkan.
2961 1410 3186 1466 Arkano
3224 1412 3311 1468 isti
3344 1427 3469 1467 cum
3523 1412 3635 1466 viro

2061 1498 2298 1570 quodam
2354 1501 2574 1558 nomine
2600 1502 2913 1573 Antipatro,
2948 1502 3294 1569 Askalonita,
3324 1505 3635 1559 intercessit

2061 1594 2326 1656 amicitia,
2360 1594 2457 1664 qui
2501 1594 2654 1649 idolii
2702 1592 2992 1665 cujusdam
3024 1595 3262 1651 aedituus
3308 1593 3436 1660 fuit,
3467 1595 3634 1650 idem-

2060 1698 2171 1754 que
2196 1682 2429 1740 Herodis
2454 1693 2628 1755 pater,
2660 1700 2833 1756 genus
2865 1700 2896 1739 e
2924 1683 3108 1755 Cypro
3131 1684 3360 1742 ducens.
3414 1683 3635 1741 Consti-

2062 1777 2169 1833 tuit
2190 1786 2373 1834 autem
2418 1775 2600 1832 Arkan
2635 1777 2901 1835 sacerdos
2954 1778 3220 1834 llcrodem
3256 1780 3466 1834 viarum
3497 1794 3635 1849 pra:—

2061 1870 2265 1927 fectum
2311 1880 2510 1926 contra
2556 1870 2819 1937 latrones,
2868 1886 2991 1925 cum
3046 1870 3133 1925 vir
3178 1870 3379 1941 ingenii
3437 1871 3633 1926 ferocis

2058 1968 2230 2018 esset.
2260 1960 2587 2018 invadentes
2615 1960 2781 2035 30h
2809 1970 2990 2018 autem
3014 1961 3388 2036 Hierosolyma
3413 1963 3631 2033 quidam

2060 2070 2125 2110 ex
2152 2053 2214 2107 Al
2248 2053 2417 2110 Gauri
2444 2054 2640 2109 incolis
2675 2054 2954 2110 Arkanum
2994 2055 3336 2110 sacerdotem
3362 2056 3631 2123 captivum

2060 2143 2430 2211 abduxerunt,
2476 2144 2788 2217 Antipatro,
2826 2144 3059 2202 Herodis
3094 2155 3269 2216 patre,
3299 2146 3629 2202 interfecto:

2060 2238 2246 2310 itaque
2281 2238 2472 2294 relicta
2504 2246 2590 2293 est
2622 2239 2757 2293 urbs
2786 2238 2908 2295 sine
2938 2236 3197 2310 praefecto
3237 2248 3333 2293 aut
3364 2238 3633 2309 principe.

2062 2328 2308 2387 Herodes
2350 2344 2485 2401 ergo
2525 2330 2807 2387 Romanos
2854 2332 2948 2401 qui
2992 2328 3394 2399 Hierosolymis
3432 2328 3635 2386 substi-

2060 2431 2248 2478 terunt
2296 2421 2618 2479 demulcens
2650 2424 2930 2493 multaque
2964 2421 3099 2492 ipsis
3141 2422 3340 2478 collata
3384 2422 3634 2493 pecunia,

2061 2514 2185 2569 urbi
2240 2522 2297 2569 ut
2349 2515 2606 2585 princeps
2657 2514 2896 2586 praefuit.
2962 2514 3278 2583 Auditoque
3332 2516 3633 2583 Augustum

2059 2605 2354 2680 Egyptum
2409 2609 2636 2663 tendere
2680 2608 2970 2679 quaesitum
3010 2607 3379 2676 Cleopatram,
3432 2604 3633 2660 [lamis

2062 2702 2171 2772 ipsi
2215 2698 2431 2755 obviam
2479 2699 2679 2765 factus,
2714 2700 2900 2754 multis
2926 2698 3026 2769 ipsi
3054 2698 3377 2753 muneribus
3405 2698 3631 2762 oblatis,

2062 2792 2234 2863 ipsius
2260 2793 2362 2848 sibi
2391 2791 2682 2848 amicitiam
2709 2792 3039 2847 conciliavit.
3070 2792 3349 2862 Augustus
3371 2804 3498 2845 vero
3514 2803 3635 2846 cum

2061 2884 2354 2957 Egyptnm
2405 2888 2770 2954 pervenisset,
2822 2899 2965 2941 caeso
3028 2884 3289 2949 Antonio,
3341 2882 3635 2953 Cleopatra:

397 2975 737 3031 Alexandria:
790 2980 957 3032 multa
1017 2978 1285 3033 exstruxit
1331 2977 1561 3033 aedilicia
1605 2993 1840 3048 magna,
1904 2988 1958 3034 et
1980 2972 2030 3076 ὀ
2064 2978 2346 3048 deputato,
2406 2977 2793 3034 Alexandriam
2842 2978 3015 3047 ipsam
3051 2977 3340 3047 quasitum
3384 2958 3632 3038 tetendit,

396 3070 694 3136 miranda;
754 3069 989 3139 fecitque
1069 3084 1235 3140 opera
1317 3071 1617 3125 tessellata.
1676 3070 1959 3125 Exstrnxit

398 3163 556 3216 etiam
610 3162 867 3232 templum
910 3176 1190 3233 magmnn,
1238 3164 1382 3231 quod
1425 3162 1647 3216 Saturni
1696 3163 1960 3232 templum

399 3251 702 3323 appellavit,
750 3255 894 3325 quod
934 3257 1037 3309 sub
1078 3252 1502 3310 Christianismo
1549 3255 1605 3309 in
1674 3255 1961 3312 ecclesiam

399 3360 741 3411 conversum,
795 3346 977 3402 Sancti
1027 3347 1314 3403 Michaelis
1378 3346 1665 3402 ecclesiam
1717 3350 1962 3404 nomina.

399 3445 565 3505 runt;
598 3452 719 3507 quae
760 3441 950 3494 eadem
1006 3436 1352 3492 Alltaisariah
1411 3439 1682 3509 appellata
1720 3448 1845 3505 est,
1898 3453 1963 3495 ac

400 3546 517 3601 igne
555 3530 716 3600 periit
745 3546 856 3601 quo
884 3543 1130 3600 tempore
1168 3529 1399 3601 ingressi
1431 3539 1560 3585 sunt
1586 3529 1964 3587 Occidentales

400 3624 781 3679 Alexandriam
833 3638 955 3677 cum
992 3623 1216 3678 domino
1252 3630 1444 3677 nostro
1476 3622 1800 3679 Almansore
1834 3624 1966 3679 Abi-

400 3717 593 3777 kalem,
655 3714 748 3783 qui
800 3714 1064 3769 Abdailah
1108 3714 1283 3779 audit,
1335 3722 1392 3768 et
1444 3712 1698 3769 llabbasa
1748 3712 1963 3769 Chalifa

401 3816 531 3861 tunc
580 3806 646 3861 Al
690 3804 1006 3861 lloktadaro
1046 3804 1286 3870 Jaafaro,
1317 3813 1369 3860 et
1399 3820 1559 3860 servo
1602 3802 1721 3873 ejus
1754 3804 1961 3862 Taeino

399 3892 642 3967 Egypti,
676 3907 729 3951 ct
758 3897 1106 3951 Alexandriae
1142 3895 1416 3966 praelecto.
1448 3895 1734 3952 Exstruxit
1771 3897 1962 3953 eadem

403 3992 456 4043 in
497 3991 631 4045 urbe
662 3989 912 4042 Acbtnitn
952 3989 1267 4043 columnam
1301 3991 1642 4045 mensoriam
1666 4030 1681 4055 ,
1718 4006 1827 4061 qua
1855 3989 1964 4046 Nili

403 4082 801 4135 incrementum
826 4079 1135 4151 percipitur
1171 4093 1189 4135 :
1225 4094 1325 4135 nec
1354 4095 1463 4137 non
1497 4076 1554 4135 in
1583 4082 1720 4140 urbs
1745 4083 1965 4139 Ansena

408 4172 585 4226 tliam.
627 4170 802 4227 Porro
850 4185 995 4226 anno
1043 4172 1191 4243 regni
1224 4170 1347 4243 ejus
1379 4182 1579 4243 quarto
1627 4173 1749 4230 urbi
1778 4171 1967 4229 Romae

401 4265 689 4334 imperavit
748 4280 839 4319 rex
881 4268 1104 4320 nomine
1150 4263 1318 4319 Caius
1381 4264 1563 4320 Caesar
1609 4278 1785 4336 annos
1831 4280 1969 4337 qua-

2071 3085 2181 3142 quo
2207 3079 2421 3139 captam
2469 3070 2785 3141 ignominiae
2809 3080 3113 3139 exponeret
3154 3068 3418 3124 Romanis
3456 3076 3635 3123 osten-

2069 3177 2212 3219 sam.
2276 3161 2565 3234 Cleopatra
2598 3178 2730 3233 ergo
2758 3163 2947 3217 audito
2982 3178 3187 3218 cursum
3239 3176 3362 3218 esse
3408 3163 3477 3216 ab
3524 3162 3634 3215 Au-

2070 3263 2234 3326 gusto
2262 3254 2474 3311 stare
2503 3256 2824 3326 deputatum
2873 3272 3031 3310 suum
3072 3254 3399 3309 Antonium.
3437 3260 3494 3307 et
3547 3267 3635 3307 ca-

2069 3336 2217 3420 ptant
2281 3347 2602 3420 Egyptum,
2648 3364 2716 3403 ne
2763 3347 3001 3404 ludibrio
3060 3346 3355 3403 haberetur
3422 3346 3634 3412 timens,

2072 3446 2307 3495 mortem
2341 3440 2613 3510 praetulit;
2650 3450 2706 3496 et
2739 3456 2808 3495 ne
2844 3440 2899 3495 in
2932 3454 3128 3494 manus
3157 3439 3333 3509 ipsius
3363 3437 3631 3501 incidens,

2073 3530 2384 3601 ignominia
2414 3541 2802 3603 exponeretur,
2841 3548 3032 3588 necem
3057 3531 3160 3587 sibi
3201 3531 3511 3595 conscivit;
3537 3529 3636 3583 hoc

2070 3638 2266 3692 nempe
2297 3633 2457 3692 pacto
2494 3641 2507 3678 :
2544 3624 2681 3680 duas
2709 3623 2960 3687 ancillas,
2984 3639 3213 3694 quarum
3244 3623 3403 3676 alteri
3446 3636 3636 3675 nomen

2069 3716 2237 3778 Ahra,
2252 3730 2372 3785 qua:
2389 3716 2563 3787 ipsam
2578 3725 2800 3786 pectere
2816 3726 2871 3771 et
2888 3728 3110 3779 ornare,
3130 3715 3283 3769 alteri
3302 3711 3495 3778 Istra,
3517 3727 3635 3783 qnz

2072 3806 2179 3877 ipsi
2222 3822 2433 3877 ungues
2476 3805 2774 3877 precidem
2815 3821 2881 3862 ac
2907 3804 3358 3863 vestes'induere
3399 3808 3632 3868 solebat,

2072 3897 2396 3961 accersitas,
2440 3898 2608 3967 jussit
2652 3898 2706 3953 in
2765 3898 2986 3953 hortum
3032 3897 3321 3969 quemdam
3367 3897 3639 3968 profectas

2072 3989 2315 4059 viperam
2346 4004 2467 4059 qua:
2502 3989 2651 4059 aspis
2695 3989 3020 4059 appellatur,
3057 3990 3162 4044 sibi
3189 3988 3424 4045 aderre:
3473 4004 3632 4057 quam

2073 4082 2199 4139 inde
2251 4082 2471 4136 allatam
2540 4096 2664 4136 cum
2744 4081 2797 4135 in
2839 4080 3005 4150 .ipsis
3084 4081 3323 4149 primum
3414 4090 3639 4149 experta

2073 4172 2289 4238 fuisset,
2342 4175 2447 4229 illa:
2487 4173 2774 4229 confestim
2838 4160 3065 4226 martum
3095 4181 3245 4240 sunt,
3270 4168 3473 4227 Videas
3505 4186 3637 4242 ergo

2073 4275 2378 4337 serpentem
2452 4276 2679 4321 mortem
2750 4265 2985 4319 subitam
3069 4262 3304 4328 inferre.
3380 4277 3633 4318 coronam

404 4365 547 4411 tuor.
582 4354 783 4409 Ileinde
802 4363 931 4423 post
965 4355 1143 4426 ipsum
1171 4354 1453 4424 Augustus
1474 4352 1659 4408 Cmsar
1679 4352 1966 4408 monarchi
2002 4373 2049 4433 υ
2076 4374 2230 4415 suam
2297 4358 2618 4427 prehenaam
2672 4355 3028 4428 305-307
3086 4356 3248 4425 capiti
3318 4354 3599 4423 imponens
3622 4393 3635 4418 ,

406 4448 571 4514 illius,
614 4446 779 4517 idque
810 4461 953 4502 anno
984 4448 1137 4517 regni
1175 4446 1479 4517 Cleopatrae
1511 4444 1825 4500 undecimo.
1866 4443 1968 4501 Hic

404 4541 631 4596 devictis
665 4540 884 4609 regibus
933 4539 1051 4595 orhi
1087 4538 1409 4609 imperavit,
1454 4538 1617 4605 cujus
1658 4534 1802 4591 fama
1838 4551 1965 4591 cum

403 4631 472 4686 ad
498 4632 843 4701 CleOpatram
876 4631 1246 4701 pervenisset,
1285 4628 1377 4683 illa
1435 4628 1505 4681 ab
1546 4629 1665 4698 ipso
1720 4634 1970 4681 metuens

409 4740 631 4797 regnum
674 4739 833 4779 suum
876 4722 1130 4788 munivit,
1168 4730 1449 4777 exstructo
1496 4720 1706 4776 scilicet
1750 4733 1781 4772 a
1822 4727 1972 4787 parte

407 4821 660 4878 orientali
714 4821 778 4875 ad
827 4819 933 4875 Nili
980 4823 1175 4892 ripam,
1226 4831 1387 4871 muro
1432 4831 1461 4870 a
1517 4812 1695 4869 Nuhia
1748 4813 1973 4884 regione

406 4911 759 4988 θοι-303
805 4911 1092 4967 Pharmam
1131 4924 1325 4978 usque,
1361 4922 1602 4962 necnon
1650 4904 1759 4958 alio
1804 4918 1835 4956 a
1867 4900 1977 4957 Nu-

410 5014 521 5075 bia,
557 5006 942 5063 Alexandriam
990 5018 1164 5073 usque
1202 5018 1229 5054 a
1262 5012 1417 5072 parte
1462 4997 1793 5054 Occidentali
1824 5015 1837 5052 :
1875 4994 1972 5069 qui

411 5104 571 5160 hodie
603 5102 773 5171 llayet
799 5097 863 5154 Ol
892 5098 1048 5169 Ajuz,
1076 5095 1266 5149 Murus
1293 5092 1480 5148 vetula:
1508 5093 1833 5163 appellatur.

492 5197 779 5266 Cleopatra
839 5201 1021 5246 autem
1092 5188 1435 5245 Alexandriae
1480 5184 1785 5249 habitavit,
1843 5181 1977 5236 fuit-

415 5306 515 5363 que
568 5289 672 5360 ipsi
737 5288 790 5338 in
849 5282 1143 5353 Aigyptutn
1195 5281 1489 5350 deputatus
1534 5274 1753 5331 nomine
1803 5278 1977 5329 Anto-

418 5387 558 5441 nius.
581 5381 751 5435 Porro
778 5377 1063 5446 Augustus
1092 5372 1274 5427 audita
1319 5371 1437 5440 ejus
1472 5372 1636 5433 lania,
1668 5366 1773 5438 ipsi
1800 5366 1981 5421 inhia-

418 5482 509 5534 αι.
549 5474 867 5530 Nuntiatum
923 5480 1007 5524 est
1072 5479 1249 5521 autent
1325 5466 1573 5534 Augusto
1645 5457 1860 5515 Iudaeos
1925 5460 1978 5513 in

420 5573 548 5626 urbe
596 5567 1097 5635 Hierosolymorum
1148 5558 1469 5626 obsequium
1509 5553 1613 5625 ipsi
1675 5569 1782 5608 non
1835 5567 1978 5621 prae-

423 5672 582 5720 stare.
627 5659 881 5715 Ablatum
922 5664 1099 5709 autem
1129 5653 1239 5722 jam
1276 5649 1453 5703 fuerat
1499 5660 1725 5715 regnum
1758 5642 1975 5701 Judaeu-

2071 4466 2236 4520 seque
2296 4448 2500 4504 mundo
2552 4462 2654 4505 suo
2715 4449 2967 4502 universo
3023 4461 3263 4511 ornans,
3333 4460 3467 4500 auro
3525 4448 3642 4499 sci-

2071 4543 2220 4607 licet,
2245 4552 2489 4614 argento,
2527 4540 2847 4605 unionibus,
2879 4538 3193 4609 hyacinthis
3226 4552 3290 4592 ac
3313 4536 3637 4606 smaragdis,

2072 4649 2137 4690 ac
2157 4634 2357 4690 deinde
2396 4645 2573 4689 vestes
2602 4632 2814 4701 regales
2850 4632 3061 4697 induta,
3094 4637 3369 4700 acceptam
3401 4630 3637 4699 viperam

2074 4726 2328 4782 mamilla:
2372 4725 2613 4782 sinistras
2639 4723 2875 4797 (scilicet
2906 4725 3126 4793 regione
3180 4722 3268 4777 illa
3302 4722 3466 4778 situm
3515 4735 3641 4776 esse

2075 4833 2174 4874 cor
2202 4817 2451 4887 noverat)
2489 4816 2755 4879 admovit,
2798 4816 3099 4886 statimque
3125 4824 3340 4870 mortua
3378 4822 3484 4867 est.
3510 4809 3639 4867 Visa

2078 4913 2171 4967 illa
2218 4914 2497 4982 Augustus
2542 4919 2655 4965 tum
2684 4909 2857 4979 ipsam
2885 4916 2998 4961 tum
3030 4908 3237 4963 factum
3271 4907 3444 4979 ipsius
3478 4906 3644 4961 mira-

2078 5012 2165 5060 tus
2199 5015 2308 5068 est,
2340 5003 2484 5072 quod
2513 5008 2747 5056 mortem
2780 5001 3031 5055 servituti
3079 5010 3134 5054 et
3167 4997 3482 5069 ignominia:
3509 5012 3646 5067 prat-

2078 5096 2315 5151 tulisset.
2352 5091 2559 5149 Ferunt
2584 5102 2766 5148 autem
2808 5093 3115 5161 Augustum
3152 5089 3426 5146 Caesarem
3462 5104 3644 5159 regem

2080 5190 2389 5258 ingressum
2428 5183 2729 5240 offendisse
2768 5184 2941 5252 ipsam
2980 5196 3243 5236 coronam
3287 5196 3441 5235 suam
3480 5196 3643 5235 manu

2081 5279 2332 5340 sinistra,
2374 5292 2443 5331 ne
2480 5277 2548 5330 de
2590 5276 2772 5345 capite
2807 5274 3125 5337 decideret,
3166 5279 3480 5337 tenentem,
3534 5288 3647 5341 quo

2082 5371 2253 5440 ipsam
2306 5368 2360 5422 in
2400 5381 2567 5436 regno
2614 5380 2717 5421 suo
2757 5365 3039 5420 sedentem
3100 5364 3388 5418 inveniret.
3436 5359 3646 5418 Ferunt

2082 5461 2173 5515 alii
2225 5460 2422 5530 ipsam,
2465 5472 2588 5513 cum
2625 5467 2855 5513 mortem
2891 5456 2995 5511 sibi
3041 5455 3389 5511 consciscere
3443 5456 3643 5520 veilet.

2084 5550 2310 5608 brachio
2359 5565 2460 5604 suo
2489 5550 2665 5601 cultro
2715 5548 2868 5617 prius
2904 5546 3077 5600 inciso
3102 5545 3239 5599 adeo
3270 5554 3328 5599 ut
3363 5545 3648 5615 egredere-

2086 5654 2175 5699 tur
2200 5640 2445 5713 sanguis,
2470 5638 2618 5696 virus
2650 5638 2873 5705 deinde,
2903 5637 3047 5709 quod
3078 5651 3245 5709 penes
3275 5637 3446 5705 ipsam
3479 5645 3645 5699 esset,
