4070 6152
390 287 497 349 979

1413 291 1782 358 EUTYCHII
1819 294 2361 360 ALEXANDRINI
2395 296 2616 358 PATR.

3544 292 3679 357 ςδο

386 408 614 456 vocatur
643 400 812 474 (unde
853 405 939 462 ille
985 406 1194 464 Pilatus
1236 406 1467 465 Pontius
1514 405 1953 476 denominatus),
1988 412 2034 472 Α
2064 410 2220 466 basta
2282 407 2701 473 transdxerunt.
2760 405 2904 464 unde
2942 408 3155 466 emuait
3204 421 3328 465 cum
3381 408 3631 477 sangniii

387 506 551 559 quem
590 490 791 551 Judara
831 496 1081 553 Archelai
1116 500 1237 555 loco
1271 500 1534 571 praefecit.

462 585 631 640 Porro
653 602 798 642 anno
834 591 982 661 regni
1013 590 1216 648 Tiberii
1250 594 1481 650 Caesaris
1510 592 1727 650 decimo
1753 590 1951 666 quinto

390 679 644 747 apparuit
694 677 936 738 Joannes
996 682 1277 741 Zachariae
1324 686 1470 742 illius
1538 687 1811 759 Baptista,
1865 685 1959 756 qui

391 770 557 844 316
581 771 801 831 Judteos
837 774 892 831 in
937 776 1181 835 Jordane
1222 780 1275 836 in
1325 790 1673 850 peccatorum
1709 780 1844 852 ipsis
1880 794 1957 834 reo

397 862 715 921 missionem
767 866 1104 941 baptizavit;
1153 873 1221 928 ad
1272 888 1434 944 quem
1481 889 1603 929 cum
1637 873 1963 930 accessisset

398 955 661 1015 Dominus
702 969 912 1029 noster,
956 965 1208 1035 etipsum
1258 965 1313 1021 in
1364 964 1605 1023 Iordane
1643 965 1963 1037 baptizavit,

398 1066 574 1106 annos
614 1060 727 1107 tum
766 1066 954 1108 natum
998 1058 1242 1126 triginta.
1281 1057 1520 1115 Herodes
1559 1070 1761 1123 autem,
1800 1056 1967 1113 Hero.

403 1145 488 1199 riis
524 1147 617 1200 lilii
649 1147 920 1219 Antipatri
958 1150 1122 1217 lilius,
1151 1152 1377 1208 dimissa
1408 1168 1578 1208 uxore
1611 1168 1712 1208 sua
1741 1152 1966 1208 nomine

402 1239 587 1301 Areto,
628 1238 768 1310 regis
813 1240 1051 1296 Arabum
1101 1240 1236 1314 [se],
1272 1242 1426 1310 juxta
1474 1242 1620 1297 aliud
1669 1245 1967 1314 exemplar,

407 1328 470 1384 Al
495 1328 688 1405 Gauri]
720 1332 853 1397 lilia,
882 1350 1106 1390 uxorem
1140 1337 1328 1391 fratris
1360 1338 1443 1391 sui
1476 1336 1726 1408 Philippi,
1753 1336 1973 1392 nomine

408 1415 797 1488 ilerodiadem,
839 1425 959 1493 ipso
1001 1425 1183 1481 adhuc
1230 1428 1376 1489 vivo,
1424 1428 1474 1482 vi
1520 1427 1753 1483 ablatam
1795 1424 1971 1482 duxit.

409 1513 553 1571 Dixit
610 1529 744 1587 ergo
791 1517 866 1573 illi
921 1515 1355 1576 Joanncszﬂon
1411 1521 1539 1576 licet
1594 1520 1690 1576 tibi
1752 1536 1974 1577 uxorem

408 1607 601 1665 fratris
654 1610 731 1665 tui
781 1610 902 1683 ipso
938 1613 1155 1669 vivente
1205 1614 1427 1669 ducere.
1478 1611 1659 1679 Quare
1708 1616 1882 1683 ipsum
1919 1614 1976 1669 in

406 1717 685 1759 carcerem
739 1704 936 1778 conjici
996 1704 1188 1776 jussit.
1240 1704 1381 1761 Cum
1436 1704 1634 1762 deinde
1687 1705 1978 1762 comitibus

409 1793 530 1850 suis
558 1795 867 1852 convivium
896 1797 1251 1854 instruxisset
1278 1796 1540 1857 Herodes.
1567 1800 1983 1856 comedentibus
2016 1771 2059 1827 B

412 1885 521 1941 illis
547 1895 603 1943 et
636 1887 969 1957 bibentibus,
1018 1890 1228 1947 saltans
1267 1890 1588 1948 Hcrodiadis
1621 1890 1730 1947 (ilia
1767 1892 1821 1946 in
1867 1906 1984 1947 me—

411 1981 505 2035 dio
533 1989 712 2036 cretus
746 1981 849 2051 ipsi
874 1984 1114 2050 placuit:
1144 1985 1232 2043 cui
1262 1984 1393 2041 ille:
1422 1983 1555 2041 Pete
1585 2000 1615 2040 a
1644 2000 1753 2050 me,
1786 1985 1985 2055 inquit,

412 2072 676 2146 quidquid
707 2076 805 2129 tibi
842 2076 1082 2133 libuerit.
1116 2077 1209 2133 illa
1242 2092 1370 2149 ergo
1402 2078 1560 2149 petiit
1591 2090 1650 2132 ttt
1682 2076 1788 2133 sibi
1819 2074 1988 2132 Joan-

415 2166 502 2223 nis
528 2176 693 2239 caput
730 2170 784 2225 in
835 2169 1019 2241 patina
1055 2169 1242 2239 daret;
1294 2186 1467 2243 quare
1502 2170 1616 2238 ille,
1656 2168 1867 2227 Joanne
1895 2170 1987 2228 dev

416 2260 604 2316 collari
638 2260 811 2329 iusso,
845 2273 1008 2333 caput
1042 2263 1216 2332 ipsius
1249 2264 1299 2320 ei
1342 2262 1589 2320 tradidit.
1619 2261 1770 2320 Uxor
1806 2271 1987 2318 autem

416 2355 593 2423 ipsius
637 2357 799 2413 Areta
847 2357 915 2413 ad
972 2365 1180 2427 patrem
1232 2372 1391 2412 suum
1425 2357 1719 2427 abill._qui
1766 2356 1993 2427 proinde

420 2441 853 2531 ira'cOmmotus,
880 2454 1054 2524 copiis
1086 2454 1202 2511 suis
1229 2453 1475 2509 collectis
1501 2461 1692 2508 contra
1726 2450 1993 2507 llerodcm

422 2545 717 2615 proiectus,
778 2546 1037 2617 belloque
1098 2545 1274 2616 ipsum
1324 2558 1659 2616 aggressus,
1715 2542 1993 2600 sociorum

421 2638 598 2707 ipsius
627 2639 831 2696 multos
868 2639 1091 2704 occidit,
1138 2639 1322 2709 (alios)
1359 2638 1606 2708 captivos
1636 2637 1801 2707 cepit,
1833 2636 1995 2709 oppi-

424 2735 510 2789 clis
561 2749 754 2790 eorum
805 2732 1070 2798 incensis,
1123 2734 1287 2806 idque
1337 2748 1482 2789 anno
1531 2732 1746 2801 imperii
1790 2728 1997 2786 Tiberii

423 2827 659 2882 Caesaris
680 2827 893 2882 decimo
922 2836 1137 2882 octavo.

496 2922 655 2972 Anno
702 2928 882 2973 autem
941 2919 1092 2987 regni
1148 2914 1403 2981 Herodis,
1459 2913 1550 2968 lilii
1604 2910 1856 2977 Herodis,
1905 2908 2000 2966 (iiii

428 3010 723 3078 Antipatri,
755 3007 1017 3062 vicesimo
1061 3022 1230 3070 nono,
1275 3006 1575 3062 cruciﬁxus
1614 3012 1697 3059 est
1742 3001 2002 3057 Dominus

430 3113 615 3157 uoster
645 3097 895 3156 Christus
936 3100 1022 3153 die
1056 3097 1283 3153 Veneris
1312 3097 1517 3153 mensis
1561 3099 1602 3150 A
1626 3100 1703 3150 lar
1736 3095 1800 3146 vi
1822 3094 1997 3159 esimo
2021 3083 2065 3141 ε

431 3193 616 3258 tertio,
642 3189 954 3246 Bormabati
976 3190 1234 3245 vicesimo
1250 3189 1507 3257 septimo,
1531 3184 1894 3258 317-319
1919 3183 2001 3239 id-

432 3300 539 3355 que
560 3286 662 3339 hoc
686 3293 846 3355 pacto
878 3300 893 3337 :
934 3281 1163 3336 Domino
1189 3289 1379 3337 nostro
1402 3280 1621 3335 Christo
1647 3277 1855 3332 Pascha
1876 3290 2002 3330 cum

431 3376 715 3449 discipulis
752 3376 867 3431 suis
890 3374 1227 3437 celebrante,
1259 3371 1326 3427 ad
1365 3382 1578 3427 noctem
1616 3368 1722 3425 diei
1750 3366 2001 3432 Veneris,

433 3473 524 3541 qui
570 3469 690 3527 dies
726 3468 1010 3524 Paschatis
1059 3467 1182 3531 fuit,
1232 3464 1424 3521 abiens
1453 3480 1483 3518 e
1516 3461 1802 3532 discipulis
1833 3459 2004 3532 ipsius

434 3562 651 3635 quidam
682 3561 899 3617 nomine
925 3560 1092 3615 Judas
1116 3558 1401 3614 lscariotes
1419 3557 1559 3611 dixit
1595 3554 1801 3612 Judmis
1826 3571 1840 3607 :
1861 3552 2002 3622 Quid

439 3655 569 3712 mihi
601 3655 824 3720 dabitis,
870 3666 931 3710 ut
974 3654 1068 3708 ubi
1101 3655 1174 3709 sit
1205 3653 1295 3709 ille
1337 3652 1492 3707 vobis
1524 3650 1757 3706 indicem
1789 3648 1813 3701 ’ἰ
1846 3663 2001 3705 cum-

437 3768 542 3821 quo
570 3750 647 3805 illi
681 3750 905 3819 triginta
941 3756 1228 3818 argenteos
1257 3746 1358 3814 ipsi
1391 3745 1689 3805 dedissent.
1717 3742 1810 3796 ille
1840 3748 2004 3796 noctu

439 3844 564 3897 illos
594 3843 650 3897 in
694 3843 874 3896 locum
911 3840 1001 3896 ubi
1043 3838 1202 3896 Jesus
1231 3853 1356 3892 cum
1391 3835 1680 3907 discipulis
1729 3835 1845 3890 suis
1879 3832 2001 3896 fuit,

441 3932 685 3989 adduxit.
718 3930 796 3986 Illi
828 3946 960 3999 ergo
1012 3932 1191 3999 ipsum
1242 3926 1574 3999 prehensum
1630 3924 1696 3979 ad
1729 3922 2008 3993 principes

440 4043 569 4081 suos
610 4026 821 4080 Annam
864 4033 919 4077 et
963 4022 1227 4091 Caipham
1283 4018 1599 4075 sacerdotes
1638 4016 2007 4080 abduxerunt,

440 4120 534 4191 qui
582 4122 759 4189 ipsum
799 4115 1129 4171 custoditum
1180 4113 1268 4168 die
1317 4112 1562 4167 crastino
1600 4108 1775 4163 Pilato
1816 4106 2011 4163 Pontio

444 4215 698 4288 praelecto
732 4211 1095 4268 tradiderunt.
1143 4209 1245 4277 Qui
1283 4225 1406 4263 eum
1440 4208 1577 4262 nihil
1605 4215 1798 4263 contra
1831 4206 2009 4273 ipsum

447 4309 738 4379 probatum
789 4306 1084 4364 inveniret.
1120 4302 1258 4360 dixit
1293 4303 1399 4356 illis
1430 4318 1444 4355 :
1477 4300 1619 4368 Quid
1648 4300 1717 4355 de
1756 4298 1859 4353 hoc
1893 4296 2012 4350 viro

442 4401 643 4469 dicitis,
654 4402 778 4466 hoc,
798 4400 1044 4468 inquam,
1062 4410 1187 4467 rege
1202 4392 1547 4449 Judaorum‘l
1569 4390 2007 4461 Responderunt:

444 4496 560 4549 Non
586 4503 668 4549 est
684 4490 843 4547 nobis
866 4505 959 4544 rex
990 4496 1185 4558 praeter
1210 4484 1501 4541 Czesarem.
1526 4482 1669 4537 Dixit
1689 4479 1797 4537 illis
1822 4496 1839 4534 :
1862 4476 2006 4544 Quid

443 4603 572 4660 ergo
586 4586 709 4642 huic
725 4585 917 4640 faciam
930 4581 1231 4639 ?Dixerunt
1243 4579 1319 4634 illi
1340 4596 1357 4634 :
1378 4575 1643 4645 Crucilige
1663 4590 1787 4631 eum
1804 4588 1821 4643 ;
1840 4573 2012 4643 siquis

444 4684 567 4737 dcm
596 4679 906 4749 religionem
926 4685 1195 4739 nostram,
1217 4671 1465 4741 corrupit
1492 4685 1555 4725 ac
1576 4671 1748 4740 legem
1766 4672 2011 4724 nostram

446 4771 629 4835 solvit,
657 4785 717 4828 se
754 4766 845 4822 Dei
878 4765 1077 4821 Filium
1109 4779 1233 4819 esse
1254 4771 1583 4832 praetexens.
1609 4757 1857 4815 Metuens
1886 4771 2015 4827 ergo

448 4866 551 4919 hoc
582 4860 821 4933 {audito}
843 4859 1070 4923 Pilatus,
1089 4856 1341 4912 manibus
1366 4852 1481 4910 suis
1504 4868 1642 4922 aqua
1665 4850 1890 4911 ablutis.
1908 4865 1967 4905 se
1984 4864 2014 4904 a

447 4959 713 5027 sanguine
745 4955 917 5022 ipsius
960 4951 1243 5006 innoxium
1286 4946 1682 5017 pronuntiavit,
1713 4944 2018 5000 inclaman-

448 5050 593 5104 tibus
623 5047 830 5102 Iudicis
857 5044 1176 5112 sanguinem
1204 5040 1325 5108 ejus
1363 5054 1531 5109 super
1560 5038 1709 5109 ipsos
1740 5036 2016 5108 ipsorum-

447 5156 552 5212 que
583 5141 785 5196 liberos
827 5136 1096 5195 futurum.
1141 5132 1279 5188 Tum
1320 5132 1562 5202 cruciﬁgi
1597 5132 1774 5203 ipsum
1801 5130 2013 5198 jussit;

451 5249 665 5303 unaque
702 5230 949 5287 cruciﬁxi
995 5239 1123 5283 sunt
1159 5227 1269 5279 duo
1299 5220 1564 5287 latrones,
1597 5236 1741 5277 unus
1773 5222 1840 5275 ad
1883 5221 2018 5276 dex-

451 5337 590 5380 tram
640 5325 835 5394 ipsius.
881 5322 1017 5379 alter
1068 5319 1135 5384 ad
1190 5318 1493 5377 sinistram,
1536 5315 1666 5369 hora
1713 5322 1863 5371 sexta
1911 5313 2020 5370 diei

450 5416 722 5482 Veneris;
757 5416 989 5476 tenebras
1022 5424 1203 5468 autem
1243 5424 1446 5466 crassa:
1486 5407 1663 5465 instar
1692 5409 1870 5475 noctis
1913 5415 2023 5461 ter-

454 5524 570 5565 ram
619 5516 786 5562 totam
832 5506 1178 5565 obtexerunt.
1210 5503 1537 5582 obscuratus
1580 5502 1678 5557 fuit
1723 5502 2023 5574 501.320

455 5611 822 5674 apparuerunt
885 5600 1073 5666 stellae,
1115 5596 1257 5654 ﬁssa:
1297 5604 1427 5653 sunt
1476 5604 1662 5667 petrae,
1715 5598 2024 5667 mortuique

452 5698 762 5766 complures
810 5708 842 5749 e
872 5690 1138 5762 sepulcris
1181 5689 1299 5746 suis
1329 5699 1771 5745 resurrcxerunt.
1808 5687 2022 5745 Mortuo

455 5803 582 5844 vero
611 5785 840 5845 Domino
872 5792 1061 5841 nostro
1103 5781 1325 5841 Christo
1355 5783 1409 5840 in
1444 5797 1642 5853 cruce,
1677 5782 1819 5839 latus
1848 5780 2021 5853 ipsius

2074 518 2241 573 aqua.
2296 501 2428 557 Post
2473 510 2707 559 mortem
2762 501 2936 573 ipsius
2975 500 3248 558 accedens
3297 499 3383 555 vir
3426 499 3680 571 quidam

2069 598 2297 653 nomine
2345 596 2640 669 Josepbus,
2693 611 2815 651 cum
2868 596 2986 652 dari
3037 597 3142 654 sibi
3196 594 3371 667 ipsum
3405 610 3435 648 a
3472 592 3674 647 Pilato

2065 689 2331 761 petiisset.
2365 705 2395 746 e
2442 705 2609 746 cruce
2640 688 2975 761 depositum.
3019 689 3309 758 linteisque
3347 687 3677 743 involutum

2065 784 2121 838 in
2157 790 2518 839 monumento
2554 788 2698 837 novo
2738 779 2885 851 quod
2920 780 3023 836 sibi
3058 779 3347 841 cdoderst,
3382 776 3678 847 sepelivit.

2065 876 2253 946 lapide
2284 877 2488 931 ostium
2522 876 2642 944 ejus
2671 876 2991 932 obstruent.
3021 872 3116 931 Die
3145 874 3388 928 crastino
3422 882 3678 939 congre-

2067 970 2174 1039 gati
2209 966 2353 1036 apud
2386 966 2621 1021 Pilatum
2651 964 2848 1032 Judaei,
2887 966 3148 1022 dixerunt
3188 965 3295 1021 illis
3332 984 3345 1021 :
3375 963 3683 1017 Timemus

2072 1081 2137 1121 ne
2174 1078 2338 1122 noctu
2396 1069 2720 1120 accedentes
2768 1063 3023 1136 discipuli
3065 1063 3207 1135 ejus,
3249 1076 3450 1130 corpus
3480 1059 3683 1130 ipsius

2072 1157 2435 1223 sull‘ureutur,
2470 1158 2768 1227 dicuntque
2816 1155 3131 1213 hominibus
3178 1154 3360 1225 ipsum
3410 1153 3465 1207 in
3512 1151 3674 1206 vivis

2072 1267 2215 1308 esse.
2253 1248 2391 1307 Jube
2430 1265 2561 1322 ergo
2593 1250 2868 1322 obsignari
2917 1247 3156 1318 lapidem
3187 1249 3282 1317 qui
3317 1244 3383 1301 ad
3425 1242 3681 1316 scpuirri

2072 1345 2273 1401 ostium
2313 1352 2417 1399 est.
2467 1342 2773 1415 Respondit
2815 1343 2954 1414 ipsis
2996 1339 3250 1396 Pilatus:
3285 1339 3463 1401 Abite,
3500 1335 3687 1391 facile

2074 1437 2223 1507 quod
2284 1437 2440 1494 vobis
2478 1437 2657 1493 visum
2722 1434 2908 1493 fuerit.
2968 1432 3050 1490 illi
3104 1447 3237 1506 ergo
3288 1432 3687 1503 speculatores

2076 1533 2342 1603 quosdam
2402 1530 2682 1587 adhibitos
2738 1530 2805 1586 ad
2866 1528 3180 1600 sepulcrum
3236 1522 3685 1586 custodiendum

2079 1627 2447 1689 collocarunt,
2485 1623 2886 1694 obsignatoque
2916 1621 3092 1693 lapide
3125 1619 3334 1676 reversi
3372 1626 3525 1674 sunt.
3553 1614 3687 1670 hle-

2084 1714 2174 1768 dia
2221 1712 2425 1771 deinde
2467 1722 2627 1768 nocte
2657 1713 2747 1768 die
2779 1712 2978 1784 primo,
3020 1724 3145 1769 cum
3177 1708 3505 1766 accederent
3539 1723 3687 1761 mu-

2087 1809 2249 1863 lieres
2277 1808 2524 1876 qumdam
2565 1817 2813 1861 aromata
2846 1814 2898 1861 et
2926 1804 3283 1877 thymiamata
3321 1815 3508 1859 secum
3533 1797 3689 1854 ισο-

2088 1911 2271 1958 rentes
2293 1899 2498 1970 quibus
2528 1897 2839 1969 sepulcrum
2874 1896 3143 1963 suﬂirent,
3178 1910 3308 1952 ecce
3341 1891 3572 1963 angelus
3607 1897 3692 1947 de

2088 1992 2231 2049 caelo
2249 1992 2590 2048 descendens
2609 1991 2790 2061 lapide
2809 2006 2837 2045 a
2866 1989 3203 2045 monumenti
3225 1988 3369 2044 ostio
3389 1985 3687 2047 devoluta.

2092 2084 2194 2156 ipsi
2224 2083 2494 2141 insidebat
2519 2103 2535 2152 ;
2564 2085 2657 2155 qui
2691 2084 2825 2155 ipsis
2848 2082 2985 2138 dixit
3015 2100 3031 2139 ς
3066 2079 3145 2135 Ne
3178 2080 3386 2148 timete,
3409 2076 3689 2136 surrexit.

2093 2178 2270 2236 Dicite
2311 2188 2492 2234 autem
2524 2178 2813 2249 discipulis
2844 2178 2968 2246 ejus
2997 2185 3058 2231 ut
3086 2175 3143 2231 in
3177 2182 3416 2230 montem
3439 2170 3693 2229 Galilax

2094 2271 2535 2343 proﬁciscantur,
2570 2270 2644 2327 ibi
2688 2269 2832 2326 enim
2880 2269 3062 2339 ipsum
3099 2266 3450 2323 convenient.
3485 2261 3693 2319 Profe-

2093 2376 2199 2421 cL'e
2228 2380 2361 2438 ergo
2393 2364 2654 2421 mulieres
2688 2362 2754 2418 ad
2794 2362 3117 2435 discipulos,
3154 2361 3271 2416 hare
3304 2357 3439 2430 ipsis
3469 2371 3687 2413 renuu-

2098 2460 2327 2516 tiarunt.
2377 2457 2730 2531 321-323
2788 2458 3065 2514 Satellitcs
3118 2464 3303 2511 autem
3347 2452 3441 2525 qui
3480 2466 3691 2508 monu-

2100 2560 2341 2607 mentum
2364 2549 2769 2613 custodierunt,
2797 2547 2852 2601 iu
2879 2545 3078 2601 faciem
3114 2559 3297 2607 suam,
3326 2549 3684 2597 mortuarum

2100 2643 2295 2713 instar,
2324 2650 2623 2715 conspecto
2660 2639 2851 2712 angelo
2885 2646 2939 2695 et
2972 2636 3103 2707 quid
3162 2634 3391 2697 faceret,
3431 2630 3690 2701 procide-

2099 2744 2250 2792 runt.
2290 2738 2366 2792 Ac
2398 2750 2558 2790 mane
2583 2733 2814 2807 proiecti
2855 2730 3082 2799 .ludmis,
3111 2727 3243 2801 quid
3279 2725 3415 2799 ipsis
3445 2720 3690 2779 accidis-

2101 2829 2659 2896 set,annuntiarunt;
2687 2826 2779 2899 qui
2810 2826 2918 2881 illis
2947 2825 3071 2880 data
3105 2821 3333 2893 pecunia
3365 2818 3628 2873 dixerunt
3662 2828 3687 2870 :

2104 2918 2163 2975 Si
2199 2921 2327 2991 quis
2379 2920 2447 2977 de
2493 2918 2599 2974 hoc
2633 2934 2731 2975 vos
2767 2915 3209 2983 interrogat-erit,
3248 2909 3413 2967 dicite
3440 2906 3570 2978 ipsi,
3600 2904 3693 2959 di-

2106 3012 2348 3082 scipulos
2401 3012 2574 3080 ipsius
2624 3011 2802 3081 ipsum
2848 3008 2996 3064 furto
3045 3004 3363 3062 abstulisse.
3418 2996 3691 3069 Discipuli

2106 3120 2237 3161 vero
2280 3089 2335 3159 in
2368 3102 2607 3159 Galilzeie
2653 3112 2912 3158 montana
2960 3099 3214 3171 proiecti,
3265 3096 3339 3153 ibi
3389 3095 3690 3151 Dominum

2104 3208 2354 3254 nostrum
2381 3193 2664 3252 Christum
2708 3197 3112 3258 convenerunt,
3159 3188 3253 3261 qui
3290 3187 3425 3258 ipsis
3458 3184 3694 3242 benedi-

2102 3305 2237 3347 cens
2275 3292 2330 3346 in
2384 3288 2652 3345 mundum
2700 3288 2869 3353 misit,
2913 3294 2974 3342 ut
3024 3284 3280 3340 homines
3318 3281 3386 3336 ad
3434 3280 3596 3336 iidem
3629 3280 3689 3333 in

2102 3384 2345 3450 Patrem,
2376 3381 2603 3447 Filium,
2647 3387 2701 3435 et
2732 3377 2996 3450 Spiritum
3046 3383 3303 3429 sanctum
3352 3371 3681 3427 invitarent.

2104 3474 2245 3531 Tum
2295 3482 2419 3545 post
2472 3470 2838 3543 quadraginta
2894 3468 3013 3524 dies
3059 3466 3115 3523 in
3156 3464 3359 3520 cretum
3406 3461 3689 3520 ascendit.

2106 3582 2279 3623 annos
2307 3565 2518 3620 habens
2541 3560 2765 3633 triginta
2800 3570 2935 3615 tres.
2965 3556 3170 3613 Deinde
3202 3565 3324 3625 post
3349 3552 3537 3609 decem
3566 3551 3692 3608 dies

2106 3658 2452 3733 congregatis
2481 3654 2766 3724 discipulis
2802 3653 2857 3708 in
2885 3648 3171 3707 ctenaculo
3199 3645 3426 3702 Sihonis
3454 3643 3693 3700 descen-

2110 3758 2189 3814 dit
2224 3757 2279 3812 in
2308 3757 2460 3826 ipsos
2498 3752 2739 3823 Spiritus
2777 3755 3024 3812 sanctus,
3054 3744 3192 3799 adeo
3224 3750 3284 3797 ut
3317 3738 3577 3795 omnibus
3610 3738 3692 3791 ιο.

2110 3856 2413 3920 querentur
2445 3844 2667 3916 linguis.
2706 3838 2966 3911 Discipuli
3000 3846 3183 3893 autem
3221 3830 3469 3903 quotidie
3502 3831 3692 3920 sepqu

2109 3918 2263 3995 crum
2290 3948 2345 3996 et
2374 3939 2556 3994 locum
2610 3932 2791 3990 crucis
2832 3930 3078 3987 adibant.
3124 3927 3190 3981 At
3214 3923 3385 3980 Jmlmi
3410 3923 3527 3978 viso
3555 3918 3688 3989 quid

2111 4033 2355 4089 fecerunt
2376 4026 2655 4101 discipuli,
2682 4026 2964 4087 dixerunt,
2989 4019 3165 4076 Locus
3189 4018 3291 4071 iste
3314 4031 3423 4070 non
3448 4014 3693 4070 occulta-

2111 4126 2280 4189 bitur,
2325 4121 2679 4191 futurumque
2708 4124 2796 4173 est
2840 4114 2985 4170 utin
3035 4112 3155 4183 ipso
3190 4103 3485 4181 [erigatur]
3517 4101 3684 4159 artill-

2111 4215 2289 4283 cium;
2336 4213 2561 4286 pulvere
2601 4224 2734 4282 ergo
2778 4205 3033 4262 obrutum
3073 4200 3417 4272 obtegamus,
3452 4210 3521 4250 ne
3562 4194 3690 4265 quis

2114 4313 2291 4382 ipsum
2312 4305 2638 4379 conspiciat,
2660 4309 2757 4360 aut
2778 4300 2948 4357 ullum
2975 4296 3076 4369 ipsi
3102 4292 3390 4363 vestigium
3416 4288 3685 4360 supersit;

2117 4402 2359 4475 quandiu
2390 4397 2534 4457 enim
2568 4396 2821 4453 homines
2857 4390 3171 4463 sepulcrum
3199 4398 3431 4439 vacuum
3457 4395 3688 4452 conspe-

2120 4495 2323 4559 xerint,
2373 4490 2635 4549 credituri
2692 4482 2843 4554 sunt,
2890 4500 2955 4542 ac
3002 4484 3162 4541 (idem
3210 4476 3531 4541 adhibituri,
3565 4478 3694 4546 ‘quo

2116 4597 2280 4660 pacto
2333 4583 2688 4658 abrogabitur
2745 4579 2908 4639 nobis
2965 4577 3162 4648 religio
3220 4583 3431 4630 nostra.
3487 4568 3689 4660 Locum

2113 4658 2243 4745 ergo
2270 4673 2496 4746 pulvere
2548 4673 2901 4737 obtexerunt,
2949 4668 3088 4723 adeo
3124 4674 3186 4721 ut
3233 4676 3494 4735 magnum
3543 4658 3695 4715 lierct

2114 4767 2535 4824 stercorarium.

2188 4861 2357 4914 Porro
2382 4855 2590 4911 Pilatus
2611 4850 2893 4909 Tiberium
2925 4864 3105 4921 regem
3132 4848 3198 4902 de
3226 4847 3389 4901 rebus
3420 4843 3485 4897 ad
3519 4838 3699 4897 Domi-

2118 4967 2247 5005 num
2298 4954 2549 5006 nostrum
2588 4945 2872 5001 Christum
2922 4939 3298 5014 spectantibus
3346 4953 3441 5007 per
3489 4935 3697 4989 litteras

2118 5043 2283 5116 325
2310 5042 2603 5099 certiorem
2628 5038 2781 5105 fecit,
2808 5052 2911 5093 nec
2940 5051 3049 5091 non
3079 5034 3148 5088 de
3180 5030 3471 5102 discipulis
3503 5028 3696 5099 ipsius.

2119 5137 2417 5208 multisque
2473 5149 2599 5206 qua:
2652 5133 2724 5188 ab
2782 5131 2921 5202 ipsis
2979 5136 3339 5199 patrarentur
3393 5124 3697 5187 miraculis,

2118 5239 2351 5301 atgrotos
2382 5227 2651 5301 sanando.
2699 5234 2945 5279 mortuos
2993 5216 3373 5276 resuscitando
3403 5233 3417 5280 ;
3449 5214 3541 5284 qui
3578 5228 3700 5285 pro-

2121 5334 2307 5395 pterea
2344 5321 2401 5377 in
2432 5318 2708 5375 Christum
2733 5316 3026 5372 Dominum
3059 5321 3309 5367 nostrum
3348 5308 3573 5366 credere
3606 5322 3699 5362 vo-

2120 5414 2245 5479 luit,
2272 5430 2336 5469 ac
2361 5412 2679 5485 religionem
2707 5408 3076 5463 Christianam
3113 5403 3394 5474 publicare
3419 5417 3435 5467 ;
3460 5410 3514 5454 at
3544 5398 3695 5468 sequi

2125 5506 2181 5561 in
2215 5509 2319 5560 hoc
2351 5506 2535 5576 ipsum
2566 5503 2861 5557 noluerunt
2891 5501 3119 5554 comites
3147 5497 3343 5565 ipsius.
3375 5492 3572 5549 Herodi
3603 5506 3701 5548 au-

2124 5605 2234 5653 tem
2268 5596 2441 5650 iratus
2474 5603 2583 5658 est,
2626 5592 2771 5664 quod
2808 5590 3103 5656 Joannem,
3155 5586 3480 5643 Herodiadis
3513 5583 3698 5640 fratris

2126 5688 2210 5746 sui
2236 5686 2425 5743 uxoris
2459 5686 2661 5756 gratia.
2699 5682 3091 5748 interiecisset,
3119 5689 3173 5739 et
3206 5696 3332 5735 cum
3367 5678 3506 5749 ipsa,
3537 5677 3615 5732 illi
3645 5676 3697 5733 vi

2127 5782 2333 5847 ablata,
2374 5787 2624 5851 stuprum
2657 5776 3049 5840 commisisset,
3083 5773 3342 5846 quodque
3388 5772 3455 5830 de
3479 5768 3698 5828 Christo
