4070 6152
408 381 517 440 981

413 581 469 632 in
504 578 821 649 Hispaniam
856 578 1140 647 relegavit,
1178 579 1504 648 prmfcctura
1541 581 1716 650 ipsius
1759 580 1812 635 in
1847 581 1994 635 Pila-

413 681 529 724 tum
558 672 778 726 collata.
808 669 884 723 Eo
913 681 1173 742 regnante
1208 673 1428 727 condita
1459 682 1542 728 est
1570 673 1702 729 urbs
1725 671 2000 736 Tiberius.

414 765 492 818 ita
524 764 593 821 de
644 767 858 819 nomine
893 765 1099 822 Tiberii
1140 768 1487 839 imperatoris
1525 767 1823 841 appellata.
1854 765 2003 825 Obiit

413 856 614 913 deinde
674 856 925 914 Tiberius
972 859 1178 925 Caisar,
1238 873 1527 931 postquam
1582 876 1757 917 armos
1808 861 2001 933 viginti

414 953 579 1010 duos.
614 966 677 1006 ac
708 966 950 1006 mensem
990 968 1157 1007 unum
1209 964 1493 1024 regnasset
1527 970 1544 1010 ι
1579 965 1842 1024 regnante
1878 962 2003 1025 post

414 1044 596 1111 ipsum
657 1040 791 1098 Caio
841 1040 1082 1107 Cas-are.
1139 1057 1314 1100 annos
1368 1054 1607 1115 quatuor
1646 1058 1773 1100 cum
1826 1045 2002 1102 tribus

417 1135 724 1201 mensibus,
759 1135 877 1190 viro
928 1136 1170 1191 moribus
1218 1136 1371 1200 feris.
1421 1139 1683 1207 superbo.
1733 1153 1797 1193 ac
1846 1135 2003 1194 valde

416 1245 676 1302 nequam.
719 1229 817 1284 Hie
872 1228 1104 1286 Pilatum
1160 1230 1391 1288 Romam
1446 1233 1777 1291 accersitum
1823 1241 2005 1289 morte

418 1325 695 1380 multavit.
735 1326 979 1396 Prolapsi
1012 1334 1198 1381 autem
1231 1324 1402 1381 Judaei
1436 1325 1504 1383 ad
1541 1326 1807 1397 majorem
1836 1343 2002 1397 quam

417 1432 529 1487 qua
578 1428 737 1473 antea
790 1418 1005 1473 fuerant
1038 1420 1360 1491 nequitiam,
1391 1435 1516 1475 cum
1554 1421 1607 1477 in
1642 1420 1791 1490 ipsos
1824 1420 2000 1475 irrue-

420 1517 545 1563 rent
580 1506 838 1575 Romani,
874 1526 1125 1579 magnam
1180 1526 1370 1566 eorum
1403 1522 1639 1583 stragem
1673 1512 2002 1579 ediderunt;

415 1603 581 1671 cujus
604 1616 730 1658 cum
758 1604 826 1658 ad
857 1602 1049 1665 Caium
1080 1602 1356 1660 Caesarem
1390 1605 1781 1675 imperatorem
1809 1621 2005 1677 perve-

416 1694 592 1749 nisset
626 1693 793 1761 fama,
818 1695 911 1751 ille
940 1710 1165 1749 sourum
1189 1696 1501 1764 quemdam.
1534 1697 1755 1751 nomine
1779 1695 2002 1753 lrudum

416 1782 720 1838 Aristobuli
769 1783 1084 1854 lilium,qui
1125 1794 1184 1839 ct
1231 1785 1507 1855 Agrianos
1554 1789 1868 1858 appellatus
1895 1799 2001 1857 est,

416 1875 817 1951 Hierosolymis
844 1875 1112 1946 praefecit.
1163 1877 1364 1933 additis
1395 1879 1559 1933 etiam
1592 1890 1833 1949 quatuor
1874 1897 2007 1953 pro-

416 1969 620 2027 vinciis
650 1985 792 2041 quas
838 1969 1097 2037 Herodis,
1140 1971 1233 2026 lilii
1277 1970 1578 2043 Antipatri,
1619 1973 1716 2028 lilii
1756 1975 1901 2033 inter
1943 1992 2005 2034 se

416 2062 603 2133 partiti
665 2062 1028 2135 335-327
1076 2063 1316 2120 fuerant.
1377 2063 1504 2120 Fuit
1566 2066 1843 2137 Agrianus
1902 2068 2005 2126 iste

415 2166 600 2219 pravae
653 2154 1115 2220 conversationis.
1164 2168 1230 2210 ac
1282 2154 1465 2211 multa
1519 2157 1746 2213 malitiae
1802 2160 1904 2226 vir.
1948 2159 2002 2216 in

417 2245 720 2317 discipulos
772 2245 1154 2303 crudelitatem
1205 2246 1542 2323 [exercens].
1591 2250 1687 2306 ille
1730 2263 1873 2317 erat,
1908 2254 2002 2325 qui

417 2339 756 2412 Stephanum
795 2349 1089 2412 martyrem
1123 2352 1179 2398 et
1208 2343 1563 2401 diaconorum
1595 2345 1906 2417 principem
1934 2363 2001 2403 ac

414 2435 655 2507 primum
684 2436 957 2505 lapidibus
980 2437 1237 2492 obrutum
1274 2437 1587 2507 interfecit;
1619 2445 1822 2511 quique
1844 2438 2005 2499 Jaco-

414 2528 547 2584 bum
569 2525 801 2585 Joannis
821 2528 1044 2585 fratrem
1069 2529 1311 2586 Zebcdaei
1334 2531 1503 2586 tilium
1531 2532 1715 2605 gladio
1736 2533 2001 2604 sustulit;

414 2622 749 2693 Petrumque
781 2624 836 2677 in
868 2638 1150 2681 carcerem
1185 2624 1498 2692 conjectum
1529 2640 1563 2683 e
1592 2625 1777 2683 medio
1806 2626 2001 2683 tollere

415 2716 471 2771 in
503 2716 688 2772 animo
720 2717 935 2783 habuit,
972 2734 1134 2790 quem
1166 2727 1349 2774 tamen
1382 2734 1486 2789 ope
1516 2734 1615 2773 sua
1650 2718 1798 2775 Deus
1823 2736 1854 2777 e
1885 2736 2002 2775 ma-

415 2812 582 2869 nibus
602 2811 720 2881 ejus
742 2813 947 2881 eripuit
972 2830 987 2878 ;
1022 2816 1116 2881 qui
1142 2816 1209 2868 ab
1238 2815 1357 2880 ipso
1386 2812 1729 2870 Antiochiam
1760 2814 1997 2887 fugiens.

414 2903 711 2961 Arcadium
760 2905 1069 2960 Antiochia!
1117 2906 1487 2975 patriarcham
1539 2906 1853 2971 constituit.
1908 2907 1997 2962 cui

416 3014 595 3057 annos
621 2997 811 3069 viginti
849 3008 1059 3069 septem
1095 2998 1334 3069 praefuit.
1367 3002 1546 3069 Atque
1575 3000 1669 3054 hic
1698 3001 1911 3069 primus
1942 2999 1997 3056 in

414 3093 550 3150 urbe
573 3092 881 3148 Antiochiae
918 3092 1226 3163 patriarcha
1257 3092 1436 3149 factus
1458 3102 1563 3149 est.
1598 3092 1887 3150 Proiectus
1913 3102 1997 3150 est

1865 374 2233 435 ANNALES.

410 484 683 541 crucifixo
717 484 939 551 gaxisus
976 494 1153 541 esset:
1190 502 1359 554 quare
1408 484 1637 555 Romam
1678 488 2003 541 accersitum
2040 482 2079 536 A
2111 483 2460 542 Antiochiam
2488 526 2502 548 ,

2577 486 2716 542 alios
2779 486 3004 540 Romam
3070 485 3315 557 captivos
3381 483 3681 540 abduceus.

2181 576 2352 634 Porro
2397 593 2541 633 anno
2588 576 2802 636 Claudii
2852 576 3089 634 Caesaris
3137 593 3306 641 nono,
3352 576 3683 645 evangelista

2111 667 2327 727 Marcus
2357 671 2412 726 in
2464 670 2601 727 urbe
2647 671 2988 728 Alexandria:
3036 670 3286 726 homines
3334 670 3400 723 ad
3435 669 3593 724 iidem
3634 673 3685 723 in

2109 762 2395 821 Christum
2430 762 2719 819 Dominum
2768 772 3017 818 nostrum
3069 761 3316 817 inritavit
3359 780 3370 815 :
3425 762 3525 830 qui
3559 760 3684 814 dum

2109 856 2303 913 urbem
2342 857 2745 928 perambularet
2779 857 3032 914 diﬂrocta
3080 867 3167 914 est
3208 857 3310 927 ipsi
3356 855 3524 911 calcei
3562 872 3687 909 cor-

2109 949 2289 1022 rigia;
2323 964 2493 1021 quare
2525 951 2591 1006 ad
2610 958 2855 1008 sutorem
2889 952 3109 1008 nomine
3130 951 3434 1007 llauaniam
3469 968 3527 1005 se
3560 963 3691 1005 cou-

2106 1044 2251 1111 tulit,
2284 1046 2377 1116 qui
2413 1046 2657 1101 calceum
2702 1045 2877 1116 ipsius
2924 1044 3192 1102 reﬁceret.
3236 1044 3333 1101 Ille
3374 1044 3568 1100 subula
3622 1043 3689 1096 ad

2112 1136 2501 1208 perforandum
2538 1137 2784 1194 calceum
2817 1143 3060 1209 sumpta.
3095 1150 3220 1193 cum
3261 1135 3491 1206 digitum
3528 1150 3689 1190 suum

2110 1230 2472 1301 perforasset.
2526 1229 2665 1287 adeo
2708 1238 2770 1287 ut
2824 1231 3057 1285 multum
3101 1228 3349 1285 elllueret
3402 1226 3692 1298 sanguinis

2111 1337 2213 1379 nec
2241 1322 2364 1382 sine
2419 1321 2608 1380 dolore
2638 1322 2863 1394 ingenti.
2895 1324 2948 1379 in
2986 1321 3228 1378 Marcum
3271 1320 3691 1379 suhmurmura-

2109 1414 2189 1472 vit
2221 1429 2235 1469 ε
2274 1414 2363 1473 cui
2396 1430 2528 1487 ergo
2568 1415 2787 1473 Marcus
2825 1434 2841 1473 :
2873 1413 2932 1473 Si
2973 1413 3297 1477 credideris.
3327 1412 3687 1486 329-331

2111 1508 2313 1578 inquit,
2347 1508 2402 1563 in
2443 1506 2631 1566 Iesum
2667 1509 2949 1567 Christum
3000 1507 3199 1566 Filium
3242 1508 3359 1575 Dei,
3408 1508 3694 1594 sanabitur

2110 1600 2317 1671 digitus
2348 1611 2477 1660 tuos
2516 1619 2531 1658 :
2564 1618 2628 1658 ac
2669 1604 2946 1674 prehenso
2983 1602 3163 1673 ipsius
3199 1601 3391 1673 digito.
3423 1597 3692 1658 dixittin

2112 1694 2335 1752 nomine
2359 1694 2491 1753 Jesu
2522 1694 2731 1752 Christi
2755 1703 2983 1753 sanetur
3010 1696 3218 1769 digitus
3246 1707 3371 1780 tuus
3395 1709 3414 1763 ;
3436 1693 3527 1765 qui
3556 1707 3691 1759 ergo

2110 1786 2303 1841 eodem
2350 1794 2634 1843 momento
2672 1786 2726 1841 in
2769 1787 3064 1843 sanitatem
3108 1786 3398 1841 restitutus
3427 1791 3529 1845 est.
3565 1798 3691 1839 san—

2111 1875 2277 1948 guine
2308 1876 2548 1948 amplius
2595 1892 2702 1935 non
2734 1876 3010 1935 eﬂluente.
3065 1874 3310 1931 Credidit
3344 1889 3475 1945 ergo
3509 1875 3576 1931 ab
3610 1891 3691 1931 eo

2108 1978 2357 2043 tempore
2411 1970 2689 2028 ilananias
2735 1970 2790 2027 in
2844 1969 3149 2037 Christum,
3205 1968 3348 2025 unde
3390 1967 3690 2037 baptizavit

2105 2078 2231 2118 eum
2260 2058 2487 2120 lfarcus
2515 2072 2571 2117 et
2598 2061 2945 2119 Alexandriae
2982 2060 3352 2130 patriarcham
3379 2061 3685 2115 constituit.

2106 2150 2344 2227 Fuitqua
2375 2156 2422 2211 is
2458 2152 2897 2224 patriarcharum
2937 2153 3032 2224 qui
3065 2151 3408 2210 Alexandria:
3442 2152 3683 2223 prmlecti

2104 2254 2232 2303 sunt
2260 2243 2496 2316 primus.
2526 2243 2831 2302 Constituit
2866 2252 3047 2301 autem
3084 2244 3416 2317 evangelista
3452 2241 3686 2307 Marcus.

2106 2353 2215 2393 una
2243 2351 2369 2395 cum
2413 2336 2662 2395 Iianauia
2694 2336 3033 2408 patriarcha.
3065 2335 3361 2393 duodecim
3402 2337 3691 2409 presbyte-

2107 2446 2220 2500 ros,
2244 2432 2338 2500 qui
2384 2444 2582 2502 nempe
2608 2445 2735 2487 cum
2774 2430 3082 2501 patriarcha
3113 2443 3421 2497 manerent.
3458 2429 3594 2485 adeo
3627 2435 3688 2483 ut

2103 2539 2231 2582 cum
2258 2532 2477 2581 vacaret
2501 2522 2930 2597 patriarchatus.
2957 2538 3125 2580 unum
3149 2536 3183 2580 e
3228 2521 3522 2579 duodecim
3558 2536 3683 2592 pre-

2103 2618 2341 2693 abyteris
2359 2619 2645 2690 eligerent,
2665 2619 2826 2688 cujus
2855 2618 3018 2689 capiti
3053 2618 3246 2691 reliqui
3276 2617 3528 2676 undecim
3567 2633 3684 2674 nia-

2106 2728 2211 2770 nus
2242 2711 2589 2784 imponentes
2628 2711 2734 2782 ipsi
2788 2712 3179 2768 benedicerent
3218 2721 3274 2768 et
3314 2710 3684 2781 patriarcham

2104 2814 2401 2874 crearent;
2449 2804 2650 2862 deinde
2687 2805 2866 2860 virum
2921 2804 3157 2877 aliquem
3210 2804 3479 2876 insignem
3517 2804 3688 2877 elige-

2103 2907 2228 2956 rent
2269 2914 2430 2970 quem
2475 2913 2663 2955 secum
2700 2899 3076 2971 presbyterum
3125 2898 3531 2954 constituerent
3563 2898 3685 2954 loco

2105 2994 2224 3063 ejus
2253 2996 2345 3064 qui
2371 2991 2550 3051 factus
2579 3004 2665 3051 est
2692 2992 3031 3064 patriarcha,
3061 2999 3122 3048 ut
3155 2996 3228 3048 ita
3256 3006 3471 3062 semper
3498 3002 3685 3047 exsta-

2104 3092 2230 3142 rent
2262 3086 2575 3143 duodecim.
2626 3085 2815 3157 Neque
2862 3086 3025 3143 desiit
3068 3083 3414 3142 Alexandria:
3462 3086 3687 3142 institu-

413 3183 609 3239 deinde
637 3183 833 3240 Petrus
862 3184 1116 3251 Romam,
1144 3185 1288 3255 quod
1317 3200 1462 3241 anno
1490 3185 1639 3259 regni
1671 3183 1787 3241 cali
1819 3185 2000 3242 Cum-
2030 3198 2074 3256 ο
2108 3184 2225 3231 tum
2255 3175 2360 3232 hoc
2381 3175 2449 3232 de
2472 3175 2826 3249 presbyteris,
2848 3185 2909 3231 ut
2930 3175 3145 3233 scilicet
3170 3176 3513 3247 patriarchas
3534 3192 3689 3234 crea-

414 3276 492 3330 ris
541 3276 784 3330 secundo
823 3277 1078 3347 contigit.
1137 3276 1330 3330 incidit
1378 3287 1566 3331 autem
1616 3276 1893 3347 Agrianus
1943 3279 1998 3333 in

414 3364 668 3418 morbum
731 3380 976 3435 gravem.
1034 3380 1148 3435 quo
1197 3374 1527 3437 consumpta
1584 3383 1754 3424 carne
1802 3368 1998 3439 ipsius,

414 3466 582 3526 atque
615 3457 889 3513 cxsircato
917 3473 1168 3529 corpore,
1217 3469 1469 3514 mortuus
1495 3469 1600 3516 est.
1636 3459 1841 3516 Audito
1868 3477 2002 3532 ergo

414 3549 713 3619 Agrianum
742 3560 1016 3605 mortuum
1047 3566 1188 3612 esse,
1211 3551 1374 3605 alium
1397 3550 1450 3606 in
1481 3551 1661 3607 locum
1688 3552 1806 3621 ejus
1836 3552 2003 3609 auife-

409 3643 495 3697 cit
547 3642 711 3699 Caius
769 3643 1114 3713 imperator.
1178 3645 1401 3701 nomine
1454 3646 1621 3702 etiam
1671 3646 1999 3720 Agrianum.

414 3749 577 3803 quem
617 3734 993 3809 Hierosolyma
1030 3739 1203 3793 misit.

489 3822 662 3881 Porro
686 3842 829 3882 anno
860 3829 1012 3899 regni
1048 3828 1223 3898 ipsius
1248 3828 1497 3885 secundo
1528 3830 1708 3887 factus
1734 3844 1817 3889 est
1837 3830 2003 3887 Jaco-

418 3919 525 3977 bus
554 3918 779 3992 Josephi
819 3921 986 3987 illius.
1019 3924 1113 3993 qui
1149 3933 1201 3978 et
1233 3922 1403 3980 frater
1443 3923 1657 3981 Domini
1689 3928 1864 3983 nostri
1905 3943 2001 3997 ap-

417 4013 673 4078 pellatur,
717 4015 1008 4085 episcopus
1056 4013 1613 4089 Hierosolymitanus.
1645 4019 1737 4089 qui
1790 4019 2004 4091 primus

418 4103 548 4161 huic
579 4104 789 4159 muneri
828 4103 1222 4177 Hierosolymis
1248 4106 1541 4176 prtufectus
1566 4115 1672 4173 est.
1699 4123 1810 4179 quo
1830 4123 2005 4166 annos

420 4197 609 4268 viginti
666 4207 791 4253 octo
842 4198 1068 4254 functus
1115 4207 1221 4257 est.
1278 4198 1480 4257 Gravia
1529 4208 1715 4257 autem
1766 4203 1926 4258 valde
1971 4217 2003 4257 a

418 4286 621 4347 ludasis
671 4303 728 4347 et
778 4290 1044 4348 Romanis
1097 4291 1242 4362 passi
1301 4302 1434 4349 sunt
1482 4294 1763 4366 discipuli,
1818 4295 2005 4352 multis

419 4382 666 4452 ipsorum
699 4395 876 4441 morte
900 4384 1137 4442 aﬂ‘ectis.
1168 4386 1383 4442 Mortuo
1405 4396 1589 4443 autem
1611 4388 1745 4445 Caio
1766 4388 2003 4456 Caesare,

418 4475 603 4533 ltomae
633 4488 757 4547 post
793 4478 974 4548 ipsum
1006 4477 1299 4549 imperavit
1326 4478 1495 4551 328
1526 4477 1793 4535 Claudius
1818 4479 2005 4535 Caesar

2104 3279 2229 3326 rent
2259 3285 2326 3327 ex
2372 3270 2707 3342 presbyteris
2745 3269 3061 3334 duodecim.
3111 3285 3285 3341 usque
3327 3271 3394 3325 ad
3442 3280 3687 3343 tempora

2104 3361 2399 3419 Alexandri
2440 3362 2770 3434 patriarchae
2806 3363 3187 3430 Alexandrini,
3220 3362 3313 3435 qui
3355 3361 3458 3419 fuit
3486 3380 3550 3420 ex
3579 3380 3685 3419 nu-

2106 3471 2258 3513 mero
2290 3455 2384 3510 illo
2407 3465 2779 3512 trecentorum
2802 3463 2858 3513 et
2882 3455 3210 3513 octodecim.
3237 3454 3291 3513 is
3317 3466 3496 3512 autem
3514 3456 3688 3512 vetuit

2108 3565 2178 3606 ne
2227 3548 2489 3619 deinceps
2526 3546 2901 3618 patriarcham
2950 3546 3257 3621 presbyteri
3302 3558 3575 3606 crearent.
3624 3549 3691 3606 Et

2105 3643 2349 3699 decrevit
2376 3653 2437 3697 ut
2466 3650 2685 3699 mortuo
2712 3641 3027 3713 patriarcha
3056 3640 3417 3699 convenirent
3440 3643 3684 3714 episcopi

2106 3736 2199 3807 qui
2242 3737 2611 3808 patriarcham
2644 3738 2986 3793 ordinarent.
3021 3736 3275 3795 Decrevit
3314 3736 3444 3794 item
3482 3746 3557 3799 ut.
3591 3754 3686 3794 va.

2106 3844 2271 3887 caute
2308 3831 2472 3904 332
2502 3832 2900 3902 patriarrhatu.
2943 3830 3215 3903 eligerent
3242 3845 3308 3889 ex
3356 3848 3689 3904 quacunque

2106 3924 2332 3978 tandem
2366 3925 2607 3993 regione,
2640 3923 2757 3981 sive
2784 3938 2851 3979 ex
2875 3922 3165 3980 duodecim
3198 3923 3308 3981 illis
3334 3924 3689 3995 presbyteris,

2107 4020 2225 4073 sive
2257 4016 2402 4081 aliis.
2436 4017 2613 4071 virum
2640 4016 2881 4089 aliquem
2911 4016 3197 4082 eximium.
3230 4025 3532 4088 perspecta
3562 4032 3688 4088 prn-

2109 4110 2318 4175 bitatis.
2364 4126 2606 4181 cumque
2657 4109 3031 4180 patriarcham
3071 4122 3342 4167 crearent.
3394 4113 3567 4177 Atque
3614 4110 3689 4165 ita

2109 4206 2331 4261 evanuit
2362 4205 2677 4261 institutum
2710 4204 2844 4261 illud
2895 4206 3197 4277 antiquius,
3246 4222 3355 4277 quo
3388 4206 3563 4262 creari
3600 4222 3690 4260 so-

2109 4298 2239 4355 litus
2263 4313 2291 4353 a
2318 4298 2656 4371 presbyteris
2682 4297 2995 4370 patriarcha
3019 4338 3035 4363 .
3065 4310 3115 4355 et
3141 4300 3405 4357 successit
3422 4299 3475 4355 iu
3503 4300 3685 4355 locum

2108 4393 2230 4461 ejus
2260 4393 2542 4449 decretum
2574 4390 2644 4447 de
2677 4391 2992 4460 patriarcha
3022 4391 3092 4449 ab
3117 4392 3391 4465 episcopis
3424 4394 3685 4449 creando.

2108 4482 2267 4551 Quod
2297 4493 2481 4542 autem
2508 4490 2766 4554 quarunt
2800 4481 3121 4557 [nonnulli],
3150 4483 3335 4554 Quare
3376 4487 3689 4555 patriarcha

416 4583 593 4625 annos
623 4568 1065 4642 quatuordecim,
1099 4586 1210 4639 quo
1258 4569 1564 4642 imperante
1593 4569 1768 4627 fames
1806 4587 2001 4644 magna
2029 4593 2085 4656 ο
2110 4576 2516 4632 Alexandrinus
2548 4584 2776 4631 vocetur
2818 4574 2961 4646 Papa
3014 4574 3195 4648 (cuius
3224 4578 3465 4633 nominis
3518 4577 3688 4649 signi-

417 4672 473 4718 et
508 4663 693 4734 gravis
719 4679 813 4735 per
842 4672 1016 4720 totum
1045 4663 1235 4719 orbem
1283 4662 1411 4729 fuit.
1441 4664 1602 4731 cuius
1634 4666 1999 4730 vehementia,

416 4762 473 4812 ct
521 4767 673 4826 peste
724 4756 927 4811 mortui
979 4766 1110 4811 sunt
1156 4757 1433 4813 homines.
1484 4753 1742 4826 Eiusdem
1790 4755 2002 4812 Claudii

420 4853 665 4918 tempore
690 4846 909 4914 scripsit
939 4844 1227 4902 Mattbmus
1256 4845 1650 4918 Evangeliuum
1683 4862 1845 4902 suum
1875 4846 2006 4902 llic-

421 4941 732 5010 rosolyniis.
798 4943 988 5012 lingua
1040 4941 1331 5009 Hehraica,
1383 4942 1533 5013 quod
1589 4940 1782 4999 Graece
1836 4944 2002 5000 vertit

413 5032 655 5090 Joannes
710 5034 1070 5103 evangelista.
1120 5033 1294 5089 Porro
1348 5031 1520 5089 Judazi
1573 5036 1791 5105 pejores
1837 5048 2003 5105 quam

417 5126 635 5184 fuerant
660 5134 716 5182 et
743 5127 1127 5183 sceleratiores
1150 5136 1470 5193 evaserunt,
1502 5130 1639 5183 adeo
1658 5136 1716 5181 ut
1741 5129 1835 5183 alii
1865 5128 2005 5185 alios

419 5218 472 5273 in
504 5219 697 5290 plateis
744 5230 803 5273 et
834 5220 1067 5288 campis,
1102 5235 1211 5288 qua
1269 5228 1427 5276 crant
1478 5222 1721 5287 irequitia
1756 5232 1814 5278 et
1846 5224 2005 5277 mali-

417 5322 515 5379 ω,
546 5310 886 5369 occiderent.
919 5311 1192 5382 Agrianos
1216 5326 1349 5383 ergo
1379 5310 1884 5385 Hierosolymorum
1916 5332 2003 5372 re-

415 5405 608 5477 gimini
639 5405 932 5476 quemdam
968 5405 1194 5461 nomine
1224 5402 1446 5463 Festum
1480 5406 1812 5476 preﬂciens.
1844 5422 1905 5464 se
1935 5410 2004 5465 ab

413 5499 551 5569 ipsis
578 5496 809 5554 Romam
847 5497 973 5569 iuga
1006 5500 1295 5570 proripuit,
1328 5516 1439 5571 quo
1470 5516 1597 5557 cu
1632 5502 2002 5572 pervenisset.

415 5592 651 5648 Claudio
697 5589 903 5647 Caesari
958 5594 1317 5662 imperatori,
1374 5608 1625 5663 quanam
1679 5604 2003 5651 exercerent

417 5688 623 5744 scelera
662 5684 858 5747 Judaei.
898 5688 1163 5744 narravit.
1194 5687 1300 5757 Qui
1332 5703 1487 5761 ergo,
1520 5690 1766 5744 exercitu
1802 5704 2003 5760 magno

421 5779 798 5852 Hierosolyma
831 5778 1378 5847 inissoJudcorum,
1428 5796 1535 5838 una
1580 5797 1706 5839 cum
1754 5784 1998 5854 ipsorum

424 5873 682 5931 uxoribus
731 5884 779 5931 ct
817 5874 1027 5944 liberis,
1058 5875 1260 5933 multos
1312 5874 1628 5940 interfecit;
1665 5878 1801 5933 alios
1834 5880 1997 5932 etiam

2108 4666 2305 4723 “catus
2323 4680 2431 4727 est.
2456 4668 2649 4732 avus)?
2671 4666 2979 4741 [sciendum
3000 4666 3110 4743 est]
3138 4671 3208 4726 ab
3230 4670 3498 4731 ilanauia.
3524 4686 3686 4743 quem

2107 4758 2397 4815 constituit
2432 4757 2649 4814 Marcus
2677 4761 3017 4831 evangelista
3051 4763 3417 4833 patriarcham
3450 4763 3688 4818 Alexan-

2106 4848 2262 4913 dria.
2289 4865 2463 4920 usque
2489 4848 2544 4904 in
2573 4858 2818 4919 tempora
2853 4850 3108 4907 Demetrii
3136 4853 3460 4923 patriarchae
3491 4853 3686 4908 ibidem

2110 4943 2181 5011 (is
2206 4943 2519 5014 patriarcha
2550 4942 2653 4998 fuit
2674 4944 3084 5002 Alexandrinus
3106 4947 3451 5013 undecimus)
3478 4946 3685 5004 nullum

2110 5036 2287 5091 fuisse
2332 5034 2388 5090 in
2436 5036 2733 5106 provinciis
2778 5036 2996 5109 Ευριί
3047 5040 3403 5109 episcopum;
3456 5056 3553 5094 nec
3590 5056 3689 5111 pa-

2108 5126 2365 5184 triarcha
2399 5139 2529 5183 ante
2567 5142 2690 5183 eum
2725 5140 2988 5186 crearunt
3020 5132 3333 5202 episcopos.
3379 5132 3475 5187 ille
3502 5140 3685 5188 autem

2111 5222 2294 5277 factus
2330 5221 2641 5293 patriarcha
2680 5232 2791 5278 tres
2821 5224 3108 5279 constituit
3138 5226 3442 5296 episcopos.
3472 5224 3537 5279 Et
3569 5227 3681 5295 pri-

2109 5331 2234 5370 mus
2267 5315 2373 5371 fuit
2412 5315 2498 5371 hic
2540 5316 2857 5387 patriarcha
2904 5317 3313 5374 Alexandrinus
3342 5320 3437 5388 qui
3470 5319 3685 5386 episco-

2108 5423 2207 5480 pos
2231 5408 2381 5466 fecit.

2175 5501 2389 5558 Mortuo
2424 5500 2699 5556 Demetrio
2728 5500 2989 5558 suii'ectus
3018 5511 3101 5558 est
3132 5502 3391 5559 Heraclas
3437 5505 3677 5573 patriar-

2106 5598 2209 5653 cha
2242 5594 2663 5659 Alexandrinus.
2695 5595 2789 5666 qui
2819 5596 3104 5667 episcopos
3138 5595 3429 5652 constituit
3458 5598 3672 5669 viginti.

2110 5693 2184 5749 Ex
2212 5694 2297 5749 his
2326 5708 2471 5748 unus
2502 5704 2639 5759 erat,
2678 5692 3001 5747 Ammonius
3029 5692 3232 5761 dictus,
3270 5693 3552 5765 religionis
3590 5697 3683 5749 de-

2111 5792 2310 5841 sertor.
2364 5782 2440 5840 De
2471 5799 2580 5854 quo
2611 5784 2775 5840 simul
2812 5799 2877 5839 ac
2902 5784 2970 5843 ad
3037 5785 3320 5842 Heraclam
3369 5786 3547 5843 delata
3602 5801 3683 5841 est

2116 5877 2278 5945 fama,
2315 5874 2664 5950 congregavit
2701 5875 2744 5931 is
2780 5874 3049 5948 synodum
3078 5878 3458 5949 episcogiorum
3489 5917 3505 5941 ,
3540 5887 3593 5932 ct
3629 5877 3680 5931 in
