4070 6152
480 263 588 324 983

1495 284 1865 350 EUTYCHII
1900 292 2437 366 ALEXANDRINI
2481 308 2693 372 PATR.

3630 320 3745 387 98‘

478 378 666 432 urbem
702 380 971 437 ΑἹ¹¹¹¹⁰¹¹ῘῘ
998 388 1259 458 Ραποκίῑι
1295 393 1387 449 "bi
1430 411 1487 451 τε
1528 400 1665 455 “iis
1719 406 1940 476 cognita
1992 418 2047 463 el
2082 416 2128 471 Λ
2158 418 2378 476 Oriente
2405 424 2603 489 fuerat,
2631 425 2852 482 nomine
2879 425 3294 500 Vespasianum,
3328 431 3510 499 misit,
3541 446 3595 489 ut
3629 439 3747 493 col.

478 485 754 500 ........,η.-
946 494 965 500 -
993 479 1006 500 .
1419 490 1433 500 .
1516 490 1528 500 .
1632 493 1662 500 _

476 485 755 539 psrspecta
782 489 904 529 eum
940 479 1006 532 ad
1035 482 1313 539 veritatem
1340 490 1576 548 reduxit.
1621 493 1758 549 Cum
1788 514 1918 551 vero
1951 500 2054 554 bo-

475 561 649 617 niines
672 564 1270 642 audierantcpisropos
1326 580 1567 637 vocitare
1637 588 2050 659 patriareham,

470 652 622 706 Abba
646 669 741 708 seu
767 656 1018 725 Patrem,
1052 661 1394 741 333.335
1421 671 1565 726 inter
1591 692 1651 732 se
1675 676 1907 734 dixere:
1943 652 2052 738 Nos

469 743 793 814 episcopum
820 752 1113 819 quemlibet
1146 757 1322 825 Abba,
1352 777 1446 816 seu
1499 764 1714 823 Patrem
1741 809 1756 835 ,
1811 773 2051 840 appella-

467 851 612 891 mus.
642 845 694 893 et
724 840 993 911 appellant
1020 847 1261 918 episcopi
1294 854 1662 922 patriarcham
1687 863 1865 919 Abba.
1894 864 2047 922 Unde

465 942 599 985 sane
630 942 842 1003 oportet
876 947 935 993 ut
970 951 1228 998 vocemus
1258 961 1360 1002 nos
1391 952 1759 1017 patriarcham
1814 957 2040 1027 Papam.

462 1021 517 1074 id
548 1031 652 1090 est,
673 1026 885 1095 Avum;
922 1047 1046 1085 cum
1076 1035 1148 1088 sit
1177 1033 1335 1093 Pater
1371 1050 1606 1110 patrum.
1638 1047 1713 1100 Ita
1741 1063 1769 1100 a
1798 1021 2042 1120 tempore

462 1113 731 1181 Heracles.
766 1123 1083 1188 patriarcha
1119 1128 1521 1189 Alexandrinus
1551 1136 1731 1195 dictus
1758 1151 1841 1196 est
1869 1113 2035 1210 Papa,

460 1203 513 1257 id
534 1218 638 1270 cst,
662 1210 832 1266 Arus.
870 1214 1162 1287 Postquam
1193 1229 1373 1277 autem
1402 1224 1687 1284 Hananias
1718 1233 2034 1299 patriarcha

456 1296 889 1367 Alexandrinus,
909 1320 1073 1375 quem
1096 1307 1309 1367 Marcus
1331 1318 1665 1386 evangelista
1694 1320 1747 1375 in
1776 1324 1905 1378 sede
1933 1341 2033 1381 sua

455 1392 768 1460 constituit,
801 1411 977 1454 annos
1010 1400 1229 1458 sederat
1261 1405 1454 1475 viginti
1484 1409 1617 1477 duo,
1646 1428 1897 1471 mortuus
1922 1428 2030 1473 est.

448 1482 516 1537 Et
544 1484 826 1554 profectus
858 1498 945 1545 est
977 1489 1195 1551 Marcus
1224 1500 1560 1570 evangelista
1585 1504 1638 1557 in
1668 1503 1893 1562 Baream
1924 1549 1939 1573 ,
1973 1519 2029 1565 ut

447 1576 694 1633 homines
722 1580 790 1633 ad
826 1581 983 1635 ﬁdem
1019 1585 1071 1639 in
1096 1586 1376 1645 Christum
1432 1591 1627 1649 Filium
1683 1595 1775 1652 Dei
1826 1601 2027 1655 invita-

443 1677 545 1722 ret.
574 1670 719 1726 Obiit
750 1674 877 1729 dein
900 1674 1166 1735 Claudius
1196 1681 1407 1749 Cesar,
1442 1687 1745 1756 imperator
1774 1732 1789 1757 ,
1818 1702 1873 1748 et
1924 1696 2024 1749 im-

441 1760 653 1823 peravit
680 1760 866 1820 Romae
892 1776 1014 1837 post
1046 1784 1170 1824 eum
1200 1770 1349 1829 ﬁlius
1379 1779 1502 1844 ejus
1550 1776 1690 1834 Nero
1718 1781 1903 1839 Caesar
1931 1800 2029 1840 an-

442 1850 528 1903 uis
553 1853 852 1918 tredecim,
914 1859 1007 1926 qui
1068 1861 1280 1930 primus
1326 1866 1426 1921 fuit
1478 1872 1929 1940 gravissimorum
1971 1879 2025 1933 in

436 1940 789 2002 Christianos
819 1949 1089 2007 malorum
1115 1967 1329 2023 auctor,
1361 1960 1522 2016 homo
1550 1974 1738 2033 utpote
1802 1970 1854 2023 in
1891 1986 2024 2025 con-

435 2032 543 2087 silii
570 2042 625 2087 et
652 2034 776 2090 vitae
806 2038 1155 2099 instituenda:
1198 2051 1412 2105 ratione
1441 2053 1907 2124 improbissimus.
1956 2063 2022 2118 Et

437 2134 677 2196 tempore
704 2126 933 2188 Neronis
986 2135 1239 2201 Caesaris,
1275 2144 1494 2213 scripsit
1527 2148 1718 2205 Petrus
1744 2191 1757 2213 .
1801 2166 2020 2223 aposto-

434 2218 608 2275 lorum
632 2221 907 2296 princeps,
943 2225 1294 2303 Evangelium
1315 2234 1503 2303 Marci,
1537 2240 1778 2299 dictante
1801 2218 2015 2314 Marco,

432 2312 610 2384 lingua
643 2313 883 2376 Romana
906 2361 920 2385 ,
952 2321 1003 2377 in
1037 2325 1171 2380 urbe
1202 2327 1417 2396 Romae;
1450 2331 1544 2389 sed
1603 2337 1853 2395 attribuit
1885 2312 2017 2399 illud

432 2401 644 2461 Marco.
676 2406 855 2465 Etiam
893 2421 1138 2484 tempore
1170 2417 1338 2486 huius
1390 2420 1742 2493 imperatoris
1797 2432 2017 2502 scripsit

427 2495 606 2551 Lucas
644 2499 995 2573 Evangeiium
1026 2521 1186 2565 suum
1211 2507 1423 2576 Graec,
1455 2514 1522 2569 ad
1569 2517 1743 2573 virum
1776 2522 2011 2579 nobilem

421 2604 485 2643 ex
514 2591 860 2661 sapientibus
890 2595 1155 2657 Romanis
1175 2641 1193 2667 ,
1225 2604 1313 2657 cui
1368 2620 1568 2662 nomen
1626 2610 1967 2683 Theophilus
1994 2657 2009 2680 .

420 2683 486 2736 ad
519 2699 679 2751 quem
714 2687 840 2742 item
874 2689 1097 2760 scripsit
1121 2692 1253 2749 Acta
1303 2711 1402 2751 seu
1461 2700 1863 2771 discipulorum
1928 2706 2010 2760 hi-

418 2779 671 2833 storiam.
706 2779 836 2833 Erat
864 2792 1047 2838 autem
1070 2782 1250 2840 Lucas
1278 2790 1609 2861 evangelista
1640 2809 1824 2851 comes
1855 2795 2006 2853 Pauli

416 2870 672 2938 apostoli,
699 2887 937 2941 quocum
966 2891 1063 2945 per
1084 2884 1305 2951 tempus
1334 2883 1550 2953 aliquod
1587 2892 1811 2947 mansit.
1842 2889 2000 2950 Unde

414 2958 664 3026 estquod
697 2958 894 3016 Paulus
924 2973 1203 3030 apostolus
1259 2969 1425 3045 336
1467 2975 1521 3029 in
1579 2979 1816 3046 quadam
1876 2981 2001 3054 Epi-

413 3049 554 3103 stola
580 3065 676 3105 sua
709 3052 863 3120 dicit,
898 3073 919 3107 ι
954 3054 1130 3115 Lucas
1157 3062 1401 3121 medicus
1424 3084 1519 3124 vos
1543 3072 1765 3127 salutat.
1815 3093 1835 3127 ι
1864 3049 2000 3133 Pre—

413 3142 644 3200 hensum
692 3161 821 3202 vero
856 3148 1077 3206 Petrum
1135 3153 1278 3212 Nero
1339 3159 1521 3216 Caesar
1576 3168 1726 3222 cruci
1781 3168 1989 3241 adigit,

408 3253 637 3308 corpore
669 3242 882 3299 scilicet
918 3243 1157 3314 inverso,
1191 3261 1355 3321 atque
1394 3254 1470 3310 ita
1508 3269 1685 3313 morte
1738 3278 1863 3318 eum
1915 3265 1997 3320 af-

410 3332 537 3386 fecit
574 3350 589 3387 :
628 3348 749 3387 nam
778 3343 832 3389 et
861 3335 1077 3394 dixerat
1123 3341 1173 3396 ei
1236 3342 1478 3403 Petrus:
1541 3349 1599 3406 Si
1658 3355 1742 3409 vis
1786 3365 1845 3411 ut
1894 3373 1996 3427 ego

407 3426 557 3479 cruci
595 3425 805 3497 aiiigar,
843 3442 1073 3499 corpore
1096 3450 1180 3489 me
1207 3436 1432 3496 inverso
1468 3443 1623 3516 aiiige
1684 3447 1840 3503 cruci
1874 3490 1888 3515 ,
1926 3467 1994 3508 ne

409 3530 560 3570 inors
590 3516 723 3572 mihi
775 3519 974 3578 aﬂlicta
1007 3524 1205 3583 similis
1271 3532 1344 3585 sit
1390 3534 1438 3588 ei
1480 3550 1601 3605 qua:
1650 3538 1994 3612 inﬂigebatur

405 3606 638 3665 Domino
685 3625 806 3666 meo
839 3613 1082 3683 Christo,
1119 3620 1216 3688 qui
1249 3625 1403 3680 cruci
1434 3627 1629 3685 allixus
1654 3644 1736 3697 est
1762 3650 1990 3706 corpore

404 3710 607 3761 erecto.
675 3703 782 3758 Sed
847 3706 1030 3776 gladio
1081 3713 1379 3770 trucidavit
1446 3717 1700 3779 Paulum.
1760 3703 1989 3786 Occisus

404 3799 584 3847 autem
611 3803 694 3851 est
726 3795 918 3854 Petrus
938 3802 1042 3856 sub
1069 3820 1275 3860 annum
1315 3809 1640 3871 vicesimum
1670 3824 1983 3877 secundum

402 3894 529 3952 post
554 3887 842 3945 Dominum
886 3902 1139 3964 nostrum
1181 3898 1488 3959 Christum.
1525 3905 1650 3962 Erat
1701 3926 1831 3967 vero
1866 3924 1987 3984 post

404 3978 644 4045 Petrum,
677 3982 849 4040 Linus
879 3988 1193 4056 patriarcha
1232 3990 1420 4049 Romae
1447 4038 1461 4060 ,
1499 4014 1605 4069 qua
1645 3978 1979 4063 functus-di-

401 4073 613 4141 gnitate
646 4072 936 4132 duodecim
969 4096 1146 4138 annos
1178 4084 1333 4141 obiit.
1368 4086 1438 4145 Et
1473 4090 1561 4147 hic
1612 4095 1824 4163 primus
1868 4113 1988 4159 erat

402 4167 713 4235 patriarcha
744 4168 1047 4230 Romanus.
1080 4175 1213 4232 Erat
1241 4190 1424 4238 autem
1458 4183 1674 4244 Marcus
1706 4188 1982 4273 Evangelii

398 4266 613 4325 auctor,
647 4262 700 4315 in
737 4262 1069 4320 Alexandria
1113 4278 1170 4324 et
1198 4269 1367 4327 Barca
1404 4274 1658 4337 homines
1704 4285 1771 4339 ad
1821 4262 1983 4343 (idem

397 4352 449 4403 iu
480 4350 761 4408 Christum
803 4354 1002 4412 Filium
1038 4358 1131 4414 Dei
1168 4362 1410 4419 iuvitans
1455 4372 1615 4426 annis
1647 4383 1879 4446 septem.
1917 4380 1980 4439 Et

393 4455 540 4497 anno
574 4445 787 4516 imperii
816 4446 1051 4503 Neronis
1082 4451 1320 4509 Caesaris
1343 4458 1456 4528 jam
1489 4460 1622 4519 dicti
1648 4445 1844 4536 primo,
1876 4487 1973 4528 oc-
2006 4448 2057 4510 D

394 4534 539 4591 cisus
564 4546 649 4593 est
681 4538 895 4596 Marcus
935 4542 1280 4601 Alexandriae
1307 4586 1325 4615 ,
1351 4557 1407 4605 et
1447 4534 1664 4625 corpus?
1686 4559 1809 4632 ejus
1852 4542 1974 4636 igne

390 4631 477 4677 881,
506 4638 811 4685 crematum
825 4672 836 4685 .

463 4716 636 4776 Porro
666 4737 810 4780 anno
838 4727 1056 4799 imperii
1092 4731 1332 4791 Neronis
1364 4736 1602 4807 Caesaris
1648 4740 1972 4803 duodecimo

386 4810 722 4870 constitutus
760 4826 842 4871 est
873 4818 1116 4889 lgnatius
1142 4828 1455 4896 patriarcha
1490 4830 1794 4889 Antiochiae
1818 4875 1837 4903 ,
1873 4838 1970 4908 qui

384 4918 507 4957 cum
542 4919 720 4964 annos
773 4910 999 4981 triginta
1036 4915 1177 4974 duos
1217 4919 1570 4989 prmiuisset,
1617 4935 1793 4983 morte
1836 4931 1970 4987 alre-

382 5002 507 5052 ctus
544 5009 651 5055 est.
688 4998 907 5059 Mortuo
940 5016 1125 5065 autem
1194 5011 1356 5069 Festo
1387 5054 1403 5083 ,
1460 5016 1966 5092 Hierosolymorum

384 5089 663 5159 praefecto,
693 5096 995 5167 relictaque
1054 5103 1193 5158 urbe
1244 5103 1365 5162 sine
1415 5110 1663 5181 principe
1701 5089 1795 5184 qui
1841 5129 1963 5171 eam

384 5182 767 5242 moderaretur
794 5230 809 5254 ,
852 5193 1114 5248 concitati
1144 5194 1321 5252 Judaei
1352 5198 1616 5257 Iacobum
1647 5182 1871 5277 Iosephi
1905 5207 1967 5263 ii.

385 5275 539 5338 lium,
571 5279 666 5348 qui
720 5280 931 5338 Domini
976 5284 1148 5343 frater
1200 5289 1399 5356 audit,
1456 5292 1732 5369 lapidibus
1780 5275 1966 5357 donec

383 5382 693 5428 moreretur
771 5375 1081 5448 impetitum
1141 5381 1582 5452 interfecerunt,
1654 5390 1965 5465 auritosque

378 5459 734 5536 337-339
758 5465 1151 5538 discipulorum
1174 5475 1509 5531 cruciatibus
1537 5478 1673 5536 male
1701 5459 1963 5542 multatos

380 5555 513 5610 urbe
541 5555 845 5624 eiecerunt.
879 5559 959 5616 Ex
992 5563 1125 5618 urbe
1161 5566 1327 5635 igitur
1366 5566 1490 5639 fuga
1532 5573 1770 5645 prolapsi
1799 5577 1957 5633 Chrio

385 5646 570 5709 stiaui.
603 5649 895 5708 Jordaucm
929 5665 1318 5724 transeuntes,
1369 5661 1487 5717 loca
1559 5665 1662 5721 ista
1717 5668 1959 5726 incolue—

380 5750 528 5795 runt.
563 5741 659 5802 llis
687 5749 885 5808 auditis
914 5748 1054 5807 Nero
1083 5752 1269 5811 Caesar
1298 5756 1363 5811 ad
1409 5758 1723 5827 precicctum
1779 5765 1869 5837 qui
1900 5766 1954 5823 in

2161 509 2312 565 lectis
2339 515 2513 582 cepiis
2542 514 2743 571 Judaea:
2773 521 3047 589 regionem
3080 536 3379 593 aggressus
3410 565 3425 590 ,
3474 527 3735 595 populum

2158 602 2473 659 universum
2506 605 2597 672 (ne
2625 623 2737 662 uno
2763 611 3078 680 superstite)
3114 614 3487 671 internecione
3510 616 3735 685 deleret,

2154 694 2461 764 domosque
2491 698 2731 766 ipsorum
2773 708 3029 758 vastaret.
3056 702 3176 771 Quo
3203 708 3390 761 audito
3413 710 3732 782 congregati

2150 786 2345 854 Judaei,
2375 791 2667 847 ditioribus
2692 806 2947 866 sumptus
2982 797 3420 855 ministrantibus
3440 804 3585 855 circa
3600 803 3737 858 Hie-

2150 882 2421 952 rosolyma
2458 892 2566 939 tres
2594 895 2912 942 struxerunt
2971 904 3181 957 muros,
3217 892 3417 961 quibus
3480 894 3732 951 turribus

2150 974 2374 1027 munitis
2411 990 2473 1029 ac
2505 976 2733 1035 ﬁrmatis
2761 995 2880 1036 sese
2918 989 3249 1037 tutarentur.
3280 982 3567 1042 Profectus
3596 1003 3732 1059 ergo

2145 1062 2199 1117 in
2236 1063 2471 1119 Juda'cam
2515 1065 2879 1137 Vespasianus
2914 1073 3117 1127 nullam
3158 1075 3210 1129 in
3238 1074 3478 1132 Galliltea
3530 1076 3726 1134 urbem

2142 1155 2365 1226 reliquit
2397 1173 2559 1228 quam
2593 1175 2697 1215 non
2741 1162 2973 1218 dirutam
3009 1166 3322 1223 incenderet
3349 1179 3576 1223 :contra
3597 1169 3729 1226 Hie-

2140 1251 2410 1323 rosolyma
2442 1269 2591 1320 vero,
2626 1256 2769 1324 quod
2801 1259 2941 1312 adeo
2982 1261 3189 1315 rnunita
3222 1271 3411 1328 esset,
3470 1280 3597 1319 cum
3652 1268 3723 1321 ad

2137 1341 2343 1411 aliquid
2398 1346 2728 1402 moliendum
2800 1350 3099 1420 imparatus
3148 1363 3316 1420 esset,
3392 1371 3502 1426 quo
3546 1360 3724 1415 tutius

2136 1450 2224 1489 res
2258 1446 2462 1506 ageret,
2494 1439 2609 1507 ipsa
2641 1455 2784 1496 anno
2814 1441 3026 1514 integro
3055 1446 3268 1501 obsedit
3303 1487 3318 1511 ,
3368 1447 3571 1506 Judmis
3630 1452 3720 1507 in-

2133 1526 2293 1579 terim
2321 1527 2458 1581 ciam
2492 1539 2653 1585 noctu
2702 1533 3121 1605 erumpentibus
3179 1534 3563 1611 [tertianosque
3610 1557 3719 1599 cm-

2130 1615 2409 1674 dentibus.

2203 1708 2395 1778 Porro,
2439 1726 2682 1786 tempore
2712 1718 2941 1776 Neronis
2981 1721 3164 1780 ﬂoruit
3206 1726 3452 1783 medicus
3484 1728 3715 1796 quidam

2137 1805 2358 1861 nomine
2398 1809 2829 1876 Andromachus,
2869 1813 2959 1882 qui
3008 1812 3204 1869 Neroni
3236 1817 3535 1874 theriacam
3577 1835 3719 1889 pra:-

2129 1899 2520 1953 stantissimam
2554 1901 2808 1959 coniecit.
2843 1906 3078 1974 (Arabes
3110 1922 3230 1963 eam
3256 1908 3577 1966 Dheriacam
3610 1928 3717 1983 ap-

2128 1990 2374 2062 pellant.)
2403 1993 2633 2051 Occisus
2662 2009 2747 2052 est
2779 2010 2962 2055 autem
2993 2000 3135 2056 Nero
3158 2003 3480 2072 imperator,
3504 2004 3713 2059 Bome.

2128 2077 2500 2151 Vespasianus
2534 2087 2702 2156 igitur
2732 2090 2922 2146 audito
2957 2093 3307 2150 interiectum
3338 2111 3465 2152 esse
3500 2112 3712 2167 regem.

2129 2173 2636 2249 ilicrosohmorum
2669 2183 2957 2241 obsidione
2984 2188 3162 2241 soluta
3190 2230 3207 2252 ,
3264 2189 3567 2244 Caesaream
3621 2206 3711 2247 re-

2124 2282 2315 2323 versus
2348 2268 2421 2324 ibi
2450 2272 2714 2327 substitit.
2744 2274 3037 2345 lmpcravit
3098 2287 3279 2335 autem
3338 2295 3466 2352 post
3514 2284 3701 2353 ipsqu

2119 2357 2287 2415 Galba
2318 2372 2523 2433 septem
2554 2381 2792 2433 menses,
2821 2368 3019 2426 deinde
3051 2369 3375 2429 interfectus
3421 2386 3505 2430 est
3531 2394 3547 2443 ;
3600 2377 3705 2431 im-

2117 2468 2339 2521 perante
2372 2468 2493 2527 post
2528 2460 2705 2529 ipsum
2735 2463 2948 2519 Othone
3001 2473 3112 2521 tres
3161 2482 3400 2524 menses.
3429 2467 3594 2542 35,0
3625 2469 3706 2525 Eo

2117 2546 2275 2614 pulso
2306 2562 2430 2601 cum
2470 2550 2797 2618 imperasset
2839 2552 3087 2612 Vitellius
3126 2569 3251 2613 octo
3305 2572 3522 2616 menses
3548 2600 3565 2624 ,
3614 2561 3705 2616 in~

2115 2639 2376 2697 teri'ectus
2405 2652 2511 2698 est.
2552 2644 2691 2699 Tum
2720 2656 2994 2703 commota
3018 2658 3101 2704 est
3135 2650 3290 2705 valde
3317 2652 3573 2708 universa
3592 2652 3703 2708 Ro-

2114 2747 2399 2786 manorum
2420 2735 2578 2799 ditio,
2611 2738 2897 2793 concitatis
2927 2742 3170 2810 undique
3202 2741 3255 2797 in
3290 2757 3389 2799 eos
3416 2746 3697 2815 gentibus;

2111 2834 2165 2877 at
2195 2834 2317 2892 post
2353 2829 2756 2884 contentionem
2783 2848 3025 2901 gravem,
3047 2843 3099 2887 et
3122 2837 3543 2893 commotionem
3576 2854 3697 2895 ma-

2109 2930 2291 2984 gnam.
2323 2916 2580 2982 ducibus,
2618 2920 2895 2991 praefectis
2923 2938 2987 2977 ac
3018 2924 3238 2991 scribis,
3264 2939 3537 3000 quotquot
3565 2946 3693 2985 cum

2110 3005 2160 3058 in
2186 3004 2558 3064 Romanorum
2589 3020 2737 3066 terra
2770 3022 2880 3066 tum
2908 3015 2962 3070 in
2987 3016 3207 3072 Oriente
3234 3017 3481 3086 fuerunt,
3510 3022 3694 3078 omni-

2027 3095 2069 3152 C
2105 3097 2205 3152 bus
2238 3101 2415 3155 visum
2450 3111 2532 3157 est
2570 3102 2989 3174 Vespasianum,
3022 3108 3112 3176 qui
3144 3106 3545 3186 Hierosolymis
3586 3116 3693 3171 ob-

2102 3189 2344 3246 sidendis
2379 3203 2681 3264 occupatus
2723 3194 2919 3262 fuerat,
2971 3198 3203 3267 imperio
3245 3203 3543 3270 praeficere.
3579 3205 3687 3272 Qui

2099 3298 2231 3352 ergo
2266 3300 2390 3339 cum
2422 3284 2668 3341 Caesarea
2699 3287 2928 3345 Romam
2958 3291 3234 3362 proiectus
3283 3312 3351 3351 eo
3408 3302 3690 3364 pervenis-

2098 3382 2201 3435 set,
2240 3373 2510 3432 irruentes
2542 3378 2635 3449 qui
2689 3377 2878 3435 Romae
2933 3392 3094 3438 erant
3146 3386 3317 3443 duces
3371 3388 3425 3442 in
3489 3390 3684 3447 «lucem

2096 3468 2382 3535 quemdam
2418 3471 2641 3527 nomino
2676 3474 2993 3539 Artitinum,
3050 3476 3139 3545 qui
3224 3479 3514 3549 imperium
3579 3483 3684 3539 sibi

2093 3571 2365 3630 occupare
2386 3570 2676 3628 statuerat,
2714 3564 2892 3634 ipsum
2947 3568 3363 3626 interemerunt.
3404 3571 3553 3629 Urbe
3590 3575 3685 3629 de-

2096 3651 2222 3706 inde
2253 3654 2483 3722 egressi,
2516 3652 2856 3725 Vespasiano
2891 3657 3104 3713 obviam
3142 3669 3336 3719 euntes
3360 3704 3374 3726 .
3400 3667 3566 3735 capiti
3600 3669 3682 3738 ip-

2092 3743 2210 3801 sius
2240 3745 2487 3802 diadema
2520 3748 2942 3820 imposuerunt;
2976 3752 3069 3822 qui
3107 3753 3197 3809 ubi
3248 3754 3437 3811 urbem
3471 3759 3681 3829 ingres-

2091 3851 2185 3891 sus
2219 3834 2356 3892 solio
2384 3839 2534 3909 regio
2566 3841 2883 3910 insedisset,
2917 3846 3245 3902 sceleratum
3289 3862 3355 3904 ac
3415 3851 3673 3908 rebellent

2090 3945 2359 3999 quemque
2391 3933 2538 3987 inter
2572 3931 2852 3991 Romanos
2882 3946 3060 3995 morte
3094 3940 3384 4007 multavit,
3426 3944 3565 3999 adeo
3616 3958 3679 4004 ut

2089 4024 2190 4076 sub
2224 4023 2341 4093 ipso
2372 4024 2426 4079 in
2461 4034 2666 4081 statum
2711 4031 2978 4100 optimum
3011 4041 3067 4087 et
3099 4037 3458 4106 tranquillum
3511 4040 3674 4095 reda-

2087 4127 2173 4167 cta
2203 4115 2271 4168 sit
2303 4112 2673 4173 Rornanorum
2704 4128 2874 4177 terra.
2900 4123 3015 4177 Duo
3042 4133 3233 4181 autem
3298 4128 3398 4198 ipsi
3446 4130 3672 4187 luerunt

2087 4204 2205 4269 (iiii,
2234 4218 2466 4274 quorum
2499 4209 2593 4263 uni
2624 4225 2822 4267 nomen
2855 4210 3018 4271 Titus
3051 4254 3067 4278 ,
3092 4216 3250 4272 alteri
3289 4216 3673 4291 Domitianus;

2087 4311 2318 4366 quorum
2356 4299 2719 4356 Domitianum
2751 4306 2929 4374 c0piis
2977 4309 3185 4379 magnis
3229 4308 3558 4370 instructum
3600 4319 3671 4373 ad

2086 4397 2276 4459 gentes
2307 4390 2574 4449 barbaras
2604 4394 2776 4459 misit,
2806 4411 2945 4465 quas
2971 4399 3062 4453 ille
3114 4401 3359 4469 occidit,
3403 4404 3667 4478 diripuit,

2085 4480 2285 4535 delevit
2326 4499 2340 4537 ε
2371 4479 2555 4537 Titum
2588 4499 2741 4551 vero,
2783 4489 3030 4545 exercitu
3064 4491 3536 4566 etiam-frequenti
3571 4501 3663 4556 iu-

2082 4579 2380 4639 structum,
2413 4572 2847 4646 Hierosolymam
2889 4581 3060 4648 misit,
3091 4598 3257 4653 quam
3290 4584 3511 4644 biennio
3561 4591 3667 4647 ob-

2076 4663 2250 4731 sedit;
2309 4667 2673 4726 morientibus
2706 4671 2797 4741 qui
2832 4672 2884 4726 in
2917 4673 3053 4729 urbe
3102 4686 3260 4732 erant
3304 4678 3469 4749 tame,
3528 4683 3665 4739 adeo

2077 4762 2133 4807 ut
2166 4769 2275 4824 prae
2305 4754 2472 4825 fame,
2507 4771 2850 4818 mortuorum
2881 4778 2945 4820 ac
2974 4753 3230 4823 natorum
3262 4785 3487 4827 suorum
3541 4788 3665 4830 car-

2074 4860 2173 4899 nes
2201 4848 2553 4906 comederent
2585 4870 2600 4907 :
2633 4868 2742 4924 qua
2769 4854 2969 4912 deinde
3017 4867 3179 4927 capta
3224 4877 3420 4921 omnes
3466 4864 3662 4938 351-

2073 4935 2235 5008 343
2261 4940 2353 5005 qui
2397 4939 2452 4994 in
2485 4942 2601 5013 ipsa
2637 4944 2855 5001 fuerant
2886 4958 2995 5001 tam
3023 4964 3205 5008 mares
3234 4967 3399 5022 quam
3427 4935 3658 5015 feminas

2074 5026 2385 5096 interfecit,
2442 5032 2925 5100 proscindcntibus
2976 5036 3330 5115 [militibus]
3377 5058 3660 5117 praegnan-

2071 5119 2210 5173 tium
2248 5130 2454 5188 uterus,
2498 5131 2554 5179 et
2584 5125 2825 5182 iniantes
2859 5135 3010 5185 saxis
3036 5131 3413 5191 allidentibus.
3446 5136 3648 5194 Urbem

2070 5212 2234 5265 etiam
2270 5223 2322 5268 et
2355 5217 2613 5285 templum
2665 5226 2878 5274 vastata
2923 5222 3186 5279 incendit.
3234 5224 3511 5283 Numerati
3562 5231 3659 5284 de-

2070 5302 2197 5359 inde
2228 5306 2323 5373 qui
2357 5306 2530 5375 ipsius
2558 5308 2718 5379 jussu
2746 5313 2916 5368 occisi
2950 5326 3103 5379 sunt,
3140 5326 3224 5372 ter
3266 5319 3463 5375 millies
3507 5322 3653 5379 mille

2071 5396 2269 5465 reperti
2298 5408 2448 5461 sunt,
2482 5414 2602 5454 cum
2634 5400 2725 5456 alii
2760 5401 2995 5474 Syriam,
3028 5407 3120 5461 alii
3167 5408 3465 5483 Egyptum
3496 5454 3510 5477 ,
3558 5413 3649 5470 alii

2069 5488 2122 5544 in
2160 5501 2361 5545 terram
2392 5489 2649 5558 AlGaur,
2701 5496 3091 5568 profugissem.
3154 5499 3272 5556 Jatu
3326 5519 3355 5557 a
3425 5506 3648 5564 Christo

2068 5590 2194 5636 nato
2223 5583 2289 5635 ad
2320 5582 2824 5657 Hierosolymorum
2859 5604 2954 5660 per
2989 5591 3168 5648 Titum
3214 5597 3483 5651 excidium
3517 5599 3645 5656 anni

2067 5682 2194 5726 sunt
2226 5678 2587 5746 septuaginta.
2626 5679 2708 5734 Ab
2740 5679 3074 5751 Alexandro,
3110 5689 3340 5743 trecenti
3368 5691 3641 5759 octoginta

2065 5782 2281 5827 novem.
2306 5770 2340 5825 Α
2371 5771 2698 5843 (Taptiritatc
2730 5772 3077 5845 Bahjlouim,
3110 5782 3348 5838 sexcenti
3373 5783 3644 5855 quinqua-
