4070 6152
333 356 444 421 $85

1783 367 2157 432 ANNALES.

3488 368 3593 431 986

329 483 481 550 ginta
515 481 644 536 duo.
684 480 726 533 Λ
760 495 927 551 regno
957 480 1199 546 Davidis,
1254 480 1402 537 mille
1452 492 1669 538 centum
1720 483 1912 556 viginti
1943 487 1990 542 Α
2023 485 2159 554 perii
2199 482 2321 554 ejus
2357 483 2554 555 quinto
2601 483 2935 539 constitutus
2967 483 3203 541 Cordius
3254 486 3591 543 Alexandria:

336 588 557 628 novem.
591 569 672 626 Ab
700 574 847 626 exitu
890 571 1257 626 lsraclitarum
1307 589 1371 628 ex
1427 573 1664 646 Egypto
1690 616 1706 641 ,
1765 581 1913 637 mille

334 671 668 740 septingenti
734 672 955 739 triginta
1010 671 1272 739 quinque.
1328 672 1412 726 Ab
1442 673 1777 741 Ahrahamo,
1830 676 1913 734 his

333 763 485 818 mille
510 764 725 818 ducenti
760 764 1116 835 quadraginta
1145 765 1273 819 duo.
1300 766 1342 819 A
1374 764 1626 832 Phaleko,
1653 767 1736 824 his
1769 769 1914 823 mille

331 856 657 925 septingenti
694 856 969 927 octoginta
1002 869 1133 914 tres.
1162 857 1209 913 Α
1241 857 1470 926 Diluvio,
1493 869 1572 914 ter
1601 860 1747 916 mille
1803 871 1910 916 tre-

328 950 934 1018 centiquatuordecim.
999 950 1082 1005 Ab
1141 949 1378 1017 Adamo,
1407 954 1699 1024 quinquies
1763 954 1909 1012 mille

327 1042 611 1113 quingenti
640 1045 1010 1114 septuaginta.

408 1132 713 1189 Christiani
746 1144 949 1202 autem,
978 1137 1073 1204 qui
1107 1135 1325 1191 Judaeos
1367 1136 1667 1206 fugientes.
1711 1137 1910 1193 Iorda-

329 1243 455 1283 nem
484 1226 838 1293 trajecerant,
866 1239 919 1283 et
971 1228 1027 1281 in
1072 1229 1197 1285 istis
1250 1230 1385 1283 locis
1428 1229 1585 1284 sedes
1632 1230 1904 1297 ﬁxerant.

327 1320 522 1375 audito
555 1318 738 1376 Titum
768 1322 961 1375 urbem
991 1322 1329 1376 destruxisse
1348 1322 1650 1379 interfectis
1680 1321 1905 1391 Judmis;

339 1413 774 1483 Hierosolymam
806 1417 918 1485 jam
949 1414 1248 1469 desolatam
1281 1418 1508 1480 reversi,
1544 1417 1716 1484 ipsam
1750 1417 1903 1471 ineo-

333 1505 764 1584 lurrunt,354
796 1516 1117 1576 structaque
1150 1507 1255 1562 sibi
1305 1506 1441 1563 inibi
1488 1508 1740 1574 ecclesia,
1793 1510 1908 1577 epi-

332 1614 566 1670 scopum
606 1601 905 1655 secundum
940 1600 1044 1668 ipsi
1077 1600 1442 1670 praefecerunt
1476 1603 1695 1657 nomine
1724 1603 1907 1657 Simo-

335 1708 483 1752 nem.
514 1691 730 1760 Cleopm
762 1691 954 1745 lilium.
988 1693 1213 1761 (Ileopas
1242 1692 1340 1747 iste
1370 1691 1539 1748 frater
1591 1693 1693 1748 fuit
1749 1694 1905 1750 Iose-

326 1786 422 1853 phi
456 1784 549 1853 qui
604 1784 895 1838 Dominum
946 1791 1198 1838 nostrum
1254 1783 1533 1839 Christum
1600 1786 1901 1854 educavit;
1938 1817 1980 1875 Β

326 1874 538 1942 fuitque
602 1875 747 1942 hoc,
794 1889 939 1928 anno
1000 1875 1210 1943 imperii
1267 1874 1587 1945 Vespasiani
1668 1885 1902 1946 quarto:

324 1971 478 2024 illum
512 1980 711 2033 autem,
738 1978 1027 2037 postquam
1066 1984 1239 2023 annos
1275 1969 1465 2039 viginti
1519 1985 1615 2026 sex
1678 1987 1905 2028 munere

330 2064 442 2116 isto
474 2061 699 2116 functus
728 2062 946 2126 luisset,
983 2061 1257 2116 interfecit
1286 2060 1558 2131 Trajanus
1586 2064 1900 2132 imperator.

324 2154 501 2209 Porro
522 2169 668 2208 anno
699 2154 913 2221 imperii
945 2154 1118 2221 ipsius
1148 2153 1310 2208 tertio
1360 2155 1669 2222 patriarcha
1721 2153 1905 2211 Romze

326 2249 663 2302 constitutus
699 2255 780 2301 est
807 2243 1109 2309 Dacletius,
1142 2253 1194 2299 et
1224 2260 1350 2299 cum
1404 2245 1628 2300 biennio
1671 2246 1905 2302 sedisset

330 2349 579 2393 mortuus
609 2346 718 2393 est.
750 2339 910 2393 Anno
940 2336 1155 2407 imperii
1188 2338 1363 2405 ipsius
1400 2339 1590 2407 quinto
1618 2337 1905 2407 prmfectus

326 2441 413 2483 est
444 2428 626 2483 Romae
655 2429 928 2493 Clemens,
964 2430 1056 2496 qui
1090 2430 1325 2498 scriptor
1376 2428 1500 2495 fuit,
1534 2445 1769 2498 cumque
1803 2447 1899 2483 an-

320 2535 426 2576 nos
452 2538 647 2577 novem
678 2521 913 2577 sedisset
944 2528 1198 2577 mortuus
1224 2529 1335 2577 est.
1365 2521 1524 2576 Anno
1544 2520 1753 2583 imperii
1780 2520 1899 2589 ejus

320 2629 473 2668 nono
505 2613 855 2669 Alexandria:
889 2613 1208 2683 patriarcha
1246 2613 1583 2669 constitutus
1615 2610 1899 2676 Philetius,

316 2706 561 2779 quicum
597 2720 771 2759 annos
797 2705 1058 2762 tredecim
1093 2706 1345 2767 sedisset,
1388 2704 1531 2759 diem
1583 2703 1738 2759 obiit.
1796 2701 1900 2759 Ve-

317 2799 614 2869 spasianus
652 2807 835 2853 autem
866 2806 1159 2868 postquam
1182 2812 1308 2852 cum
1345 2797 1553 2852 honore
1581 2805 1635 2852 et
1660 2795 1901 2865 potentia

316 2907 493 2948 annos
532 2908 723 2948 novem
755 2901 809 2946 et
844 2901 1052 2960 septem
1088 2904 1305 2946 menses
1328 2891 1652 2957 imperasset
1677 2929 1693 2955 ,
1751 2904 1902 2942 mor-

315 2994 445 3039 tuus
480 2991 587 3041 est.
622 2983 916 3053 Imperavit
952 2991 1078 3053 post
1102 2982 1283 3051 ipsum
1332 2980 1474 3034 illius
1522 2979 1697 3047 ipsius
1743 2978 1901 3035 Titus

313 3090 491 3131 annos
517 3083 631 3131 tres
660 3086 715 3129 et
741 3074 881 3130 duos
914 3089 1155 3137 menses,
1185 3073 1308 3128 dein
1344 3081 1594 3126 mortuus
1632 3080 1739 3127 est.
1769 3070 1900 3127 Post

2018 580 2353 648 patriarcha,
2381 588 2667 649 postquam
2723 577 2913 633 decem
2946 593 3123 633 annos
3172 579 3402 637 sedisset
3446 581 3591 635 diem

2015 670 2172 726 obiit.
2230 671 2388 728 Anno
2427 673 2672 740 ejusdem
2733 673 2949 725 decimo
2999 673 3189 741 quinto
3248 674 3592 728 Alexandrite

2014 767 2323 837 patriarcha
2362 768 2696 821 constitutus
2735 775 2817 821 est
2851 766 3123 829 Barmius,
3159 766 3249 832 qui
3302 764 3468 839 3&3
3492 782 3592 820 au-

2013 874 2119 915 nos
2142 858 2431 914 duodecim
2462 858 2623 925 sedit,
2650 859 2774 914 dein
2808 840 3194 913 mmtuuscst.
3230 857 3445 913 Mortuo
3491 874 3591 914 au-

2014 964 2121 1005 tem
2152 951 2459 1005 Domitiano
2497 949 2712 1005 Cmsare
2743 950 3092 1021 imperatore,
3120 960 3242 1019 post
3271 949 3451 1018 ipsum
3486 950 3589 1004 Ro-

2012 1059 2115 1099 mae
2152 1043 2437 1112 imperavit
2462 1042 2641 1096 Nerva
2682 1040 2869 1096 εωεπ
2893 1042 2987 1110 qui
3014 1052 3067 1094 et
3090 1040 3373 1097 llarastius
3405 1044 3590 1099 (Zarsar

2009 1135 2181 1196 audit.
2211 1148 2416 1189 annum
2446 1151 2613 1188 unum
2631 1144 2684 1189 et
2713 1134 2955 1203 quinque
2990 1149 3227 1198 menses,
3258 1134 3387 1189 dein
3422 1136 3584 1203 obiit,

2010 1227 2344 1281 succedente
2370 1226 2472 1296 ipsi
2510 1225 2744 1294 Tt‘ajano
2773 1225 2991 1282 Ctesare
3016 1265 3033 1291 ,
3082 1227 3174 1297 qui
3229 1235 3284 1281 et
3317 1228 3590 1283 Adrianus

2008 1318 2192 1375 Caesar
2212 1321 2511 1390 appellatus
2536 1329 2640 1385 est,
2666 1320 2759 1391 qui
2792 1318 2976 1374 Roma.-
3004 1336 3177 1374 annos
3202 1320 3583 1376 novemdecim

2009 1414 2321 1481 imperavit.
2352 1413 2650 1483 Imperator
2706 1414 2809 1469 iste
2857 1430 3053 1482 magna
3125 1415 3177 1469 in
3238 1413 3587 1471 Christianos

2010 1499 2149 1560 mala
2182 1506 2466 1570 excitavit,
2498 1522 2563 1560 ac
2592 1506 2871 1561 diuturnae
2912 1506 3049 1575 ipsis
3088 1507 3347 1568 tristitiae,
3397 1522 3463 1561 ac
3492 1506 3589 1560 do-

2008 1598 2138 1652 loris
2170 1598 2509 1654 vehementis
2543 1608 2741 1654 auctor
2765 1599 2884 1663 fuit.
2923 1600 3051 1654 dum
3085 1600 3285 1653 mullos
3318 1609 3589 1671 martyres

2007 1691 2127 1744 neci
2164 1689 2333 1753 dedit,
2371 1689 2662 1745 interfecto
2694 1691 2881 1747 Roma:
2911 1690 3120 1759 lguatio
3143 1695 3235 1762 qui
3268 1691 3585 1760 patriarcha

2007 1783 2385 1839 Antiochenus
2417 1782 2615 1845 fuerat.
2658 1800 2871 1840 necnon
2904 1784 3159 1841 Simeone
3206 1784 3423 1855 Cleopre
3476 1785 3589 1861 lilio

2005 1877 2271 1946 episcopo
2303 1875 2824 1949 llierosolymitano,
2856 1893 3019 1947 quem
3056 1878 3211 1932 cruci
3258 1877 3451 1942 aﬂlsit,
3491 1896 3589 1932 an-

2005 1984 2108 2023 nos
2140 1977 2331 2023 natum
2359 1980 2577 2024 centum
2636 1969 2851 2040 viginti.
2902 1969 2960 2025 ln
3031 1970 3351 2025 servitutem
3415 1970 3588 2041 redigi

2003 2061 2354 2130 etiamjussit
2381 2059 2754 2127 Christianos,
2788 2070 2977 2128 utpote
3038 2064 3258 2133 quibus,
3288 2078 3353 2116 ex
3411 2062 3585 2132 ipsius

2006 2152 2300 2208 sententia.
2332 2151 2479 2206 nulla
2534 2160 2686 2207 esset
2745 2152 2935 2221 religio
2989 2164 3082 2209 aut
3116 2154 3220 2208 lex.
3270 2154 3387 2209 Prae
3449 2152 3589 2208 dura

2005 2254 2184 2300 autem
2225 2260 2389 2316 quam
2415 2247 2560 2315 passi
2587 2256 2717 2301 sunt
2745 2247 3045 2301 Christiani
3075 2248 3360 2315 servitute,
3394 2260 3444 2302 et
3471 2262 3589 2316 gra-

2005 2339 2181 2402 vibus,
2208 2340 2408 2410 quibus
2437 2339 2638 2395 sublati
2674 2348 2825 2405 sunt,
2892 2341 3158 2405 caedibus,
3194 2341 3575 2396 misericordia

2003 2444 2129 2500 erga
2166 2430 2318 2497 ipsos
2370 2428 2547 2486 allecti
2585 2438 2713 2485 sunt
2769 2428 3027 2493 Romani,
3089 2444 3150 2485 ac
3207 2430 3393 2485 testati
3444 2431 3587 2499 apud

2005 2522 2391 2590 imperatorem
2419 2522 2590 2592 ipsius
2624 2523 2930 2579 consiliarii
2968 2540 3034 2583 ac
3060 2524 3230 2579 duces
3264 2538 3391 2579 esse
3419 2522 3589 2580 Chri-

2005 2612 2171 2667 tianis
2207 2612 2525 2680 religionem
2557 2613 2796 2679 ﬁrmam,
2833 2629 2897 2669 ac
2925 2614 3098 2683 legem
3133 2613 3355 2679 bonam,
3405 2628 3586 2683 neque

2002 2715 2253 2776 oportere
2288 2705 2440 2775 ipsos
2469 2705 2594 2761 illos
2626 2708 2680 2759 in
2712 2706 3037 2762 servitutem
3069 2706 3343 2774 redigere.
3406 2704 3582 2762 Jussit

2003 2811 2135 2868 ergo
2168 2812 2235 2851 ne
2290 2798 2529 2866 amplius
2568 2798 2715 2855 servi
2763 2798 2975 2865 tierent,
3010 2805 3064 2852 et
3090 2813 3121 2852 a
3149 2798 3295 2852 malo
3327 2799 3461 2869 ipsis
3498 2799 3587 2855 in-

2003 2886 2229 2942 ferendo
2264 2886 2553 2941 abstinuit.

2072 2980 2241 3034 Porro
2266 2990 2509 3049 tempore
2545 2978 2763 3047 Trajani
2796 2979 3030 3037 Caesaris
3056 2981 3398 3049 imperatoris
3432 2983 3574 3037 scri-

2003 3072 2110 3139 psit
2148 3069 2388 3126 Joannes
2423 3069 2774 3140 Evangeliqu
2830 3086 2990 3126 suum
3020 3070 3230 3134 Graece,
3285 3071 3339 3126 in
3404 3072 3581 3129 insula

312 3170 495 3237 ipsum
544 3167 839 3237 imperavit
897 3165 1079 3221 frater
1142 3166 1268 3234 ejus
1321 3162 1665 3219 Domitianus
1724 3174 1965 3227 annosc
2003 3163 2195 3218 Patmo
2222 3162 2515 3235 appellata,
2569 3178 2600 3218 e
2652 3171 2798 3218 terra
2853 3163 3017 3229 Asiae,
3073 3179 3195 3233 quae
3239 3164 3582 3218 llomzeorum

314 3258 652 3330 quindecim.
690 3257 941 3329 Magnam
976 3256 1066 3312 hic
1131 3255 1185 3309 in
1243 3254 1465 3311 Judazos
1510 3254 1893 3311 crudelitatem

313 3351 589 3418 exercuit,
619 3350 758 3406 adeo
786 3356 847 3404 ut
872 3349 995 3417 ejus
1056 3358 1303 3419 tempore
1361 3349 1545 3403 nullus
1604 3356 1898 3419 appareret

312 3446 555 3503 ludens.
583 3447 726 3512 Quin
756 3456 810 3499 et
837 3443 893 3499 in
932 3440 1117 3499 animo
1153 3441 1341 3499 habuit
1391 3457 1548 3511 reges
1592 3454 1898 3509 eorumque

307 3537 458 3593 filios
493 3553 525 3591 e
555 3537 739 3592 medio
764 3535 980 3600 tollere,
1006 3546 1066 3591 ut
1095 3550 1205 3589 non
1245 3542 1389 3590 esset
1425 3534 1477 3589 in
1510 3544 1652 3588 terra
1704 3541 1899 3601 preter

307 3644 491 3699 ipsum
520 3642 638 3683 rex.
680 3625 917 3697 Nepotes
954 3642 1087 3694 ergo
1140 3625 1308 3682 etiam
1372 3640 1568 3695 regum
1628 3624 1895 3687 sustulit,

310 3719 634 3788 multosque
662 3733 819 3789 reges
850 3717 1149 3774 interfecit.
1171 3717 1413 3787 Cumque
1445 3716 1759 3770 nuntiatum
1793 3716 1897 3786 ipsi

305 3816 461 3865 esset
490 3824 736 3865 asserere
777 3808 1130 3865 Christianos
1189 3807 1547 3880 345-357
1615 3805 1895 3862 Christum

308 3916 497 3973 regem
530 3916 695 3957 suum
724 3916 868 3966 esse,
906 3916 1249 3971 regnumque
1275 3902 1451 3973 ipsius
1483 3908 1773 3965 aeternum,
1810 3916 1900 3956 es-

305 4011 479 4064 seque
522 3994 671 4065 ipsos
702 3994 1009 4049 exercitum
1038 3994 1351 4064 copiosum.
1381 4007 1753 4062 magnamque
1792 3993 1899 4049 ho-

308 4089 523 4143 minum
558 4086 994 4151 multitudinem,
1020 4085 1370 4142 vehementer
1420 4087 1499 4142 ira
1549 4087 1849 4146 excanduit
1880 4127 1898 4155 ,

306 4181 589 4250 iussitque
619 4195 649 4234 e
680 4180 858 4234 medio
887 4180 1000 4233 tolli
1054 4179 1424 4244 Christlsnos,
1460 4196 1562 4236 nec
1613 4182 1784 4237 ullum
1841 4182 1895 4237 in

308 4286 478 4342 regno
525 4273 699 4342 ipsius
741 4272 977 4340 relinqui
1011 4270 1407 4327 Christianum.
1438 4270 1566 4329 Fuit
1591 4282 1702 4328 tum
1728 4272 1897 4329 Joan-

309 4378 412 4419 nes
458 4364 793 4430 evangelista
823 4365 877 4417 in
913 4361 1083 4428 Neso,
1117 4362 1209 4433 qui
1247 4364 1349 4419 hoc
1380 4364 1567 4419 audito
1614 4374 1889 4431 metuens,

309 4456 583 4527 Ephesum
613 4456 770 4528 fugit.
808 4456 1027 4511 Mittens
1054 4465 1235 4511 autem
1268 4454 1568 4525 imperator
1622 4454 1890 4512 Hieroso-

2003 3266 2146 3311 terra
2180 3265 2286 3311 est.
2345 3254 2604 3325 Ejusdem
2646 3266 2892 3324 tempore
2926 3253 3277 3327 359—351
3339 3253 3583 3324 philoso-

1998 3349 2141 3417 phus
2168 3348 2392 3418 quidam
2432 3347 2535 3403 fuit
2565 3363 2596 3402 e
2623 3345 2995 3403 Romanorum
3048 3345 3420 3417 tnaguatibus,
3478 3360 3578 3401 no-

1998 3441 2145 3497 mine
2175 3440 2527 3497 Commodus.
2553 3442 2712 3493 Anno
2735 3438 2948 3509 imperii
2982 3437 3226 3505 ejusdem
3259 3446 3414 3493 sexto
3437 3452 3576 3493 con-

1998 3535 2226 3593 stitutus
2250 3546 2335 3592 est
2366 3533 2538 3589 Juilas
2568 3534 2865 3607 episcopus
2893 3531 3448 3604 llierosolymitanus.
3480 3532 3576 3591 ubi

1996 3644 2121 3685 cum
2153 3638 2356 3697 septem
2390 3643 2562 3683 annos
2596 3625 2831 3683 sedisset
2867 3634 3119 3681 mortuus
3147 3634 3250 3681 est.

2066 3722 2227 3776 Anno
2262 3719 2500 3791 ejusdem
2546 3719 2760 3774 decimo
2806 3726 3006 3790 quarto
3038 3717 3332 3773 Zacchteus
3366 3717 3581 3787 episco-

1997 3828 2101 3885 pus
2142 3811 2667 3883 Hierosolymitanns
2696 3811 3055 3875 constitutus,
3088 3824 3214 3863 cum
3240 3819 3446 3879 septem
3474 3825 3574 3864 an-

1998 3920 2096 3959 nos
2131 3904 2363 3959 sedisset
2397 3902 2541 3958 diem
2586 3902 2745 3957 obiit.
2779 3901 2937 3956 Anno
2963 3899 3212 3971 ejusdem
3256 3910 3414 3956 sexto
3440 3916 3575 3954 con-

1996 4000 2224 4056 stitutus
2249 4007 2333 4056 est
2364 3995 2528 4053 Jeron
2562 3996 2869 4067 patriarcha
2896 3995 3298 4059 Autiochenus,
3329 3995 3422 4065 qui
3447 4012 3572 4049 cum

2005 4106 2183 4149 annos
2211 4092 2400 4163 viginti
2447 4090 2683 4145 sedisset
2732 4096 2985 4142 mortuus
3031 4098 3140 4145 est.
3178 4087 3337 4143 Anno
3364 4088 3578 4158 imperii

1995 4183 2118 4252 ejus
2142 4190 2360 4252 quarto,
2396 4180 2598 4249 Xystus
2635 4180 2942 4251 patriarcha
2975 4178 3164 4234 Roma:
3216 4180 3577 4244 constitutus,

1998 4289 2173 4329 annos
2205 4272 2392 4329 decem
2436 4274 2609 4339 sedet,
2658 4272 2783 4328 dein
2831 4273 3083 4327 moritur.
3129 4271 3289 4327 Auno
3328 4271 3575 4342 ejusdem

1996 4364 2210 4421 decimo
2232 4376 2431 4435 quarto
2486 4363 2674 4420 Romae
2704 4363 3020 4432 patriarcha
3053 4365 3230 4421 factus
3266 4372 3351 4419 est
3378 4363 3568 4421 Teles-

1999 4458 2227 4527 phorns.
2283 4457 2376 4527 qui
2425 4472 2550 4510 cum
2610 4469 2783 4512 annos
2835 4454 3089 4511 undecim
3135 4455 3368 4512 sedisset
3430 4456 3577 4511 diem

310 4550 476 4621 lyma,
502 4547 677 4613 Indae,
710 4548 802 4603 lilii
833 4546 1081 4617 Josephi,
1136 4546 1536 4615 discipulorum
1587 4546 1751 4603 unius
1774 4585 1792 4611 ,
1838 4548 1898 4602 Ιί-
1936 4538 1978 4593 D
2002 4550 2158 4605 obiit.
2182 4549 2340 4605 Anno
2376 4548 2589 4617 imperii
2618 4547 2741 4619 ejus
2776 4547 3069 4601 undecimo
3092 4548 3429 4603 constitutus
3453 4545 3579 4603 Jus-

308 4641 411 4697 lios
442 4643 755 4710 prehendit,
785 4656 925 4711 quos
970 4640 1185 4695 vinctos
1238 4637 1581 4709 Romamque
1636 4638 1897 4695 advectos

306 4733 375 4790 de
403 4734 623 4790 Christo
652 4748 719 4790 ac
754 4733 928 4804 ipsius
965 4747 1132 4803 regno
1162 4731 1539 4801 interrogavit.
1575 4729 1895 4801 Responde-

308 4837 442 4883 runt
470 4826 571 4889 illi,
600 4841 824 4897 regnum
850 4826 1021 4895 ipsius
1056 4824 1275 4881 caeleste
1296 4839 1441 4886 esse,
1464 4839 1568 4877 non
1596 4832 1894 4891 terrenum,

314 4921 607 4991 ipsumque
641 4919 851 4975 ultimis
882 4917 1222 4985 temporibus
1263 4932 1386 4971 cum
1431 4916 1603 4984 gloria
1657 4932 1851 4987 magna
1877 4957 1893 4981 ,

303 5019 360 5068 et
389 5010 705 5081 splendore.
733 5016 1024 5064 venturum
1059 5006 1125 5062 ad
1172 5006 1501 5075 judicandos
1546 5015 1599 5062 et
1638 5008 1801 5064 vivos
1837 5015 1897 5064 et

307 5113 575 5169 mortuos,
605 5116 669 5158 sc
701 5117 1149 5170 unumquemque
1185 5100 1341 5170 juxta
1386 5115 1550 5171 opera
1582 5116 1679 5156 sua
1710 5117 1894 5157 remu-

316 5205 661 5249 ncraturum.
701 5193 914 5259 Quibus
943 5192 1032 5247 ille
1059 5192 1262 5246 auditis
1315 5194 1644 5263 perterritus
1695 5194 1895 5251 liberos

304 5303 400 5343 eus
436 5285 671 5352 dimisit,
697 5300 908 5340 necnon
941 5286 1151 5340 honore
1189 5284 1327 5340 allici
1384 5284 1730 5343 Christianos
1769 5286 1892 5358 jus.

306 5381 401 5443 sit,
434 5378 682 5450 ipsisque
709 5394 767 5433 se
794 5393 1069 5446 opponere
1105 5376 1292 5433 desiit.

375 5473 571 5537 Porro,
606 5487 752 5526 anno
779 5471 996 5541 imperii
1045 5469 1226 5541 ipsius
1263 5472 1508 5526 secundo
1558 5472 1893 5532 constitutus

316 5572 402 5621 est
432 5561 721 5618 Evaristus
752 5562 1064 5633 patriarcha
1102 5562 1312 5627 Romae,
1346 5564 1434 5617 ubi
1473 5578 1597 5616 cum
1641 5572 1766 5619 octo
1794 5579 1895 5619 an-

306 5671 410 5711 nos
447 5655 679 5709 sedisset
732 5663 985 5709 mortuus
1014 5663 1118 5709 est.
1168 5654 1329 5709 Anno
1381 5654 1595 5723 imperii
1636 5655 1885 5725 ejusdem

306 5745 524 5802 decimo
553 5744 866 5815 patriarcha
906 5746 1089 5799 Romze
1119 5744 1296 5800 lactus
1320 5756 1402 5800 est
1439 5745 1765 5813 Alexander,
1798 5747 1891 5815 qui

310 5840 379 5895 lbi
418 5836 603 5893 decem
637 5852 811 5893 annos
839 5837 998 5904 sedit,
1029 5837 1155 5895 dein
1189 5848 1433 5905 mortuus
1463 5845 1566 5896 05!.
1600 5836 1758 5895 Anno
1790 5840 1891 5894 im-

2003 4650 2092 4696 tus
2115 4641 2426 4711 patriarcha
2470 4639 2897 4705 Alexandrinus,
2929 4639 3021 4694 ubi
3064 4638 3250 4695 decem
3280 4654 3457 4694 annos
3486 4655 3578 4696 se-

1999 4734 2099 4798 dit,
2138 4733 2263 4789 dein
2313 4741 2563 4788 mortuus
2604 4740 2707 4787 est.
2754 4731 2833 4787 Eo
2878 4738 3127 4803 tempore
3174 4731 3378 4786 reversi
3403 4729 3576 4787 ,1υάιιεὶ

2001 4826 2394 4897 Hierosolyma,
2438 4840 2563 4881 cum
2596 4825 2947 4894 multiplicati
2985 4833 3175 4880 essent
3204 4825 3340 4877 adeo
3374 4834 3435 4877 ut
3472 4823 3578 4879 im-

1998 4916 2237 4987 pleretur
2262 4916 2395 4984 ipsis
2427 4915 2579 4978 urbs.
2623 4930 2804 4986 regem
2838 4915 2943 4970 sibi
2974 4913 3249 4985 pradicere
3274 4914 3579 4970 constitue-

1999 5015 2125 5061 runt
2154 5022 2169 5070 ;
2208 5005 2357 5076 quod
2384 5020 2507 5060 cum
2532 5002 2772 5073 Trojano
2806 5006 3185 5058 renuntiatum
3209 5012 3375 5066 esset.
3410 5003 3577 5057 misso

1999 5098 2091 5154 ille
2120 5096 2498 5169 Hierosolyma
2526 5096 2669 5152 duce
2706 5112 2833 5152 eum
2868 5096 3185 5166 ingentibus
3212 5096 3385 5166 copiis
3417 5097 3580 5161 innu-

2000 5206 2181 5245 meros
2215 5187 2488 5243 interfecit
2533 5185 2775 5241 Judaeos.
2830 5184 3035 5239 Contra
3085 5183 3381 5255 Trajanum
3414 5185 3575 5239 istum

2004 5283 2208 5354 prodiit
2262 5280 2446 5335 Babeli
2493 5279 2712 5333 rcbellis
2752 5276 2999 5347 quidam,
3032 5286 3222 5332 contra
3258 5292 3420 5345 quem
3450 5292 3576 5346 pro-

1999 5375 2143 5429 lecto
2190 5372 2429 5440 'l'rajano
2481 5371 2617 5425 inita
2658 5381 2739 5423 est
2782 5370 2925 5421 inter
2963 5368 3113 5437 ipsos
3154 5382 3331 5438 pugna
3367 5369 3577 5422 acerri-

1999 5480 2106 5525 ma,
2144 5463 2197 5517 in
2234 5476 2340 5532 qua
2376 5461 2530 5515 multi
2578 5476 2642 5514 es
2696 5468 2925 5526 utroque
2948 5456 3192 5511 exercitu
3238 5456 3369 5512 caesi
3426 5467 3573 5523 sum,

2000 5559 2223 5627 ipseque
2269 5554 2542 5621 Trajanus
2569 5554 2620 5606 in
2652 5551 2838 5621 prazlio
2871 5550 3195 5603 interiectus
3251 5548 3379 5603 Post
3411 5566 3575 5618 (ιειυιη

2000 5646 2285 5719 imperavit
2318 5645 2495 5701 Elius
2551 5646 2826 5700 Adrianus
2858 5643 3020 5714 352
3058 5641 3239 5696 Caesar
3273 5655 3447 5694 annos
3488 5641 3568 5691 vi-

1998 5743 2154 5815 ginti.
2191 5742 2289 5797 llic
2349 5750 2542 5796 contra
2604 5739 2857 5794 rebellem
2918 5738 3083 5790 istum
3159 5735 3405 5790 Babelcm
3447 5750 3572 5804 pm-

1999 5836 2176 5892 lcctus
2213 5835 2391 5905 ipsum
2418 5833 2739 5905 proﬂigavit.
2774 5829 2903 5887 Dein
2940 5826 3234 5903 (Egyplum
3264 5826 3569 5885 contendit.
