  <div class='ocr_page' id='page_1' title='image "/cluster/home/n/w/nwhite01/storage/ocr_20150623/111/mdp.39015009379887/501.png"; bbox 0 0 4068 6160; ppageno 0'>
   <div class='ocr_carea' id='block_1_1' title="bbox 525 380 632 442">
    <p class='ocr_par' dir='ltr' id='par_1_1' title="bbox 525 380 632 442">
     <span class='ocr_line' id='line_1_1' title="bbox 525 380 632 442; baseline 0.009 -1"><span class='ocrx_word' id='word_1_1' title='bbox 525 380 632 442; x_wconf 73' lang='lat'><strong>937</strong></span> 
     </span>
    </p>
   </div>
   <div class='ocr_carea' id='block_1_2' title="bbox 1529 380 2708 453">
    <p class='ocr_par' dir='ltr' id='par_1_2' title="bbox 1529 380 2708 453">
     <span class='ocr_line' id='line_1_2' title="bbox 1529 380 2708 453; baseline 0.007 -8"><span class='ocrx_word' id='word_1_2' title='bbox 1529 383 1897 446; x_wconf 76' lang='lat' dir='ltr'><strong>EUTYCUII</strong></span> <span class='ocrx_word' id='word_1_3' title='bbox 1929 380 2459 448; x_wconf 65' lang='lat' dir='ltr'><strong>ALEXANDIUNI</strong></span> <span class='ocrx_word' id='word_1_4' title='bbox 2498 390 2708 453; x_wconf 69' lang='lat' dir='ltr'><strong>PA&#39;l&#39;li.</strong></span> 
     </span>
    </p>
   </div>
   <div class='ocr_carea' id='block_1_3' title="bbox 3690 386 3799 449">
    <p class='ocr_par' dir='ltr' id='par_1_3' title="bbox 3690 386 3799 449">
     <span class='ocr_line' id='line_1_3' title="bbox 3690 386 3799 449; baseline 0.018 -2"><span class='ocrx_word' id='word_1_5' title='bbox 3690 386 3799 449; x_wconf 69' lang='lat'><strong>933</strong></span> 
     </span>
    </p>
   </div>
   <div class='ocr_carea' id='block_1_4' title="bbox 525 496 3801 581">
    <p class='ocr_par' dir='ltr' id='par_1_4' title="bbox 525 496 3801 581">
     <span class='ocr_line' id='line_1_4' title="bbox 525 496 3801 581; baseline 0.004 -34"><span class='ocrx_word' id='word_1_6' title='bbox 525 496 721 552; x_wconf 67' lang='lat' dir='ltr'><strong>Gravia</strong></span> <span class='ocrx_word' id='word_1_7' title='bbox 756 507 935 555; x_wconf 86' lang='lat' dir='ltr'><strong>autem</strong></span> <span class='ocrx_word' id='word_1_8' title='bbox 966 501 1117 557; x_wconf 75' lang='lat' dir='ltr'><strong>valde</strong></span> <span class='ocrx_word' id='word_1_9' title='bbox 1152 501 1218 556; x_wconf 79' lang='lat' dir='ltr'><strong>ah</strong></span> <span class='ocrx_word' id='word_1_10' title='bbox 1244 520 1309 557; x_wconf 82' lang='lat' dir='ltr'><strong>eo</strong></span> <span class='ocrx_word' id='word_1_11' title='bbox 1342 503 1485 574; x_wconf 76' lang='lat' dir='ltr'><strong>passi</strong></span> <span class='ocrx_word' id='word_1_12' title='bbox 1518 511 1644 559; x_wconf 88' lang='lat' dir='ltr'><strong>sunt</strong></span> <span class='ocrx_word' id='word_1_13' title='bbox 1676 504 1910 577; x_wconf 58' lang='lat' dir='ltr'><strong>Egnatii</strong></span> <span class='ocrx_word' id='word_1_14' title='bbox 1961 508 2091 562; x_wconf 87' lang='lat' dir='ltr'><strong>dum</strong></span> <span class='ocrx_word' id='word_1_15' title='bbox 2124 501 2165 555; x_wconf 82' lang='grc' dir='ltr'><strong>Α</strong></span> <span class='ocrx_word' id='word_1_16' title='bbox 2196 512 2280 559; x_wconf 88' lang='lat' dir='ltr'><strong>est</strong></span> <span class='ocrx_word' id='word_1_17' title='bbox 2313 504 2593 577; x_wconf 82' lang='lat' dir='ltr'><strong>Benjamin</strong></span> <span class='ocrx_word' id='word_1_18' title='bbox 2616 510 2905 577; x_wconf 86' lang='lat' dir='ltr'><strong>episcopus</strong></span> <span class='ocrx_word' id='word_1_19' title='bbox 2927 508 3479 581; x_wconf 79' lang='lat' dir='ltr'><strong>ilierosolymitauus,</strong></span> <span class='ocrx_word' id='word_1_20' title='bbox 3508 514 3603 580; x_wconf 90' lang='lat' dir='ltr'><strong>qui</strong></span> <span class='ocrx_word' id='word_1_21' title='bbox 3630 520 3801 579; x_wconf 70' lang='lat' dir='ltr'><strong>post.</strong></span> 
     </span>
    </p>
   </div>
   <div class='ocr_carea' id='block_1_5' title="bbox 529 596 2102 673">
    <p class='ocr_par' dir='ltr' id='par_1_5' title="bbox 529 596 2102 673">
     <span class='ocr_line' id='line_1_5' title="bbox 529 596 2102 673; baseline 0.008 -28"><span class='ocrx_word' id='word_1_22' title='bbox 529 599 781 651; x_wconf 73' lang='lat' dir='ltr'><strong>tiomines</strong></span> <span class='ocrx_word' id='word_1_23' title='bbox 830 596 899 651; x_wconf 84' lang='lat' dir='ltr'><strong>ad</strong></span> <span class='ocrx_word' id='word_1_24' title='bbox 961 596 1226 653; x_wconf 79' lang='lat' dir='ltr'><strong>idolorum</strong></span> <span class='ocrx_word' id='word_1_25' title='bbox 1272 601 1481 655; x_wconf 80' lang='lat' dir='ltr'><strong>cultum</strong></span> <span class='ocrx_word' id='word_1_26' title='bbox 1537 601 1802 673; x_wconf 74' lang='lat' dir='ltr'><strong>adigeret,</strong></span> <span class='ocrx_word' id='word_1_27' title='bbox 1838 616 2000 671; x_wconf 81' lang='lat' dir='ltr'><strong>quant</strong></span> <span class='ocrx_word' id='word_1_28' title='bbox 2030 601 2102 657; x_wconf 86' lang='lat' dir='ltr'><strong>ob</strong></span> 
     </span>
    </p>
   </div>
   <div class='ocr_carea' id='block_1_6' title="bbox 529 693 2100 761">
    <p class='ocr_par' dir='ltr' id='par_1_6' title="bbox 529 693 2100 761">
     <span class='ocr_line' id='line_1_6' title="bbox 529 693 2100 761; baseline 0.006 -21"><span class='ocrx_word' id='word_1_29' title='bbox 529 702 759 745; x_wconf 89' lang='lat' dir='ltr'><strong>causam</strong></span> <span class='ocrx_word' id='word_1_30' title='bbox 792 693 996 749; x_wconf 87' lang='lat' dir='ltr'><strong>multos</strong></span> <span class='ocrx_word' id='word_1_31' title='bbox 1022 694 1189 750; x_wconf 88' lang='lat' dir='ltr'><strong>etiam</strong></span> <span class='ocrx_word' id='word_1_32' title='bbox 1212 713 1241 749; x_wconf 90' lang='lat' dir='ltr'><strong>c</strong></span> <span class='ocrx_word' id='word_1_33' title='bbox 1272 694 1625 761; x_wconf 80' lang='lat' dir='ltr'><strong>Christianis.</strong></span> <span class='ocrx_word' id='word_1_34' title='bbox 1661 705 1835 752; x_wconf 88' lang='lat' dir='ltr'><strong>morte</strong></span> <span class='ocrx_word' id='word_1_35' title='bbox 1872 694 2054 751; x_wconf 79' lang='lat' dir='ltr'><strong>aﬂ&#39;ecit</strong></span> <span class='ocrx_word' id='word_1_36' title='bbox 2083 711 2100 750; x_wconf 87' lang='lat'><strong>:</strong></span> 
     </span>
    </p>
   </div>
   <div class='ocr_carea' id='block_1_7' title="bbox 528 780 2104 846">
    <p class='ocr_par' dir='ltr' id='par_1_7' title="bbox 528 780 2104 846">
     <span class='ocr_line' id='line_1_7' title="bbox 528 780 2104 846; baseline 0.008 -13"><span class='ocrx_word' id='word_1_37' title='bbox 528 780 672 837; x_wconf 87' lang='lat' dir='ltr'><strong>inter</strong></span> <span class='ocrx_word' id='word_1_38' title='bbox 703 791 929 841; x_wconf 56' lang='lat' dir='ltr'><strong>ceteros</strong></span> <span class='ocrx_word' id='word_1_39' title='bbox 956 784 1072 840; x_wconf 74' lang='lat' dir='ltr'><strong>Mar</strong></span> <span class='ocrx_word' id='word_1_40' title='bbox 1106 790 1373 844; x_wconf 74' lang='lat' dir='ltr'><strong>Astalinm</strong></span> <span class='ocrx_word' id='word_1_41' title='bbox 1415 805 1537 844; x_wconf 83' lang='lat' dir='ltr'><strong>cum</strong></span> <span class='ocrx_word' id='word_1_42' title='bbox 1575 805 1746 846; x_wconf 87' lang='lat' dir='ltr'><strong>uxore</strong></span> <span class='ocrx_word' id='word_1_43' title='bbox 1790 799 1844 845; x_wconf 90' lang='lat' dir='ltr'><strong>et</strong></span> <span class='ocrx_word' id='word_1_44' title='bbox 1885 790 2104 846; x_wconf 88' lang='lat' dir='ltr'><strong>duobus</strong></span> 
     </span>
    </p>
   </div>
   <div class='ocr_carea' id='block_1_8' title="bbox 530 875 2101 954">
    <p class='ocr_par' dir='ltr' id='par_1_8' title="bbox 530 875 2101 954">
     <span class='ocr_line' id='line_1_8' title="bbox 530 875 2101 954; baseline 0.006 -27"><span class='ocrx_word' id='word_1_45' title='bbox 530 875 691 941; x_wconf 77' lang='lat' dir='ltr'><strong>filiis;</strong></span> <span class='ocrx_word' id='word_1_46' title='bbox 727 877 930 948; x_wconf 89' lang='lat' dir='ltr'><strong>quibus</strong></span> <span class='ocrx_word' id='word_1_47' title='bbox 979 880 1185 936; x_wconf 82' lang='lat' dir='ltr'><strong>scilicet</strong></span> <span class='ocrx_word' id='word_1_48' title='bbox 1240 883 1361 939; x_wconf 65' lang='lat' dir='ltr'><strong>olla:</strong></span> <span class='ocrx_word' id='word_1_49' title='bbox 1411 898 1575 939; x_wconf 70' lang='lat' dir='ltr'><strong>aenea:</strong></span> <span class='ocrx_word' id='word_1_50' title='bbox 1634 882 1864 941; x_wconf 87' lang='lat' dir='ltr'><strong>inclusis</strong></span> <span class='ocrx_word' id='word_1_51' title='bbox 1902 897 2101 954; x_wconf 88' lang='lat' dir='ltr'><strong>aquam</strong></span> 
     </span>
    </p>
   </div>
   <div class='ocr_carea' id='block_1_9' title="bbox 528 966 2106 1046">
    <p class='ocr_par' dir='ltr' id='par_1_9' title="bbox 528 966 2106 1046">
     <span class='ocr_line' id='line_1_9' title="bbox 528 966 2106 1046; baseline 0.006 -24"><span class='ocrx_word' id='word_1_52' title='bbox 528 966 961 1036; x_wconf 73' lang='lat' dir='ltr'><strong>superfundens.</strong></span> <span class='ocrx_word' id='word_1_53' title='bbox 1005 971 1183 1041; x_wconf 76' lang='lat' dir='ltr'><strong>ignem</strong></span> <span class='ocrx_word' id='word_1_54' title='bbox 1214 974 1412 1029; x_wconf 85' lang='lat' dir='ltr'><strong>deinde</strong></span> <span class='ocrx_word' id='word_1_55' title='bbox 1456 975 1770 1046; x_wconf 87' lang='lat' dir='ltr'><strong>supposuit.</strong></span> <span class='ocrx_word' id='word_1_56' title='bbox 1805 975 1980 1030; x_wconf 92' lang='lat' dir='ltr'><strong>donec</strong></span> <span class='ocrx_word' id='word_1_57' title='bbox 2012 991 2106 1031; x_wconf 65' lang='lat' dir='ltr'><strong>eoo</strong></span> 
     </span>
    </p>
   </div>
   <div class='ocr_carea' id='block_1_10' title="bbox 524 1066 2106 1144">
    <p class='ocr_par' dir='ltr' id='par_1_10' title="bbox 524 1066 2106 1144">
     <span class='ocr_line' id='line_1_10' title="bbox 524 1066 2106 1144; baseline 0.006 -26"><span class='ocrx_word' id='word_1_58' title='bbox 524 1074 849 1130; x_wconf 70' lang='lat' dir='ltr'><strong>querentur.</strong></span> <span class='ocrx_word' id='word_1_59' title='bbox 887 1066 1083 1126; x_wconf 81' lang='lat' dir='ltr'><strong>Gravis</strong></span> <span class='ocrx_word' id='word_1_60' title='bbox 1114 1079 1293 1126; x_wconf 81' lang='lat' dir='ltr'><strong>autent</strong></span> <span class='ocrx_word' id='word_1_61' title='bbox 1324 1070 1475 1128; x_wconf 66' lang='lat' dir='ltr'><strong>Eiio</strong></span> <span class='ocrx_word' id='word_1_62' title='bbox 1513 1072 1759 1129; x_wconf 74' lang='lat' dir='ltr'><strong>Adriano</strong></span> <span class='ocrx_word' id='word_1_63' title='bbox 1785 1073 1841 1129; x_wconf 84' lang='lat' dir='ltr'><strong>iu</strong></span> <span class='ocrx_word' id='word_1_64' title='bbox 1872 1086 2106 1144; x_wconf 87' lang='lat' dir='ltr'><strong>corpore</strong></span> 
     </span>
    </p>
   </div>
   <div class='ocr_carea' id='block_1_11' title="bbox 525 1159 2107 1239">
    <p class='ocr_par' dir='ltr' id='par_1_11' title="bbox 525 1159 2107 1239">
     <span class='ocr_line' id='line_1_11' title="bbox 525 1159 2107 1239; baseline 0.008 -27"><span class='ocrx_word' id='word_1_65' title='bbox 525 1172 627 1213; x_wconf 87' lang='lat' dir='ltr'><strong>suo</strong></span> <span class='ocrx_word' id='word_1_66' title='bbox 668 1159 896 1218; x_wconf 77' lang='lat' dir='ltr'><strong>morbus</strong></span> <span class='ocrx_word' id='word_1_67' title='bbox 928 1163 1127 1218; x_wconf 88' lang='lat' dir='ltr'><strong>accidit</strong></span> <span class='ocrx_word' id='word_1_68' title='bbox 1154 1179 1170 1229; x_wconf 90' lang='lat'><strong>;</strong></span> <span class='ocrx_word' id='word_1_69' title='bbox 1197 1180 1368 1235; x_wconf 88' lang='lat' dir='ltr'><strong>quare</strong></span> <span class='ocrx_word' id='word_1_70' title='bbox 1410 1166 1537 1222; x_wconf 87' lang='lat' dir='ltr'><strong>dum</strong></span> <span class='ocrx_word' id='word_1_71' title='bbox 1570 1167 1753 1225; x_wconf 87' lang='lat' dir='ltr'><strong>varias</strong></span> <span class='ocrx_word' id='word_1_72' title='bbox 1789 1176 2107 1239; x_wconf 63' lang='lat' dir='ltr'><strong>peragraret</strong></span> 
     </span>
    </p>
   </div>
   <div class='ocr_carea' id='block_1_12' title="bbox 531 1252 2107 1333">
    <p class='ocr_par' dir='ltr' id='par_1_12' title="bbox 531 1252 2107 1333">
     <span class='ocr_line' id='line_1_12' title="bbox 531 1252 2107 1333; baseline 0.008 -29"><span class='ocrx_word' id='word_1_73' title='bbox 531 1252 783 1322; x_wconf 67' lang='lat' dir='ltr'><strong>regiones</strong></span> <span class='ocrx_word' id='word_1_74' title='bbox 815 1255 882 1311; x_wconf 83' lang='lat' dir='ltr'><strong>ad</strong></span> <span class='ocrx_word' id='word_1_75' title='bbox 915 1259 1215 1315; x_wconf 89' lang='lat' dir='ltr'><strong>remedium</strong></span> <span class='ocrx_word' id='word_1_76' title='bbox 1246 1262 1460 1331; x_wconf 84' lang='lat' dir='ltr'><strong>corpori</strong></span> <span class='ocrx_word' id='word_1_77' title='bbox 1486 1270 1538 1318; x_wconf 91' lang='lat' dir='ltr'><strong>et</strong></span> <span class='ocrx_word' id='word_1_78' title='bbox 1582 1262 1775 1318; x_wconf 90' lang='lat' dir='ltr'><strong>morbo</strong></span> <span class='ocrx_word' id='word_1_79' title='bbox 1823 1277 1926 1319; x_wconf 87' lang='lat' dir='ltr'><strong>suo</strong></span> <span class='ocrx_word' id='word_1_80' title='bbox 1956 1277 2107 1333; x_wconf 68' lang='lat' dir='ltr'><strong>quar-</strong></span> 
     </span>
    </p>
   </div>
   <div class='ocr_carea' id='block_1_13' title="bbox 527 1345 2107 1424">
    <p class='ocr_par' dir='ltr' id='par_1_13' title="bbox 527 1345 2107 1424">
     <span class='ocr_line' id='line_1_13' title="bbox 527 1345 2107 1424; baseline 0.006 -25"><span class='ocrx_word' id='word_1_81' title='bbox 527 1347 781 1417; x_wconf 88' lang='lat' dir='ltr'><strong>rendum,</strong></span> <span class='ocrx_word' id='word_1_82' title='bbox 814 1345 1189 1424; x_wconf 82' lang='lat' dir='ltr'><strong>Hierosolyma</strong></span> <span class='ocrx_word' id='word_1_83' title='bbox 1212 1354 1312 1423; x_wconf 87' lang='lat' dir='ltr'><strong>ipsi</strong></span> <span class='ocrx_word' id='word_1_84' title='bbox 1349 1353 1663 1419; x_wconf 85' lang='lat' dir='ltr'><strong>laudarunt.</strong></span> <span class='ocrx_word' id='word_1_85' title='bbox 1692 1370 1802 1421; x_wconf 88' lang='lat' dir='ltr'><strong>quo</strong></span> <span class='ocrx_word' id='word_1_86' title='bbox 1824 1370 1948 1410; x_wconf 87' lang='lat' dir='ltr'><strong>cum</strong></span> <span class='ocrx_word' id='word_1_87' title='bbox 1982 1369 2107 1423; x_wconf 85' lang='lat' dir='ltr'><strong>per-</strong></span> 
     </span>
    </p>
   </div>
   <div class='ocr_carea' id='block_1_14' title="bbox 531 1439 2105 1513">
    <p class='ocr_par' dir='ltr' id='par_1_14' title="bbox 531 1439 2105 1513">
     <span class='ocr_line' id='line_1_14' title="bbox 531 1439 2105 1513; baseline 0.01 -25"><span class='ocrx_word' id='word_1_88' title='bbox 531 1439 775 1496; x_wconf 85' lang='lat' dir='ltr'><strong>venisset</strong></span> <span class='ocrx_word' id='word_1_89' title='bbox 801 1442 1027 1513; x_wconf 84' lang='lat' dir='ltr'><strong>ipsaque</strong></span> <span class='ocrx_word' id='word_1_90' title='bbox 1069 1459 1277 1502; x_wconf 80' lang='lat' dir='ltr'><strong>vastata</strong></span> <span class='ocrx_word' id='word_1_91' title='bbox 1318 1448 1609 1512; x_wconf 84' lang='lat' dir='ltr'><strong>inveniret.</strong></span> <span class='ocrx_word' id='word_1_92' title='bbox 1641 1448 1778 1503; x_wconf 85' lang='lat' dir='ltr'><strong>adeo</strong></span> <span class='ocrx_word' id='word_1_93' title='bbox 1810 1455 1866 1502; x_wconf 89' lang='lat' dir='ltr'><strong>ut</strong></span> <span class='ocrx_word' id='word_1_94' title='bbox 1895 1448 2105 1504; x_wconf 86' lang='lat' dir='ltr'><strong>nullum</strong></span> 
     </span>
    </p>
   </div>
   <div class='ocr_carea' id='block_1_15' title="bbox 528 1525 2106 1605">
    <p class='ocr_par' dir='ltr' id='par_1_15' title="bbox 528 1525 2106 1605">
     <span class='ocr_line' id='line_1_15' title="bbox 528 1525 2106 1605; baseline 0.007 -23"><span class='ocrx_word' id='word_1_95' title='bbox 528 1528 601 1582; x_wconf 87' lang='lat' dir='ltr'><strong>ibi</strong></span> <span class='ocrx_word' id='word_1_96' title='bbox 652 1525 992 1605; x_wconf 68' lang='lat' dir='ltr'><strong>[ardiﬂcium]</strong></span> <span class='ocrx_word' id='word_1_97' title='bbox 1047 1545 1244 1605; x_wconf 77' lang='lat' dir='ltr'><strong>pra-ter</strong></span> <span class='ocrx_word' id='word_1_98' title='bbox 1301 1535 1748 1595; x_wconf 77' lang='lat' dir='ltr'><strong>Christianorum</strong></span> <span class='ocrx_word' id='word_1_99' title='bbox 1809 1539 2106 1596; x_wconf 82' lang='lat' dir='ltr'><strong>ecclesiam</strong></span> 
     </span>
    </p>
   </div>
   <div class='ocr_carea' id='block_1_16' title="bbox 528 1622 2111 1700">
    <p class='ocr_par' dir='ltr' id='par_1_16' title="bbox 528 1622 2111 1700">
     <span class='ocr_line' id='line_1_16' title="bbox 528 1622 2111 1700; baseline 0.008 -27"><span class='ocrx_word' id='word_1_100' title='bbox 528 1628 695 1684; x_wconf 84' lang='lat' dir='ltr'><strong>esset.</strong></span> <span class='ocrx_word' id='word_1_101' title='bbox 728 1622 938 1679; x_wconf 89' lang='lat' dir='ltr'><strong>exstrui</strong></span> <span class='ocrx_word' id='word_1_102' title='bbox 975 1625 1144 1694; x_wconf 89' lang='lat' dir='ltr'><strong>jussit</strong></span> <span class='ocrx_word' id='word_1_103' title='bbox 1175 1629 1363 1685; x_wconf 80' lang='lat' dir='ltr'><strong>urbem</strong></span> <span class='ocrx_word' id='word_1_104' title='bbox 1398 1629 1546 1685; x_wconf 86' lang='lat' dir='ltr'><strong>circa</strong></span> <span class='ocrx_word' id='word_1_105' title='bbox 1596 1630 1887 1700; x_wconf 80' lang='lat' dir='ltr'><strong>templum,</strong></span> <span class='ocrx_word' id='word_1_106' title='bbox 1919 1646 2111 1686; x_wconf 84' lang='lat' dir='ltr'><strong>muro-</strong></span> 
     </span>
    </p>
   </div>
   <div class='ocr_carea' id='block_1_17' title="bbox 529 1714 2109 1790">
    <p class='ocr_par' dir='ltr' id='par_1_17' title="bbox 529 1714 2109 1790">
     <span class='ocr_line' id='line_1_17' title="bbox 529 1714 2109 1790; baseline 0.011 -24"><span class='ocrx_word' id='word_1_107' title='bbox 529 1726 634 1782; x_wconf 87' lang='lat' dir='ltr'><strong>que</strong></span> <span class='ocrx_word' id='word_1_108' title='bbox 661 1714 785 1771; x_wconf 75' lang='lat' dir='ltr'><strong>forti</strong></span> <span class='ocrx_word' id='word_1_109' title='bbox 816 1716 959 1789; x_wconf 74' lang='lat' dir='ltr'><strong>cingi</strong></span> <span class='ocrx_word' id='word_1_110' title='bbox 990 1738 1004 1774; x_wconf 91' lang='lat'>:</span> <span class='ocrx_word' id='word_1_111' title='bbox 1039 1718 1184 1790; x_wconf 90' lang='lat' dir='ltr'><strong>quod</strong></span> <span class='ocrx_word' id='word_1_112' title='bbox 1210 1736 1333 1776; x_wconf 90' lang='lat' dir='ltr'><strong>cum</strong></span> <span class='ocrx_word' id='word_1_113' title='bbox 1362 1722 1622 1778; x_wconf 78' lang='lat' dir='ltr'><strong>audirent</strong></span> <span class='ocrx_word' id='word_1_114' title='bbox 1642 1718 1924 1790; x_wconf 78' lang='lat' dir='ltr'><strong>Judaei,ex</strong></span> <span class='ocrx_word' id='word_1_115' title='bbox 1956 1726 2109 1783; x_wconf 83' lang='lat' dir='ltr'><strong>omni</strong></span> 
     </span>
    </p>
   </div>
   <div class='ocr_carea' id='block_1_18' title="bbox 529 1806 2182 1909">
    <p class='ocr_par' dir='ltr' id='par_1_18' title="bbox 529 1806 2182 1909">
     <span class='ocr_line' id='line_1_18' title="bbox 529 1806 2182 1909; baseline 0.01 -53"><span class='ocrx_word' id='word_1_116' title='bbox 529 1806 835 1875; x_wconf 78' lang='lat' dir='ltr'><strong>provincia,</strong></span> <span class='ocrx_word' id='word_1_117' title='bbox 865 1812 1128 1881; x_wconf 87' lang='lat' dir='ltr'><strong>omnique</strong></span> <span class='ocrx_word' id='word_1_118' title='bbox 1180 1815 1317 1870; x_wconf 87' lang='lat' dir='ltr'><strong>urbe</strong></span> <span class='ocrx_word' id='word_1_119' title='bbox 1362 1813 1662 1885; x_wconf 81' lang='lat' dir='ltr'><strong>conﬂuere.</strong></span> <span class='ocrx_word' id='word_1_120' title='bbox 1685 1814 1825 1872; x_wconf 88' lang='lat' dir='ltr'><strong>adeo</strong></span> <span class='ocrx_word' id='word_1_121' title='bbox 1848 1825 1909 1873; x_wconf 77' lang='grc' dir='ltr'><strong>ιιι</strong></span> <span class='ocrx_word' id='word_1_122' title='bbox 1957 1815 2106 1874; x_wconf 90' lang='lat' dir='ltr'><strong>brevi</strong></span> <span class='ocrx_word' id='word_1_123' title='bbox 2142 1853 2182 1909; x_wconf 68' lang='grc' dir='ltr'><strong><em>Β</em></strong></span> 
     </span>
    </p>
   </div>
   <div class='ocr_carea' id='block_1_19' title="bbox 530 1902 2111 1981">
    <p class='ocr_par' dir='ltr' id='par_1_19' title="bbox 530 1902 2111 1981">
     <span class='ocr_line' id='line_1_19' title="bbox 530 1902 2111 1981; baseline 0.009 -29"><span class='ocrx_word' id='word_1_124' title='bbox 530 1902 794 1968; x_wconf 83' lang='lat' dir='ltr'><strong>temporis</strong></span> <span class='ocrx_word' id='word_1_125' title='bbox 842 1906 1023 1976; x_wconf 83' lang='lat' dir='ltr'><strong>spatio</strong></span> <span class='ocrx_word' id='word_1_126' title='bbox 1086 1908 1402 1979; x_wconf 81' lang='lat' dir='ltr'><strong>impleretur</strong></span> <span class='ocrx_word' id='word_1_127' title='bbox 1468 1909 1603 1980; x_wconf 91' lang='lat' dir='ltr'><strong>ipsis</strong></span> <span class='ocrx_word' id='word_1_128' title='bbox 1656 1910 1812 1967; x_wconf 86' lang='lat' dir='ltr'><strong>urbs.</strong></span> <span class='ocrx_word' id='word_1_129' title='bbox 1862 1909 2111 1981; x_wconf 84' lang='lat' dir='ltr'><strong>Cumque</strong></span> 
     </span>
    </p>
   </div>
   <div class='ocr_carea' id='block_1_20' title="bbox 532 1994 2108 2073">
    <p class='ocr_par' dir='ltr' id='par_1_20' title="bbox 532 1994 2108 2073">
     <span class='ocr_line' id='line_1_20' title="bbox 532 1994 2108 2073; baseline 0.008 -27"><span class='ocrx_word' id='word_1_130' title='bbox 532 1994 687 2048; x_wconf 85' lang='lat' dir='ltr'><strong>multi</strong></span> <span class='ocrx_word' id='word_1_131' title='bbox 727 2012 955 2053; x_wconf 88' lang='lat' dir='ltr'><strong>numero</strong></span> <span class='ocrx_word' id='word_1_132' title='bbox 985 2000 1313 2064; x_wconf 79' lang='lat' dir='ltr'><strong>evasissent,</strong></span> <span class='ocrx_word' id='word_1_133' title='bbox 1343 2017 1522 2073; x_wconf 73' lang='lat' dir='ltr'><strong>regem</strong></span> <span class='ocrx_word' id='word_1_134' title='bbox 1572 2002 1683 2057; x_wconf 92' lang='lat' dir='ltr'><strong>illis</strong></span> <span class='ocrx_word' id='word_1_135' title='bbox 1720 2004 1941 2058; x_wconf 86' lang='lat' dir='ltr'><strong>numine</strong></span> <span class='ocrx_word' id='word_1_136' title='bbox 1972 2002 2108 2058; x_wconf 86' lang='lat' dir='ltr'><strong>Bar-</strong></span> 
     </span>
    </p>
   </div>
   <div class='ocr_carea' id='block_1_21' title="bbox 534 2084 2113 2159">
    <p class='ocr_par' dir='ltr' id='par_1_21' title="bbox 534 2084 2113 2159">
     <span class='ocr_line' id='line_1_21' title="bbox 534 2084 2113 2159; baseline 0.006 -20"><span class='ocrx_word' id='word_1_137' title='bbox 534 2084 739 2153; x_wconf 77' lang='lat' dir='ltr'><strong>iuzium</strong></span> <span class='ocrx_word' id='word_1_138' title='bbox 776 2090 1153 2157; x_wconf 73' lang='lat' dir='ltr'><strong>przrt&#39;ecerunt.</strong></span> <span class='ocrx_word' id='word_1_139' title='bbox 1188 2091 1342 2159; x_wconf 79' lang='lat' dir='ltr'><strong>Quod</strong></span> <span class='ocrx_word' id='word_1_140' title='bbox 1396 2107 1523 2148; x_wconf 89' lang='lat' dir='ltr'><strong>cum</strong></span> <span class='ocrx_word' id='word_1_141' title='bbox 1556 2091 1701 2150; x_wconf 65' lang='lat' dir='ltr'><strong>Elio</strong></span> <span class='ocrx_word' id='word_1_142' title='bbox 1734 2094 1978 2149; x_wconf 81' lang='lat' dir='ltr'><strong>Adriano</strong></span> <span class='ocrx_word' id='word_1_143' title='bbox 2025 2108 2113 2148; x_wconf 85' lang='lat' dir='ltr'><strong>re-</strong></span> 
     </span>
    </p>
   </div>
   <div class='ocr_carea' id='block_1_22' title="bbox 535 2180 2109 2257">
    <p class='ocr_par' dir='ltr' id='par_1_22' title="bbox 535 2180 2109 2257">
     <span class='ocr_line' id='line_1_22' title="bbox 535 2180 2109 2257; baseline 0.005 -23"><span class='ocrx_word' id='word_1_144' title='bbox 535 2180 847 2235; x_wconf 88' lang='lat' dir='ltr'><strong>nuntiatum</strong></span> <span class='ocrx_word' id='word_1_145' title='bbox 882 2195 1049 2250; x_wconf 61' lang='lat' dir='ltr'><strong>casei,</strong></span> <span class='ocrx_word' id='word_1_146' title='bbox 1085 2186 1235 2241; x_wconf 82' lang='lat' dir='ltr'><strong>misit</strong></span> <span class='ocrx_word' id='word_1_147' title='bbox 1272 2186 1358 2242; x_wconf 88' lang='lat' dir='ltr'><strong>ille</strong></span> <span class='ocrx_word' id='word_1_148' title='bbox 1384 2186 1581 2243; x_wconf 79' lang='lat' dir='ltr'><strong>durem</strong></span> <span class='ocrx_word' id='word_1_149' title='bbox 1610 2203 1643 2243; x_wconf 91' lang='lat' dir='ltr'><strong>e</strong></span> <span class='ocrx_word' id='word_1_150' title='bbox 1672 2187 1790 2244; x_wconf 84' lang='lat' dir='ltr'><strong>suis</strong></span> <span class='ocrx_word' id='word_1_151' title='bbox 1818 2186 2109 2257; x_wconf 84' lang='lat' dir='ltr'><strong>quemdam</strong></span> 
     </span>
    </p>
   </div>
   <div class='ocr_carea' id='block_1_23' title="bbox 535 2271 2108 2347">
    <p class='ocr_par' dir='ltr' id='par_1_23' title="bbox 535 2271 2108 2347">
     <span class='ocr_line' id='line_1_23' title="bbox 535 2271 2108 2347; baseline 0.006 -25"><span class='ocrx_word' id='word_1_152' title='bbox 535 2273 749 2340; x_wconf 73' lang='lat' dir='ltr'><strong>magnis</strong></span> <span class='ocrx_word' id='word_1_153' title='bbox 798 2271 1130 2331; x_wconf 89' lang='lat' dir='ltr'><strong>instructum</strong></span> <span class='ocrx_word' id='word_1_154' title='bbox 1187 2278 1385 2347; x_wconf 88' lang='lat' dir='ltr'><strong>copiis.</strong></span> <span class='ocrx_word' id='word_1_155' title='bbox 1419 2277 1513 2347; x_wconf 88' lang='lat' dir='ltr'><strong>qui</strong></span> <span class='ocrx_word' id='word_1_156' title='bbox 1569 2278 1760 2334; x_wconf 84' lang='lat' dir='ltr'><strong>urbem</strong></span> <span class='ocrx_word' id='word_1_157' title='bbox 1809 2278 2108 2335; x_wconf 86' lang='lat' dir='ltr'><strong>obsideret.</strong></span> 
     </span>
    </p>
   </div>
   <div class='ocr_carea' id='block_1_24' title="bbox 539 2361 2110 2440">
    <p class='ocr_par' dir='ltr' id='par_1_24' title="bbox 539 2361 2110 2440">
     <span class='ocr_line' id='line_1_24' title="bbox 539 2361 2110 2440; baseline 0.005 -21"><span class='ocrx_word' id='word_1_158' title='bbox 539 2361 744 2421; x_wconf 75' lang='grc' dir='ltr'><strong>Μοιιυί</strong></span> <span class='ocrx_word' id='word_1_159' title='bbox 776 2382 907 2438; x_wconf 74' lang='lat' dir='ltr'><strong>ergo</strong></span> <span class='ocrx_word' id='word_1_160' title='bbox 951 2377 1080 2424; x_wconf 81' lang='lat' dir='ltr'><strong>sunt</strong></span> <span class='ocrx_word' id='word_1_161' title='bbox 1116 2369 1210 2440; x_wconf 88' lang='lat' dir='ltr'><strong>qui</strong></span> <span class='ocrx_word' id='word_1_162' title='bbox 1254 2369 1308 2425; x_wconf 88' lang='lat' dir='ltr'><strong>in</strong></span> <span class='ocrx_word' id='word_1_163' title='bbox 1355 2386 1419 2426; x_wconf 89' lang='lat' dir='ltr'><strong>ea</strong></span> <span class='ocrx_word' id='word_1_164' title='bbox 1448 2378 1608 2427; x_wconf 85' lang='lat' dir='ltr'><strong>erant</strong></span> <span class='ocrx_word' id='word_1_165' title='bbox 1634 2369 1776 2428; x_wconf 77' lang='lat' dir='ltr'><strong>[ante</strong></span> <span class='ocrx_word' id='word_1_166' title='bbox 1804 2379 1857 2428; x_wconf 90' lang='lat' dir='ltr'><strong>et</strong></span> <span class='ocrx_word' id='word_1_167' title='bbox 1888 2372 2004 2432; x_wconf 84' lang='lat' dir='ltr'><strong>siti.</strong></span> <span class='ocrx_word' id='word_1_168' title='bbox 2034 2370 2110 2427; x_wconf 85' lang='lat' dir='ltr'><strong>Ea</strong></span> 
     </span>
    </p>
   </div>
   <div class='ocr_carea' id='block_1_25' title="bbox 532 2457 2111 2535">
    <p class='ocr_par' dir='ltr' id='par_1_25' title="bbox 532 2457 2111 2535">
     <span class='ocr_line' id='line_1_25' title="bbox 532 2457 2111 2535; baseline 0.004 -23"><span class='ocrx_word' id='word_1_169' title='bbox 532 2457 733 2514; x_wconf 83' lang='lat' dir='ltr'><strong>deinde</strong></span> <span class='ocrx_word' id='word_1_170' title='bbox 763 2468 921 2529; x_wconf 77' lang='lat' dir='ltr'><strong>rapta</strong></span> <span class='ocrx_word' id='word_1_171' title='bbox 981 2475 1233 2534; x_wconf 82' lang='lat' dir='ltr'><strong>magnam</strong></span> <span class='ocrx_word' id='word_1_172' title='bbox 1283 2460 1594 2520; x_wconf 70' lang='lat' dir='ltr'><strong>Judarorum</strong></span> <span class='ocrx_word' id='word_1_173' title='bbox 1631 2473 1872 2535; x_wconf 72' lang='lat' dir='ltr'><strong>stragem</strong></span> <span class='ocrx_word' id='word_1_174' title='bbox 1914 2463 2111 2530; x_wconf 81' lang='lat' dir='ltr'><strong>edidit,</strong></span> 
     </span>
    </p>
   </div>
   <div class='ocr_carea' id='block_1_26' title="bbox 531 2549 2111 2625">
    <p class='ocr_par' dir='ltr' id='par_1_26' title="bbox 531 2549 2111 2625">
     <span class='ocr_line' id='line_1_26' title="bbox 531 2549 2111 2625; baseline 0.003 -20"><span class='ocrx_word' id='word_1_175' title='bbox 531 2549 837 2621; x_wconf 81' lang='lat' dir='ltr'><strong>urbemque</strong></span> <span class='ocrx_word' id='word_1_176' title='bbox 863 2553 1031 2608; x_wconf 88' lang='lat' dir='ltr'><strong>diruit</strong></span> <span class='ocrx_word' id='word_1_177' title='bbox 1069 2554 1207 2608; x_wconf 88' lang='lat' dir='ltr'><strong>adeo</strong></span> <span class='ocrx_word' id='word_1_178' title='bbox 1232 2560 1292 2608; x_wconf 91' lang='lat' dir='ltr'><strong>ut</strong></span> <span class='ocrx_word' id='word_1_179' title='bbox 1313 2553 1585 2611; x_wconf 80' lang='lat' dir='ltr'><strong>desertam</strong></span> <span class='ocrx_word' id='word_1_180' title='bbox 1618 2556 1977 2625; x_wconf 74' lang='lat' dir='ltr'><strong>relinqueret.</strong></span> <span class='ocrx_word' id='word_1_181' title='bbox 2010 2556 2111 2611; x_wconf 65' lang='lat' dir='ltr'><strong>At.</strong></span> 
     </span>
    </p>
   </div>
   <div class='ocr_carea' id='block_1_27' title="bbox 536 2647 2112 2722">
    <p class='ocr_par' dir='ltr' id='par_1_27' title="bbox 536 2647 2112 2722">
     <span class='ocr_line' id='line_1_27' title="bbox 536 2647 2112 2722; baseline 0.006 -25"><span class='ocrx_word' id='word_1_182' title='bbox 536 2660 645 2715; x_wconf 86' lang='lat' dir='ltr'><strong>que</strong></span> <span class='ocrx_word' id='word_1_183' title='bbox 677 2647 780 2701; x_wconf 88' lang='lat' dir='ltr'><strong>hoc</strong></span> <span class='ocrx_word' id='word_1_184' title='bbox 813 2648 1064 2702; x_wconf 87' lang='lat' dir='ltr'><strong>ultiuunn</strong></span> <span class='ocrx_word' id='word_1_185' title='bbox 1114 2647 1471 2722; x_wconf 53' lang='lat'><strong>353355</strong></span> <span class='ocrx_word' id='word_1_186' title='bbox 1493 2661 1578 2706; x_wconf 86' lang='lat' dir='ltr'><strong>est</strong></span> <span class='ocrx_word' id='word_1_187' title='bbox 1604 2649 2112 2721; x_wconf 78' lang='lat' dir='ltr'><strong>Hierosolymorum</strong></span> 
     </span>
    </p>
   </div>
   <div class='ocr_carea' id='block_1_28' title="bbox 536 2741 2113 2818">
    <p class='ocr_par' dir='ltr' id='par_1_28' title="bbox 536 2741 2113 2818">
     <span class='ocr_line' id='line_1_28' title="bbox 536 2741 2113 2818; baseline 0.004 -24"><span class='ocrx_word' id='word_1_188' title='bbox 536 2741 835 2797; x_wconf 81' lang='lat' dir='ltr'><strong>excidium.</strong></span> <span class='ocrx_word' id='word_1_189' title='bbox 869 2741 1112 2797; x_wconf 81' lang='lat' dir='ltr'><strong>Fuerunt</strong></span> <span class='ocrx_word' id='word_1_190' title='bbox 1170 2750 1353 2799; x_wconf 82' lang='lat' dir='ltr'><strong>autem</strong></span> <span class='ocrx_word' id='word_1_191' title='bbox 1383 2759 1413 2797; x_wconf 87' lang='lat' dir='ltr'><strong>e</strong></span> <span class='ocrx_word' id='word_1_192' title='bbox 1447 2742 1675 2810; x_wconf 68' lang='lat' dir='ltr'><strong>Judzcis,</strong></span> <span class='ocrx_word' id='word_1_193' title='bbox 1703 2746 1796 2815; x_wconf 87' lang='lat' dir='ltr'><strong>qui</strong></span> <span class='ocrx_word' id='word_1_194' title='bbox 1820 2743 2113 2818; x_wconf 65' lang='lat' dir='ltr'><strong>Egyptunt</strong></span> 
     </span>
    </p>
   </div>
   <div class='ocr_carea' id='block_1_29' title="bbox 538 2834 2115 2908">
    <p class='ocr_par' dir='ltr' id='par_1_29' title="bbox 538 2834 2115 2908">
     <span class='ocr_line' id='line_1_29' title="bbox 538 2834 2115 2908; baseline 0.004 -21"><span class='ocrx_word' id='word_1_195' title='bbox 538 2834 808 2902; x_wconf 72' lang='lat' dir='ltr'><strong>ingerent.</strong></span> <span class='ocrx_word' id='word_1_196' title='bbox 847 2835 938 2890; x_wconf 87' lang='lat' dir='ltr'><strong>alii</strong></span> <span class='ocrx_word' id='word_1_197' title='bbox 975 2836 1064 2895; x_wconf 75' lang='lat' dir='ltr'><strong>qui</strong></span> <span class='ocrx_word' id='word_1_198' title='bbox 1115 2835 1328 2908; x_wconf 80' lang='lat' dir='ltr'><strong>Syriam</strong></span> <span class='ocrx_word' id='word_1_199' title='bbox 1381 2848 1435 2890; x_wconf 90' lang='lat' dir='ltr'><strong>et</strong></span> <span class='ocrx_word' id='word_1_200' title='bbox 1467 2838 1522 2891; x_wconf 90' lang='lat' dir='ltr'><strong>in</strong></span> <span class='ocrx_word' id='word_1_201' title='bbox 1559 2846 1794 2898; x_wconf 80' lang='lat' dir='ltr'><strong>montes.</strong></span> <span class='ocrx_word' id='word_1_202' title='bbox 1841 2847 1895 2891; x_wconf 88' lang='lat' dir='ltr'><strong>et</strong></span> <span class='ocrx_word' id='word_1_203' title='bbox 1932 2836 2115 2901; x_wconf 63' lang='lat' dir='ltr'><strong>regio-</strong></span> 
     </span>
    </p>
   </div>
   <div class='ocr_carea' id='block_1_30' title="bbox 540 2925 2113 2997">
    <p class='ocr_par' dir='ltr' id='par_1_30' title="bbox 540 2925 2113 2997">
     <span class='ocr_line' id='line_1_30' title="bbox 540 2925 2113 2997; baseline 0.004 -17"><span class='ocrx_word' id='word_1_204' title='bbox 540 2941 663 2980; x_wconf 87' lang='lat' dir='ltr'><strong>nem</strong></span> <span class='ocrx_word' id='word_1_205' title='bbox 690 2926 910 2995; x_wconf 74' lang='lat' dir='ltr'><strong>Algaur.</strong></span> <span class='ocrx_word' id='word_1_206' title='bbox 942 2926 1115 2985; x_wconf 66' lang='lat' dir='ltr'><strong>iussit</strong></span> <span class='ocrx_word' id='word_1_207' title='bbox 1135 2942 1266 2982; x_wconf 91' lang='lat' dir='ltr'><strong>vero</strong></span> <span class='ocrx_word' id='word_1_208' title='bbox 1293 2943 1407 2991; x_wconf 75' lang='lat' dir='ltr'><strong>rex.</strong></span> <span class='ocrx_word' id='word_1_209' title='bbox 1431 2942 1499 2983; x_wconf 88' lang='lat' dir='ltr'><strong>ne</strong></span> <span class='ocrx_word' id='word_1_210' title='bbox 1520 2927 1644 2997; x_wconf 86' lang='lat' dir='ltr'><strong>quis</strong></span> <span class='ocrx_word' id='word_1_211' title='bbox 1669 2925 1894 2984; x_wconf 69' lang='lat' dir='ltr'><strong>Iudaeus</strong></span> <span class='ocrx_word' id='word_1_212' title='bbox 1922 2929 2113 2985; x_wconf 80' lang='lat' dir='ltr'><strong>urbem</strong></span> 
     </span>
    </p>
   </div>
   <div class='ocr_carea' id='block_1_31' title="bbox 541 3018 2115 3091">
    <p class='ocr_par' dir='ltr' id='par_1_31' title="bbox 541 3018 2115 3091">
     <span class='ocr_line' id='line_1_31' title="bbox 541 3018 2115 3091; baseline 0.004 -20"><span class='ocrx_word' id='word_1_213' title='bbox 541 3018 831 3084; x_wconf 77' lang='lat' dir='ltr'><strong>incoleret.</strong></span> <span class='ocrx_word' id='word_1_214' title='bbox 886 3036 1074 3075; x_wconf 79' lang='lat' dir='ltr'><strong>rerum</strong></span> <span class='ocrx_word' id='word_1_215' title='bbox 1131 3019 1363 3078; x_wconf 78' lang='lat' dir='ltr'><strong>interfici</strong></span> <span class='ocrx_word' id='word_1_216' title='bbox 1413 3022 1562 3091; x_wconf 84' lang='lat' dir='ltr'><strong>ipsos</strong></span> <span class='ocrx_word' id='word_1_217' title='bbox 1610 3029 1893 3090; x_wconf 86' lang='lat' dir='ltr'><strong>totamque</strong></span> <span class='ocrx_word' id='word_1_218' title='bbox 1922 3036 2115 3078; x_wconf 80' lang='lat' dir='ltr'><strong>eorum</strong></span> 
     </span>
    </p>
   </div>
   <div class='ocr_carea' id='block_1_32' title="bbox 541 3110 2117 3182">
    <p class='ocr_par' dir='ltr' id='par_1_32' title="bbox 541 3110 2117 3182">
     <span class='ocr_line' id='line_1_32' title="bbox 541 3110 2117 3182; baseline 0.001 -13"><span class='ocrx_word' id='word_1_219' title='bbox 541 3110 766 3182; x_wconf 87' lang='lat' dir='ltr'><strong>stirpem</strong></span> <span class='ocrx_word' id='word_1_220' title='bbox 804 3113 975 3169; x_wconf 82' lang='lat' dir='ltr'><strong>deleri</strong></span> <span class='ocrx_word' id='word_1_221' title='bbox 1011 3131 1026 3176; x_wconf 86' lang='lat'><strong>;</strong></span> <span class='ocrx_word' id='word_1_222' title='bbox 1074 3114 1262 3170; x_wconf 85' lang='lat' dir='ltr'><strong>urbem</strong></span> <span class='ocrx_word' id='word_1_223' title='bbox 1294 3122 1476 3171; x_wconf 86' lang='lat' dir='ltr'><strong>autem</strong></span> <span class='ocrx_word' id='word_1_224' title='bbox 1507 3130 1534 3169; x_wconf 93' lang='lat' dir='ltr'><strong>a</strong></span> <span class='ocrx_word' id='word_1_225' title='bbox 1561 3112 1765 3170; x_wconf 64' lang='lat' dir='ltr'><strong>Gracis</strong></span> <span class='ocrx_word' id='word_1_226' title='bbox 1798 3114 2031 3169; x_wconf 78' lang='lat' dir='ltr'><strong>habitari</strong></span> <span class='ocrx_word' id='word_1_227' title='bbox 2060 3123 2117 3171; x_wconf 91' lang='lat' dir='ltr'><strong>et</strong></span> 
     </span>
    </p>
   </div>
   <div class='ocr_carea' id='block_1_33' title="bbox 2203 603 3805 668">
    <p class='ocr_par' dir='ltr' id='par_1_33' title="bbox 2203 603 3805 668">
     <span class='ocr_line' id='line_1_33' title="bbox 2203 603 3805 668; baseline 0.004 -17"><span class='ocrx_word' id='word_1_228' title='bbox 2203 614 2369 668; x_wconf 87' lang='lat' dir='ltr'><strong>quam</strong></span> <span class='ocrx_word' id='word_1_229' title='bbox 2442 614 2620 656; x_wconf 82' lang='lat' dir='ltr'><strong>annos</strong></span> <span class='ocrx_word' id='word_1_230' title='bbox 2695 611 2813 658; x_wconf 87' lang='lat' dir='ltr'><strong>tres</strong></span> <span class='ocrx_word' id='word_1_231' title='bbox 2869 603 3103 657; x_wconf 82' lang='lat' dir='ltr'><strong>sedisset</strong></span> <span class='ocrx_word' id='word_1_232' title='bbox 3149 610 3405 659; x_wconf 79' lang='lat' dir='ltr'><strong>mortuus</strong></span> <span class='ocrx_word' id='word_1_233' title='bbox 3455 611 3559 657; x_wconf 64' lang='lat' dir='ltr'><strong>est.</strong></span> <span class='ocrx_word' id='word_1_234' title='bbox 3630 603 3805 659; x_wconf 68' lang='lat' dir='ltr'><strong>Anno</strong></span> 
     </span>
    </p>
   </div>
   <div class='ocr_carea' id='block_1_34' title="bbox 2202 691 3804 766">
    <p class='ocr_par' dir='ltr' id='par_1_34' title="bbox 2202 691 3804 766">
     <span class='ocr_line' id='line_1_34' title="bbox 2202 691 3804 766; baseline -0.001 -19"><span class='ocrx_word' id='word_1_235' title='bbox 2202 692 2444 763; x_wconf 85' lang='lat' dir='ltr'><strong>ejusdem</strong></span> <span class='ocrx_word' id='word_1_236' title='bbox 2478 693 2714 759; x_wconf 87' lang='lat' dir='ltr'><strong>decimo.</strong></span> <span class='ocrx_word' id='word_1_237' title='bbox 2747 694 2922 751; x_wconf 71' lang='lat' dir='ltr'><strong>factus</strong></span> <span class='ocrx_word' id='word_1_238' title='bbox 2952 702 3037 749; x_wconf 86' lang='lat' dir='ltr'><strong>est</strong></span> <span class='ocrx_word' id='word_1_239' title='bbox 3068 692 3308 751; x_wconf 80' lang='lat' dir='ltr'><strong>Joannes</strong></span> <span class='ocrx_word' id='word_1_240' title='bbox 3336 694 3640 766; x_wconf 87' lang='lat' dir='ltr'><strong>episcopus</strong></span> <span class='ocrx_word' id='word_1_241' title='bbox 3672 691 3804 747; x_wconf 83' lang='lat' dir='ltr'><strong>Ilie-</strong></span> 
     </span>
    </p>
   </div>
   <div class='ocr_carea' id='block_1_35' title="bbox 2206 784 3800 856">
    <p class='ocr_par' dir='ltr' id='par_1_35' title="bbox 2206 784 3800 856">
     <span class='ocr_line' id='line_1_35' title="bbox 2206 784 3800 856; baseline 0.001 -17"><span class='ocrx_word' id='word_1_242' title='bbox 2206 784 2654 856; x_wconf 86' lang='lat' dir='ltr'><strong>rosoiymitauus,</strong></span> <span class='ocrx_word' id='word_1_243' title='bbox 2690 788 2938 856; x_wconf 87' lang='lat' dir='ltr'><strong>quicum</strong></span> <span class='ocrx_word' id='word_1_244' title='bbox 2977 803 3152 846; x_wconf 84' lang='lat' dir='ltr'><strong>annos</strong></span> <span class='ocrx_word' id='word_1_245' title='bbox 3189 792 3327 845; x_wconf 90' lang='lat' dir='ltr'><strong>duos</strong></span> <span class='ocrx_word' id='word_1_246' title='bbox 3359 788 3597 844; x_wconf 83' lang='lat' dir='ltr'><strong>sedisset</strong></span> <span class='ocrx_word' id='word_1_247' title='bbox 3637 802 3800 842; x_wconf 82' lang='lat' dir='ltr'><strong>mor-</strong></span> 
     </span>
    </p>
   </div>
   <div class='ocr_carea' id='block_1_36' title="bbox 2206 877 3803 948">
    <p class='ocr_par' dir='ltr' id='par_1_36' title="bbox 2206 877 3803 948">
     <span class='ocr_line' id='line_1_36' title="bbox 2206 877 3803 948; baseline 0.003 -19"><span class='ocrx_word' id='word_1_248' title='bbox 2206 884 2338 933; x_wconf 87' lang='lat' dir='ltr'><strong>tuus</strong></span> <span class='ocrx_word' id='word_1_249' title='bbox 2394 886 2501 934; x_wconf 85' lang='lat' dir='ltr'><strong>est.</strong></span> <span class='ocrx_word' id='word_1_250' title='bbox 2563 877 2722 934; x_wconf 81' lang='lat' dir='ltr'><strong>Anno</strong></span> <span class='ocrx_word' id='word_1_251' title='bbox 2753 879 2997 948; x_wconf 84' lang='lat' dir='ltr'><strong>ejusdem</strong></span> <span class='ocrx_word' id='word_1_252' title='bbox 3061 880 3275 937; x_wconf 87' lang='lat' dir='ltr'><strong>decimo</strong></span> <span class='ocrx_word' id='word_1_253' title='bbox 3300 881 3464 936; x_wconf 89' lang='lat' dir='ltr'><strong>tertio</strong></span> <span class='ocrx_word' id='word_1_254' title='bbox 3491 881 3683 937; x_wconf 79' lang='lat' dir='ltr'><strong>tactus</strong></span> <span class='ocrx_word' id='word_1_255' title='bbox 3712 888 3803 937; x_wconf 89' lang='lat' dir='ltr'><strong>est</strong></span> 
     </span>
    </p>
   </div>
   <div class='ocr_carea' id='block_1_37' title="bbox 2207 968 3804 1047">
    <p class='ocr_par' dir='ltr' id='par_1_37' title="bbox 2207 968 3804 1047">
     <span class='ocr_line' id='line_1_37' title="bbox 2207 968 3804 1047; baseline 0.003 -23"><span class='ocrx_word' id='word_1_256' title='bbox 2207 968 2531 1029; x_wconf 63' lang='lat' dir='ltr'><strong>blatathaus</strong></span> <span class='ocrx_word' id='word_1_257' title='bbox 2562 972 2853 1043; x_wconf 81' lang='lat' dir='ltr'><strong>episcOpus</strong></span> <span class='ocrx_word' id='word_1_258' title='bbox 2878 971 3427 1047; x_wconf 84' lang='lat' dir='ltr'><strong>llierosolymitanus.</strong></span> <span class='ocrx_word' id='word_1_259' title='bbox 3448 974 3619 1045; x_wconf 90' lang='lat' dir='ltr'><strong>quiet</strong></span> <span class='ocrx_word' id='word_1_260' title='bbox 3650 973 3804 1029; x_wconf 86' lang='lat' dir='ltr'><strong>duos</strong></span> 
     </span>
    </p>
   </div>
   <div class='ocr_carea' id='block_1_38' title="bbox 2205 1060 3805 1135">
    <p class='ocr_par' dir='ltr' id='par_1_38' title="bbox 2205 1060 3805 1135">
     <span class='ocr_line' id='line_1_38' title="bbox 2205 1060 3805 1135; baseline 0.003 -22"><span class='ocrx_word' id='word_1_261' title='bbox 2205 1073 2382 1116; x_wconf 83' lang='lat' dir='ltr'><strong>annos</strong></span> <span class='ocrx_word' id='word_1_262' title='bbox 2417 1060 2581 1125; x_wconf 89' lang='lat' dir='ltr'><strong>sedit.</strong></span> <span class='ocrx_word' id='word_1_263' title='bbox 2611 1062 2737 1120; x_wconf 83' lang='lat' dir='ltr'><strong>dein</strong></span> <span class='ocrx_word' id='word_1_264' title='bbox 2785 1072 3039 1120; x_wconf 88' lang='lat' dir='ltr'><strong>mortuus</strong></span> <span class='ocrx_word' id='word_1_265' title='bbox 3074 1074 3179 1120; x_wconf 90' lang='lat' dir='ltr'><strong>est.</strong></span> <span class='ocrx_word' id='word_1_266' title='bbox 3209 1063 3373 1121; x_wconf 78' lang='lat' dir='ltr'><strong>Anno</strong></span> <span class='ocrx_word' id='word_1_267' title='bbox 3401 1065 3664 1135; x_wconf 74' lang='lat' dir='ltr'><strong>ejusdem</strong></span> <span class='ocrx_word' id='word_1_268' title='bbox 3699 1064 3805 1118; x_wconf 77' lang='lat' dir='ltr'><strong>de-</strong></span> 
     </span>
    </p>
   </div>
   <div class='ocr_carea' id='block_1_39' title="bbox 2205 1153 3808 1230">
    <p class='ocr_par' dir='ltr' id='par_1_39' title="bbox 2205 1153 3808 1230">
     <span class='ocr_line' id='line_1_39' title="bbox 2205 1153 3808 1230; baseline 0.004 -22"><span class='ocrx_word' id='word_1_269' title='bbox 2205 1153 2353 1209; x_wconf 90' lang='lat' dir='ltr'><strong>cimo</strong></span> <span class='ocrx_word' id='word_1_270' title='bbox 2399 1156 2595 1224; x_wconf 90' lang='lat' dir='ltr'><strong>quinto</strong></span> <span class='ocrx_word' id='word_1_271' title='bbox 2645 1158 2978 1214; x_wconf 87' lang='lat' dir='ltr'><strong>constitutus</strong></span> <span class='ocrx_word' id='word_1_272' title='bbox 3030 1167 3113 1215; x_wconf 86' lang='lat' dir='ltr'><strong>est</strong></span> <span class='ocrx_word' id='word_1_273' title='bbox 3170 1159 3451 1230; x_wconf 83' lang='lat' dir='ltr'><strong>Philippus</strong></span> <span class='ocrx_word' id='word_1_274' title='bbox 3492 1160 3808 1229; x_wconf 76' lang='lat' dir='ltr'><strong>episcopus</strong></span> 
     </span>
    </p>
   </div>
   <div class='ocr_carea' id='block_1_40' title="bbox 2206 1242 3805 1319">
    <p class='ocr_par' dir='ltr' id='par_1_40' title="bbox 2206 1242 3805 1319">
     <span class='ocr_line' id='line_1_40' title="bbox 2206 1242 3805 1319; baseline 0.006 -19"><span class='ocrx_word' id='word_1_275' title='bbox 2206 1242 2755 1319; x_wconf 76' lang='lat' dir='ltr'><strong>Hierosolymitauus,</strong></span> <span class='ocrx_word' id='word_1_276' title='bbox 2781 1250 2874 1319; x_wconf 90' lang='lat' dir='ltr'><strong>qui</strong></span> <span class='ocrx_word' id='word_1_277' title='bbox 2906 1267 3032 1306; x_wconf 89' lang='lat' dir='ltr'><strong>cum</strong></span> <span class='ocrx_word' id='word_1_278' title='bbox 3058 1267 3234 1308; x_wconf 81' lang='lat' dir='ltr'><strong>annos</strong></span> <span class='ocrx_word' id='word_1_279' title='bbox 3255 1254 3421 1308; x_wconf 87' lang='lat' dir='ltr'><strong>etiam</strong></span> <span class='ocrx_word' id='word_1_280' title='bbox 3449 1253 3589 1311; x_wconf 87' lang='lat' dir='ltr'><strong>duos</strong></span> <span class='ocrx_word' id='word_1_281' title='bbox 3613 1253 3805 1311; x_wconf 84' lang='lat' dir='ltr'><strong>sedis-</strong></span> 
     </span>
    </p>
   </div>
   <div class='ocr_carea' id='block_1_41' title="bbox 2206 1344 3807 1419">
    <p class='ocr_par' dir='ltr' id='par_1_41' title="bbox 2206 1344 3807 1419">
     <span class='ocr_line' id='line_1_41' title="bbox 2206 1344 3807 1419; baseline 0.009 -30"><span class='ocrx_word' id='word_1_282' title='bbox 2206 1345 2289 1389; x_wconf 88' lang='lat' dir='ltr'><strong>set</strong></span> <span class='ocrx_word' id='word_1_283' title='bbox 2340 1347 2589 1396; x_wconf 89' lang='lat' dir='ltr'><strong>mortuus</strong></span> <span class='ocrx_word' id='word_1_284' title='bbox 2644 1350 2749 1397; x_wconf 89' lang='lat' dir='ltr'><strong>est.</strong></span> <span class='ocrx_word' id='word_1_285' title='bbox 2796 1345 2957 1399; x_wconf 78' lang='lat' dir='ltr'><strong>Anno</strong></span> <span class='ocrx_word' id='word_1_286' title='bbox 3008 1344 3257 1414; x_wconf 81' lang='lat' dir='ltr'><strong>ejusdem</strong></span> <span class='ocrx_word' id='word_1_287' title='bbox 3292 1346 3510 1403; x_wconf 90' lang='lat' dir='ltr'><strong>decimo</strong></span> <span class='ocrx_word' id='word_1_288' title='bbox 3556 1349 3807 1419; x_wconf 81' lang='lat' dir='ltr'><strong>septimo</strong></span> 
     </span>
    </p>
   </div>
   <div class='ocr_carea' id='block_1_42' title="bbox 2210 1426 3802 1511">
    <p class='ocr_par' dir='ltr' id='par_1_42' title="bbox 2210 1426 3802 1511">
     <span class='ocr_line' id='line_1_42' title="bbox 2210 1426 3802 1511; baseline 0.008 -28"><span class='ocrx_word' id='word_1_289' title='bbox 2210 1426 2387 1485; x_wconf 68' lang='lat' dir='ltr'><strong>factus</strong></span> <span class='ocrx_word' id='word_1_290' title='bbox 2413 1440 2497 1488; x_wconf 89' lang='lat' dir='ltr'><strong>est</strong></span> <span class='ocrx_word' id='word_1_291' title='bbox 2525 1431 2733 1492; x_wconf 84' lang='lat' dir='ltr'><strong>Seneca</strong></span> <span class='ocrx_word' id='word_1_292' title='bbox 2758 1437 3053 1506; x_wconf 84' lang='lat' dir='ltr'><strong>episcopus</strong></span> <span class='ocrx_word' id='word_1_293' title='bbox 3102 1438 3673 1511; x_wconf 75' lang='lat' dir='ltr'><strong>Hierosolymitsnus,</strong></span> <span class='ocrx_word' id='word_1_294' title='bbox 3704 1440 3802 1509; x_wconf 91' lang='lat' dir='ltr'><strong>qui</strong></span> 
     </span>
    </p>
   </div>
   <div class='ocr_carea' id='block_1_43' title="bbox 2207 1528 3807 1601">
    <p class='ocr_par' dir='ltr' id='par_1_43' title="bbox 2207 1528 3807 1601">
     <span class='ocr_line' id='line_1_43' title="bbox 2207 1528 3807 1601; baseline 0.008 -23"><span class='ocrx_word' id='word_1_295' title='bbox 2207 1538 2412 1580; x_wconf 89' lang='lat' dir='ltr'><strong>annum</strong></span> <span class='ocrx_word' id='word_1_296' title='bbox 2442 1544 2611 1583; x_wconf 90' lang='lat' dir='ltr'><strong>unum</strong></span> <span class='ocrx_word' id='word_1_297' title='bbox 2645 1528 2813 1594; x_wconf 85' lang='lat' dir='ltr'><strong>sedit.</strong></span> <span class='ocrx_word' id='word_1_298' title='bbox 2862 1531 2988 1587; x_wconf 90' lang='lat' dir='ltr'><strong>dein</strong></span> <span class='ocrx_word' id='word_1_299' title='bbox 3042 1543 3295 1590; x_wconf 87' lang='lat' dir='ltr'><strong>mortuus</strong></span> <span class='ocrx_word' id='word_1_300' title='bbox 3322 1544 3427 1592; x_wconf 83' lang='lat' dir='ltr'><strong>est.</strong></span> <span class='ocrx_word' id='word_1_301' title='bbox 3450 1531 3614 1590; x_wconf 75' lang='lat' dir='ltr'><strong>Auno</strong></span> <span class='ocrx_word' id='word_1_302' title='bbox 3644 1534 3807 1601; x_wconf 80' lang='lat' dir='ltr'><strong>eius-</strong></span> 
     </span>
    </p>
   </div>
   <div class='ocr_carea' id='block_1_44' title="bbox 2206 1617 3804 1701">
    <p class='ocr_par' dir='ltr' id='par_1_44' title="bbox 2206 1617 3804 1701">
     <span class='ocr_line' id='line_1_44' title="bbox 2206 1617 3804 1701; baseline 0.008 -27"><span class='ocrx_word' id='word_1_303' title='bbox 2206 1619 2332 1675; x_wconf 84' lang='lat' dir='ltr'><strong>dem</strong></span> <span class='ocrx_word' id='word_1_304' title='bbox 2378 1617 2595 1679; x_wconf 86' lang='lat' dir='ltr'><strong>decimo</strong></span> <span class='ocrx_word' id='word_1_305' title='bbox 2638 1631 2837 1680; x_wconf 86' lang='lat' dir='ltr'><strong>octavo</strong></span> <span class='ocrx_word' id='word_1_306' title='bbox 2868 1632 3089 1681; x_wconf 87' lang='lat' dir='ltr'><strong>creatus</strong></span> <span class='ocrx_word' id='word_1_307' title='bbox 3121 1638 3208 1682; x_wconf 89' lang='lat' dir='ltr'><strong>est</strong></span> <span class='ocrx_word' id='word_1_308' title='bbox 3248 1626 3439 1686; x_wconf 79' lang='lat' dir='ltr'><strong>Justus</strong></span> <span class='ocrx_word' id='word_1_309' title='bbox 3496 1628 3804 1701; x_wconf 78' lang='lat' dir='ltr'><strong>episcopus</strong></span> 
     </span>
    </p>
   </div>
   <div class='ocr_carea' id='block_1_45' title="bbox 2212 1709 3805 1792">
    <p class='ocr_par' dir='ltr' id='par_1_45' title="bbox 2212 1709 3805 1792">
     <span class='ocr_line' id='line_1_45' title="bbox 2212 1709 3805 1792; baseline 0.008 -26"><span class='ocrx_word' id='word_1_310' title='bbox 2212 1709 2759 1786; x_wconf 80' lang='lat' dir='ltr'><strong>llierosoiymitanus.</strong></span> <span class='ocrx_word' id='word_1_311' title='bbox 2791 1717 2882 1774; x_wconf 88' lang='lat' dir='ltr'><strong>ubi</strong></span> <span class='ocrx_word' id='word_1_312' title='bbox 2910 1733 3035 1774; x_wconf 88' lang='lat' dir='ltr'><strong>cum</strong></span> <span class='ocrx_word' id='word_1_313' title='bbox 3066 1733 3243 1776; x_wconf 87' lang='lat' dir='ltr'><strong>annos</strong></span> <span class='ocrx_word' id='word_1_314' title='bbox 3260 1722 3504 1792; x_wconf 89' lang='lat' dir='ltr'><strong>quinque</strong></span> <span class='ocrx_word' id='word_1_315' title='bbox 3532 1722 3805 1792; x_wconf 79' lang='lat' dir='ltr'><strong>sedisset,</strong></span> 
     </span>
    </p>
   </div>
   <div class='ocr_carea' id='block_1_46' title="bbox 2207 1807 3802 1888">
    <p class='ocr_par' dir='ltr' id='par_1_46' title="bbox 2207 1807 3802 1888">
     <span class='ocr_line' id='line_1_46' title="bbox 2207 1807 3802 1888; baseline 0.007 -28"><span class='ocrx_word' id='word_1_316' title='bbox 2207 1821 2241 1861; x_wconf 89' lang='lat' dir='ltr'><strong>e</strong></span> <span class='ocrx_word' id='word_1_317' title='bbox 2269 1807 2410 1864; x_wconf 88' lang='lat' dir='ltr'><strong>vivis</strong></span> <span class='ocrx_word' id='word_1_318' title='bbox 2435 1808 2700 1867; x_wconf 74' lang='lat' dir='ltr'><strong>excessit.</strong></span> <span class='ocrx_word' id='word_1_319' title='bbox 2751 1807 2965 1869; x_wconf 77' lang='lat' dir='ltr'><strong>Iortuo</strong></span> <span class='ocrx_word' id='word_1_320' title='bbox 2996 1823 3179 1869; x_wconf 88' lang='lat' dir='ltr'><strong>autem</strong></span> <span class='ocrx_word' id='word_1_321' title='bbox 3236 1812 3384 1871; x_wconf 64' lang='lat' dir='ltr'><strong>Elin</strong></span> <span class='ocrx_word' id='word_1_322' title='bbox 3432 1816 3802 1888; x_wconf 86' lang='lat' dir='ltr'><strong>imperatore,</strong></span> 
     </span>
    </p>
   </div>
   <div class='ocr_carea' id='block_1_47' title="bbox 2212 1899 3808 1979">
    <p class='ocr_par' dir='ltr' id='par_1_47' title="bbox 2212 1899 3808 1979">
     <span class='ocr_line' id='line_1_47' title="bbox 2212 1899 3808 1979; baseline 0.006 -25"><span class='ocrx_word' id='word_1_323' title='bbox 2212 1908 2338 1968; x_wconf 86' lang='lat' dir='ltr'><strong>post</strong></span> <span class='ocrx_word' id='word_1_324' title='bbox 2384 1900 2562 1970; x_wconf 87' lang='lat' dir='ltr'><strong>ipsum</strong></span> <span class='ocrx_word' id='word_1_325' title='bbox 2615 1899 2804 1959; x_wconf 63' lang='lat' dir='ltr'><strong>(tam:</strong></span> <span class='ocrx_word' id='word_1_326' title='bbox 2844 1919 3023 1962; x_wconf 91' lang='lat' dir='ltr'><strong>annos</strong></span> <span class='ocrx_word' id='word_1_327' title='bbox 3072 1908 3263 1979; x_wconf 70' lang='lat' dir='ltr'><strong>viginti</strong></span> <span class='ocrx_word' id='word_1_328' title='bbox 3313 1908 3453 1964; x_wconf 90' lang='lat' dir='ltr'><strong>duos</strong></span> <span class='ocrx_word' id='word_1_329' title='bbox 3504 1908 3808 1976; x_wconf 79' lang='lat' dir='ltr'><strong>imperavit</strong></span> 
     </span>
    </p>
   </div>
   <div class='ocr_carea' id='block_1_48' title="bbox 2214 1994 3805 2072">
    <p class='ocr_par' dir='ltr' id='par_1_48' title="bbox 2214 1994 3805 2072">
     <span class='ocr_line' id='line_1_48' title="bbox 2214 1994 3805 2072; baseline 0.009 -25"><span class='ocrx_word' id='word_1_330' title='bbox 2214 1994 2524 2051; x_wconf 79' lang='lat' dir='ltr'><strong>Antoninus</strong></span> <span class='ocrx_word' id='word_1_331' title='bbox 2551 1995 2736 2051; x_wconf 63' lang='lat' dir='ltr'><strong>Cmsar</strong></span> <span class='ocrx_word' id='word_1_332' title='bbox 2765 2015 2780 2054; x_wconf 90' lang='lat'><strong>:</strong></span> <span class='ocrx_word' id='word_1_333' title='bbox 2810 1997 2972 2067; x_wconf 86' lang='lat' dir='ltr'><strong>cujus</strong></span> <span class='ocrx_word' id='word_1_334' title='bbox 2994 1997 3204 2067; x_wconf 84' lang='lat' dir='ltr'><strong>imperii</strong></span> <span class='ocrx_word' id='word_1_335' title='bbox 3234 2015 3378 2056; x_wconf 90' lang='lat' dir='ltr'><strong>anno</strong></span> <span class='ocrx_word' id='word_1_336' title='bbox 3400 2004 3597 2072; x_wconf 89' lang='lat' dir='ltr'><strong>quinto</strong></span> <span class='ocrx_word' id='word_1_337' title='bbox 3616 2005 3805 2061; x_wconf 71' lang='lat' dir='ltr'><strong>factas</strong></span> 
     </span>
    </p>
   </div>
   <div class='ocr_carea' id='block_1_49' title="bbox 2210 2088 3800 2165">
    <p class='ocr_par' dir='ltr' id='par_1_49' title="bbox 2210 2088 3800 2165">
     <span class='ocr_line' id='line_1_49' title="bbox 2210 2088 3800 2165; baseline 0.008 -23"><span class='ocrx_word' id='word_1_338' title='bbox 2210 2096 2297 2143; x_wconf 86' lang='lat' dir='ltr'><strong>est</strong></span> <span class='ocrx_word' id='word_1_339' title='bbox 2366 2088 2630 2144; x_wconf 80' lang='lat' dir='ltr'><strong>Anicetus</strong></span> <span class='ocrx_word' id='word_1_340' title='bbox 2684 2090 2996 2160; x_wconf 78' lang='lat' dir='ltr'><strong>patriarcha</strong></span> <span class='ocrx_word' id='word_1_341' title='bbox 3026 2090 3387 2165; x_wconf 71' lang='lat'><strong>357-359</strong></span> <span class='ocrx_word' id='word_1_342' title='bbox 3454 2092 3800 2153; x_wconf 81' lang='lat' dir='ltr'><strong>Romanus:</strong></span> 
     </span>
    </p>
   </div>
   <div class='ocr_carea' id='block_1_50' title="bbox 2212 2181 3806 2251">
    <p class='ocr_par' dir='ltr' id='par_1_50' title="bbox 2212 2181 3806 2251">
     <span class='ocr_line' id='line_1_50' title="bbox 2212 2181 3806 2251; baseline 0.007 -14"><span class='ocrx_word' id='word_1_343' title='bbox 2212 2181 2356 2238; x_wconf 83' lang='lat' dir='ltr'><strong>sedit</strong></span> <span class='ocrx_word' id='word_1_344' title='bbox 2414 2198 2591 2240; x_wconf 78' lang='lat' dir='ltr'><strong>annos</strong></span> <span class='ocrx_word' id='word_1_345' title='bbox 2657 2184 2935 2251; x_wconf 80' lang='lat' dir='ltr'><strong>undecim,</strong></span> <span class='ocrx_word' id='word_1_346' title='bbox 2978 2187 3104 2243; x_wconf 83' lang='lat' dir='ltr'><strong>dein</strong></span> <span class='ocrx_word' id='word_1_347' title='bbox 3156 2198 3406 2245; x_wconf 82' lang='lat' dir='ltr'><strong>mortuus</strong></span> <span class='ocrx_word' id='word_1_348' title='bbox 3453 2200 3561 2247; x_wconf 88' lang='lat' dir='ltr'><strong>est.</strong></span> <span class='ocrx_word' id='word_1_349' title='bbox 3636 2190 3806 2248; x_wconf 72' lang='lat' dir='ltr'><strong>Anno</strong></span> 
     </span>
    </p>
   </div>
   <div class='ocr_carea' id='block_1_51' title="bbox 2210 2273 3811 2351">
    <p class='ocr_par' dir='ltr' id='par_1_51' title="bbox 2210 2273 3811 2351">
     <span class='ocr_line' id='line_1_51' title="bbox 2210 2273 3811 2351; baseline 0.006 -24"><span class='ocrx_word' id='word_1_350' title='bbox 2210 2273 2455 2346; x_wconf 80' lang='lat' dir='ltr'><strong>ejusdem</strong></span> <span class='ocrx_word' id='word_1_351' title='bbox 2508 2274 2723 2333; x_wconf 86' lang='lat' dir='ltr'><strong>decimo</strong></span> <span class='ocrx_word' id='word_1_352' title='bbox 2758 2285 2918 2333; x_wconf 85' lang='lat' dir='ltr'><strong>sexto</strong></span> <span class='ocrx_word' id='word_1_353' title='bbox 2971 2278 3151 2336; x_wconf 80' lang='lat' dir='ltr'><strong>factus</strong></span> <span class='ocrx_word' id='word_1_354' title='bbox 3183 2291 3271 2337; x_wconf 86' lang='lat' dir='ltr'><strong>est</strong></span> <span class='ocrx_word' id='word_1_355' title='bbox 3319 2279 3649 2339; x_wconf 84' lang='lat' dir='ltr'><strong>Soterichtts</strong></span> <span class='ocrx_word' id='word_1_356' title='bbox 3707 2296 3811 2351; x_wconf 82' lang='lat' dir='ltr'><strong>pa-</strong></span> 
     </span>
    </p>
   </div>
   <div class='ocr_carea' id='block_1_52' title="bbox 2212 2367 3807 2435">
    <p class='ocr_par' dir='ltr' id='par_1_52' title="bbox 2212 2367 3807 2435">
     <span class='ocr_line' id='line_1_52' title="bbox 2212 2367 3807 2435; baseline 0.004 -9"><span class='ocrx_word' id='word_1_357' title='bbox 2212 2369 2455 2426; x_wconf 89' lang='lat' dir='ltr'><strong>triarcha</strong></span> <span class='ocrx_word' id='word_1_358' title='bbox 2507 2367 2786 2427; x_wconf 80' lang='lat' dir='ltr'><strong>Romanus</strong></span> <span class='ocrx_word' id='word_1_359' title='bbox 2820 2390 2834 2426; x_wconf 92' lang='lat'><strong>:</strong></span> <span class='ocrx_word' id='word_1_360' title='bbox 2873 2371 3014 2427; x_wconf 84' lang='lat' dir='ltr'><strong>sedit</strong></span> <span class='ocrx_word' id='word_1_361' title='bbox 3049 2387 3226 2428; x_wconf 88' lang='lat' dir='ltr'><strong>annos</strong></span> <span class='ocrx_word' id='word_1_362' title='bbox 3273 2383 3423 2435; x_wconf 88' lang='lat' dir='ltr'><strong>octo.</strong></span> <span class='ocrx_word' id='word_1_363' title='bbox 3463 2375 3590 2429; x_wconf 88' lang='lat' dir='ltr'><strong>dein</strong></span> <span class='ocrx_word' id='word_1_364' title='bbox 3648 2389 3807 2431; x_wconf 83' lang='lat' dir='ltr'><strong>mor-</strong></span> 
     </span>
    </p>
   </div>
   <div class='ocr_carea' id='block_1_53' title="bbox 2215 2461 3811 2534">
    <p class='ocr_par' dir='ltr' id='par_1_53' title="bbox 2215 2461 3811 2534">
     <span class='ocr_line' id='line_1_53' title="bbox 2215 2461 3811 2534; baseline 0.006 -19"><span class='ocrx_word' id='word_1_365' title='bbox 2215 2470 2342 2519; x_wconf 87' lang='lat' dir='ltr'><strong>tnns</strong></span> <span class='ocrx_word' id='word_1_366' title='bbox 2390 2470 2496 2517; x_wconf 87' lang='lat' dir='ltr'><strong>est.</strong></span> <span class='ocrx_word' id='word_1_367' title='bbox 2533 2461 2692 2517; x_wconf 80' lang='lat' dir='ltr'><strong>Anno</strong></span> <span class='ocrx_word' id='word_1_368' title='bbox 2736 2461 2955 2531; x_wconf 88' lang='lat' dir='ltr'><strong>imperii</strong></span> <span class='ocrx_word' id='word_1_369' title='bbox 3000 2462 3175 2533; x_wconf 84' lang='lat' dir='ltr'><strong>ipsius</strong></span> <span class='ocrx_word' id='word_1_370' title='bbox 3215 2474 3419 2534; x_wconf 84' lang='lat' dir='ltr'><strong>quarto</strong></span> <span class='ocrx_word' id='word_1_371' title='bbox 3464 2466 3811 2524; x_wconf 75' lang='lat' dir='ltr'><strong>constitutus</strong></span> 
     </span>
    </p>
   </div>
   <div class='ocr_carea' id='block_1_54' title="bbox 2216 2550 3810 2622">
    <p class='ocr_par' dir='ltr' id='par_1_54' title="bbox 2216 2550 3810 2622">
     <span class='ocr_line' id='line_1_54' title="bbox 2216 2550 3810 2622; baseline 0.006 -17"><span class='ocrx_word' id='word_1_372' title='bbox 2216 2560 2301 2608; x_wconf 85' lang='lat' dir='ltr'><strong>est</strong></span> <span class='ocrx_word' id='word_1_373' title='bbox 2349 2550 2566 2608; x_wconf 90' lang='lat' dir='ltr'><strong>Clarius</strong></span> <span class='ocrx_word' id='word_1_374' title='bbox 2609 2553 2924 2622; x_wconf 79' lang='lat' dir='ltr'><strong>patriarcha</strong></span> <span class='ocrx_word' id='word_1_375' title='bbox 2978 2552 3400 2619; x_wconf 79' lang='lat' dir='ltr'><strong>Alexandrinus.</strong></span> <span class='ocrx_word' id='word_1_376' title='bbox 3434 2556 3579 2612; x_wconf 88' lang='lat' dir='ltr'><strong>sedit</strong></span> <span class='ocrx_word' id='word_1_377' title='bbox 3623 2570 3810 2615; x_wconf 77' lang='lat' dir='ltr'><strong>annos</strong></span> 
     </span>
    </p>
   </div>
   <div class='ocr_carea' id='block_1_55' title="bbox 2221 2644 3809 2717">
    <p class='ocr_par' dir='ltr' id='par_1_55' title="bbox 2221 2644 3809 2717">
     <span class='ocr_line' id='line_1_55' title="bbox 2221 2644 3809 2717; baseline 0.002 -18"><span class='ocrx_word' id='word_1_378' title='bbox 2221 2644 2500 2710; x_wconf 86' lang='lat' dir='ltr'><strong>undecim,</strong></span> <span class='ocrx_word' id='word_1_379' title='bbox 2527 2644 2654 2700; x_wconf 89' lang='lat' dir='ltr'><strong>dein</strong></span> <span class='ocrx_word' id='word_1_380' title='bbox 2684 2652 2938 2701; x_wconf 84' lang='lat' dir='ltr'><strong>mortuus</strong></span> <span class='ocrx_word' id='word_1_381' title='bbox 2970 2652 3075 2701; x_wconf 87' lang='lat' dir='ltr'><strong>est.</strong></span> <span class='ocrx_word' id='word_1_382' title='bbox 3110 2645 3272 2702; x_wconf 76' lang='lat' dir='ltr'><strong>Anno</strong></span> <span class='ocrx_word' id='word_1_383' title='bbox 3302 2646 3552 2717; x_wconf 78' lang='lat' dir='ltr'><strong>ejusdem</strong></span> <span class='ocrx_word' id='word_1_384' title='bbox 3580 2646 3809 2706; x_wconf 75' lang='lat' dir='ltr'><strong>decimo</strong></span> 
     </span>
    </p>
   </div>
   <div class='ocr_carea' id='block_1_56' title="bbox 2218 2736 3810 2809">
    <p class='ocr_par' dir='ltr' id='par_1_56' title="bbox 2218 2736 3810 2809">
     <span class='ocr_line' id='line_1_56' title="bbox 2218 2736 3810 2809; baseline 0.004 -20"><span class='ocrx_word' id='word_1_385' title='bbox 2218 2736 2416 2807; x_wconf 89' lang='lat' dir='ltr'><strong>quinto</strong></span> <span class='ocrx_word' id='word_1_386' title='bbox 2445 2736 2779 2793; x_wconf 83' lang='lat' dir='ltr'><strong>constitutus</strong></span> <span class='ocrx_word' id='word_1_387' title='bbox 2801 2744 2889 2793; x_wconf 85' lang='lat' dir='ltr'><strong>est</strong></span> <span class='ocrx_word' id='word_1_388' title='bbox 2916 2736 3189 2807; x_wconf 70' lang='lat' dir='ltr'><strong>Agrabius</strong></span> <span class='ocrx_word' id='word_1_389' title='bbox 3211 2740 3523 2809; x_wconf 87' lang='lat' dir='ltr'><strong>patriarcha</strong></span> <span class='ocrx_word' id='word_1_390' title='bbox 3556 2738 3810 2797; x_wconf 41' lang='lat' dir='ltr'><strong>Alexan‘</strong></span> 
     </span>
    </p>
   </div>
   <div class='ocr_carea' id='block_1_57' title="bbox 2216 2829 3809 2899">
    <p class='ocr_par' dir='ltr' id='par_1_57' title="bbox 2216 2829 3809 2899">
     <span class='ocr_line' id='line_1_57' title="bbox 2216 2829 3809 2899; baseline 0.003 -14"><span class='ocrx_word' id='word_1_391' title='bbox 2216 2829 2435 2895; x_wconf 88' lang='lat' dir='ltr'><strong>drinus.</strong></span> <span class='ocrx_word' id='word_1_392' title='bbox 2470 2829 2564 2899; x_wconf 88' lang='lat' dir='ltr'><strong>qui</strong></span> <span class='ocrx_word' id='word_1_393' title='bbox 2616 2844 2789 2886; x_wconf 87' lang='lat' dir='ltr'><strong>annos</strong></span> <span class='ocrx_word' id='word_1_394' title='bbox 2846 2829 3135 2887; x_wconf 81' lang='lat' dir='ltr'><strong>duodecim</strong></span> <span class='ocrx_word' id='word_1_395' title='bbox 3164 2830 3334 2895; x_wconf 87' lang='lat' dir='ltr'><strong>sedit.</strong></span> <span class='ocrx_word' id='word_1_396' title='bbox 3379 2832 3507 2887; x_wconf 87' lang='lat' dir='ltr'><strong>dein</strong></span> <span class='ocrx_word' id='word_1_397' title='bbox 3551 2843 3809 2889; x_wconf 78' lang='lat' dir='ltr'><strong>mottuus</strong></span> 
     </span>
    </p>
   </div>
   <div class='ocr_carea' id='block_1_58' title="bbox 2218 2920 3810 2992">
    <p class='ocr_par' dir='ltr' id='par_1_58' title="bbox 2218 2920 3810 2992">
     <span class='ocr_line' id='line_1_58' title="bbox 2218 2920 3810 2992; baseline 0.002 -15"><span class='ocrx_word' id='word_1_398' title='bbox 2218 2927 2327 2977; x_wconf 83' lang='lat' dir='ltr'><strong>est.</strong></span> <span class='ocrx_word' id='word_1_399' title='bbox 2362 2921 2523 2977; x_wconf 81' lang='lat' dir='ltr'><strong>Anno</strong></span> <span class='ocrx_word' id='word_1_400' title='bbox 2576 2921 2790 2991; x_wconf 87' lang='lat' dir='ltr'><strong>imperii</strong></span> <span class='ocrx_word' id='word_1_401' title='bbox 2847 2920 3026 2992; x_wconf 87' lang='lat' dir='ltr'><strong>ipsius</strong></span> <span class='ocrx_word' id='word_1_402' title='bbox 3081 2924 3246 2978; x_wconf 85' lang='lat' dir='ltr'><strong>tertio</strong></span> <span class='ocrx_word' id='word_1_403' title='bbox 3283 2933 3504 2980; x_wconf 87' lang='lat' dir='ltr'><strong>creatus</strong></span> <span class='ocrx_word' id='word_1_404' title='bbox 3529 2935 3615 2981; x_wconf 89' lang='lat' dir='ltr'><strong>est</strong></span> <span class='ocrx_word' id='word_1_405' title='bbox 3663 2923 3810 2980; x_wconf 78' lang='lat' dir='ltr'><strong>Erus</strong></span> 
     </span>
    </p>
   </div>
   <div class='ocr_carea' id='block_1_59' title="bbox 2222 3012 3807 3083">
    <p class='ocr_par' dir='ltr' id='par_1_59' title="bbox 2222 3012 3807 3083">
     <span class='ocr_line' id='line_1_59' title="bbox 2222 3012 3807 3083; baseline 0.003 -17"><span class='ocrx_word' id='word_1_406' title='bbox 2222 3012 2537 3083; x_wconf 78' lang='lat' dir='ltr'><strong>patriarcha</strong></span> <span class='ocrx_word' id='word_1_407' title='bbox 2590 3013 2974 3071; x_wconf 81' lang='lat' dir='ltr'><strong>Antiocheuns</strong></span> <span class='ocrx_word' id='word_1_408' title='bbox 3007 3056 3025 3082; x_wconf 92' lang='lat'><strong>.</strong></span> <span class='ocrx_word' id='word_1_409' title='bbox 3083 3015 3227 3072; x_wconf 83' lang='lat' dir='ltr'><strong>sedit</strong></span> <span class='ocrx_word' id='word_1_410' title='bbox 3290 3017 3459 3074; x_wconf 86' lang='lat' dir='ltr'><strong>annis</strong></span> <span class='ocrx_word' id='word_1_411' title='bbox 3514 3018 3807 3081; x_wconf 87' lang='lat' dir='ltr'><strong>tredecim.</strong></span> 
     </span>
    </p>
   </div>
   <div class='ocr_carea' id='block_1_60' title="bbox 2222 3104 3809 3177">
    <p class='ocr_par' dir='ltr' id='par_1_60' title="bbox 2222 3104 3809 3177">
     <span class='ocr_line' id='line_1_60' title="bbox 2222 3104 3809 3177; baseline 0.006 -18"><span class='ocrx_word' id='word_1_412' title='bbox 2222 3104 2348 3160; x_wconf 85' lang='lat' dir='ltr'><strong>dein</strong></span> <span class='ocrx_word' id='word_1_413' title='bbox 2381 3106 2534 3163; x_wconf 87' lang='lat' dir='ltr'><strong>obiit.</strong></span> <span class='ocrx_word' id='word_1_414' title='bbox 2566 3108 2723 3162; x_wconf 76' lang='lat' dir='ltr'><strong>Anno</strong></span> <span class='ocrx_word' id='word_1_415' title='bbox 2746 3107 2992 3177; x_wconf 77' lang='lat' dir='ltr'><strong>ejusdem</strong></span> <span class='ocrx_word' id='word_1_416' title='bbox 3016 3108 3237 3165; x_wconf 91' lang='lat' dir='ltr'><strong>decimo</strong></span> <span class='ocrx_word' id='word_1_417' title='bbox 3282 3120 3441 3168; x_wconf 77' lang='lat' dir='ltr'><strong>sexto</strong></span> <span class='ocrx_word' id='word_1_418' title='bbox 3463 3121 3693 3170; x_wconf 88' lang='lat' dir='ltr'><strong>creatus</strong></span> <span class='ocrx_word' id='word_1_419' title='bbox 3724 3119 3809 3169; x_wconf 89' lang='lat' dir='ltr'><strong>est</strong></span> 
     </span>
    </p>
   </div>
   <div class='ocr_carea' id='block_1_61' title="bbox 543 3198 3811 3282">
    <p class='ocr_par' dir='ltr' id='par_1_61' title="bbox 543 3198 3811 3282">
     <span class='ocr_line' id='line_1_61' title="bbox 543 3198 3811 3282; baseline 0.002 -24"><span class='ocrx_word' id='word_1_420' title='bbox 543 3212 612 3269; x_wconf 65' lang='grc' dir='ltr'><strong>ιο</strong></span> <span class='ocrx_word' id='word_1_421' title='bbox 640 3209 987 3282; x_wconf 66' lang='lat' dir='ltr'><strong>imperatoris</strong></span> <span class='ocrx_word' id='word_1_422' title='bbox 1027 3209 1248 3264; x_wconf 68' lang='lat' dir='ltr'><strong>nurnine</strong></span> <span class='ocrx_word' id='word_1_423' title='bbox 1274 3206 1474 3265; x_wconf 53' lang='lat' dir='ltr'><strong>ﬁliam</strong></span> <span class='ocrx_word' id='word_1_424' title='bbox 1501 3210 1761 3277; x_wconf 68' lang='lat' dir='ltr'><strong>appellari</strong></span> <span class='ocrx_word' id='word_1_425' title='bbox 1794 3230 1808 3265; x_wconf 71' lang='grc' dir='ltr'><strong>ε</strong></span> <span class='ocrx_word' id='word_1_426' title='bbox 1840 3223 2011 3279; x_wconf 68' lang='grc' dir='ltr'><strong>(μω-ο</strong></span> <span class='ocrx_word' id='word_1_427' title='bbox 2052 3206 2125 3266; x_wconf 72' lang='grc' dir='ltr'><strong>ιι)</strong></span> <span class='ocrx_word' id='word_1_428' title='bbox 2148 3202 2193 3263; x_wconf 87' lang='lat' dir='ltr'><strong>C</strong></span> <span class='ocrx_word' id='word_1_429' title='bbox 2227 3198 2563 3270; x_wconf 80' lang='lat' dir='ltr'><strong>Theophilus</strong></span> <span class='ocrx_word' id='word_1_430' title='bbox 2593 3201 2901 3271; x_wconf 82' lang='lat' dir='ltr'><strong>patriarcha</strong></span> <span class='ocrx_word' id='word_1_431' title='bbox 2928 3201 3324 3266; x_wconf 81' lang='lat' dir='ltr'><strong>Antiocbettus.</strong></span> <span class='ocrx_word' id='word_1_432' title='bbox 3351 3204 3446 3274; x_wconf 88' lang='lat' dir='ltr'><strong>qui</strong></span> <span class='ocrx_word' id='word_1_433' title='bbox 3475 3221 3601 3261; x_wconf 87' lang='lat' dir='ltr'><strong>cum</strong></span> <span class='ocrx_word' id='word_1_434' title='bbox 3625 3221 3811 3265; x_wconf 81' lang='lat' dir='ltr'><strong>annos</strong></span> 
     </span>
    </p>
   </div>
   <div class='ocr_carea' id='block_1_62' title="bbox 544 3300 2121 3376">
    <p class='ocr_par' dir='ltr' id='par_1_62' title="bbox 544 3300 2121 3376">
     <span class='ocr_line' id='line_1_62' title="bbox 544 3300 2121 3376; baseline -0.005 -14"><span class='ocrx_word' id='word_1_435' title='bbox 544 3320 612 3362; x_wconf 88' lang='lat' dir='ltr'><strong>eo</strong></span> <span class='ocrx_word' id='word_1_436' title='bbox 649 3314 899 3375; x_wconf 83' lang='lat' dir='ltr'><strong>tempore</strong></span> <span class='ocrx_word' id='word_1_437' title='bbox 926 3305 1075 3359; x_wconf 87' lang='lat' dir='ltr'><strong>hunc</strong></span> <span class='ocrx_word' id='word_1_438' title='bbox 1113 3317 1287 3376; x_wconf 85' lang='lat' dir='ltr'><strong>usque</strong></span> <span class='ocrx_word' id='word_1_439' title='bbox 1316 3300 1463 3358; x_wconf 86' lang='lat' dir='ltr'><strong>diem</strong></span> <span class='ocrx_word' id='word_1_440' title='bbox 1486 3300 1630 3358; x_wconf 69' lang='lat' dir='ltr'><strong>Elia</strong></span> <span class='ocrx_word' id='word_1_441' title='bbox 1658 3312 1883 3359; x_wconf 85' lang='lat' dir='ltr'><strong>vocatur</strong></span> <span class='ocrx_word' id='word_1_442' title='bbox 1910 3320 1928 3359; x_wconf 88' lang='lat'><strong>:</strong></span> <span class='ocrx_word' id='word_1_443' title='bbox 1957 3316 2121 3373; x_wconf 76' lang='lat' dir='ltr'><strong>quam</strong></span> 
     </span>
    </p>
   </div>
   <div class='ocr_carea' id='block_1_63' title="bbox 546 3395 2122 3469">
    <p class='ocr_par' dir='ltr' id='par_1_63' title="bbox 546 3395 2122 3469">
     <span class='ocr_line' id='line_1_63' title="bbox 546 3395 2122 3469; baseline 0.001 -18"><span class='ocrx_word' id='word_1_444' title='bbox 546 3397 892 3455; x_wconf 78' lang='lat' dir='ltr'><strong>incoluerunt</strong></span> <span class='ocrx_word' id='word_1_445' title='bbox 927 3395 1126 3462; x_wconf 75' lang='lat' dir='ltr'><strong>Graeci,</strong></span> <span class='ocrx_word' id='word_1_446' title='bbox 1158 3403 1213 3452; x_wconf 91' lang='lat' dir='ltr'><strong>et</strong></span> <span class='ocrx_word' id='word_1_447' title='bbox 1262 3397 1330 3451; x_wconf 86' lang='lat' dir='ltr'><strong>ad</strong></span> <span class='ocrx_word' id='word_1_448' title='bbox 1371 3403 1585 3469; x_wconf 86' lang='lat' dir='ltr'><strong>portam</strong></span> <span class='ocrx_word' id='word_1_449' title='bbox 1624 3396 1809 3465; x_wconf 88' lang='lat' dir='ltr'><strong>templi</strong></span> <span class='ocrx_word' id='word_1_450' title='bbox 1860 3412 1984 3467; x_wconf 69' lang='lat' dir='ltr'><strong>quae</strong></span> <span class='ocrx_word' id='word_1_451' title='bbox 2024 3398 2122 3452; x_wconf 79' lang='lat' dir='ltr'><strong>Al-</strong></span> 
     </span>
    </p>
   </div>
   <div class='ocr_carea' id='block_1_64' title="bbox 530 3488 2121 3564">
    <p class='ocr_par' dir='ltr' id='par_1_64' title="bbox 530 3488 2121 3564">
     <span class='ocr_line' id='line_1_64' title="bbox 530 3488 2121 3564; baseline -0.003 -17"><span class='ocrx_word' id='word_1_452' title='bbox 530 3492 688 3547; x_wconf 75' lang='lat' dir='ltr'><strong>‘(lahs</strong></span> <span class='ocrx_word' id='word_1_453' title='bbox 718 3489 1001 3564; x_wconf 80' lang='lat' dir='ltr'><strong>[pulchra]</strong></span> <span class='ocrx_word' id='word_1_454' title='bbox 1034 3488 1214 3556; x_wconf 90' lang='lat' dir='ltr'><strong>audit,</strong></span> <span class='ocrx_word' id='word_1_455' title='bbox 1234 3503 1416 3545; x_wconf 84' lang='lat' dir='ltr'><strong>arcem</strong></span> <span class='ocrx_word' id='word_1_456' title='bbox 1439 3497 1783 3549; x_wconf 85' lang='lat' dir='ltr'><strong>struxerunt.</strong></span> <span class='ocrx_word' id='word_1_457' title='bbox 1817 3504 1979 3559; x_wconf 83' lang='lat' dir='ltr'><strong>super</strong></span> <span class='ocrx_word' id='word_1_458' title='bbox 2010 3504 2121 3560; x_wconf 89' lang='lat' dir='ltr'><strong>qua</strong></span> 
     </span>
    </p>
   </div>
   <div class='ocr_carea' id='block_1_65' title="bbox 547 3583 2127 3657">
    <p class='ocr_par' dir='ltr' id='par_1_65' title="bbox 547 3583 2127 3657">
     <span class='ocr_line' id='line_1_65' title="bbox 547 3583 2127 3657; baseline 0.001 -19"><span class='ocrx_word' id='word_1_459' title='bbox 547 3583 788 3641; x_wconf 67' lang='lat' dir='ltr'><strong>tabulam</strong></span> <span class='ocrx_word' id='word_1_460' title='bbox 838 3598 1094 3657; x_wconf 70' lang='lat' dir='ltr'><strong>magnam</strong></span> <span class='ocrx_word' id='word_1_461' title='bbox 1135 3594 1458 3654; x_wconf 84' lang='lat' dir='ltr'><strong>posuerunt.</strong></span> <span class='ocrx_word' id='word_1_462' title='bbox 1494 3583 1841 3651; x_wconf 80' lang='lat' dir='ltr'><strong>imperatoris</strong></span> <span class='ocrx_word' id='word_1_463' title='bbox 1900 3583 2127 3639; x_wconf 85' lang='lat' dir='ltr'><strong>nomine</strong></span> 
     </span>
    </p>
   </div>
   <div class='ocr_carea' id='block_1_66' title="bbox 551 3674 2125 3747">
    <p class='ocr_par' dir='ltr' id='par_1_66' title="bbox 551 3674 2125 3747">
     <span class='ocr_line' id='line_1_66' title="bbox 551 3674 2125 3747; baseline -0.004 -14"><span class='ocrx_word' id='word_1_464' title='bbox 551 3678 690 3734; x_wconf 60' lang='lat' dir='ltr'><strong>lilio</strong></span> <span class='ocrx_word' id='word_1_465' title='bbox 722 3677 1065 3747; x_wconf 83' lang='lat' dir='ltr'><strong>inscriptam,</strong></span> <span class='ocrx_word' id='word_1_466' title='bbox 1097 3677 1263 3746; x_wconf 84' lang='lat' dir='ltr'><strong>idque</strong></span> <span class='ocrx_word' id='word_1_467' title='bbox 1286 3690 1432 3731; x_wconf 89' lang='lat' dir='ltr'><strong>anno</strong></span> <span class='ocrx_word' id='word_1_468' title='bbox 1460 3674 1677 3744; x_wconf 84' lang='lat' dir='ltr'><strong>imperii</strong></span> <span class='ocrx_word' id='word_1_469' title='bbox 1704 3674 1877 3742; x_wconf 85' lang='lat' dir='ltr'><strong>ipsius</strong></span> <span class='ocrx_word' id='word_1_470' title='bbox 1902 3680 2125 3728; x_wconf 87' lang='lat' dir='ltr'><strong>octavo.</strong></span> 
     </span>
    </p>
   </div>
   <div class='ocr_carea' id='block_1_67' title="bbox 550 3763 2129 3840">
    <p class='ocr_par' dir='ltr' id='par_1_67' title="bbox 550 3763 2129 3840">
     <span class='ocr_line' id='line_1_67' title="bbox 550 3763 2129 3840; baseline -0.003 -15"><span class='ocrx_word' id='word_1_471' title='bbox 550 3776 657 3826; x_wconf 74' lang='lat' dir='ltr'><strong>Arx</strong></span> <span class='ocrx_word' id='word_1_472' title='bbox 719 3772 824 3826; x_wconf 84' lang='lat' dir='ltr'><strong>ista</strong></span> <span class='ocrx_word' id='word_1_473' title='bbox 867 3771 1031 3826; x_wconf 90' lang='lat' dir='ltr'><strong>hodie</strong></span> <span class='ocrx_word' id='word_1_474' title='bbox 1082 3770 1151 3825; x_wconf 92' lang='lat' dir='ltr'><strong>ad</strong></span> <span class='ocrx_word' id='word_1_475' title='bbox 1182 3778 1396 3840; x_wconf 90' lang='lat' dir='ltr'><strong>portam</strong></span> <span class='ocrx_word' id='word_1_476' title='bbox 1457 3765 1967 3838; x_wconf 75' lang='lat' dir='ltr'><strong>Hierosolymorum</strong></span> <span class='ocrx_word' id='word_1_477' title='bbox 2019 3763 2129 3820; x_wconf 85' lang='lat' dir='ltr'><strong>sita</strong></span> 
     </span>
    </p>
   </div>
   <div class='ocr_carea' id='block_1_68' title="bbox 550 3856 2131 3932">
    <p class='ocr_par' dir='ltr' id='par_1_68' title="bbox 550 3856 2131 3932">
     <span class='ocr_line' id='line_1_68' title="bbox 550 3856 2131 3932; baseline -0.004 -12"><span class='ocrx_word' id='word_1_478' title='bbox 550 3865 772 3922; x_wconf 80' lang='lat' dir='ltr'><strong>Davidis</strong></span> <span class='ocrx_word' id='word_1_479' title='bbox 798 3863 1109 3919; x_wconf 75' lang='lat' dir='ltr'><strong>sacrarium</strong></span> <span class='ocrx_word' id='word_1_480' title='bbox 1153 3861 1483 3932; x_wconf 77' lang='lat' dir='ltr'><strong>appellatur.</strong></span> <span class='ocrx_word' id='word_1_481' title='bbox 1518 3857 1638 3915; x_wconf 75' lang='lat' dir='ltr'><strong>Jatu</strong></span> <span class='ocrx_word' id='word_1_482' title='bbox 1670 3860 1741 3917; x_wconf 83' lang='lat' dir='ltr'><strong>ab</strong></span> <span class='ocrx_word' id='word_1_483' title='bbox 1765 3857 1986 3915; x_wconf 87' lang='lat' dir='ltr'><strong>excidio</strong></span> <span class='ocrx_word' id='word_1_484' title='bbox 2016 3856 2131 3928; x_wconf 73' lang='grc' dir='ltr'><strong>ρή-</strong></span> 
     </span>
    </p>
   </div>
   <div class='ocr_carea' id='block_1_69' title="bbox 551 3950 2134 4028">
    <p class='ocr_par' dir='ltr' id='par_1_69' title="bbox 551 3950 2134 4028">
     <span class='ocr_line' id='line_1_69' title="bbox 551 3950 2134 4028; baseline -0.005 -13"><span class='ocrx_word' id='word_1_485' title='bbox 551 3975 638 4015; x_wconf 87' lang='lat' dir='ltr'><strong>mo</strong></span> <span class='ocrx_word' id='word_1_486' title='bbox 662 3974 757 4028; x_wconf 80' lang='lat' dir='ltr'><strong>per</strong></span> <span class='ocrx_word' id='word_1_487' title='bbox 785 3956 967 4013; x_wconf 77' lang='lat' dir='ltr'><strong>Titum</strong></span> <span class='ocrx_word' id='word_1_488' title='bbox 993 3956 1140 4013; x_wconf 81' lang='lat' dir='ltr'><strong>iacto</strong></span> <span class='ocrx_word' id='word_1_489' title='bbox 1160 3956 1229 4013; x_wconf 91' lang='lat' dir='ltr'><strong>ad</strong></span> <span class='ocrx_word' id='word_1_490' title='bbox 1258 3955 1363 4013; x_wconf 84' lang='lat' dir='ltr'><strong>hoc</strong></span> <span class='ocrx_word' id='word_1_491' title='bbox 1391 3955 1622 4012; x_wconf 86' lang='lat' dir='ltr'><strong>alterum</strong></span> <span class='ocrx_word' id='word_1_492' title='bbox 1652 3954 1780 4008; x_wconf 85' lang='lat' dir='ltr'><strong>anni</strong></span> <span class='ocrx_word' id='word_1_493' title='bbox 1815 3959 1945 4009; x_wconf 90' lang='lat' dir='ltr'><strong>sunt</strong></span> <span class='ocrx_word' id='word_1_494' title='bbox 1969 3950 2134 4021; x_wconf 86' lang='lat' dir='ltr'><strong>quin-</strong></span> 
     </span>
    </p>
   </div>
   <div class='ocr_carea' id='block_1_70' title="bbox 552 4043 2131 4121">
    <p class='ocr_par' dir='ltr' id='par_1_70' title="bbox 552 4043 2131 4121">
     <span class='ocr_line' id='line_1_70' title="bbox 552 4043 2131 4121; baseline -0.003 -18"><span class='ocrx_word' id='word_1_495' title='bbox 552 4052 811 4121; x_wconf 78' lang='lat' dir='ltr'><strong>quaginta</strong></span> <span class='ocrx_word' id='word_1_496' title='bbox 867 4058 1005 4107; x_wconf 87' lang='lat' dir='ltr'><strong>tres.</strong></span> <span class='ocrx_word' id='word_1_497' title='bbox 1064 4048 1287 4119; x_wconf 87' lang='lat' dir='ltr'><strong>Impleta</strong></span> <span class='ocrx_word' id='word_1_498' title='bbox 1338 4054 1520 4105; x_wconf 87' lang='lat' dir='ltr'><strong>autem</strong></span> <span class='ocrx_word' id='word_1_499' title='bbox 1575 4055 1706 4102; x_wconf 87' lang='lat' dir='ltr'><strong>sunt</strong></span> <span class='ocrx_word' id='word_1_500' title='bbox 1751 4043 2131 4117; x_wconf 76' lang='lat' dir='ltr'><strong>Hierosolyma</strong></span> 
     </span>
    </p>
   </div>
   <div class='ocr_carea' id='block_1_71' title="bbox 554 4136 2134 4215">
    <p class='ocr_par' dir='ltr' id='par_1_71' title="bbox 554 4136 2134 4215">
     <span class='ocr_line' id='line_1_71' title="bbox 554 4136 2134 4215; baseline -0.005 -16"><span class='ocrx_word' id='word_1_501' title='bbox 554 4145 778 4211; x_wconf 68' lang='lat' dir='ltr'><strong>Graecis,</strong></span> <span class='ocrx_word' id='word_1_502' title='bbox 813 4145 905 4215; x_wconf 85' lang='lat' dir='ltr'><strong>qui</strong></span> <span class='ocrx_word' id='word_1_503' title='bbox 942 4159 1069 4199; x_wconf 91' lang='lat' dir='ltr'><strong>cum</strong></span> <span class='ocrx_word' id='word_1_504' title='bbox 1120 4141 1471 4198; x_wconf 86' lang='lat' dir='ltr'><strong>Christianos</strong></span> <span class='ocrx_word' id='word_1_505' title='bbox 1504 4141 1768 4203; x_wconf 84' lang='lat' dir='ltr'><strong>timetum.</strong></span> <span class='ocrx_word' id='word_1_506' title='bbox 1824 4136 1973 4194; x_wconf 86' lang='lat' dir='ltr'><strong>istud</strong></span> <span class='ocrx_word' id='word_1_507' title='bbox 2029 4136 2134 4195; x_wconf 85' lang='lat' dir='ltr'><strong>sub</strong></span> 
     </span>
    </p>
   </div>
   <div class='ocr_carea' id='block_1_72' title="bbox 556 4225 2132 4306">
    <p class='ocr_par' dir='ltr' id='par_1_72' title="bbox 556 4225 2132 4306">
     <span class='ocr_line' id='line_1_72' title="bbox 556 4225 2132 4306; baseline -0.004 -17"><span class='ocrx_word' id='word_1_508' title='bbox 556 4252 662 4306; x_wconf 83' lang='lat' dir='ltr'><strong>quo</strong></span> <span class='ocrx_word' id='word_1_509' title='bbox 699 4246 815 4288; x_wconf 86' lang='lat' dir='ltr'><strong>erat</strong></span> <span class='ocrx_word' id='word_1_510' title='bbox 849 4234 1198 4301; x_wconf 84' lang='lat' dir='ltr'><strong>Sepulcrum.</strong></span> <span class='ocrx_word' id='word_1_511' title='bbox 1257 4238 1315 4288; x_wconf 86' lang='lat' dir='ltr'><strong>et</strong></span> <span class='ocrx_word' id='word_1_512' title='bbox 1359 4229 1620 4287; x_wconf 87' lang='lat' dir='ltr'><strong>Cranium</strong></span> <span class='ocrx_word' id='word_1_513' title='bbox 1656 4228 1828 4293; x_wconf 78' lang='lat' dir='ltr'><strong>adire.</strong></span> <span class='ocrx_word' id='word_1_514' title='bbox 1853 4234 2021 4297; x_wconf 84' lang='lat' dir='ltr'><strong>atqtte</strong></span> <span class='ocrx_word' id='word_1_515' title='bbox 2056 4225 2132 4286; x_wconf 86' lang='lat' dir='ltr'><strong>ibi</strong></span> 
     </span>
    </p>
   </div>
   <div class='ocr_carea' id='block_1_73' title="bbox 546 4320 2135 4398">
    <p class='ocr_par' dir='ltr' id='par_1_73' title="bbox 546 4320 2135 4398">
     <span class='ocr_line' id='line_1_73' title="bbox 546 4320 2135 4398; baseline -0.003 -17"><span class='ocrx_word' id='word_1_516' title='bbox 546 4344 746 4398; x_wconf 74' lang='lat' dir='ltr'><strong>preces</strong></span> <span class='ocrx_word' id='word_1_517' title='bbox 780 4328 1011 4381; x_wconf 80' lang='lat' dir='ltr'><strong>fundere</strong></span> <span class='ocrx_word' id='word_1_518' title='bbox 1039 4325 1309 4386; x_wconf 88' lang='lat' dir='ltr'><strong>viderent.</strong></span> <span class='ocrx_word' id='word_1_519' title='bbox 1332 4338 1433 4380; x_wconf 89' lang='lat' dir='ltr'><strong>eos</strong></span> <span class='ocrx_word' id='word_1_520' title='bbox 1490 4323 1594 4377; x_wconf 90' lang='lat' dir='ltr'><strong>hoc</strong></span> <span class='ocrx_word' id='word_1_521' title='bbox 1625 4320 1809 4377; x_wconf 79' lang='lat' dir='ltr'><strong>facere</strong></span> <span class='ocrx_word' id='word_1_522' title='bbox 1839 4320 2135 4394; x_wconf 57' lang='lat' dir='ltr'><strong>prohiberi.</strong></span> 
     </span>
    </p>
   </div>
   <div class='ocr_carea' id='block_1_74' title="bbox 555 4415 2137 4491">
    <p class='ocr_par' dir='ltr' id='par_1_74' title="bbox 555 4415 2137 4491">
     <span class='ocr_line' id='line_1_74' title="bbox 555 4415 2137 4491; baseline -0.003 -15"><span class='ocrx_word' id='word_1_523' title='bbox 555 4432 640 4476; x_wconf 85' lang='lat' dir='ltr'><strong>tes</strong></span> <span class='ocrx_word' id='word_1_524' title='bbox 675 4436 844 4491; x_wconf 88' lang='lat' dir='ltr'><strong>super</strong></span> <span class='ocrx_word' id='word_1_525' title='bbox 894 4419 1078 4474; x_wconf 83' lang='lat' dir='ltr'><strong>timeto</strong></span> <span class='ocrx_word' id='word_1_526' title='bbox 1110 4417 1370 4489; x_wconf 85' lang='lat' dir='ltr'><strong>templum</strong></span> <span class='ocrx_word' id='word_1_527' title='bbox 1401 4415 1597 4472; x_wconf 79' lang='lat' dir='ltr'><strong>Veneri</strong></span> <span class='ocrx_word' id='word_1_528' title='bbox 1621 4415 1868 4472; x_wconf 79' lang='lat' dir='ltr'><strong>dicatum</strong></span> <span class='ocrx_word' id='word_1_529' title='bbox 1917 4425 2137 4473; x_wconf 80' lang='lat' dir='ltr'><strong>struxe-</strong></span> 
     </span>
    </p>
   </div>
   <div class='ocr_carea' id='block_1_75' title="bbox 560 4523 708 4568">
    <p class='ocr_par' dir='ltr' id='par_1_75' title="bbox 560 4523 708 4568">
     <span class='ocr_line' id='line_1_75' title="bbox 560 4523 708 4568; baseline 0.007 -1"><span class='ocrx_word' id='word_1_530' title='bbox 560 4523 708 4568; x_wconf 85' lang='lat' dir='ltr'><strong>runt.</strong></span> 
     </span>
    </p>
   </div>
   <div class='ocr_carea' id='block_1_76' title="bbox 2225 3292 3808 3369">
    <p class='ocr_par' dir='ltr' id='par_1_76' title="bbox 2225 3292 3808 3369">
     <span class='ocr_line' id='line_1_76' title="bbox 2225 3292 3808 3369; baseline 0.005 -25"><span class='ocrx_word' id='word_1_531' title='bbox 2225 3292 2414 3361; x_wconf 73' lang='lat' dir='ltr'><strong>viginti</strong></span> <span class='ocrx_word' id='word_1_532' title='bbox 2448 3307 2617 3348; x_wconf 90' lang='lat' dir='ltr'><strong>unum</strong></span> <span class='ocrx_word' id='word_1_533' title='bbox 2636 3293 2872 3349; x_wconf 86' lang='lat' dir='ltr'><strong>sedisset</strong></span> <span class='ocrx_word' id='word_1_534' title='bbox 2894 3302 3147 3350; x_wconf 90' lang='lat' dir='ltr'><strong>mortuus</strong></span> <span class='ocrx_word' id='word_1_535' title='bbox 3173 3302 3279 3351; x_wconf 89' lang='lat' dir='ltr'><strong>est.</strong></span> <span class='ocrx_word' id='word_1_536' title='bbox 3298 3294 3456 3352; x_wconf 76' lang='lat' dir='ltr'><strong>Anno</strong></span> <span class='ocrx_word' id='word_1_537' title='bbox 3479 3296 3700 3369; x_wconf 85' lang='lat' dir='ltr'><strong>imperii</strong></span> <span class='ocrx_word' id='word_1_538' title='bbox 3727 3299 3808 3369; x_wconf 42' lang='lat' dir='ltr'><strong>ip:-</strong></span> 
     </span>
    </p>
   </div>
   <div class='ocr_carea' id='block_1_77' title="bbox 2223 3385 3808 3461">
    <p class='ocr_par' dir='ltr' id='par_1_77' title="bbox 2223 3385 3808 3461">
     <span class='ocr_line' id='line_1_77' title="bbox 2223 3385 3808 3461; baseline 0.003 -20"><span class='ocrx_word' id='word_1_539' title='bbox 2223 3386 2339 3441; x_wconf 87' lang='lat' dir='ltr'><strong>sius</strong></span> <span class='ocrx_word' id='word_1_540' title='bbox 2371 3385 2551 3459; x_wconf 87' lang='lat' dir='ltr'><strong>primo</strong></span> <span class='ocrx_word' id='word_1_541' title='bbox 2616 3387 2955 3445; x_wconf 86' lang='lat' dir='ltr'><strong>constitutus</strong></span> <span class='ocrx_word' id='word_1_542' title='bbox 2982 3395 3067 3445; x_wconf 83' lang='lat' dir='ltr'><strong>est</strong></span> <span class='ocrx_word' id='word_1_543' title='bbox 3108 3386 3239 3444; x_wconf 82' lang='lat' dir='ltr'><strong>Levi</strong></span> <span class='ocrx_word' id='word_1_544' title='bbox 3270 3390 3562 3461; x_wconf 85' lang='lat' dir='ltr'><strong>episcopus</strong></span> <span class='ocrx_word' id='word_1_545' title='bbox 3606 3390 3808 3448; x_wconf 79' lang='lat' dir='ltr'><strong>Hiero-</strong></span> 
     </span>
    </p>
   </div>
   <div class='ocr_carea' id='block_1_78' title="bbox 2222 3479 3803 3553">
    <p class='ocr_par' dir='ltr' id='par_1_78' title="bbox 2222 3479 3803 3553">
     <span class='ocr_line' id='line_1_78' title="bbox 2222 3479 3803 3553; baseline 0.003 -17"><span class='ocrx_word' id='word_1_546' title='bbox 2222 3479 2622 3551; x_wconf 79' lang='lat' dir='ltr'><strong>solymitanus;</strong></span> <span class='ocrx_word' id='word_1_547' title='bbox 2673 3481 2815 3536; x_wconf 85' lang='lat' dir='ltr'><strong>sedit</strong></span> <span class='ocrx_word' id='word_1_548' title='bbox 2849 3494 3026 3537; x_wconf 85' lang='lat' dir='ltr'><strong>annos</strong></span> <span class='ocrx_word' id='word_1_549' title='bbox 3068 3481 3335 3553; x_wconf 88' lang='lat' dir='ltr'><strong>quinque.</strong></span> <span class='ocrx_word' id='word_1_550' title='bbox 3383 3481 3508 3538; x_wconf 81' lang='lat' dir='ltr'><strong>dein</strong></span> <span class='ocrx_word' id='word_1_551' title='bbox 3547 3495 3803 3541; x_wconf 87' lang='lat' dir='ltr'><strong>mortuus</strong></span> 
     </span>
    </p>
   </div>
   <div class='ocr_carea' id='block_1_79' title="bbox 2222 3571 3808 3646">
    <p class='ocr_par' dir='ltr' id='par_1_79' title="bbox 2222 3571 3808 3646">
     <span class='ocr_line' id='line_1_79' title="bbox 2222 3571 3808 3646; baseline -0.001 -17"><span class='ocrx_word' id='word_1_552' title='bbox 2222 3580 2325 3629; x_wconf 84' lang='lat' dir='ltr'><strong>est.</strong></span> <span class='ocrx_word' id='word_1_553' title='bbox 2348 3573 2505 3626; x_wconf 81' lang='lat' dir='ltr'><strong>Anno</strong></span> <span class='ocrx_word' id='word_1_554' title='bbox 2522 3571 2769 3641; x_wconf 84' lang='lat' dir='ltr'><strong>ejusdem</strong></span> <span class='ocrx_word' id='word_1_555' title='bbox 2793 3582 2953 3628; x_wconf 76' lang='lat' dir='ltr'><strong>sexto</strong></span> <span class='ocrx_word' id='word_1_556' title='bbox 2974 3572 3307 3629; x_wconf 89' lang='lat' dir='ltr'><strong>constitutus</strong></span> <span class='ocrx_word' id='word_1_557' title='bbox 3324 3584 3410 3631; x_wconf 89' lang='lat' dir='ltr'><strong>est</strong></span> <span class='ocrx_word' id='word_1_558' title='bbox 3432 3572 3669 3645; x_wconf 85' lang='lat' dir='ltr'><strong>Ephrem</strong></span> <span class='ocrx_word' id='word_1_559' title='bbox 3689 3574 3808 3646; x_wconf 63' lang='lat' dir='ltr'><strong>cpio</strong></span> 
     </span>
    </p>
   </div>
   <div class='ocr_carea' id='block_1_80' title="bbox 2224 3662 3808 3738">
    <p class='ocr_par' dir='ltr' id='par_1_80' title="bbox 2224 3662 3808 3738">
     <span class='ocr_line' id='line_1_80' title="bbox 2224 3662 3808 3738; baseline 0 -16"><span class='ocrx_word' id='word_1_560' title='bbox 2224 3679 2427 3733; x_wconf 80' lang='lat' dir='ltr'><strong>ssopus</strong></span> <span class='ocrx_word' id='word_1_561' title='bbox 2470 3662 3040 3738; x_wconf 78' lang='lat' dir='ltr'><strong>Hierosolymitanus;</strong></span> <span class='ocrx_word' id='word_1_562' title='bbox 3077 3663 3219 3722; x_wconf 89' lang='lat' dir='ltr'><strong>sedit</strong></span> <span class='ocrx_word' id='word_1_563' title='bbox 3261 3680 3438 3723; x_wconf 90' lang='lat' dir='ltr'><strong>annos</strong></span> <span class='ocrx_word' id='word_1_564' title='bbox 3476 3666 3640 3731; x_wconf 88' lang='lat' dir='ltr'><strong>duos.</strong></span> <span class='ocrx_word' id='word_1_565' title='bbox 3681 3666 3808 3724; x_wconf 88' lang='lat' dir='ltr'><strong>dein</strong></span> 
     </span>
    </p>
   </div>
   <div class='ocr_carea' id='block_1_81' title="bbox 2228 3756 3808 3827">
    <p class='ocr_par' dir='ltr' id='par_1_81' title="bbox 2228 3756 3808 3827">
     <span class='ocr_line' id='line_1_81' title="bbox 2228 3756 3808 3827; baseline 0.002 -15"><span class='ocrx_word' id='word_1_566' title='bbox 2228 3769 2477 3813; x_wconf 88' lang='lat' dir='ltr'><strong>mortuus</strong></span> <span class='ocrx_word' id='word_1_567' title='bbox 2507 3767 2612 3814; x_wconf 83' lang='lat' dir='ltr'><strong>est.</strong></span> <span class='ocrx_word' id='word_1_568' title='bbox 2639 3757 2798 3812; x_wconf 80' lang='lat' dir='ltr'><strong>Anno</strong></span> <span class='ocrx_word' id='word_1_569' title='bbox 2820 3756 3071 3827; x_wconf 84' lang='lat' dir='ltr'><strong>ejusdem</strong></span> <span class='ocrx_word' id='word_1_570' title='bbox 3096 3768 3291 3814; x_wconf 84' lang='lat' dir='ltr'><strong>octavo</strong></span> <span class='ocrx_word' id='word_1_571' title='bbox 3314 3757 3493 3815; x_wconf 77' lang='lat' dir='ltr'><strong>factus</strong></span> <span class='ocrx_word' id='word_1_572' title='bbox 3511 3767 3601 3816; x_wconf 85' lang='lat' dir='ltr'><strong>est</strong></span> <span class='ocrx_word' id='word_1_573' title='bbox 3630 3760 3808 3815; x_wconf 78' lang='lat' dir='ltr'><strong>Arsa-</strong></span> 
     </span>
    </p>
   </div>
   <div class='ocr_carea' id='block_1_82' title="bbox 2227 3843 3812 3920">
    <p class='ocr_par' dir='ltr' id='par_1_82' title="bbox 2227 3843 3812 3920">
     <span class='ocr_line' id='line_1_82' title="bbox 2227 3843 3812 3920; baseline 0.003 -19"><span class='ocrx_word' id='word_1_574' title='bbox 2227 3849 2354 3901; x_wconf 87' lang='lat' dir='ltr'><strong>nius</strong></span> <span class='ocrx_word' id='word_1_575' title='bbox 2370 3846 2662 3918; x_wconf 88' lang='lat' dir='ltr'><strong>episcopus</strong></span> <span class='ocrx_word' id='word_1_576' title='bbox 2680 3843 3231 3920; x_wconf 78' lang='lat' dir='ltr'><strong>Hierosolymitanus.</strong></span> <span class='ocrx_word' id='word_1_577' title='bbox 3249 3845 3482 3919; x_wconf 86' lang='lat' dir='ltr'><strong>quicum</strong></span> <span class='ocrx_word' id='word_1_578' title='bbox 3500 3862 3679 3905; x_wconf 89' lang='lat' dir='ltr'><strong>annos</strong></span> <span class='ocrx_word' id='word_1_579' title='bbox 3701 3862 3812 3904; x_wconf 73' lang='lat' dir='ltr'><strong>tres</strong></span> 
     </span>
    </p>
   </div>
   <div class='ocr_carea' id='block_1_83' title="bbox 2230 3937 3809 4007">
    <p class='ocr_par' dir='ltr' id='par_1_83' title="bbox 2230 3937 3809 4007">
     <span class='ocr_line' id='line_1_83' title="bbox 2230 3937 3809 4007; baseline 0.004 -13"><span class='ocrx_word' id='word_1_580' title='bbox 2230 3939 2468 3995; x_wconf 84' lang='lat' dir='ltr'><strong>sedisset</strong></span> <span class='ocrx_word' id='word_1_581' title='bbox 2494 3946 2751 3996; x_wconf 87' lang='lat' dir='ltr'><strong>mortuus</strong></span> <span class='ocrx_word' id='word_1_582' title='bbox 2780 3948 2888 3999; x_wconf 77' lang='lat' dir='ltr'><strong>est.</strong></span> <span class='ocrx_word' id='word_1_583' title='bbox 2915 3939 3073 3995; x_wconf 78' lang='lat' dir='ltr'><strong>Anno</strong></span> <span class='ocrx_word' id='word_1_584' title='bbox 3092 3937 3340 4007; x_wconf 84' lang='lat' dir='ltr'><strong>ejusdem</strong></span> <span class='ocrx_word' id='word_1_585' title='bbox 3364 3940 3654 3997; x_wconf 83' lang='lat' dir='ltr'><strong>undecimo</strong></span> <span class='ocrx_word' id='word_1_586' title='bbox 3676 3956 3809 4000; x_wconf 75' lang='lat' dir='ltr'><strong>eel-</strong></span> 
     </span>
    </p>
   </div>
   <div class='ocr_carea' id='block_1_84' title="bbox 2230 4028 3811 4103">
    <p class='ocr_par' dir='ltr' id='par_1_84' title="bbox 2230 4028 3811 4103">
     <span class='ocr_line' id='line_1_84' title="bbox 2230 4028 3811 4103; baseline 0.001 -17"><span class='ocrx_word' id='word_1_587' title='bbox 2230 4029 2457 4088; x_wconf 87' lang='lat' dir='ltr'><strong>stitutus</strong></span> <span class='ocrx_word' id='word_1_588' title='bbox 2488 4028 2631 4086; x_wconf 82' lang='lat' dir='ltr'><strong>Juda</strong></span> <span class='ocrx_word' id='word_1_589' title='bbox 2686 4030 2983 4102; x_wconf 81' lang='lat' dir='ltr'><strong>episcopus</strong></span> <span class='ocrx_word' id='word_1_590' title='bbox 3018 4030 3565 4103; x_wconf 75' lang='lat' dir='ltr'><strong>ilierosoiymitanus.</strong></span> <span class='ocrx_word' id='word_1_591' title='bbox 3596 4032 3811 4089; x_wconf 88' lang='lat' dir='ltr'><strong>duobus</strong></span> 
     </span>
    </p>
   </div>
   <div class='ocr_carea' id='block_1_85' title="bbox 2232 4120 3811 4196">
    <p class='ocr_par' dir='ltr' id='par_1_85' title="bbox 2232 4120 3811 4196">
     <span class='ocr_line' id='line_1_85' title="bbox 2232 4120 3811 4196; baseline 0.001 -19"><span class='ocrx_word' id='word_1_592' title='bbox 2232 4123 2395 4179; x_wconf 89' lang='lat' dir='ltr'><strong>annis</strong></span> <span class='ocrx_word' id='word_1_593' title='bbox 2416 4124 2579 4187; x_wconf 87' lang='lat' dir='ltr'><strong>sedit.</strong></span> <span class='ocrx_word' id='word_1_594' title='bbox 2605 4121 2732 4178; x_wconf 89' lang='lat' dir='ltr'><strong>dein</strong></span> <span class='ocrx_word' id='word_1_595' title='bbox 2760 4122 2917 4180; x_wconf 90' lang='lat' dir='ltr'><strong>obiit.</strong></span> <span class='ocrx_word' id='word_1_596' title='bbox 2944 4120 3064 4179; x_wconf 80' lang='lat' dir='ltr'><strong>Jam</strong></span> <span class='ocrx_word' id='word_1_597' title='bbox 3102 4137 3231 4179; x_wconf 87' lang='lat' dir='ltr'><strong>vero</strong></span> <span class='ocrx_word' id='word_1_598' title='bbox 3265 4139 3294 4178; x_wconf 92' lang='lat' dir='ltr'><strong>a</strong></span> <span class='ocrx_word' id='word_1_599' title='bbox 3320 4123 3525 4179; x_wconf 80' lang='lat' dir='ltr'><strong>Jacobo</strong></span> <span class='ocrx_word' id='word_1_600' title='bbox 3553 4124 3811 4196; x_wconf 85' lang='lat' dir='ltr'><strong>episcopo</strong></span> 
     </span>
    </p>
   </div>
   <div class='ocr_carea' id='block_1_86' title="bbox 2243 4214 3807 4288">
    <p class='ocr_par' dir='ltr' id='par_1_86' title="bbox 2243 4214 3807 4288">
     <span class='ocr_line' id='line_1_86' title="bbox 2243 4214 3807 4288; baseline 0.001 -19"><span class='ocrx_word' id='word_1_601' title='bbox 2243 4215 2750 4288; x_wconf 82' lang='lat' dir='ltr'><strong>liierosoiymjtano</strong></span> <span class='ocrx_word' id='word_1_602' title='bbox 2806 4216 3007 4287; x_wconf 86' lang='lat' dir='ltr'><strong>primo,</strong></span> <span class='ocrx_word' id='word_1_603' title='bbox 3057 4229 3231 4286; x_wconf 88' lang='lat' dir='ltr'><strong>usque</strong></span> <span class='ocrx_word' id='word_1_604' title='bbox 3268 4215 3335 4271; x_wconf 84' lang='lat' dir='ltr'><strong>ad</strong></span> <span class='ocrx_word' id='word_1_605' title='bbox 3388 4214 3583 4271; x_wconf 68' lang='lat' dir='ltr'><strong>Iudam</strong></span> <span class='ocrx_word' id='word_1_606' title='bbox 3646 4216 3807 4273; x_wconf 80' lang='lat' dir='ltr'><strong>istum</strong></span> 
     </span>
    </p>
   </div>
   <div class='ocr_carea' id='block_1_87' title="bbox 2236 4306 3805 4381">
    <p class='ocr_par' dir='ltr' id='par_1_87' title="bbox 2236 4306 3805 4381">
     <span class='ocr_line' id='line_1_87' title="bbox 2236 4306 3805 4381; baseline -0.003 -16"><span class='ocrx_word' id='word_1_607' title='bbox 2236 4309 2487 4379; x_wconf 84' lang='lat' dir='ltr'><strong>ejusdem</strong></span> <span class='ocrx_word' id='word_1_608' title='bbox 2524 4310 2626 4367; x_wconf 92' lang='lat' dir='ltr'><strong>ioci</strong></span> <span class='ocrx_word' id='word_1_609' title='bbox 2658 4306 3004 4381; x_wconf 80' lang='lat' dir='ltr'><strong>episcopum.</strong></span> <span class='ocrx_word' id='word_1_610' title='bbox 3035 4307 3257 4366; x_wconf 75' lang='lat' dir='ltr'><strong>fuerunt</strong></span> <span class='ocrx_word' id='word_1_611' title='bbox 3280 4308 3551 4381; x_wconf 88' lang='lat' dir='ltr'><strong>episcopi,</strong></span> <span class='ocrx_word' id='word_1_612' title='bbox 3582 4310 3675 4380; x_wconf 87' lang='lat' dir='ltr'><strong>qui</strong></span> <span class='ocrx_word' id='word_1_613' title='bbox 3696 4307 3805 4366; x_wconf 76' lang='lat' dir='ltr'><strong>sedi</strong></span> 
     </span>
    </p>
   </div>
   <div class='ocr_carea' id='block_1_88' title="bbox 2237 4399 3810 4475">
    <p class='ocr_par' dir='ltr' id='par_1_88' title="bbox 2237 4399 3810 4475">
     <span class='ocr_line' id='line_1_88' title="bbox 2237 4399 3810 4475; baseline -0.003 -15"><span class='ocrx_word' id='word_1_614' title='bbox 2237 4402 2329 4460; x_wconf 84' lang='lat' dir='ltr'><strong>isti</strong></span> <span class='ocrx_word' id='word_1_615' title='bbox 2382 4401 2841 4475; x_wconf 72' lang='lat' dir='ltr'><strong>prmilciebantur.</strong></span> <span class='ocrx_word' id='word_1_616' title='bbox 2875 4399 3213 4456; x_wconf 87' lang='lat' dir='ltr'><strong>circumcisi.</strong></span> <span class='ocrx_word' id='word_1_617' title='bbox 3245 4400 3406 4456; x_wconf 77' lang='lat' dir='ltr'><strong>Anno</strong></span> <span class='ocrx_word' id='word_1_618' title='bbox 3434 4399 3649 4469; x_wconf 87' lang='lat' dir='ltr'><strong>imperii</strong></span> <span class='ocrx_word' id='word_1_619' title='bbox 3702 4402 3810 4456; x_wconf 68' lang='lat' dir='ltr'><strong>An-</strong></span> 
     </span>
    </p>
   </div>
   <div class='ocr_carea' id='block_1_89' title="bbox 2242 4490 3810 4566">
    <p class='ocr_par' dir='ltr' id='par_1_89' title="bbox 2242 4490 3810 4566">
     <span class='ocr_line' id='line_1_89' title="bbox 2242 4490 3810 4566; baseline -0.003 -15"><span class='ocrx_word' id='word_1_620' title='bbox 2242 4496 2415 4552; x_wconf 90' lang='lat' dir='ltr'><strong>tonini</strong></span> <span class='ocrx_word' id='word_1_621' title='bbox 2440 4494 2657 4553; x_wconf 89' lang='lat' dir='ltr'><strong>decimo</strong></span> <span class='ocrx_word' id='word_1_622' title='bbox 2704 4494 2870 4551; x_wconf 86' lang='lat' dir='ltr'><strong>tertio</strong></span> <span class='ocrx_word' id='word_1_623' title='bbox 2907 4494 3243 4551; x_wconf 78' lang='lat' dir='ltr'><strong>constitutus</strong></span> <span class='ocrx_word' id='word_1_624' title='bbox 3276 4503 3363 4549; x_wconf 82' lang='lat' dir='ltr'><strong>est</strong></span> <span class='ocrx_word' id='word_1_625' title='bbox 3392 4492 3555 4566; x_wconf 73' lang='lat'><strong>360</strong></span> <span class='ocrx_word' id='word_1_626' title='bbox 3598 4490 3810 4551; x_wconf 73' lang='lat' dir='ltr'><strong>larens</strong></span> 
     </span>
    </p>
   </div>
   <div class='ocr_carea' id='block_1_90' title="bbox 634 4563 2124 4674">
    <p class='ocr_par' dir='ltr' id='par_1_90' title="bbox 634 4600 2124 4674">
     <span class='ocr_line' id='line_1_90' title="bbox 634 4600 2124 4674; baseline -0.001 -14"><span class='ocrx_word' id='word_1_627' title='bbox 634 4608 790 4660; x_wconf 73' lang='lat' dir='ltr'><strong>Anno</strong></span> <span class='ocrx_word' id='word_1_628' title='bbox 818 4604 1029 4674; x_wconf 90' lang='lat' dir='ltr'><strong>imperii</strong></span> <span class='ocrx_word' id='word_1_629' title='bbox 1058 4603 1181 4674; x_wconf 83' lang='lat' dir='ltr'><strong>ejus</strong></span> <span class='ocrx_word' id='word_1_630' title='bbox 1203 4611 1357 4660; x_wconf 83' lang='lat' dir='ltr'><strong>sexto</strong></span> <span class='ocrx_word' id='word_1_631' title='bbox 1388 4602 1724 4660; x_wconf 87' lang='lat' dir='ltr'><strong>constitutus</strong></span> <span class='ocrx_word' id='word_1_632' title='bbox 1752 4608 1838 4659; x_wconf 82' lang='lat' dir='ltr'><strong>est</strong></span> <span class='ocrx_word' id='word_1_633' title='bbox 1863 4600 2124 4673; x_wconf 68' lang='lat' dir='ltr'><strong>Eugeniut</strong></span> 
     </span>
    </p>
   </div>
   <div class='ocr_carea' id='block_1_91' title="bbox 2225 4563 3809 4674">
    <p class='ocr_par' dir='ltr' id='par_1_91' title="bbox 2252 4563 3809 4659">
     <span class='ocr_line' id='line_1_91' title="bbox 2252 4563 3809 4659; baseline -0.004 -14"><span class='ocrx_word' id='word_1_634' title='bbox 2252 4590 2546 4659; x_wconf 84' lang='lat' dir='ltr'><strong>episcopus</strong></span> <span class='ocrx_word' id='word_1_635' title='bbox 2582 4583 3137 4655; x_wconf 82' lang='lat' dir='ltr'><strong>Hierosolymitsnus.</strong></span> <span class='ocrx_word' id='word_1_636' title='bbox 3164 4586 3255 4642; x_wconf 86' lang='lat' dir='ltr'><strong>ubi</strong></span> <span class='ocrx_word' id='word_1_637' title='bbox 3277 4563 3611 4644; x_wconf 31' lang='lat' dir='ltr'><strong>annos‘octo</strong></span> <span class='ocrx_word' id='word_1_638' title='bbox 3647 4586 3809 4649; x_wconf 87' lang='lat' dir='ltr'><strong>sedit.</strong></span> 
     </span>
    </p>
   </div>
   <div class='ocr_carea' id='block_1_92' title="bbox 560 4693 2141 4779">
    <p class='ocr_par' dir='ltr' id='par_1_92' title="bbox 560 4693 2141 4779">
     <span class='ocr_line' id='line_1_92' title="bbox 560 4693 2141 4779; baseline -0.002 -26"><span class='ocrx_word' id='word_1_639' title='bbox 560 4699 869 4779; x_wconf 71' lang='lat' dir='ltr'><strong>patriarcha</strong></span> <span class='ocrx_word' id='word_1_640' title='bbox 906 4697 1204 4763; x_wconf 79' lang='lat' dir='ltr'><strong>Romanus.</strong></span> <span class='ocrx_word' id='word_1_641' title='bbox 1240 4698 1332 4768; x_wconf 87' lang='lat' dir='ltr'><strong>qui</strong></span> <span class='ocrx_word' id='word_1_642' title='bbox 1358 4712 1482 4753; x_wconf 89' lang='lat' dir='ltr'><strong>eum</strong></span> <span class='ocrx_word' id='word_1_643' title='bbox 1507 4711 1683 4752; x_wconf 87' lang='lat' dir='ltr'><strong>annos</strong></span> <span class='ocrx_word' id='word_1_644' title='bbox 1704 4705 1939 4767; x_wconf 86' lang='lat' dir='ltr'><strong>quatuor</strong></span> <span class='ocrx_word' id='word_1_645' title='bbox 1968 4693 2141 4750; x_wconf 84' lang='lat' dir='ltr'><strong>sedis-</strong></span> 
     </span>
    </p>
   </div>
   <div class='ocr_carea' id='block_1_93' title="bbox 561 4788 2144 4859">
    <p class='ocr_par' dir='ltr' id='par_1_93' title="bbox 561 4788 2144 4859">
     <span class='ocr_line' id='line_1_93' title="bbox 561 4788 2144 4859; baseline -0.002 -13"><span class='ocrx_word' id='word_1_646' title='bbox 561 4801 645 4846; x_wconf 81' lang='lat' dir='ltr'><strong>set</strong></span> <span class='ocrx_word' id='word_1_647' title='bbox 677 4801 929 4844; x_wconf 79' lang='lat' dir='ltr'><strong>mortuus</strong></span> <span class='ocrx_word' id='word_1_648' title='bbox 958 4800 1061 4845; x_wconf 88' lang='lat' dir='ltr'><strong>est.</strong></span> <span class='ocrx_word' id='word_1_649' title='bbox 1095 4792 1255 4845; x_wconf 79' lang='lat' dir='ltr'><strong>Anno</strong></span> <span class='ocrx_word' id='word_1_650' title='bbox 1282 4788 1526 4859; x_wconf 79' lang='lat' dir='ltr'><strong>ejusdem</strong></span> <span class='ocrx_word' id='word_1_651' title='bbox 1559 4788 1771 4844; x_wconf 90' lang='lat' dir='ltr'><strong>decimo</strong></span> <span class='ocrx_word' id='word_1_652' title='bbox 1810 4788 2144 4843; x_wconf 84' lang='lat' dir='ltr'><strong>constitutus</strong></span> 
     </span>
    </p>
   </div>
   <div class='ocr_carea' id='block_1_94' title="bbox 557 4880 2145 4954">
    <p class='ocr_par' dir='ltr' id='par_1_94' title="bbox 557 4880 2145 4954">
     <span class='ocr_line' id='line_1_94' title="bbox 557 4880 2145 4954; baseline -0.003 -15"><span class='ocrx_word' id='word_1_653' title='bbox 557 4893 649 4939; x_wconf 83' lang='lat' dir='ltr'><strong>est</strong></span> <span class='ocrx_word' id='word_1_654' title='bbox 680 4883 895 4936; x_wconf 72' lang='lat' dir='ltr'><strong>Marcus</strong></span> <span class='ocrx_word' id='word_1_655' title='bbox 923 4882 1234 4954; x_wconf 79' lang='lat' dir='ltr'><strong>patriarcha</strong></span> <span class='ocrx_word' id='word_1_656' title='bbox 1264 4882 1565 4947; x_wconf 82' lang='lat' dir='ltr'><strong>Romanus.</strong></span> <span class='ocrx_word' id='word_1_657' title='bbox 1594 4880 1688 4952; x_wconf 88' lang='lat' dir='ltr'><strong>qui</strong></span> <span class='ocrx_word' id='word_1_658' title='bbox 1712 4894 1891 4937; x_wconf 87' lang='lat' dir='ltr'><strong>annos</strong></span> <span class='ocrx_word' id='word_1_659' title='bbox 1913 4880 2145 4951; x_wconf 85' lang='lat' dir='ltr'><strong>quinde-</strong></span> 
     </span>
    </p>
   </div>
   <div class='ocr_carea' id='block_1_95' title="bbox 554 4972 2142 5043">
    <p class='ocr_par' dir='ltr' id='par_1_95' title="bbox 554 4972 2142 5043">
     <span class='ocr_line' id='line_1_95' title="bbox 554 4972 2142 5043; baseline -0.004 -12"><span class='ocrx_word' id='word_1_660' title='bbox 554 4977 673 5031; x_wconf 62' lang='lat' dir='ltr'><strong>cim</strong></span> <span class='ocrx_word' id='word_1_661' title='bbox 708 4977 870 5039; x_wconf 80' lang='lat' dir='ltr'><strong>sedit,</strong></span> <span class='ocrx_word' id='word_1_662' title='bbox 897 4974 1021 5030; x_wconf 84' lang='lat' dir='ltr'><strong>dein</strong></span> <span class='ocrx_word' id='word_1_663' title='bbox 1067 4986 1319 5031; x_wconf 83' lang='lat' dir='ltr'><strong>mortuus</strong></span> <span class='ocrx_word' id='word_1_664' title='bbox 1346 4985 1449 5031; x_wconf 83' lang='lat' dir='ltr'><strong>est.</strong></span> <span class='ocrx_word' id='word_1_665' title='bbox 1504 4977 1663 5029; x_wconf 81' lang='lat' dir='ltr'><strong>Anno</strong></span> <span class='ocrx_word' id='word_1_666' title='bbox 1727 4988 1874 5028; x_wconf 84' lang='lat' dir='ltr'><strong>ttono</strong></span> <span class='ocrx_word' id='word_1_667' title='bbox 1926 4972 2142 5043; x_wconf 84' lang='lat' dir='ltr'><strong>imperii</strong></span> 
     </span>
    </p>
   </div>
   <div class='ocr_carea' id='block_1_96' title="bbox 552 5062 2135 5137">
    <p class='ocr_par' dir='ltr' id='par_1_96' title="bbox 552 5062 2135 5137">
     <span class='ocr_line' id='line_1_96' title="bbox 552 5062 2135 5137; baseline -0.001 -20"><span class='ocrx_word' id='word_1_668' title='bbox 552 5068 689 5137; x_wconf 86' lang='lat' dir='ltr'><strong>.ejus</strong></span> <span class='ocrx_word' id='word_1_669' title='bbox 722 5066 896 5122; x_wconf 81' lang='lat' dir='ltr'><strong>iactus</strong></span> <span class='ocrx_word' id='word_1_670' title='bbox 934 5076 1017 5122; x_wconf 90' lang='lat' dir='ltr'><strong>est</strong></span> <span class='ocrx_word' id='word_1_671' title='bbox 1045 5064 1332 5120; x_wconf 85' lang='lat' dir='ltr'><strong>Cornelius</strong></span> <span class='ocrx_word' id='word_1_672' title='bbox 1378 5064 1689 5134; x_wconf 85' lang='lat' dir='ltr'><strong>patriarcha</strong></span> <span class='ocrx_word' id='word_1_673' title='bbox 1734 5062 2135 5125; x_wconf 78' lang='lat' dir='ltr'><strong>Antiochenus,</strong></span> 
     </span>
    </p>
   </div>
   <div class='ocr_carea' id='block_1_97' title="bbox 575 5154 2145 5229">
    <p class='ocr_par' dir='ltr' id='par_1_97' title="bbox 575 5154 2145 5229">
     <span class='ocr_line' id='line_1_97' title="bbox 575 5154 2145 5229; baseline -0.002 -16"><span class='ocrx_word' id='word_1_674' title='bbox 575 5160 668 5214; x_wconf 82' lang='lat' dir='ltr'><strong>ubi</strong></span> <span class='ocrx_word' id='word_1_675' title='bbox 695 5174 821 5215; x_wconf 87' lang='lat' dir='ltr'><strong>cum</strong></span> <span class='ocrx_word' id='word_1_676' title='bbox 861 5173 1037 5215; x_wconf 84' lang='lat' dir='ltr'><strong>annos</strong></span> <span class='ocrx_word' id='word_1_677' title='bbox 1069 5156 1532 5229; x_wconf 69' lang='lat' dir='ltr'><strong>358sexdecim</strong></span> <span class='ocrx_word' id='word_1_678' title='bbox 1564 5155 1795 5213; x_wconf 80' lang='lat' dir='ltr'><strong>sedisset</strong></span> <span class='ocrx_word' id='word_1_679' title='bbox 1818 5154 1961 5211; x_wconf 87' lang='lat' dir='ltr'><strong>diem</strong></span> <span class='ocrx_word' id='word_1_680' title='bbox 1987 5154 2145 5210; x_wconf 85' lang='lat' dir='ltr'><strong>obiit.</strong></span> 
     </span>
    </p>
   </div>
   <div class='ocr_carea' id='block_1_98' title="bbox 563 5246 2141 5323">
    <p class='ocr_par' dir='ltr' id='par_1_98' title="bbox 563 5246 2141 5323">
     <span class='ocr_line' id='line_1_98' title="bbox 563 5246 2141 5323; baseline -0.006 -11"><span class='ocrx_word' id='word_1_681' title='bbox 563 5256 731 5313; x_wconf 72' lang='lat' dir='ltr'><strong>Anno</strong></span> <span class='ocrx_word' id='word_1_682' title='bbox 767 5254 975 5323; x_wconf 88' lang='lat' dir='ltr'><strong>imperil</strong></span> <span class='ocrx_word' id='word_1_683' title='bbox 1029 5252 1147 5321; x_wconf 88' lang='lat' dir='ltr'><strong>ejus</strong></span> <span class='ocrx_word' id='word_1_684' title='bbox 1175 5249 1418 5305; x_wconf 84' lang='lat' dir='ltr'><strong>secundo</strong></span> <span class='ocrx_word' id='word_1_685' title='bbox 1459 5257 1677 5303; x_wconf 77' lang='lat' dir='ltr'><strong>creatus</strong></span> <span class='ocrx_word' id='word_1_686' title='bbox 1722 5261 1807 5304; x_wconf 89' lang='lat' dir='ltr'><strong>est</strong></span> <span class='ocrx_word' id='word_1_687' title='bbox 1839 5246 2141 5304; x_wconf 81' lang='lat' dir='ltr'><strong>Eumenius</strong></span> 
     </span>
    </p>
   </div>
   <div class='ocr_carea' id='block_1_99' title="bbox 566 5340 2142 5418">
    <p class='ocr_par' dir='ltr' id='par_1_99' title="bbox 566 5340 2142 5418">
     <span class='ocr_line' id='line_1_99' title="bbox 566 5340 2142 5418; baseline -0.006 -16"><span class='ocrx_word' id='word_1_688' title='bbox 566 5348 883 5418; x_wconf 72' lang='lat' dir='ltr'><strong>patriarcha</strong></span> <span class='ocrx_word' id='word_1_689' title='bbox 916 5342 1341 5407; x_wconf 82' lang='lat' dir='ltr'><strong>Alexandrinus,</strong></span> <span class='ocrx_word' id='word_1_690' title='bbox 1365 5342 1456 5411; x_wconf 91' lang='lat' dir='ltr'><strong>qni</strong></span> <span class='ocrx_word' id='word_1_691' title='bbox 1494 5356 1617 5396; x_wconf 89' lang='lat' dir='ltr'><strong>cum</strong></span> <span class='ocrx_word' id='word_1_692' title='bbox 1644 5356 1817 5397; x_wconf 82' lang='lat' dir='ltr'><strong>annos</strong></span> <span class='ocrx_word' id='word_1_693' title='bbox 1851 5340 2142 5396; x_wconf 83' lang='lat' dir='ltr'><strong>duodecim</strong></span> 
     </span>
    </p>
   </div>
   <div class='ocr_carea' id='block_1_100' title="bbox 576 5432 2144 5505">
    <p class='ocr_par' dir='ltr' id='par_1_100' title="bbox 576 5432 2144 5505">
     <span class='ocr_line' id='line_1_100' title="bbox 576 5432 2144 5505; baseline -0.007 -9"><span class='ocrx_word' id='word_1_694' title='bbox 576 5442 810 5497; x_wconf 84' lang='lat' dir='ltr'><strong>sedisset</strong></span> <span class='ocrx_word' id='word_1_695' title='bbox 846 5448 1091 5493; x_wconf 82' lang='lat' dir='ltr'><strong>mortuus</strong></span> <span class='ocrx_word' id='word_1_696' title='bbox 1117 5445 1221 5491; x_wconf 86' lang='lat' dir='ltr'><strong>est.</strong></span> <span class='ocrx_word' id='word_1_697' title='bbox 1247 5437 1405 5491; x_wconf 71' lang='lat' dir='ltr'><strong>Anno</strong></span> <span class='ocrx_word' id='word_1_698' title='bbox 1432 5434 1676 5505; x_wconf 85' lang='lat' dir='ltr'><strong>ejusdem</strong></span> <span class='ocrx_word' id='word_1_699' title='bbox 1708 5432 1920 5489; x_wconf 77' lang='lat' dir='ltr'><strong>decimo</strong></span> <span class='ocrx_word' id='word_1_700' title='bbox 1945 5442 2144 5504; x_wconf 89' lang='lat' dir='ltr'><strong>quarto</strong></span> 
     </span>
    </p>
   </div>
   <div class='ocr_carea' id='block_1_101' title="bbox 568 5524 2147 5598">
    <p class='ocr_par' dir='ltr' id='par_1_101' title="bbox 568 5524 2147 5598">
     <span class='ocr_line' id='line_1_101' title="bbox 568 5524 2147 5598; baseline -0.009 -6"><span class='ocrx_word' id='word_1_701' title='bbox 568 5535 909 5591; x_wconf 60' lang='lat' dir='ltr'><strong>constitutus</strong></span> <span class='ocrx_word' id='word_1_702' title='bbox 939 5540 1020 5587; x_wconf 89' lang='lat' dir='ltr'><strong>cst</strong></span> <span class='ocrx_word' id='word_1_703' title='bbox 1048 5530 1355 5584; x_wconf 79' lang='lat' dir='ltr'><strong>Marcianus</strong></span> <span class='ocrx_word' id='word_1_704' title='bbox 1380 5528 1690 5598; x_wconf 73' lang='lat' dir='ltr'><strong>patriarcha</strong></span> <span class='ocrx_word' id='word_1_705' title='bbox 1719 5524 2147 5591; x_wconf 78' lang='lat' dir='ltr'><strong>Alexandrinus,</strong></span> 
     </span>
    </p>
   </div>
   <div class='ocr_carea' id='block_1_102' title="bbox 575 5619 2148 5695">
    <p class='ocr_par' dir='ltr' id='par_1_102' title="bbox 575 5619 2148 5695">
     <span class='ocr_line' id='line_1_102' title="bbox 575 5619 2148 5695; baseline -0.004 -15"><span class='ocrx_word' id='word_1_706' title='bbox 575 5627 673 5695; x_wconf 86' lang='lat' dir='ltr'><strong>qui</strong></span> <span class='ocrx_word' id='word_1_707' title='bbox 708 5633 994 5695; x_wconf 86' lang='lat' dir='ltr'><strong>postquam</strong></span> <span class='ocrx_word' id='word_1_708' title='bbox 1039 5636 1212 5677; x_wconf 87' lang='lat' dir='ltr'><strong>annos</strong></span> <span class='ocrx_word' id='word_1_709' title='bbox 1252 5623 1441 5677; x_wconf 83' lang='lat' dir='ltr'><strong>decem</strong></span> <span class='ocrx_word' id='word_1_710' title='bbox 1475 5619 1710 5676; x_wconf 84' lang='lat' dir='ltr'><strong>sedisset</strong></span> <span class='ocrx_word' id='word_1_711' title='bbox 1764 5628 2011 5673; x_wconf 88' lang='lat' dir='ltr'><strong>mortuus</strong></span> <span class='ocrx_word' id='word_1_712' title='bbox 2042 5626 2148 5674; x_wconf 86' lang='lat' dir='ltr'><strong>est.</strong></span> 
     </span>
    </p>
   </div>
   <div class='ocr_carea' id='block_1_103' title="bbox 579 5708 2150 5784">
    <p class='ocr_par' dir='ltr' id='par_1_103' title="bbox 579 5708 2150 5784">
     <span class='ocr_line' id='line_1_103' title="bbox 579 5708 2150 5784; baseline -0.006 -9"><span class='ocrx_word' id='word_1_713' title='bbox 579 5718 741 5775; x_wconf 70' lang='lat' dir='ltr'><strong>Anno</strong></span> <span class='ocrx_word' id='word_1_714' title='bbox 793 5716 1005 5784; x_wconf 87' lang='lat' dir='ltr'><strong>imperii</strong></span> <span class='ocrx_word' id='word_1_715' title='bbox 1064 5714 1183 5784; x_wconf 86' lang='lat' dir='ltr'><strong>ejus</strong></span> <span class='ocrx_word' id='word_1_716' title='bbox 1214 5721 1412 5783; x_wconf 86' lang='lat' dir='ltr'><strong>quarto</strong></span> <span class='ocrx_word' id='word_1_717' title='bbox 1472 5712 1803 5767; x_wconf 86' lang='lat' dir='ltr'><strong>constitutus</strong></span> <span class='ocrx_word' id='word_1_718' title='bbox 1828 5719 1917 5766; x_wconf 89' lang='lat' dir='ltr'><strong>est</strong></span> <span class='ocrx_word' id='word_1_719' title='bbox 1945 5708 2150 5766; x_wconf 86' lang='lat' dir='ltr'><strong>Tobias</strong></span> 
     </span>
    </p>
   </div>
   <div class='ocr_carea' id='block_1_104' title="bbox 576 5807 2153 5880">
    <p class='ocr_par' dir='ltr' id='par_1_104' title="bbox 576 5807 2153 5880">
     <span class='ocr_line' id='line_1_104' title="bbox 576 5807 2153 5880; baseline -0.003 -17"><span class='ocrx_word' id='word_1_720' title='bbox 576 5812 879 5880; x_wconf 66' lang='lat' dir='ltr'><strong>episcopus</strong></span> <span class='ocrx_word' id='word_1_721' title='bbox 938 5807 1489 5880; x_wconf 79' lang='lat' dir='ltr'><strong>llierosoiymitanus.</strong></span> <span class='ocrx_word' id='word_1_722' title='bbox 1519 5807 1609 5862; x_wconf 87' lang='lat' dir='ltr'><strong>nhi</strong></span> <span class='ocrx_word' id='word_1_723' title='bbox 1641 5822 1765 5861; x_wconf 90' lang='lat' dir='ltr'><strong>cum</strong></span> <span class='ocrx_word' id='word_1_724' title='bbox 1815 5815 1926 5863; x_wconf 87' lang='lat' dir='ltr'><strong>tres</strong></span> <span class='ocrx_word' id='word_1_725' title='bbox 1980 5820 2153 5860; x_wconf 82' lang='lat' dir='ltr'><strong>annos</strong></span> 
     </span>
    </p>
   </div>
   <div class='ocr_carea' id='block_1_105' title="bbox 582 5878 2151 5972">
    <p class='ocr_par' dir='ltr' id='par_1_105' title="bbox 582 5878 2151 5972">
     <span class='ocr_line' id='line_1_105' title="bbox 582 5878 2151 5972; baseline -0.004 -15"><span class='ocrx_word' id='word_1_726' title='bbox 582 5878 818 5958; x_wconf 59' lang='lat' dir='ltr'><strong>sedisset</strong></span> <span class='ocrx_word' id='word_1_727' title='bbox 856 5878 1102 5957; x_wconf 75' lang='lat' dir='ltr'><strong>mortuus</strong></span> <span class='ocrx_word' id='word_1_728' title='bbox 1136 5878 1237 5957; x_wconf 80' lang='lat' dir='ltr'><strong>cst.</strong></span> <span class='ocrx_word' id='word_1_729' title='bbox 1268 5900 1425 5956; x_wconf 74' lang='lat' dir='ltr'><strong>Anno</strong></span> <span class='ocrx_word' id='word_1_730' title='bbox 1456 5900 1691 5970; x_wconf 83' lang='lat' dir='ltr'><strong>ejusdem</strong></span> <span class='ocrx_word' id='word_1_731' title='bbox 1716 5900 1947 5972; x_wconf 79' lang='lat' dir='ltr'><strong>septimo</strong></span> <span class='ocrx_word' id='word_1_732' title='bbox 1978 5896 2151 5953; x_wconf 78' lang='lat' dir='ltr'><strong>iactus</strong></span> 
     </span>
    </p>
   </div>
   <div class='ocr_carea' id='block_1_106' title="bbox 2241 4678 3811 4751">
    <p class='ocr_par' dir='ltr' id='par_1_106' title="bbox 2241 4678 3811 4751">
     <span class='ocr_line' id='line_1_106' title="bbox 2241 4678 3811 4751; baseline -0.001 -14"><span class='ocrx_word' id='word_1_733' title='bbox 2241 4682 2370 4737; x_wconf 90' lang='lat' dir='ltr'><strong>dein</strong></span> <span class='ocrx_word' id='word_1_734' title='bbox 2412 4690 2667 4735; x_wconf 89' lang='lat' dir='ltr'><strong>mortuus</strong></span> <span class='ocrx_word' id='word_1_735' title='bbox 2698 4687 2805 4735; x_wconf 88' lang='lat' dir='ltr'><strong>est.</strong></span> <span class='ocrx_word' id='word_1_736' title='bbox 2857 4679 3017 4735; x_wconf 80' lang='lat' dir='ltr'><strong>Anno</strong></span> <span class='ocrx_word' id='word_1_737' title='bbox 3047 4678 3297 4751; x_wconf 85' lang='lat' dir='ltr'><strong>ejusdem</strong></span> <span class='ocrx_word' id='word_1_738' title='bbox 3333 4680 3595 4736; x_wconf 84' lang='lat' dir='ltr'><strong>vicesimo</strong></span> <span class='ocrx_word' id='word_1_739' title='bbox 3639 4678 3811 4751; x_wconf 73' lang='lat' dir='ltr'><strong>primo</strong></span> 
     </span>
    </p>
   </div>
   <div class='ocr_carea' id='block_1_107' title="bbox 2242 4771 3808 4846">
    <p class='ocr_par' dir='ltr' id='par_1_107' title="bbox 2242 4771 3808 4846">
     <span class='ocr_line' id='line_1_107' title="bbox 2242 4771 3808 4846; baseline -0.001 -13"><span class='ocrx_word' id='word_1_740' title='bbox 2242 4784 2461 4833; x_wconf 85' lang='lat' dir='ltr'><strong>creatus</strong></span> <span class='ocrx_word' id='word_1_741' title='bbox 2488 4780 2574 4830; x_wconf 87' lang='lat' dir='ltr'><strong>est</strong></span> <span class='ocrx_word' id='word_1_742' title='bbox 2595 4773 2893 4830; x_wconf 77' lang='lat' dir='ltr'><strong>Cassianus</strong></span> <span class='ocrx_word' id='word_1_743' title='bbox 2919 4774 3215 4844; x_wconf 88' lang='lat' dir='ltr'><strong>episcopus</strong></span> <span class='ocrx_word' id='word_1_744' title='bbox 3260 4771 3808 4846; x_wconf 77' lang='lat' dir='ltr'><strong>llicrosolyutitsnus,</strong></span> 
     </span>
    </p>
   </div>
   <div class='ocr_carea' id='block_1_108' title="bbox 2242 4864 3610 4942">
    <p class='ocr_par' dir='ltr' id='par_1_108' title="bbox 2242 4864 3610 4942">
     <span class='ocr_line' id='line_1_108' title="bbox 2242 4864 3610 4942; baseline 0 -20"><span class='ocrx_word' id='word_1_745' title='bbox 2242 4868 2337 4942; x_wconf 85' lang='lat' dir='ltr'><strong>qni</strong></span> <span class='ocrx_word' id='word_1_746' title='bbox 2363 4884 2486 4922; x_wconf 86' lang='lat' dir='ltr'><strong>cum</strong></span> <span class='ocrx_word' id='word_1_747' title='bbox 2518 4880 2694 4923; x_wconf 88' lang='lat' dir='ltr'><strong>annos</strong></span> <span class='ocrx_word' id='word_1_748' title='bbox 2730 4867 2973 4936; x_wconf 84' lang='lat' dir='ltr'><strong>quinque</strong></span> <span class='ocrx_word' id='word_1_749' title='bbox 3007 4864 3243 4922; x_wconf 89' lang='lat' dir='ltr'><strong>sedisset</strong></span> <span class='ocrx_word' id='word_1_750' title='bbox 3276 4865 3421 4920; x_wconf 86' lang='lat' dir='ltr'><strong>diem</strong></span> <span class='ocrx_word' id='word_1_751' title='bbox 3452 4864 3610 4923; x_wconf 82' lang='lat' dir='ltr'><strong>obiit.</strong></span> 
     </span>
    </p>
   </div>
   <div class='ocr_carea' id='block_1_109' title="bbox 2314 4955 3813 5029">
    <p class='ocr_par' dir='ltr' id='par_1_109' title="bbox 2314 4955 3813 5029">
     <span class='ocr_line' id='line_1_109' title="bbox 2314 4955 3813 5029; baseline -0.002 -13"><span class='ocrx_word' id='word_1_752' title='bbox 2314 4959 2528 5018; x_wconf 71' lang='lat' dir='ltr'><strong>Mortuo</strong></span> <span class='ocrx_word' id='word_1_753' title='bbox 2550 4958 2827 5015; x_wconf 75' lang='lat' dir='ltr'><strong>Antonino</strong></span> <span class='ocrx_word' id='word_1_754' title='bbox 2855 4955 3091 5020; x_wconf 62' lang='lat' dir='ltr'><strong>Caesare.</strong></span> <span class='ocrx_word' id='word_1_755' title='bbox 3128 4958 3232 5028; x_wconf 89' lang='lat' dir='ltr'><strong>ipsi</strong></span> <span class='ocrx_word' id='word_1_756' title='bbox 3263 4957 3318 5012; x_wconf 91' lang='lat' dir='ltr'><strong>iu</strong></span> <span class='ocrx_word' id='word_1_757' title='bbox 3353 4957 3583 5029; x_wconf 89' lang='lat' dir='ltr'><strong>imperio</strong></span> <span class='ocrx_word' id='word_1_758' title='bbox 3604 4971 3813 5014; x_wconf 74' lang='lat' dir='ltr'><strong>succes-</strong></span> 
     </span>
    </p>
   </div>
   <div class='ocr_carea' id='block_1_110' title="bbox 2247 5051 3810 5123">
    <p class='ocr_par' dir='ltr' id='par_1_110' title="bbox 2247 5051 3810 5123">
     <span class='ocr_line' id='line_1_110' title="bbox 2247 5051 3810 5123; baseline -0.004 -11"><span class='ocrx_word' id='word_1_759' title='bbox 2247 5057 2321 5112; x_wconf 91' lang='lat' dir='ltr'><strong>sit</strong></span> <span class='ocrx_word' id='word_1_760' title='bbox 2350 5052 2584 5121; x_wconf 71' lang='lat' dir='ltr'><strong>ﬂarcus,</strong></span> <span class='ocrx_word' id='word_1_761' title='bbox 2620 5054 2714 5123; x_wconf 88' lang='lat' dir='ltr'><strong>qui</strong></span> <span class='ocrx_word' id='word_1_762' title='bbox 2744 5052 3000 5107; x_wconf 75' lang='lat' dir='ltr'><strong>Aurelius</strong></span> <span class='ocrx_word' id='word_1_763' title='bbox 3028 5051 3232 5117; x_wconf 71' lang='lat' dir='ltr'><strong>Caesar.</strong></span> <span class='ocrx_word' id='word_1_764' title='bbox 3267 5068 3367 5107; x_wconf 89' lang='lat' dir='ltr'><strong>nec</strong></span> <span class='ocrx_word' id='word_1_765' title='bbox 3398 5064 3507 5108; x_wconf 87' lang='lat' dir='ltr'><strong>non</strong></span> <span class='ocrx_word' id='word_1_766' title='bbox 3544 5052 3810 5107; x_wconf 78' lang='lat' dir='ltr'><strong>Antonius</strong></span> 
     </span>
    </p>
   </div>
   <div class='ocr_carea' id='block_1_111' title="bbox 2247 5131 3809 5217">
    <p class='ocr_par' dir='ltr' id='par_1_111' title="bbox 2247 5131 3809 5217">
     <span class='ocr_line' id='line_1_111' title="bbox 2247 5131 3809 5217; baseline -0.004 -12"><span class='ocrx_word' id='word_1_767' title='bbox 2247 5160 2300 5205; x_wconf 88' lang='lat' dir='ltr'><strong>et</strong></span> <span class='ocrx_word' id='word_1_768' title='bbox 2323 5149 2498 5206; x_wconf 81' lang='lat' dir='ltr'><strong>Verus</strong></span> <span class='ocrx_word' id='word_1_769' title='bbox 2521 5146 2823 5217; x_wconf 86' lang='lat' dir='ltr'><strong>appellatus</strong></span> <span class='ocrx_word' id='word_1_770' title='bbox 2843 5150 2949 5203; x_wconf 85' lang='lat' dir='ltr'><strong>est.</strong></span> <span class='ocrx_word' id='word_1_771' title='bbox 2973 5144 3209 5215; x_wconf 87' lang='lat' dir='ltr'><strong>quicum</strong></span> <span class='ocrx_word' id='word_1_772' title='bbox 3241 5131 3419 5199; x_wconf 73' lang='lat' dir='ltr'><strong>armos</strong></span> <span class='ocrx_word' id='word_1_773' title='bbox 3446 5145 3809 5203; x_wconf 82' lang='lat' dir='ltr'><strong>uovemdeciat</strong></span> 
     </span>
    </p>
   </div>
   <div class='ocr_carea' id='block_1_112' title="bbox 2251 5235 3808 5313">
    <p class='ocr_par' dir='ltr' id='par_1_112' title="bbox 2251 5235 3808 5313">
     <span class='ocr_line' id='line_1_112' title="bbox 2251 5235 3808 5313; baseline -0.003 -16"><span class='ocrx_word' id='word_1_774' title='bbox 2251 5243 2577 5313; x_wconf 88' lang='lat' dir='ltr'><strong>imperasset</strong></span> <span class='ocrx_word' id='word_1_775' title='bbox 2601 5253 2631 5295; x_wconf 78' lang='grc' dir='ltr'><strong>ο</strong></span> <span class='ocrx_word' id='word_1_776' title='bbox 2660 5237 2800 5295; x_wconf 84' lang='lat' dir='ltr'><strong>vivis</strong></span> <span class='ocrx_word' id='word_1_777' title='bbox 2825 5236 3086 5294; x_wconf 81' lang='lat' dir='ltr'><strong>excessit.</strong></span> <span class='ocrx_word' id='word_1_778' title='bbox 3113 5235 3319 5306; x_wconf 61' lang='lat' dir='ltr'><strong>Magnae</strong></span> <span class='ocrx_word' id='word_1_779' title='bbox 3350 5237 3437 5291; x_wconf 88' lang='lat' dir='ltr'><strong>hic</strong></span> <span class='ocrx_word' id='word_1_780' title='bbox 3463 5238 3808 5299; x_wconf 81' lang='lat' dir='ltr'><strong>calamitatis.</strong></span> 
     </span>
    </p>
   </div>
   <div class='ocr_carea' id='block_1_113' title="bbox 2252 5328 3812 5392">
    <p class='ocr_par' dir='ltr' id='par_1_113' title="bbox 2252 5328 3812 5392">
     <span class='ocr_line' id='line_1_113' title="bbox 2252 5328 3812 5392; baseline -0.003 -4"><span class='ocrx_word' id='word_1_781' title='bbox 2252 5344 2304 5388; x_wconf 76' lang='lat' dir='ltr'><strong>et</strong></span> <span class='ocrx_word' id='word_1_782' title='bbox 2334 5334 2574 5391; x_wconf 70' lang='lat' dir='ltr'><strong>tristitia:</strong></span> <span class='ocrx_word' id='word_1_783' title='bbox 2601 5335 2876 5388; x_wconf 76' lang='lat' dir='ltr'><strong>diuturna:</strong></span> <span class='ocrx_word' id='word_1_784' title='bbox 2907 5330 3240 5388; x_wconf 86' lang='lat' dir='ltr'><strong>Christianis</strong></span> <span class='ocrx_word' id='word_1_785' title='bbox 3288 5339 3482 5386; x_wconf 81' lang='lat' dir='ltr'><strong>auctor</strong></span> <span class='ocrx_word' id='word_1_786' title='bbox 3519 5328 3642 5392; x_wconf 79' lang='lat' dir='ltr'><strong>iuit.</strong></span> <span class='ocrx_word' id='word_1_787' title='bbox 3682 5332 3812 5385; x_wconf 87' lang='lat' dir='ltr'><strong>mul-</strong></span> 
     </span>
    </p>
   </div>
   <div class='ocr_carea' id='block_1_114' title="bbox 2255 5422 3813 5500">
    <p class='ocr_par' dir='ltr' id='par_1_114' title="bbox 2255 5422 3813 5500">
     <span class='ocr_line' id='line_1_114' title="bbox 2255 5422 3813 5500; baseline -0.002 -19"><span class='ocrx_word' id='word_1_788' title='bbox 2255 5431 2327 5483; x_wconf 88' lang='lat' dir='ltr'><strong>tis</strong></span> <span class='ocrx_word' id='word_1_789' title='bbox 2356 5428 2461 5483; x_wconf 88' lang='lat' dir='ltr'><strong>sub</strong></span> <span class='ocrx_word' id='word_1_790' title='bbox 2484 5428 2604 5498; x_wconf 87' lang='lat' dir='ltr'><strong>ipso</strong></span> <span class='ocrx_word' id='word_1_791' title='bbox 2648 5426 2969 5500; x_wconf 83' lang='lat' dir='ltr'><strong>martyrium</strong></span> <span class='ocrx_word' id='word_1_792' title='bbox 2994 5496 2997 5499; x_wconf 91' lang='lat'><em>_</em></span> <span class='ocrx_word' id='word_1_793' title='bbox 3022 5424 3223 5493; x_wconf 84' lang='lat' dir='ltr'><strong>passis.</strong></span> <span class='ocrx_word' id='word_1_794' title='bbox 3260 5422 3392 5494; x_wconf 86' lang='lat' dir='ltr'><strong>Ejus</strong></span> <span class='ocrx_word' id='word_1_795' title='bbox 3421 5433 3668 5495; x_wconf 80' lang='lat' dir='ltr'><strong>tempore</strong></span> <span class='ocrx_word' id='word_1_796' title='bbox 3712 5436 3813 5478; x_wconf 83' lang='lat' dir='ltr'><strong>nta-</strong></span> 
     </span>
    </p>
   </div>
   <div class='ocr_carea' id='block_1_115' title="bbox 2255 5513 3813 5590">
    <p class='ocr_par' dir='ltr' id='par_1_115' title="bbox 2255 5513 3813 5590">
     <span class='ocr_line' id='line_1_115' title="bbox 2255 5513 3813 5590; baseline -0.008 -13"><span class='ocrx_word' id='word_1_797' title='bbox 2255 5538 2358 5590; x_wconf 72' lang='lat' dir='ltr'><strong>gna</strong></span> <span class='ocrx_word' id='word_1_798' title='bbox 2421 5520 2521 5576; x_wconf 82' lang='lat' dir='ltr'><strong>fuit</strong></span> <span class='ocrx_word' id='word_1_799' title='bbox 2572 5519 2769 5582; x_wconf 79' lang='lat' dir='ltr'><strong>fames.</strong></span> <span class='ocrx_word' id='word_1_800' title='bbox 2828 5517 3177 5585; x_wconf 84' lang='lat' dir='ltr'><strong>siccitasque.</strong></span> <span class='ocrx_word' id='word_1_801' title='bbox 3208 5523 3264 5570; x_wconf 87' lang='lat' dir='ltr'><strong>et</strong></span> <span class='ocrx_word' id='word_1_802' title='bbox 3314 5518 3509 5587; x_wconf 82' lang='lat' dir='ltr'><strong>pestis,</strong></span> <span class='ocrx_word' id='word_1_803' title='bbox 3540 5513 3675 5570; x_wconf 84' lang='lat' dir='ltr'><strong>dum</strong></span> <span class='ocrx_word' id='word_1_804' title='bbox 3727 5526 3813 5587; x_wconf 79' lang='lat' dir='ltr'><strong>per</strong></span> 
     </span>
    </p>
   </div>
   <div class='ocr_carea' id='block_1_116' title="bbox 2258 5608 3810 5682">
    <p class='ocr_par' dir='ltr' id='par_1_116' title="bbox 2258 5608 3810 5682">
     <span class='ocr_line' id='line_1_116' title="bbox 2258 5608 3810 5682; baseline -0.006 -12"><span class='ocrx_word' id='word_1_805' title='bbox 2258 5614 2535 5670; x_wconf 85' lang='lat' dir='ltr'><strong>biennium</strong></span> <span class='ocrx_word' id='word_1_806' title='bbox 2569 5629 2677 5666; x_wconf 83' lang='lat' dir='ltr'><strong>non</strong></span> <span class='ocrx_word' id='word_1_807' title='bbox 2707 5613 2937 5681; x_wconf 86' lang='lat' dir='ltr'><strong>plueret.</strong></span> <span class='ocrx_word' id='word_1_808' title='bbox 2963 5609 3101 5665; x_wconf 88' lang='lat' dir='ltr'><strong>adeo</strong></span> <span class='ocrx_word' id='word_1_809' title='bbox 3128 5618 3188 5664; x_wconf 92' lang='lat' dir='ltr'><strong>ut</strong></span> <span class='ocrx_word' id='word_1_810' title='bbox 3219 5623 3412 5680; x_wconf 84' lang='lat' dir='ltr'><strong>parum</strong></span> <span class='ocrx_word' id='word_1_811' title='bbox 3438 5608 3670 5682; x_wconf 81' lang='lat' dir='ltr'><strong>abesset</strong></span> <span class='ocrx_word' id='word_1_812' title='bbox 3692 5609 3810 5680; x_wconf 85' lang='lat' dir='ltr'><strong>quin</strong></span> 
     </span>
    </p>
   </div>
   <div class='ocr_carea' id='block_1_117' title="bbox 2257 5699 3809 5774">
    <p class='ocr_par' dir='ltr' id='par_1_117' title="bbox 2257 5699 3809 5774">
     <span class='ocr_line' id='line_1_117' title="bbox 2257 5699 3809 5774; baseline -0.005 -11"><span class='ocrx_word' id='word_1_813' title='bbox 2257 5718 2309 5763; x_wconf 84' lang='lat' dir='ltr'><strong>et</strong></span> <span class='ocrx_word' id='word_1_814' title='bbox 2354 5723 2447 5763; x_wconf 85' lang='lat' dir='ltr'><strong>rex</strong></span> <span class='ocrx_word' id='word_1_815' title='bbox 2481 5717 2534 5759; x_wconf 87' lang='lat' dir='ltr'><strong>et</strong></span> <span class='ocrx_word' id='word_1_816' title='bbox 2564 5704 2797 5774; x_wconf 87' lang='lat' dir='ltr'><strong>populus</strong></span> <span class='ocrx_word' id='word_1_817' title='bbox 2844 5702 3073 5773; x_wconf 88' lang='lat' dir='ltr'><strong>imperio</strong></span> <span class='ocrx_word' id='word_1_818' title='bbox 3096 5700 3272 5773; x_wconf 86' lang='lat' dir='ltr'><strong>ipsius</strong></span> <span class='ocrx_word' id='word_1_819' title='bbox 3313 5699 3572 5757; x_wconf 87' lang='lat' dir='ltr'><strong>subditus</strong></span> <span class='ocrx_word' id='word_1_820' title='bbox 3600 5700 3809 5756; x_wconf 71' lang='lat' dir='ltr'><strong>iamest</strong></span> 
     </span>
    </p>
   </div>
   <div class='ocr_carea' id='block_1_118' title="bbox 2258 5785 3808 5871">
    <p class='ocr_par' dir='ltr' id='par_1_118' title="bbox 2258 5785 3808 5871">
     <span class='ocr_line' id='line_1_118' title="bbox 2258 5785 3808 5871; baseline -0.004 -18"><span class='ocrx_word' id='word_1_821' title='bbox 2258 5809 2408 5871; x_wconf 83' lang='lat' dir='ltr'><strong>peste</strong></span> <span class='ocrx_word' id='word_1_822' title='bbox 2433 5785 2671 5869; x_wconf 86' lang='lat' dir='ltr'><strong>perirent</strong></span> <span class='ocrx_word' id='word_1_823' title='bbox 2694 5817 2704 5852; x_wconf 91' lang='lat'><strong>:</strong></span> <span class='ocrx_word' id='word_1_824' title='bbox 2732 5796 2826 5867; x_wconf 86' lang='lat' dir='ltr'><strong>qui</strong></span> <span class='ocrx_word' id='word_1_825' title='bbox 2840 5810 2970 5866; x_wconf 76' lang='lat' dir='ltr'><strong>ergo</strong></span> <span class='ocrx_word' id='word_1_826' title='bbox 2984 5794 3326 5851; x_wconf 80' lang='lat' dir='ltr'><strong>Christianos</strong></span> <span class='ocrx_word' id='word_1_827' title='bbox 3346 5800 3612 5866; x_wconf 76' lang='lat' dir='ltr'><strong>rogarunt</strong></span> <span class='ocrx_word' id='word_1_828' title='bbox 3624 5802 3686 5848; x_wconf 91' lang='lat' dir='ltr'><strong>ut</strong></span> <span class='ocrx_word' id='word_1_829' title='bbox 3702 5808 3808 5864; x_wconf 83' lang='lat' dir='ltr'><strong>pre-</strong></span> 
     </span>
    </p>
   </div>
   <div class='ocr_carea' id='block_1_119' title="bbox 2266 5885 3810 5960">
    <p class='ocr_par' dir='ltr' id='par_1_119' title="bbox 2266 5885 3810 5960">
     <span class='ocr_line' id='line_1_119' title="bbox 2266 5885 3810 5960; baseline -0.008 -9"><span class='ocrx_word' id='word_1_830' title='bbox 2266 5896 2419 5951; x_wconf 81' lang='lat' dir='ltr'><strong>cihus</strong></span> <span class='ocrx_word' id='word_1_831' title='bbox 2446 5908 2471 5947; x_wconf 88' lang='lat' dir='ltr'><strong>a</strong></span> <span class='ocrx_word' id='word_1_832' title='bbox 2499 5891 2730 5949; x_wconf 87' lang='lat' dir='ltr'><strong>Domino</strong></span> <span class='ocrx_word' id='word_1_833' title='bbox 2746 5906 2847 5948; x_wconf 86' lang='lat' dir='ltr'><strong>suo</strong></span> <span class='ocrx_word' id='word_1_834' title='bbox 2859 5890 3096 5960; x_wconf 79' lang='lat' dir='ltr'><strong>pluviam</strong></span> <span class='ocrx_word' id='word_1_835' title='bbox 3120 5890 3498 5957; x_wconf 73' lang='lat' dir='ltr'><strong>impetrarent.</strong></span> <span class='ocrx_word' id='word_1_836' title='bbox 3535 5885 3810 5959; x_wconf 62' lang='lat' dir='ltr'><strong>illisigitur</strong></span> 
     </span>
    </p>
   </div>
  </div>
