4068 6160
532 312 633 376 901

1550 322 1919 385 EUTYCHH
1954 324 2491 385 ALEXANDRINI
2532 327 2750 389 PATR.

3699 314 3810 377 993

530 444 594 481 ex
634 436 785 498 parte
820 428 921 483 alia
958 429 1077 484 illos
1106 447 1282 500 pugna
1332 442 1631 503 occupatos
1660 433 1913 499 detinuit,
1950 446 2113 505 atque
2142 441 2188 496 Α
2214 453 2320 508 qtte
2348 438 2401 491 iu
2430 438 2621 493 Persia
2656 446 2802 493 sunt.
2832 432 3391 495 Bahman-Azdashir.
3424 445 3546 501 qua
3577 437 3674 485 est
3707 426 3812 480 Eu-

533 520 608 573 ita
658 532 848 590 aperto
900 522 1020 576 loco
1073 526 1142 577 ab
1195 525 1343 580 urbis
1395 525 1587 579 incolis
1645 526 1892 596 neglecto
1928 540 2107 595 regem

533 612 705 681 ipsius
735 612 1130 668 interfecerunt
1156 659 1169 679 ,
1209 618 1503 686 mnuiaqtte
1546 633 1668 687 quae
1704 620 1755 671 in
1792 620 1905 688 ipsa
1954 626 2111 672 erant

533 714 896 773 occuparunt.
941 706 1078 761 Tum
1119 710 1368 775 praestitit
1421 709 1691 765 Azrlashir
1739 709 1918 781 [juxta
1975 710 2110 765 alios

533 796 789 870 Ardshir]
826 798 949 852 tilia:
1000 802 1143 870 regis
1182 801 1325 872 quod
1374 804 1448 857 illi
1501 803 1777 872 pollicitus
1816 802 2012 866 fuerat,
2053 817 2113 858 se

534 904 653 942 eam
688 889 898 943 scilicet
931 906 1156 947 uxorem
1193 893 1508 949 ducturum.
1537 894 1707 949 Nocte
1743 905 1921 949 autem
1962 908 2108 965 qua-

534 981 658 1036 dam
689 982 1020 1038 decumbens
1046 986 1161 1054 ipsa
1201 986 1254 1041 in
1296 987 1456 1052 lecto,
1483 987 1549 1043 de
1582 988 1701 1042 loco
1736 988 1786 1041 in
1821 1002 1929 1057 quo
1963 988 2113 1054 jace-

538 1087 620 1131 ret
661 1086 874 1147 questa,
939 1088 1047 1132 tota
1086 1089 1244 1133 nocte
1278 1079 1545 1135 insomnis
1581 1082 1900 1151 permansit.
1952 1080 2114 1147 Qua:-

542 1180 698 1224 rente
730 1186 862 1239 ergo
894 1171 984 1225 illo
1014 1170 1168 1244 [quid
1208 1170 1405 1244 esset],
1438 1188 1566 1228 ecce
1592 1174 1695 1228 sub
1732 1174 1899 1228 linteo
1940 1172 2114 1244 ipsius

536 1264 590 1316 in
646 1264 787 1317 lecto
823 1264 1010 1319 folium
1049 1266 1148 1319 fuit
1188 1266 1527 1334 oleaginequ
1559 1309 1574 1332 ,
1615 1268 1759 1335 quod
1820 1265 2110 1336 vestigium

536 1358 649 1411 cuti
685 1357 804 1427 ejus
842 1359 1215 1428 impresserat.
1247 1359 1472 1429 llOgavit
1493 1374 1623 1430 ergo
1655 1360 1825 1422 illam,
1857 1373 1965 1428 quo
1990 1358 2113 1413 cibo

539 1452 710 1519 ipsam
748 1467 972 1519 pascere
1006 1451 1201 1506 solitus
1224 1462 1369 1507 esset
1397 1461 1566 1520 pater;
1606 1452 1971 1520 respondente
1997 1449 2111 1506 illa:

542 1542 631 1595 illa
671 1543 872 1613 quibus
930 1545 1203 1613 praecipue
1249 1544 1512 1598 vescebar
1579 1552 1735 1599 erant
1787 1544 1886 1597 ﬂos
1936 1542 2112 1609 lactis,

540 1636 715 1697 favus.
750 1646 803 1690 et
846 1636 1117 1702 medulla;
1154 1637 1292 1691 dixit
1327 1637 1632 1693 Azdashir:
1665 1636 1780 1691 Non
1818 1637 1933 1691 scio
1972 1651 2114 1705 quo.

538 1725 702 1778 modo
724 1726 850 1794 quis
890 1735 1093 1795 patrem
1120 1733 1273 1781 tuum
1300 1764 1318 1792 ,
1345 1727 1399 1780 in
1431 1737 1481 1781 te
1511 1726 1746 1781 autaudo
1771 1769 1787 1791 ,
1816 1737 1870 1781 et
1908 1727 2116 1782 honore

538 1813 840 1876 alliciendo,
868 1823 1077 1885 aequet;
1110 1832 1233 1872 cum
1263 1831 1393 1887 ergo
1422 1833 1528 1873 non
1560 1817 1704 1871 aliud
1739 1818 1840 1887 ipsi
1875 1832 1974 1888 pro
1999 1831 2117 1872 ma-

539 1906 663 1974 gnis
702 1908 873 1976 ipsius
912 1908 964 1962 in
999 1918 1053 1962 te
1097 1908 1309 1965 meritis
1339 1925 1501 1978 quam
1527 1910 1731 1965 eadem
1771 1909 2117 1979 rependeris,

540 2001 731 2053 merita
760 2009 907 2055 certe
949 2016 1007 2054 es
1046 2000 1164 2068 ipsa
1198 2016 1266 2061 ne
1297 2002 1352 2055 in
1391 2012 1534 2056 terra
1585 2014 1863 2071 superstes
1895 2001 2118 2068 sinaris,

540 2102 702 2161 atque
740 2109 840 2163 ego
876 2094 949 2147 illi
980 2094 1101 2162 jura
1138 2110 1238 2150 sua
1270 2097 1563 2165 rependam
1600 2115 1614 2152 :
1656 2114 1779 2152 cum
1831 2100 1974 2154 enim
2022 2098 2123 2171 ob-

538 2184 822 2238 caecavcrit
853 2200 1007 2239 amor
1044 2187 1232 2242 oculos
1268 2195 1394 2242 tuos
1418 2228 1433 2253 ,
1464 2198 1519 2242 et
1548 2189 1888 2245 intellectum
1920 2191 2111 2246 turba-

540 2275 679 2330 verit
716 2277 852 2331 adeo
893 2286 951 2332 ut
997 2278 1314 2333 meritorum
1364 2281 1536 2349 patris
1577 2283 1651 2336 tui
1699 2281 1867 2338 oblita
1922 2282 2118 2352 fueris,

541 2385 648 2425 non
677 2384 900 2439 possum
944 2386 1046 2442 ego
1095 2371 1197 2425 hac
1237 2388 1303 2426 ex
1343 2379 1498 2442 parte
1528 2388 1556 2429 a
1597 2384 1649 2429 te
1699 2390 1927 2432 securus
1970 2391 2116 2433 esse.

537 2459 677 2517 Tum
701 2465 870 2534 jussit
900 2464 1112 2535 capillis
1145 2464 1330 2520 caudrr.
1358 2465 1482 2536 equi
1518 2464 1804 2523 ferocioris
1844 2469 2118 2541 alligatam

538 2557 743 2625 raptari
777 2574 791 2611 :
826 2557 969 2627 quod
1001 2566 1056 2612 et
1090 2556 1292 2613 factum
1323 2556 1497 2613 donec
1547 2566 1659 2614 tota
1707 2560 1811 2632 ipsi
1865 2562 2113 2631 corporis

538 2663 831 2717 compages
863 2648 1208 2705 membratim
1243 2650 1668 2722 discerperetur.

612 2741 774 2812 372
828 2739 1040 2795 Mortuo
1087 2740 1388 2799 Commodo
1430 2743 1688 2813 Caesare,
1746 2745 2117 2803 Romanorum

540 2833 896 2902 imperatore,
932 2836 1199 2889 successit
1236 2834 1339 2906 ipsi
1389 2835 1644 2894 Pertinax
1684 2839 1868 2894 Ca-sar
1913 2838 2117 2894 Roma-

541 2942 735 2980 norum
780 2925 1095 2994 imperator,
1145 2927 1235 2996 qui
1264 2967 1280 2991 ,
1318 2944 1440 2983 cum
1483 2930 1661 2985 tribus
1699 2932 1991 2987 mensibus
2031 2948 2118 2989 re-

538 3027 775 3086 gnasset,
802 3018 1122 3074 interfectus
1155 3033 1273 3087 cst;
1308 3020 1610 3092 imperante
1641 3037 1765 3096 post
1803 3028 1977 3098 ipsum
2010 3024 2121 3080 Ro-

540 3109 717 3164 manis
744 3109 960 3164 Juliano
985 3109 1215 3176 Caesare,
1242 3113 1458 3167 duobus
1491 3114 1791 3178 mensibus,
1827 3124 1947 3185 post
1974 3129 2117 3185 quos
2140 3146 2186 3210 ε

541 3201 864 3257 interfectus
899 3204 1062 3257 etiam
1100 3213 1206 3259 est.
1255 3203 1520 3275 Regnavit
1554 3216 1674 3275 post
1718 3207 1893 3277 ipsum
1931 3206 2116 3264 Romae

541 3296 594 3349 in
632 3294 907 3353 Romanos
958 3299 1195 3353 Severus
1230 3299 1413 3353 Caesar
1457 3315 1631 3376 annos
1681 3301 2114 3369 septemdecim,

543 3387 702 3456 idque
754 3403 898 3443 anno
961 3398 1154 3457 quarto
1198 3390 1347 3460 regni
1400 3390 1689 3445 Azdashiri
1728 3391 1841 3445 Ehn
1896 3390 2114 3449 Babeci.

543 3477 777 3550 Fuitque
811 3481 1108 3551 imperator
1138 3482 1244 3538 iste
1273 3481 1534 3549 Severus,
1565 3482 1647 3536 vir
1685 3498 1919 3553 nequam
1949 3523 1965 3548 ,
2006 3500 2118 3537 ma-

543 3587 773 3641 gnarum
806 3570 1135 3629 Christianis
1157 3575 1528 3629 calamitatum
1555 3575 1960 3646 multorumque
1985 3593 2115 3631 cru-

542 3667 781 3720 ciatuum
816 3673 1032 3727 auctor,
1075 3667 1233 3733 cujus
1277 3674 1522 3736 tempore
1558 3668 1876 3739 martyrium
1913 3668 2118 3736 ubique

543 3756 833 3811 subierunt
885 3755 1189 3812 Christiani
1224 3758 1637 3828 quamplurimi.
1678 3758 1816 3813 Tum
1864 3767 1916 3814 et
1951 3757 2123 3831 Egy-

542 3863 695 3924 ptum
733 3852 1037 3923 profectus,
1088 3870 1276 3910 omnes
1316 3855 1408 3924 qui
1440 3856 1513 3911 ibi
1552 3866 1608 3911 et
1658 3856 2001 3913 Alexandria:
2033 3871 2122 3914 es-

544 3960 667 4000 sent
699 3945 1043 4002 Christianos
1072 3948 1367 4014 interemit,
1417 3957 1473 4004 et
1518 3949 1784 4004 ecclesias
1810 3949 1997 4015 diruit,
2031 3964 2123 4004 ex-

544 4050 756 4099 structo
788 4042 1125 4098 Alexandria:
1154 4042 1379 4113 templo,
1408 4041 1551 4111 quod
1587 4039 1819 4096 Deorum
1857 4041 2119 4114 templum

545 4134 846 4188 vocitatum
890 4143 996 4190 est.
1036 4135 1193 4187 Anno
1224 4133 1436 4203 imperii
1488 4132 1662 4202 ipsius
1705 4131 2122 4203 decimoquarto

544 4225 724 4281 factus
755 4235 841 4282 est
871 4224 1117 4281 Calixtus
1140 4225 1452 4303 patriarcha
1488 4224 1790 4293 Romanus,
1845 4224 1940 4297 qui
1996 4239 2120 4281 cum

544 4335 636 4375 sex
674 4334 850 4374 annos
877 4318 1106 4375 sedisset
1139 4326 1385 4373 mortuus
1411 4326 1515 4372 est.

614 4412 771 4465 Auno
798 4410 1041 4480 ejusdem
1078 4409 1241 4465 tertio
1288 4409 1625 4466 constitutus
1655 4417 1739 4466 est
1770 4410 2121 4479 Asclepiades

2213 530 2424 601 phratae
2458 530 2677 587 Basorae
2698 571 2713 595 ,
2739 528 3066 593 Astarabad,
3106 542 3227 597 qua
3253 532 3335 581 est
3364 522 3564 579 Coreh.
3584 520 3767 574 Bisan
3794 559 3808 581 .

2215 621 2319 676 sita
2368 622 2513 677 inter
2556 622 2712 679 vicos
2758 619 2960 691 Tigris,
2993 627 3047 674 et
3088 618 3277 672 urbem
3314 613 3430 670 Suk
3466 612 3767 667 il—Ahvvaz
3794 648 3811 673 .

2215 729 2489 783 unamque
2533 713 2697 768 trium
2729 712 2948 767 urbium
3008 726 3130 780 qua:
3182 715 3309 765 sunt
3360 707 3413 761 in
3465 700 3807 759 Ai-SaWad:

2215 816 2413 877 praeter
2445 816 2555 863 tres
2601 807 2761 861 urbes
2795 819 3023 875 quarum
3059 817 3165 857 una
3198 810 3283 857 est
3312 800 3507 855 Alchat
3528 837 3543 862 ,
3571 811 3711 864 quae
3746 792 3812 846 ad

2214 896 2553 953 occidentem
2582 896 2688 953 sita
2714 904 2799 951 est
2826 895 3062 966 regionis
3096 888 3511 949 transﬂuvialis.
3553 887 3668 943 alia
3711 885 3815 938 Ba-

2218 989 2320 1045 ltar
2358 987 2551 1043 Samer
2596 988 2653 1043 in
2700 986 3066 1050 Caramania,
3113 984 3273 1041 tertia
3320 984 3456 1039 urbs
3501 979 3813 1052 Al-Ayela.

2222 1083 2367 1138 Obiit
2399 1082 2595 1139 deinde
2627 1081 2898 1137 Azdashir
2933 1088 3221 1151 postquam
3255 1091 3428 1132 annos
3455 1074 3817 1145 quat-sorde-

2214 1175 2322 1230 cim
2362 1183 2418 1231 et
2451 1189 2547 1230 sex
2580 1188 2797 1230 menses
2820 1182 3125 1243 regnasset.
3156 1169 3418 1241 Regnavit
3459 1175 3580 1239 post
3621 1168 3814 1236 ipsum

2218 1268 2362 1324 ﬁlius
2396 1268 2570 1339 ipsius
2602 1267 2787 1322 Sabur
2822 1265 2939 1322 Ebu
2975 1265 3267 1329 Azdashir,
3302 1279 3479 1319 annos
3521 1263 3766 1330 triginta
3797 1302 3813 1322 ,

2217 1377 2458 1418 mensem
2495 1377 2701 1425 unum;
2742 1360 2905 1431 idque
2947 1374 3096 1415 anno
3132 1357 3350 1428 imperii
3385 1356 3576 1413 Severi
3624 1354 3819 1411 Cresa-

2218 1459 2316 1521 ris,
2346 1455 2697 1528 imperatoris
2728 1453 3000 1520 Romani,
3046 1453 3396 1510 duodecimo.
3442 1449 3670 1505 Mortuo
3716 1448 3817 1503 Se-

2219 1560 2347 1602 vero
2374 1546 2612 1609 Caesare.
2646 1543 2833 1601 Romze
2860 1553 2983 1616 post
3020 1545 3196 1616 ipsum
3224 1560 3316 1599 sex
3344 1559 3521 1599 annos
3553 1540 3818 1612 regnavit

2215 1637 2487 1692 Antonius
2544 1636 2728 1693 Caesar
2769 1635 3052 1693 Caracalla
3114 1636 3281 1705 (quod
3341 1640 3470 1696 est.
3524 1631 3793 1696 Calvus).

2217 1727 2375 1782 Anno
2424 1727 2637 1797 ituperii
2675 1726 2795 1797 ejus
2823 1727 2985 1783 tertio
3032 1724 3212 1781 factus
3242 1733 3327 1779 est
3375 1722 3667 1779 Auriantu
3714 1736 3816 1791 p.1-

2222 1819 2461 1875 triarcha
2492 1818 2792 1881 Romanus,
2831 1818 2923 1886 qui
2954 1825 3198 1885 quatuor
3228 1829 3404 1869 annos
3456 1814 3601 1869 sedit
3624 1854 3645 1878 ,
3681 1811 3815 1867 dein

2222 1919 2491 1970 mortuus.
2519 1913 2677 1967 Anno
2717 1911 2893 1982 ipsius
2919 1909 3085 1982 376
3114 1909 3296 1980 primo
3328 1918 3551 1963 creatus
3576 1915 3668 1963 est
3707 1902 3816 1958 Va-

2222 2003 2338 2060 lens
2363 2003 2656 2075 episcopus
2694 2002 3248 2075 Hierosolymitanus,
3280 2002 3371 2070 qui
3400 2016 3525 2058 cum
3553 2009 3674 2057 tres
3706 2014 3814 2055 an-

2221 2112 2323 2153 nos
2353 2096 2601 2161 sedisset.
2634 2105 2883 2153 mortuus
2908 2102 3013 2152 est.

2289 2188 2449 2245 Anno
2474 2188 2721 2259 ejusdem
2750 2189 2946 2260 quinto
2975 2188 3311 2245 constitutus
3354 2194 3442 2243 est
3496 2184 3815 2242 Delitianus

2221 2281 2516 2353 episcopus
2567 2280 3117 2353 Hierosolymitanus.
3179 2280 3273 2350 qui
3336 2293 3511 2335 annos
3559 2284 3816 2349 quatuor

2220 2370 2383 2437 sedit,
2414 2371 2539 2427 dein
2578 2381 2829 2428 mortuus
2855 2380 2961 2427 est.
2995 2372 3151 2439 Quod
3182 2371 3247 2425 ad
3281 2368 3575 2433 Saburem,
3606 2366 3815 2424 Persa-

2222 2484 2340 2522 rum
2386 2482 2567 2539 regem
2604 2506 2620 2531 ,
2666 2482 2879 2522 summa
2929 2466 3020 2524 ille
3068 2480 3193 2521 cum
3247 2463 3461 2536 justitia
3520 2464 3674 2519 inter
3707 2462 3811 2519 lto-

2222 2560 2397 2616 mines
2429 2568 2677 2615 versatus
2705 2569 2791 2615 est
2818 2577 2833 2614 :
2862 2560 3144 2629 cepitque
3172 2557 3488 2628 provincias
3514 2555 3728 2620 visere,
3761 2560 3817 2610 et

2220 2655 2472 2725 regiones
2504 2654 2765 2709 colendas
2796 2668 3013 2710 curare.
3047 2655 3311 2721 Atutoque
3346 2651 3497 2722 regni
3518 2649 3606 2706 sui
3634 2650 3811 2703 unde-

2218 2750 2362 2803 cimo
2390 2757 2601 2812 exacto,
2629 2762 2755 2803 cum
2784 2746 2959 2817 copiis
2984 2748 3101 2802 suis
3130 2747 3320 2801 urbem
3347 2743 3585 2808 Nisibin.
3614 2743 3672 2799 in
3704 2756 3813 2814 qua

2218 2842 2389 2909 copia:
2418 2856 2484 2894 ex
2526 2839 2786 2895 Antonini
2815 2838 3114 2896 Caracalla‘:
3168 2836 3519 2907 imperatoris
3568 2834 3813 2892 Romani

2218 2933 2462 2987 exercitu
2497 2946 2606 2985 non
2644 2944 2831 3001 pauca:
2860 2937 3021 2985 erant
3048 2971 3062 2993 .
3117 2932 3436 3000 prolectus,
3489 2943 3612 2984 eam
3658 2926 3813 2982 obsi-

2220 3026 2387 3080 dione
2417 3025 2483 3080 ad
2515 3035 2731 3095 tempus
2779 3024 2952 3079 cinxit
2979 3061 2995 3089 ,
3028 3038 3226 3093 capere
3280 3035 3413 3077 vero
3447 3035 3554 3076 non
3607 3019 3812 3091 potuit.

2218 3117 2356 3173 Cum
2385 3132 2519 3189 ergo
2565 3133 2623 3173 se
2654 3132 2773 3172 eam
2814 3131 3127 3188 expugnare
3169 3131 3278 3170 non
3325 3128 3488 3184 posse
3535 3120 3810 3175 cerneret,

2218 3210 2387 3282 jussit
2414 3225 2581 3281 prope
2603 3210 2775 3278 ipsam
2812 3209 3280 3279 propugnaculum
3303 3206 3500 3270 altum,
3524 3203 3805 3275 amplum.

2225 3322 2330 3360 una
2355 3321 2480 3359 cum
2517 3313 2669 3358 turre
2702 3302 2938 3369 exstrui,
2972 3302 3024 3356 in
3047 3299 3217 3371 quod,
3255 3299 3345 3355 ubi
3384 3299 3595 3353 ﬁnitum
3640 3302 3811 3362 esset,

2225 3398 2531 3455 ascendens
2566 3398 2681 3467 ipse
2713 3410 2838 3451 cum
2871 3394 3153 3451 exercitus
3194 3394 3278 3450 sui
3317 3391 3637 3461 praecipuis,
3664 3404 3813 3461 qua:-

2224 3505 2443 3560 cunque
2475 3490 2617 3543 intra
2656 3490 2847 3542 urbem
2876 3494 3063 3542 essent
3094 3486 3221 3540 inde
3259 3483 3566 3555 prospexit,
3592 3498 3698 3537 nec
3720 3496 3808 3535 sa-

2227 3582 2378 3655 gittis
2404 3596 2503 3638 eos
2543 3590 2725 3651 petere
2754 3580 3087 3636 destiterunt
3114 3618 3130 3644 ,
3179 3578 3315 3633 adeo
3350 3588 3412 3632 ut
3442 3591 3549 3631 non
3585 3574 3812 3629 auderet

2222 3691 2291 3731 ex
2342 3674 2479 3744 ipsis
2508 3673 2784 3744 quispiam
2841 3672 2988 3729 iuras
3023 3670 3231 3742 egredi.
3266 3669 3467 3725 Urbem
3518 3668 3690 3740 igitur
3736 3662 3807 3720 illi

2227 3767 2427 3823 dedere
2476 3767 2531 3823 in
2581 3766 2765 3821 animo
2799 3765 3152 3828 habuerunt,
3201 3772 3257 3817 at
3290 3763 3470 3819 delato
3517 3762 3585 3817 ad
3632 3762 3807 3832 ipsum

2227 3862 2418 3916 nuntio
2447 3860 2659 3916 hostem
2694 3857 2985 3929 quemdam
3034 3855 3279 3912 subditos
3312 3856 3487 3926 ipsius
3539 3870 3608 3911 ex
3655 3860 3808 3927 parte

2226 3950 2529 4006 Chorasani
2562 3949 2858 4014 invasisse,
2889 3947 2980 4004 ille
3014 3946 3082 4003 ad
3110 3944 3495 4002 Nisebensium
3526 3953 3807 4014 magnates

2228 4045 2450 4099 mittens
2479 4043 2787 4112 eligendum
2816 4041 2951 4111 ipsis
2988 4041 3295 4111 proposuit,
3323 4048 3503 4093 utrum
3535 4039 3808 4109 relinque-

2228 4144 2310 4191 ret
2342 4135 2487 4206 apud
2515 4136 2664 4206 ipsos
2698 4134 2793 4205 qui
2838 4133 2963 4191 illos
2994 4132 3162 4198 bello,
3196 4147 3370 4204 usque
3415 4134 3544 4187 dum
3579 4130 3696 4202 ipse
3728 4144 3809 4184 re-

2227 4236 2529 4283 verteretur
2551 4265 2568 4293 ,
2600 4226 2964 4288 lacesserent,
3015 4238 3085 4280 an
3130 4238 3255 4279 cum
3282 4223 3422 4303 ipso
3454 4221 3615 4294 377
3650 4218 3807 4294 3‘79

2229 4321 2409 4377 foedus
2442 4335 2682 4391 pangere
2700 4320 2905 4375 vellent
2936 4333 3004 4376 ne
3039 4317 3450 4391 propugnaculo
3479 4324 3607 4371 ante
3634 4316 3807 4387 ipsius

2230 4414 2467 4470 reditum
2501 4427 2699 4468 manus
2729 4414 3105 4469 admoverent.
3140 4411 3219 4465 Illi
3254 4426 3383 4482 ergo
3415 4408 3595 4465 fosdus
3625 4418 3682 4464 et
3715 4422 3800 4480 pa-

548 4504 854 4574 patriarcha
887 4503 1291 4565 Antiochenus.
1325 4504 1417 4574 qui
1468 4519 1643 4560 annos
1690 4520 1882 4560 novem
1931 4504 2114 4573 sedit,
2149 4513 2194 4569 ι)
2222 4518 2369 4563 ctum
2402 4520 2527 4561 cum
2572 4506 2691 4575 ipso
2724 4504 2967 4560 inierunt
3013 4504 3150 4559 nihil
3182 4518 3242 4559 se
3275 4504 3342 4557 de
3391 4499 3799 4573 propugnaculo

545 4598 671 4651 dein
706 4604 956 4652 mortuus
988 4607 1094 4652 est.
1136 4597 1297 4651 Auno
1335 4598 1579 4664 ejusdem
1620 4597 1952 4653 duodecimo
1992 4612 2123 4653 cou-

548 4691 771 4743 stitutus
800 4696 884 4744 est
919 4687 1204 4743 Philemon
1234 4688 1545 4758 patriarcha
1594 4687 1991 4752 Antiochenus,
2021 4689 2119 4758 qui

545 4798 670 4836 cum
708 4782 971 4836 tredecim
1005 4796 1181 4837 annos
1220 4780 1459 4837 sedisset
1483 4822 1498 4845 ,
1535 4790 1789 4837 mortuus
1825 4790 1931 4837 est.
1963 4782 2122 4836 Anno

546 4876 759 4945 imperii
794 4874 966 4945 ipsius
994 4874 1172 4944 primo
1202 4874 1378 4930 factus
1426 4883 1510 4930 est
1554 4874 1788 4945 Capiton
1828 4877 2122 4944 episcOpus

545 4968 1090 5039 ilierosolymitanus.
1127 4968 1215 5021 ubi
1259 4982 1383 5021 cum
1418 4978 1659 5038 quatuor
1691 4983 1862 5022 annos
1891 4965 2124 5023 sedisset

545 5070 794 5118 mortuus
818 5071 922 5117 est.
952 5064 1107 5115 Anno
1506 5061 1749 5132 ejusdem
1774 5069 1922 5116 sexto
1950 5060 2123 5115 factus

542 5166 630 5211 est
662 5152 931 5209 Maximus
951 5154 1245 5221 cpiscopus
1279 5152 1838 5223 Hierosoiytnitanus,
1870 5151 1962 5207 ubi
1998 5167 2121 5208 cum

546 5256 785 5318 quatuor
812 5262 986 5301 annos
1016 5246 1251 5302 sedisset
1286 5254 1534 5302 mortuus
1555 5254 1659 5301 est.
1687 5246 1845 5299 Anno
1876 5246 2122 5316 ejusdem

544 5340 757 5396 decimo
792 5340 1120 5395 constitutus
1158 5350 1242 5393 est
1276 5338 1543 5393 Antonius
1590 5338 1883 5408 episcopus
1921 5338 2116 5394 lliero-

546 5434 936 5505 soiymitanus,
964 5432 1054 5502 qui
1099 5432 1342 5501 quinque
1392 5446 1569 5487 annos
1597 5431 1757 5497 sedit,
1803 5431 1927 5486 dein
1975 5444 2125 5485 mor-

547 5538 672 5581 tuus
726 5539 832 5581 est.
876 5524 1145 5580 Azdashir
1200 5538 1329 5579 vero
1373 5522 1566 5579 Babeci
1616 5522 1786 5589 (ilius,
1837 5522 2122 5578 Persarum

546 5635 663 5683 rex,
699 5627 900 5687 quanta
937 5616 1050 5671 lieri
1086 5615 1266 5686 potuit
1301 5630 1424 5670 cunt
1448 5614 1663 5686 justitia
1698 5615 1838 5669 inter
1870 5615 2123 5670 homines

548 5718 800 5764 versatus
830 5719 949 5775 est;
979 5726 1074 5765 sex
1123 5711 1285 5764 etiant
1337 5710 1500 5763 urbes
1548 5706 1833 5774 condidit,
1876 5708 2127 5763 videlicet

554 5801 740 5855 utbeut
777 5801 930 5867 Jaur,
958 5801 1142 5856 urbem
1176 5796 1440 5854 Azdashir
1484 5797 1755 5866 Achorha,
1801 5814 1920 5869 quae
1968 5808 2127 5857 utrzc-

2226 4609 2557 4655 mutaturos.
2587 4596 2723 4654 Cum
2772 4606 2955 4653 autem
2990 4598 3061 4652 ab
3109 4597 3246 4665 ipsis
3292 4596 3635 4659 recessisset,
3671 4590 3802 4649 Nisi-

2229 4696 2427 4749 benses
2460 4693 2631 4747 muris
2680 4692 2834 4747 urbis
2886 4705 3108 4745 manum
3148 4688 3543 4752 admoventes,
3598 4686 3736 4757 Ipsis
3774 4698 3801 4740 ι

2223 4794 2376 4858 parte
2403 4788 2514 4841 arci
2546 4788 2795 4854 proxima
2823 4783 3044 4844 dirutis,
3071 4782 3218 4837 illam
3256 4781 3391 4837 urbe
3423 4795 3539 4838 sua:
3564 4778 3798 4836 additam

2226 4891 2384 4931 muro
2419 4874 2548 4929 forti
2581 4874 2895 4931 cinxerunt.
2942 4870 3163 4926 Mortuo
3214 4884 3340 4925 vero
3377 4867 3658 4923 Antonino
3693 4866 3803 4922 Ca-

2237 4980 2359 5023 sare
2390 4962 2761 5019 Romanorum
2798 4964 3148 5033 imperatore,
3194 4968 3321 5031 post
3367 4960 3548 5031 ipsum
3601 4958 3657 5013 iu
3692 4956 3802 5012 illos

2226 5057 2473 5128 regnavit
2512 5056 2820 5111 Marcianus
2848 5054 3035 5109 Casar
3073 5066 3281 5108 annum
3314 5058 3369 5105 et
3397 5054 3539 5107 duo:
3570 5062 3799 5104 menses.

2227 5150 2358 5205 Dein
2395 5149 2488 5204 illo
2521 5147 2810 5203 interfecto
2834 5145 3126 5217 imperavit
3171 5143 3447 5199 Antonius
3466 5140 3654 5197 Caesar
3676 5142 3802 5196 alter

2226 5256 2400 5297 annos
2432 5250 2541 5295 tres
2569 5249 2626 5293 et
2652 5253 2869 5295 menses
2899 5252 3114 5300 novem,
3142 5234 3305 5305 idque
3342 5248 3492 5289 anno
3525 5233 3681 5302 regni
3710 5231 3801 5288 Sa-

2225 5337 2378 5407 poris
2412 5336 2551 5407 regis
2592 5334 2886 5389 Persarum
2923 5333 3366 5402 decimoqnarto.
3414 5329 3562 5386 Misit
3592 5329 3685 5384 hic
3715 5327 3800 5383 Ni-

2227 5429 2388 5485 sibim
2440 5427 2743 5483 exercitum
2810 5439 3064 5497 magnum
3100 5424 3193 5496 qui
3230 5423 3404 5494 ipsam
3445 5426 3801 5493 propugnaret

2229 5532 2283 5579 et
2312 5521 2650 5579 defenderet.

2301 5614 2471 5671 Porro
2502 5629 2647 5668 anno
2670 5611 2883 5682 imperii
2916 5610 3175 5665 Antonini
3208 5608 3442 5666 Cmsaris
3472 5609 3650 5680 primo
3680 5623 3798 5665 cou-

2232 5706 2459 5761 stitutus
2536 5711 2641 5781 est
2676 5701 2927 5759 Bitianus
2995 5700 3307 5770 patriarcha
3366 5700 3669 5769 Romanus,
3720 5696 3799 5769 qui

2237 5815 2410 5857 annos
2442 5798 2681 5873 quinque
2715 5794 2880 5864 sedit,
2910 5794 3033 5851 dein
3072 5804 3324 5853 mortuus
3356 5804 3461 5853 est.
3492 5795 3651 5851 Anno
3676 5792 3801 5864 ejus-
