4070 6152
324 294 431 358 993

1772 290 2149 353 ANNALES.

3488 295 3593 357 99‘

328 400 454 457 dem
488 410 734 466 secuan
784 404 1114 459 constitutus
1156 412 1241 458 est
1290 401 1548 461 Babunas
1595 402 1902 473 patriarcha
1934 412 1979 466 Α
2008 404 2343 459 constitutus
2372 413 2461 459 est
2492 403 2784 462 Narcissus
2812 407 3102 477 cpiscopus
3134 404 3594 478 llierosolytnita-

327 494 731 561 Antiochenus,
766 498 859 569 qui
897 507 1184 568 postquam
1214 514 1388 553 annos
1420 514 1611 553 novem
1642 500 1898 562 sedisset.

329 594 580 645 mortuus
617 600 721 647 est.
748 591 984 661 Sapores
1008 607 1135 647 vero
1164 592 1454 646 Azdashiri
1502 590 1665 657 filius,
1705 590 1900 646 Persa-

331 693 451 733 rum
480 694 574 736 rex
623 679 836 737 Nisibin
876 698 1129 738 reversus
1186 698 1310 737 eum
1346 683 1570 738 vidisset
1609 683 1739 753 quid
1774 697 1904 753 pro-

328 773 631 843 pugnaculo
662 771 936 841 fecissent,
962 773 1169 829 fraudis
1202 774 1323 830 illos
1353 773 1635 842 incusans,
1664 772 1902 831 Fraudu-

328 863 505 919 lenter
534 866 759 937 (inquit)
798 878 850 921 et
900 868 1088 924 dolose
1119 869 1308 939 egistis
1336 884 1353 933 ;
1389 868 1643 938 ipsosque
1672 866 1903 941 [denuo]

322 956 562 1015 obsedit.
596 956 736 1015 Cum
763 969 944 1017 autem
981 969 1107 1033 post
1134 963 1364 1017 multum
1403 963 1664 1032 temporis
1702 964 1773 1017 ibi
1821 964 1903 1017 in-

326 1060 608 1122 sumptum
639 1050 829 1108 urbem
861 1068 1171 1125 expugnare
1204 1054 1577 1125 nequivisset,
1606 1069 1751 1125 agre
1796 1056 1903 1111 hoc

327 1140 509 1213 ipsum
538 1140 751 1199 habuit.
786 1142 928 1199 Dixit
962 1160 1096 1216 ergo
1120 1146 1419 1201 comitibus
1443 1146 1558 1201 suis
1584 1161 1598 1199 :
1628 1145 1765 1200 Num
1816 1161 1904 1201 re-

325 1234 508 1304 perire
536 1237 762 1305 potestis
791 1237 843 1290 in
881 1237 1126 1293 exercitu
1159 1246 1351 1292 nostro
1374 1239 1703 1309 quempiam,
1736 1236 1903 1309 380

323 1324 420 1396 qui
461 1341 569 1383 non
606 1326 700 1382 illo
729 1329 876 1399 quod
931 1344 1032 1385 nos
1077 1332 1314 1398 patimur
1348 1330 1619 1402 angatur?
1665 1329 1904 1400 Inquisi-

325 1416 476 1474 tione
498 1432 629 1490 ergo
662 1424 806 1473 facta
830 1420 969 1476 duos
998 1421 1324 1476 invenerunt
1354 1423 1499 1476 viros
1531 1424 1655 1478 vino
1685 1432 1738 1476 et
1767 1437 1901 1476 can-

324 1509 405 1565 tui
440 1510 817 1580 indulgentes;
852 1513 1055 1585 quibus
1092 1512 1182 1570 ille
1226 1530 1241 1565 :
1273 1514 1530 1585 Apparet,
1564 1514 1765 1585 inquit,
1806 1529 1902 1584 pa-

323 1618 448 1659 rum
481 1603 633 1662 vobis
658 1606 811 1662 cordi
845 1620 971 1664 esse
1006 1621 1095 1663 res
1130 1616 1371 1673 nostras,
1406 1623 1530 1663 cum
1562 1609 1639 1661 ita
1675 1621 1770 1662 vos
1811 1623 1900 1676 ge-

322 1696 464 1751 ratis
495 1711 558 1753 ac
606 1699 652 1753 si
700 1696 837 1752 nihil
885 1700 954 1754 ad
989 1714 1087 1756 vos
1137 1708 1447 1770 spectarent
1496 1714 1620 1771 quae
1662 1700 1898 1771 agimus.

2015 514 2153 564 nus,
2185 498 2277 568 qui
2305 510 2588 569 postquam
2626 514 2799 553 annos
2825 500 3111 555 duodecim
3151 502 3403 564 sedisset,
3433 499 3593 569 fttgit.

2015 590 2227 645 Mortuo
2269 593 2576 647 Alexandro
2607 594 2843 658 Cmsare,
2880 595 3088 659 “unum,
3120 598 3384 650 Romanis
3418 596 3591 663 impa-

2013 684 2155 736 ravit
2206 680 2536 738 Maximinus
2585 685 2769 739 Caesar
2800 683 2967 757 385,
3015 694 3128 740 tres
3160 701 3335 740 annos
3366 703 3382 739 :
3415 685 3592 753 'idque

2012 788 2156 828 anno
2205 777 2356 844 regni
2391 774 2616 844 Saporis
2659 775 2948 830 Azdashiri
2987 774 3079 830 lilii
3124 776 3414 830 Persarum
3449 776 3595 845 regis

2012 868 2318 923 tricesimo.
2380 866 2709 923 Maximinus
2763 870 3062 937 imperator
3111 869 3211 922 istc
3270 884 3590 933 tnagnarum

2009 958 2339 1014 Christianis
2368 958 2742 1013 calamitatum
2765 968 2818 1014 et
2839 959 3079 1013 tristitia}
3107 962 3376 1013 diuturnae
3401 970 3594 1014 aui-tor

2011 1051 2137 1113 fuit,
2174 1052 2617 1106 Christianorum
2654 1062 2836 1123 strage
2869 1052 3015 1107 edita
3055 1052 3482 1122 hominibusque
3517 1053 3587 1108 ad

2011 1144 2280 1198 idolorum
2303 1184 2317 1208 ,
2356 1158 2477 1212 quae
2510 1144 2627 1212 ipse
2664 1158 2763 1213 pro
2797 1143 2904 1200 diis
2938 1143 3164 1207 habuit,
3205 1145 3413 1199 cultum
3460 1161 3591 1213 pro-

2010 1237 2175 1308 lapsis
2196 1278 2211 1300 .
2259 1237 2645 1307 episcopisque
2679 1253 2786 1292 non
2833 1238 3027 1307 paucis
3059 1252 3090 1292 e
3122 1238 3301 1291 medio
3334 1240 3593 1302 sublatis,

2011 1331 2153 1386 inter
2171 1346 2314 1399 quos
2348 1329 2534 1384 Dabila
2568 1330 2875 1384 Antiochiae
2910 1330 3219 1400 patriarcha
3254 1347 3266 1382 :
3299 1328 3592 1385 Narcissus

2009 1436 2137 1492 ergo
2160 1423 2453 1491 episc0pus
2478 1419 3009 1492 Hierosolymitanus
3033 1422 3218 1477 audito
3242 1422 3591 1477 interfectum

2005 1528 2130 1568 esse
2160 1512 2402 1568 Babilam
2447 1513 2817 1581 patriam-ham
2853 1514 3277 1577 Autiochenum,
3309 1513 3428 1584 fuga
3465 1528 3595 1577 [πο-

2009 1607 2194 1677 lapsus
2250 1607 2568 1661 cathedram
2617 1606 2884 1661 deseruit.
2946 1606 3102 1660 Anno
3156 1606 3321 1677 igitur
3375 1606 3593 1676 imperii

2009 1699 2186 1770 ipsius
2212 1698 2455 1754 secundo
2489 1698 2666 1753 factus
2701 1696 2832 1753 Dius
2864 1697 3160 1768 episcopus
3195 1698 3594 1768 Hierosolymi-

322 1788 746 1859 Responderuut
778 1790 854 1847 illi
880 1807 896 1845 :
925 1790 984 1848 Si
1027 1800 1079 1847 te
1112 1767 1251 1848 male
1285 1767 1566 1859 habeat,-o
1600 1767 1720 1859 rex,
1754 1795 1904 1851 urbis
1935 1767 1980 1829 Β
2009 1767 2193 1853 Ianus,
2219 1790 2334 1845 vice
2361 1788 2628 1852 Narcissi,
2656 1803 2831 1844 annos
2857 1767 2968 1845 tres
2996 1790 3163 1853 sedit,
3195 1790 3316 1844 dein
3346 1767 3593 1843 mortuus

322 1879 491 1952 hujus
526 1889 723 1948 status,
754 1895 1042 1953 speramus
1075 1898 1168 1949 ea,
1206 1900 1306 1941 nos
1334 1898 1454 1940 eam
1481 1900 1646 1956 quam
1684 1887 1780 1942 tibi
1822 1889 1907 1941 in-

321 1972 565 2030 dicaturi
616 1988 813 2031 sumus
875 1978 1088 2031 ratione
1146 1984 1430 2047 capturos.
1494 1976 1715 2036 Dicente
1786 1980 1903 2047 illo,

322 2063 587 2133 Quanam
638 2080 772 2139 ergo
828 2065 965 2121 illa?
1008 2067 1426 2137 responderunt,
1470 2078 1531 2123 ut
1583 2086 1905 2141 progressus

324 2157 445 2228 ipse
470 2170 594 2213 cum
618 2159 794 2227 copiis
822 2158 932 2212 tuis
960 2158 1213 2213 manibus
1236 2159 1447 2228 junctis
1478 2176 1667 2231 preces
1698 2163 1764 2215 ad
1798 2160 1904 2217 Do-

324 2247 535 2303 minum
572 2248 814 2305 fundatis
860 2263 972 2320 quo
1020 2250 1176 2306 vobis
1226 2260 1286 2306 ut
1338 2252 1524 2307 urbem
1583 2255 1904 2325 espugnctis

321 2341 609 2396 concedat.
637 2342 794 2408 Quod
846 2357 972 2398 cum
1026 2342 1249 2399 fecisset
1301 2341 1560 2414 Sapores,
1609 2362 1707 2400 nec
1741 2347 1904 2420 quid-

320 2442 493 2497 quam
527 2429 788 2499 prodesse
823 2430 1052 2495 videret,
1083 2433 1221 2488 dixit
1254 2434 1430 2504 ipsis:
1470 2436 1769 2491 Consilium
1814 2454 1905 2493 vc-

320 2529 501 2577 struns
547 2522 741 2587 secuti,
803 2522 959 2578 nihili
1014 2526 1244 2582 subesse
1293 2528 1545 2584 emt-acia:
1601 2531 1850 2587 videmus
1883 2572 1901 2599 ,

322 2612 456 2682 quid
486 2627 617 2684 ergo
638 2614 750 2684 jam
784 2615 1007 2670 dicitis?
1035 2614 1480 2688 Responderunt:
1513 2619 1808 2677 Metuimus
1836 2638 1904 2678 ne

324 2704 713 2774 vilipenderint
745 2706 995 2763 homines
1024 2709 1314 2764 consilium
1358 2720 1643 2777 nostrum;
1677 2713 1822 2784 quod
1854 2713 1902 2768 si

320 2798 607 2852 curaveris
637 2804 696 2852 ut
721 2799 952 2856 sinceris
987 2801 1280 2857 affectibus
1310 2816 1501 2859 omnes
1534 2801 1705 2859 instar
1734 2806 1901 2861 unius

327 2900 524 2956 preces
554 2888 809 2955 fundant,
838 2892 949 2947 voti
973 2892 1053 2949 tui
1086 2909 1312 2966 compos
1334 2895 1468 2950 eris.
1507 2894 1744 2966 Sapores
1770 2912 1902 2968 ergo

322 2980 644 3036 convocatis
680 2984 973 3039 comitibus
1010 2987 1127 3042 suis
1158 2987 1367 3057 rogavit
1406 2995 1465 3042 ut
1496 2988 1734 3044 sinceris
1763 2988 1902 3046 affe-

321 3069 508 3128 ctibus
531 3082 585 3128 et
614 3088 751 3144 pura
787 3085 966 3132 tuente
1004 3076 1297 3151 [agerent].
1340 3079 1607 3134 Asserunt
1635 3095 1765 3152 ergo
1793 3097 1900 3138 non

323 3162 478 3233 prius
509 3163 659 3236 ipsos
689 3165 850 3223 biuas
876 3169 1191 3239 concepisse
1222 3169 1470 3239 preculas
1498 3187 1662 3243 quam
1694 3188 1723 3227 a
1751 3188 1902 3229 sum-

323 3268 415 3308 mo
442 3254 508 3309 ad
539 3254 707 3311 imum
740 3256 871 3313 ﬁsso
916 3259 1068 3314 urbis
1096 3276 1252 3316 muro
1279 3272 1526 3332 apertum
1560 3264 1632 3318 sit
1659 3266 1897 3334 spatium

324 3361 436 3415 quo
465 3347 673 3403 intrare
702 3357 923 3419 possent
954 3350 1371 3424 bomines;quo
1402 3354 1554 3409 valde
1588 3358 1763 3411 territi
1803 3374 1902 3412 ur-

327 3435 410 3496 bis
437 3438 669 3495 incola:
708 3439 831 3505 Hic.
861 3443 1137 3513 inquiunt.
1170 3445 1377 3501 fraudis
1408 3456 1607 3502 nostrae
1643 3449 1766 3505 finis
1794 3460 1898 3507 est.

324 3527 609 3599 Ingressus
636 3548 768 3605 ergo
795 3535 986 3591 urbem
1009 3537 1250 3609 Sapores
1283 3542 1555 3599 interfecit
1576 3546 1897 3616 quicunque

323 3619 382 3674 in
415 3636 611 3678 manus
646 3624 821 3696 ipsius
872 3641 1241 3698 pervenerunt
1291 3635 1437 3689 viros
1475 3635 1617 3689 bello
1653 3635 1899 3701 idoneos,

324 3709 570 3783 reliquos
607 3713 729 3783 ejus
755 3717 961 3773 incolas
992 3718 1352 3794 381-383
1382 3728 1629 3793 captivos
1654 3726 1897 3793 abduxit,

326 3815 690 3875 linguamque
720 3808 773 3860 in
804 3822 871 3861 eo
890 3825 1054 3879 opum
1084 3814 1190 3866 vim
1226 3816 1451 3884 reperit.
1479 3812 1683 3870 Locum
1717 3825 1899 3870 autem

324 3894 427 3963 qui
453 3895 508 3949 iu
542 3911 699 3952 muro
729 3897 894 3953 fissus
918 3910 1002 3955 est
1031 3916 1095 3956 ea
1127 3906 1290 3960 modo
1337 3907 1568 3977 relinqui
1606 3908 1807 3978 jussit,
1843 3914 1903 3961 ut

325 4002 396 4047 ea
434 4000 729 4061 conspecto
779 3992 1031 4049 homines
1081 3998 1391 4069 exemplum
1432 4008 1715 4070 caperent.
1767 3999 1903 4054 Dein

328 4080 511 4137 varias
555 4082 610 4137 in
637 4080 797 4155 Syria
831 4085 998 4141 urbes
1026 4089 1189 4157 cepit,
1222 4090 1411 4145 multis
1463 4090 1640 4156 caesis,
1685 4091 1903 4147 multis-

326 4190 433 4245 que
458 4176 689 4246 captlvis
719 4177 896 4234 factis.
919 4176 1141 4236 Terram
1167 4180 1328 4237 etiam
1360 4181 1671 4239 Graecorum
1702 4186 1907 4253 ingres.

327 4280 429 4322 sus
446 4282 700 4338 magnam
723 4284 912 4325 eorum
932 4280 1166 4342 stragem
1185 4272 1379 4337 edidit,
1398 4274 1571 4344 captis
1597 4270 1826 4327 Kalouia
1848 4280 1905 4327 et

325 4356 695 4430 Cappadocia.

400 4450 617 4508 Inrtuo
650 4454 928 4509 Antonino
960 4454 1176 4511 Caesare
1198 4496 1213 4519 ,
1258 4454 1443 4511 Roma
1476 4468 1599 4527 post
1630 4458 1808 4529 ipsum
1844 4456 1899 4511 in

2006 1892 2113 1938 est.
2146 1884 2310 1936 Anno
2347 1882 2559 1952 imperii
2594 1881 2715 1952 ejus
2747 1881 2909 1936 tertio
2938 1890 3160 1937 creatus
3180 1891 3261 1936 est
3296 1877 3595 1935 Flavianus

2005 1975 2316 2047 patriarcha
2350 1974 2655 2040 Romanus,
2682 1975 2773 2030 ubi
2803 1984 3094 2047 postquam
3121 1990 3295 2029 annos
3323 1977 3587 2030 tredecim

2006 2070 2274 2133 sedisset,
2311 2069 2532 2125 occisus
2561 2077 2667 2123 est.
2708 2070 2868 2124 Anno
2911 2069 3087 2140 ipsius
3130 2070 3376 2125 secundo
3410 2069 3592 2123 factus

2006 2160 2302 2233 Dionysius
2349 2162 2660 2231 patriarcha
2710 2163 3146 2227 Alexandrinus,
3208 2162 3303 2233 qui
3352 2163 3593 2231 scriptor

2006 2254 2130 2319 fuif,
2176 2268 2351 2310 annos
2395 2255 2787 2325 septemdecim
2836 2254 3001 2320 sedit,
3032 2252 3160 2308 dein
3194 2263 3444 2309 mortuus
3481 2265 3587 2308 est.

2003 2348 2165 2403 Anno
2206 2350 2372 2402 etiam
2426 2348 2672 2403 secundo
2717 2348 2927 2416 imperii
2979 2347 3154 2416 ipsius
3206 2356 3458 2401 mortuus
3505 2354 3591 2401 est

2006 2438 2249 2510 Sapores
2283 2439 2570 2496 Asdasltiri
2610 2440 2756 2494 illius
2783 2454 2877 2493 rex
2916 2439 3233 2503 Persarum,
3268 2447 3393 2508 post
3425 2454 3587 2510 quem

2006 2537 2254 2606 regnavit
2297 2534 2535 2589 ilormoz
2589 2532 2816 2603 Saporis
2860 2531 3006 2587 filius
3049 2531 3175 2605 (qui
3218 2540 3303 2585 est
3352 2529 3590 2584 llormoz

2003 2624 2305 2697 AI-iiorri)
2352 2640 2556 2681 annum
2610 2639 2778 2678 unum
2828 2634 2881 2678 et
2928 2637 3145 2679 menses
3191 2622 3415 2688 decem,
3464 2631 3591 2692 post

2004 2735 2146 2791 quos
2191 2729 2442 2775 mortuus
2519 2727 2620 2773 est.
2649 2719 2807 2771 Anno
2843 2716 3005 2771 tertio
3047 2714 3259 2784 imperii
3303 2713 3587 2768 Maximini

2006 2809 2240 2865 Caesaris
2287 2823 2515 2879 regnum
2570 2808 2621 2862 in
2658 2807 2851 2863 Persas
2900 2805 3141 2861 obtinuit
3189 2806 3419 2858 Bahram
3451 2801 3589 2856 lior-

2004 2903 2148 2958 ntozi
2183 2903 2351 2967 illius,
2400 2901 2494 2971 qui
2540 2913 2715 2954 annos
2753 2910 2864 2955 tres
2910 2913 3035 2954 cum
3080 2896 3257 2953 tribus
3300 2895 3590 2952 mensibus

2005 2993 2272 3064 regnavit.
2327 2994 2486 3048 Anno
2539 2992 2702 3047 tertio
2760 2991 3017 3045 Bahrami
3077 2993 3221 3062 regis
3283 2989 3581 3045 Persarum

1931 3111 1974 3168 ε
2005 3087 2362 3161 385-387
2411 3086 2547 3141 obiit
2575 3084 2906 3141 Maximinus
2949 3083 3157 3148 Caesar,
3205 3082 3588 3138 Romanorum

2006 3179 2338 3249 imperator;
2389 3184 2516 3246 post
2564 3191 2729 3245 quem
2776 3175 3022 3244 regnavit
3056 3173 3334 3243 Pupienus
3377 3173 3586 3237 Ca-sar,

2003 3271 2097 3341 qui
2137 3281 2192 3325 et
2225 3267 2479 3324 Julianus
2522 3269 2833 3338 appellatus
2862 3275 2967 3331 est,
3012 3275 3125 3322 tres
3160 3282 3415 3330 menses,
3459 3267 3587 3321 dein

2003 3363 2224 3418 occisus
2254 3371 2369 3427 est;
2404 3360 2711 3431 imperante
2742 3370 2862 3428 post
2892 3361 3073 3430 ipsum
3108 3357 3295 3412 Romae
3322 3358 3591 3415 Romanis

2003 3452 2285 3510 Gordiano
2329 3452 2541 3507 Caesare
2594 3466 2772 3507 annos
2820 3462 3080 3522 quatuor.
3142 3451 3317 3521 Cujus
3367 3452 3589 3521 imperii

1982 3560 2150 3601 anno
2192 3545 2369 3614 primo
2421 3546 2757 3599 constitutus
2800 3554 2885 3601 est
2935 3542 3233 3599 Flavianus
3275 3535 3588 3615 patriarcha

2003 3637 2409 3704 Antiochenus,
2436 3640 2528 3709 qui
2566 3652 2742 3693 annos
2779 3637 3035 3693 undecim
3068 3638 3234 3701 sedit,
3274 3637 3401 3693 dein
3439 3652 3589 3691 mor-

2008 3738 2133 3784 tuus
2174 3738 2280 3784 est.
2314 3728 2473 3784 Anno
2516 3729 2731 3798 imperii
2778 3729 2952 3798 ipsius
2995 3728 3241 3782 secunda
3285 3727 3465 3781 factus
3505 3738 3592 3781 est

2004 3821 2312 3879 Germanus
2361 3821 2659 3895 episcopus
2708 3820 3283 3891 Hierosolymitauus,
3334 3823 3585 3889 quicum

2006 3928 2179 3971 annos
2210 3925 2449 3984 quatuor
2490 3915 2759 3981 sedisset,
2798 3926 3050 3970 mortuus
3090 3924 3198 3969 est.
3232 3916 3393 3969 Anno
3437 3911 3590 3982 ejus-

2005 4007 2130 4062 dem
2184 4008 2348 4063 tertio
2400 4016 2647 4063 mortuus
2696 4016 2783 4063 est
2826 4006 3061 4061 Dahram
3118 4005 3375 4061 llormozi
3420 4005 3589 4069 filius,

2006 4112 2099 4153 rex
2134 4097 2459 4163 Persarum;
2500 4106 2622 4168 post
2668 4112 2832 4167 quem
2870 4099 3116 4167 regnavit
3160 4097 3393 4152 Dahram
3438 4092 3589 4147 Daho

2007 4192 2143 4247 rami
2177 4190 2321 4247 filius
2363 4190 2416 4246 iu
2452 4189 2650 4246 Persas
2673 4229 2689 4253 ,
2725 4205 2902 4246 annos
2949 4189 3361 4258 septemdecim.
3414 4185 3616 4256 Cujus.

2004 4293 2255 4355 tempore
2287 4284 2545 4354 prodiens
2590 4281 2813 4353 quidam
2862 4282 3077 4353 origine
3122 4280 3311 4346 Persa,
3362 4278 3588 4334 nomine

2006 4376 2173 4443 Mani,
2201 4375 2625 4431 Manichaeorum
2653 4374 2939 4445 religionis
2971 4383 3158 4428 auctor
3187 4373 3309 4435 fuit,
3332 4385 3588 4426 asserens

2005 4484 2067 4525 se
2099 4470 2419 4540 prophetam
2461 4483 2605 4533 esse,
2640 4483 2803 4537 quem
2839 4468 3178 4538 prehensum
3223 4463 3464 4518 medium
3498 4461 3587 4517 di.-

328 4541 605 4602 Βοωευοδ
651 4546 895 4617 τυειιενίι
931 4547 1242 4603 Αιθηυάθτ
1285 4549 1469 4603 085³1⁵
1505 4566 1677 4606 ³⁸³⁸103
1720 4550 1903 4605 ιτεάθ·
1933 4540 1979 4597 ο
2009 4563 2140 4618 visit
2187 4560 2443 4626 Bahram,
2495 4559 2750 4614 Bahrami
2808 4558 2976 4623 filius,
3030 4557 3207 4627 captis
3262 4556 3488 4626 insuper
3519 4570 3585 4610 ex

330 4637 461 4705 ciui,
496 4637 660 4708 idque
689 4653 836 4694 anno
865 4643 1015 4711 regni
1045 4638 1272 4711 Saporis
1306 4640 1401 4694 filii
1430 4640 1718 4698 Azdashiri
1755 4644 1903 4717 regis

328 4730 625 4787 Persarum
657 4731 1154 4804 decimo-septimo.
1190 4732 1305 4788 Sub
1341 4748 1406 4788 eo
1434 4750 1568 4806 pace
1600 4744 1654 4790 et
1688 4734 1902 4791 incolu-

332 4823 526 4879 usitate
578 4824 753 4893 gavisi
786 4834 914 4880 sunt
958 4824 1283 4881 Christiani.
1317 4824 1490 4882 Mater
1526 4830 1671 4883 enim
1706 4828 1904 4898 ipsius,

330 4916 555 4971 nomine
585 4914 793 4976 Manna,
828 4932 1025 4987 magno
1068 4916 1121 4971 in
1166 4916 1513 4973 Christianos
1552 4932 1739 4973 amore
1773 4934 1903 4989 pro-

333 5006 549 5078 pendit.
584 5006 746 5062 Anno
779 5006 993 5078 imperii
1028 5007 1201 5078 ipsius
1235 5009 1411 5077 primo
1449 5011 1789 5067 constitutus
1821 5019 1907 5067 est

336 5098 625 5158 Heraciius
652 5101 965 5173 patriarcha
1000 5103 1424 5170 Alexandrinus,
1456 5104 1547 5158 ubi
1574 5118 1700 5159 cum
1729 5119 1904 5161 annos

338 5196 597 5251 tredecim
620 5195 874 5262 sedisset,
900 5204 1149 5250 mortuus
1172 5203 1275 5250 est.
1302 5193 1434 5265 Ejus
1457 5205 1705 5266 tempore
1722 5196 1905 5268 appel-

336 5288 481 5345 latus
532 5293 617 5344 est
668 5287 978 5359 patriarcha
1030 5288 1431 5344 Alexandrinus
1481 5287 1665 5353 Baha,
1716 5290 1768 5345 id
1826 5298 1907 5345 est

337 5396 495 5437 avus.
530 5382 688 5435 Anno
721 5380 931 5451 imperii
958 5380 1080 5451 ejus
1113 5384 1276 5437 tertio
1302 5392 1527 5436 creatus
1555 5389 1641 5436 est
1672 5380 1907 5436 Auterus

336 5472 648 5543 patriarcha
682 5469 966 5527 Romanus
990 5513 1005 5537 ,
1057 5474 1150 5542 qui
1191 5487 1366 5528 annos
1403 5473 1693 5528 duodecim
1743 5472 1905 5539 sedit,

336 5566 463 5620 dein
491 5572 743 5622 mortuus
776 5572 883 5619 est.
921 5564 1079 5618 Anno
1107 5565 1353 5632 ejusdem
1379 5574 1570 5619 octavo
1601 5562 1778 5619 factus
1807 5561 1907 5616 Ba-

336 5656 445 5711 bila
507 5658 821 5728 patriarcha
869 5657 1285 5721 Antiochenus,
1338 5670 1513 5711 annos
1564 5666 1693 5711 octo
1742 5654 1904 5721 sedit,

334 5748 463 5806 dein
514 5758 765 5807 mortuus
817 5757 923 5806 est.
970 5750 1128 5805 Auno
1177 5748 1388 5822 imperii
1443 5748 1615 5819 ipsius
1666 5748 1908 5804 secundo

2008 4649 2184 4720 ipsius
2220 4648 2452 4705 asseclis
2498 4654 2555 4703 et
2602 4647 2697 4717 qui
2748 4649 2870 4718 ejus
2911 4646 3245 4703 sententiam
3293 4646 3590 4715 ainpleete-

2006 4751 2197 4797 rentur
2252 4741 2389 4797 viris
2435 4738 2733 4805 ducentis,
2789 4755 2931 4810 quos
2979 4740 3258 4811 capitibus
3313 4737 3590 4791 itmnersis

2006 4835 2121 4890 luto
2178 4833 2356 4889 infixit
2409 4833 2586 4890 donec
2639 4844 3016 4896 morerentur,
3076 4832 3303 4887 dicens:
3356 4828 3587 4884 licitum

2005 4941 2170 4995 quem
2218 4926 2322 4982 feci
2365 4925 2683 4981 hominibus
2724 4924 2842 4980 vice
2874 4924 3135 4980 arborum
3168 4923 3433 4993 plantavi.
3475 4922 3590 4990 Ap-

2007 5014 2189 5086 pellati
2238 5025 2420 5069 autem
2467 5022 2599 5069 sunt
2639 5011 2957 5081 religionem
3007 5012 3183 5082 ipsius
3227 5008 3497 5079 professi,
3534 5018 3591 5064 et

2007 5105 2335 5161 seutentiatn
2386 5102 2661 5173 amplexi,
2719 5101 3025 5167 Manichzei,
3080 5102 3238 5157 titulo
3291 5120 3321 5157 a
3370 5104 3591 5159 nomine

2008 5195 2184 5266 ipsius
2214 5195 2355 5250 Mani
2380 5194 2693 5265 desumpta.

2078 5289 2250 5343 Porro
2281 5302 2427 5343 anno
2470 5290 2621 5356 regni
2669 5286 2926 5341 Baitrami
2975 5288 3067 5341 lilii
3122 5287 3373 5341 Babrami
3421 5288 3591 5343 tertio

2009 5391 2259 5436 mortuus
2287 5387 2371 5435 est
2417 5377 2733 5434 Gordianus
2768 5377 2951 5435 Caesar
2982 5378 3356 5433 Romanorum
3409 5381 3587 5450 impeo

2008 5486 2180 5537 rator,
2218 5474 2520 5541 imperante
2552 5483 2677 5541 post
2722 5473 2897 5541 ipsum
2936 5472 3123 5527 Roma:
3164 5471 3425 5527 ltutnanis
3456 5474 3588 5527 Phi-

2010 5569 2157 5637 lippo
2180 5564 2414 5629 Caesare,
2435 5565 2604 5635 388
2619 5581 2793 5621 annos
2820 5576 3051 5636 septem,
3079 5567 3170 5636 qui
3203 5567 3258 5620 in
3288 5566 3585 5621 Dominum

2007 5660 2289 5715 Christum
2324 5659 2573 5715 credidit.
2606 5659 2766 5713 Anno
2797 5660 3010 5730 imperii
3042 5660 3217 5729 ips-ius
3248 5660 3429 5729 primo
3456 5675 3589 5713 con-

2009 5752 2232 5810 stitutus
2256 5761 2338 5810 cst
2367 5753 2679 5810 Gordianus
2710 5752 3004 5823 cpiscopus
3037 5752 3585 5824 llierosolytnitsnus.
