4068 6160
455 205 563 267 9ΐῶ
1465 187 1840 255 EUTYCHII
1887 187 2062 249 ALE.‘

2167 180 2424 243 10111Ν1
2474 175 2700 242 ΡᾹΊΒ.
3640 153 3760 220 595

461 321 551 374 uhi
575 333 696 374 cum
731 316 969 388 quinqui-
1001 330 1175 372 annos
1202 312 1435 370 sedisset
1462 324 1712 368 mortuus
1738 321 1840 365 est.
1879 310 2036 365 Atilio
2065 304 2112 366 Α
2141 304 2328 360 (ἔκδει-
2362 298 2551 362 audit,
2585 309 2760 351 annos
2801 288 3116 388 quindecim
3138 327 3154 353 ,
3194 283 3363 355 idque
3395 295 3554 388 anno
3592 290 3761 388 tegat

462 413 634 483 ipsius
668 375 867 480 quarto
899 423 1150 461 reversus
1184 404 1476 463 Narcissus
1514 406 1806 475 episcolius
1844 401 2037 457 Hiero~
2143 396 2397 450 Bahrami
2465 393 2555 446 lilii
2638 385 2892 443 Bahranli
2950 384 3245 483 Persarum
3315 376 3461 483 regis
3512 375 3768 483 decimo

463 469 828 578 s'ulymitanus
868 504 962 576 qui
1015 502 1252 575 fugerat,
1301 518 1505 557 annum
1552 501 1693 557 sedit
1738 516 1862 556 cum
1896 498 2039 554 Gor-
2142 501 2357 563 quarto.
2394 487 2556 542 Anno
2589 478 3033 578 imperiiipsius.
3058 476 3240 578 primo
3271 469 3769 578 constittttus‘est

462 569 649 666 diaim,
681 614 791 670 quo
832 568 1028 653 deinde
1074 568 1312 660 mortuo,
1354 596 1497 652 sedit
1538 606 1660 665 post
1692 596 1868 663 ipsum
1905 590 2041 647 Nar-

2167 582 2417 637 ilaxitnus
2449 576 2760 647 patriarcha
2792 568 3222 632 Alexandrinus,
3251 568 3344 636 qui
3378 577 3565 618 annos
3597 570 3770 615 orto-

466 694 646 748 iissus
706 706 881 745 annos
926 690 1139 753 decem,
1193 689 1322 745 dein
1379 698 1627 743 mortuus
1679 695 1805 751 est,
1864 700 2041 742 annos

2167 678 2320 733 lecim
2349 674 2517 735 sedit,
2551 670 2677 725 dein
2714 676 2964 719 mortuus
2996 670 3101 719 est.
3136 659 3337 716 Eodem
3370 673 3518 712 anno
3557 656 3769 708 factus

465 797 625 841 natus
673 798 891 841 rentum
938 798 990 839 et
1026 784 1327 843 sexdecim.
1383 783 1440 838 in
1493 782 1805 853 Philippum
1858 788 2037 835 autem
2141 783 2227 827 est
2261 778 2316 825 et
2364 767 2569 823 Lui'ius
2605 760 2919 832 Damam!“
2955 756 3277 853 Romani”.
3312 754 3405 824 ῐ1⁸⁸ἰ
3441 766 3589 853 ουπξ
3624 757 3769 853 θέω

461 878 732 934 Ca'saretn
783 879 1170 950 imperatorem
1215 879 1465 933 insiliens
1508 843 1907 946 dux-quidam,
1939 889 2041 928 no-
2144 880 2363 923 menses
2418 859 2652 916 sedisset
2704 860 2961 950 mortuus
3011 860 3119 907 est.
3175 847 3307 903 Post
3363 843 3769 950 eunt-“factus

465 973 610 1025 mine
643 934 880 1034 Decius:
904 969 1022 1039 ipso
1063 967 1352 1025 interfecto
1394 934 1689 1037 imperiuni
1730 934 2037 1034 occupavit,
2145 958 2389 1015 Estatius
2435 952 2636 1010 ibidem
2667 948 3010 1022 patriarcha.
3051 959 3146 999 se!
3192 956 3370 998 ³11110⁸
3406 938 3587 1039 φαῖεν
3621 934 3767 990 ἀνίη

466 1064 824 1133 regnavitque
858 1037 1044 1118 Rotas:
1076 1061 1131 1115 in
1177 1060 1453 1116 Rornanns
1483 1074 1656 1115 annos
1683 1057 1847 1123 duos,
1878 1055 2043 1128 idque
2147 1063 2399 1108 mortuus
2424 1056 2529 1106 est.
2565 1046 2726 1104 Anno
2759 1044 3009 1116 ejusdem
3046 1051 3244 1096 octavo
3267 1037 3632 1095 constitutus
3674 1039 3771 1086 est

466 1172 613 1209 anno
644 1155 794 1228 regni
838 1154 1094 1210 Bahrami
1138 1154 1230 1209 lilii
1276 1155 1525 1208 Bahrauii
1568 1156 1711 1225 regis
1753 1152 2039 1207 Persarum
2143 1145 2354 1218 Xystus
2392 1141 2705 1213 patriarcha
2740 1139 2942 1194 ibidem
2968 1178 2981 1200 ,
3017 1135 3114 1206 qui
3150 1148 3280 1190 cum
3327 1143 3523 1228 novem
3558 1139 3771 1228 annos

464 1246 701 1301 decimo.
739 1247 778 1301 Α
810 1247 972 1302 Decio
1002 1246 1109 1301 isto
1142 1252 1581 1317 persecutionem
1611 1261 1832 1313 gravent
1873 1244 2046 1299 maia-

2167 1238 2385 1293 iedisset
2418 1242 2673 1289 mortuus
2707 1239 2813 1287 est.
2851 1228 3056 1284 Eodem
3093 1240 3241 1283 anno
3281 1222 3642 1280 constitutus
3675 1224 3771 1272 est

464 1357 572 1409 que
607 1357 801 1412 magna
832 1343 976 1411 passi
1007 1349 1139 1397 sunt
1168 1339 1492 1404 Christiani,
1520 1338 1650 1394 dum
1684 1355 1749 1394 ex
1784 1340 1851 1394 iis
1882 1339 2045 1392 1111111·

469 1446 650 1488 meros
690 1432 1049 1488 inter-iecerit.
1081 1430 1400 1503 Iartyrium
1448 1434 1552 1487 sub
1598 1434 1719 1502 ipso
1751 1433 2045 1487 subierunt

463 1524 886 1595 quatiiplurimi,
947 1524 1092 1580 inter
1126 1539 1268 1595 quos
1305 1535 1479 1579 morte
1528 1522 1755 1579 allectus
1792 1532 1875 1579 est
1919 1521 2043 1577 Fla-

466 1619 661 1673 vianus
680 1614 868 1672 Romae
896 1616 1232 1687 patriarcha.
1265 1617 1468 1672 Deinde
1489 1617 1825 1687 Carthagine
1850 1618 2043 1671 urbem

466 1710 739 1780 Ephesum
779 1710 1060 1782 profectus
1095 1710 1149 1764 in
1198 1711 1372 1779 ipsius
1405 1712 1583 1765 medio
1614 1711 1875 1780 templum
1926 1727 2045 1765 uia-

464 1818 633 1875 gnum
663 1804 941 1859 exstruxit
982 1803 1037 1858 in
1066 1818 1179 1873 quo
1213 1802 1357 1858 idola
1397 1808 1626 1867 statuit,
1660 1804 1835 1874 jussis
1866 1804 2050 1858 homi-

469 1894 633 1946 nibus
677 1893 786 1948 illis
829 1893 1039 1947 cultum
1088 1904 1388 1963 prastare,
1421 1904 1477 1947 et
1522 1894 1793 1949 sacriﬁcia
1830 1893 2049 1957 offerre,

466 1987 577 2040 illis
621 1988 712 2056 qui
765 1986 818 2041 id
868 1984 1051 2041 facere
1099 1997 1425 2042 recusarent
1472 1995 1702 2041 mortem
1760 1987 2046 2044 inferens:

466 2080 827 2148 quamobrem
885 2079 1007 2134 neci
1057 2078 1181 2136 data
1229 2089 1315 2135 est
1370 2096 1564 2149 magna
1608 2079 2049 2137 Christianorum

470 2172 800 2240 multitudo,
840 2188 982 2244 quos
1029 2190 1196 2244 super
1232 2173 1431 2245 Ephesi
1481 2190 1639 2232 muro
1676 2176 1939 2244 patibulis
1966 2179 2050 2229 al"-

2149 1331 2416 1387 Domiuus
2448 1327 2753 1383 Antiochiae
2786 1321 3096 1396 patriarcha
3131 1319 3227 1391 qui
3254 1332 3381 1373 cum
3413 1326 3529 1372 tres
3561 1323 3771 1367 annos

2149 1425 2389 1484 sedisset
2434 1427 2690 1477 mortuus
2738 1426 2844 1473 est.
2897 1414 3059 1469 Auno
3104 1412 3356 1483 ejusdem
3406 1405 3771 1464 duodecimo

2149 1514 2507 1593 393-395
2537 1521 2757 1570 creatus
2786 1522 2871 1567 est
2906 1508 3232 1565 Timotheus
3266 1504 3465 1559 ibidem
3496 1501 3771 1574 patriar-

2154 1615 2276 1677 cha,
2316 1614 2405 1680 qui
2440 1619 2495 1663 et
2534 1615 2824 1679 postquam
2860 1615 2972 1659 tres
3004 1617 3181 1657 annos
3212 1600 3449 1656 sedisset
3486 1604 3771 1650 mortuus

2152 1715 2254 1760 est.
2293 1706 2450 1758 Auno
2482 1698 2697 1771 imperii
2732 1695 2909 1766 ipsius
2946 1698 3142 1765 quinto
3176 1690 3355 1747 factus
3387 1699 3469 1744 est
3503 1686 3771 1743 Alexan-

2152 1801 2249 1854 der
2275 1796 2566 1867 episcopus
2591 1792 3150 1863 Hierosolymitanus,
3175 1801 3339 1857 quem
3371 1798 3497 1840 cum
3524 1787 3766 1851 septem

2153 1906 2329 1945 annos
2377 1888 2653 1951 sedisset,
2713 1896 2890 1938 morte
2936 1879 3119 1936 affecit
3168 1876 3475 1951 imperator
3532 1875 3655 1929 iste
3704 1872 3765 1925 in

2156 1984 2291 2039 urbe
2320 1982 2596 2046 Ctesarea.
2639 1979 2803 2048 idque
2852 1992 2997 2030 anno
3042 1971 3259 2044 imperii
3300 1971 3389 2028 sui
3419 1967 3767 2024 undecimo.

2154 2080 2313 2134 Antio
2340 2074 2587 2143 ejusdem
2619 2075 2832 2129 decium
2869 2080 3070 2139 quarto
3103 2066 3443 2124 constitutus
3478 2076 3566 2119 est
3600 2060 3763 2116 lar-

2154 2174 2330 2231 mban
2370 2173 2666 2242 episcopus
2709 2164 3281 2235 llierosolyiuitanus,
3321 2157 3416 2229 qui
3447 2170 3639 2212 annos
3671 2156 3766 2208 vi-

469 2265 604 2320 lixit.
627 2262 823 2320 Decius
845 2264 1009 2318 etiam
1035 2266 1335 2333 imperator
1352 2275 1664 2333 assumptos
1687 2263 2045 2335 389-39],

468 2372 499 2411 e
532 2367 847 2428 magnetqu
886 2356 1085 2427 Ephesi
1123 2358 1249 2413 (iiiis
1281 2373 1482 2427 pueros
1517 2367 1752 2427 Septem,
1790 2360 1937 2425 ipsos
1975 2358 2051 2411 rei

472 2451 740 2506 vestiaria
762 2466 875 2504 suae
898 2450 1177 2521 praefecit;
1206 2465 1443 2521 quorum
1473 2451 1695 2505 nomina
1724 2460 1853 2505 sunt
1878 2450 2053 2504 Maxi-

473 2546 712 2605 mianus.
747 2543 1062 2610 Amiichus,
1099 2543 1340 2609 Dianas,
1378 2542 1698 2606 Mai-timus,
1736 2542 2051 2614 Dionysius,

474 2638 767 2701 Antonius,
794 2634 1062 2694 Joannes.
1102 2638 1322 2706 Septem
1361 2636 1453 2691 isti
1480 2636 1713 2705 juvenes
1743 2652 1870 2690 cum
1908 2638 2052 2692 idola

475 2743 582 2782 non
616 2729 882 2791 colerent,
923 2738 1114 2782 notum
1152 2726 1357 2782 factum
1390 2737 1474 2782 est
1509 2730 1607 2781 hut-
1636 2730 1747 2795 regi
1784 2746 1878 2799 per
1901 2730 2055 2783 dela-

477 2829 664 2876 torcs:
694 2836 866 2890 quare
902 2821 1078 2875 iratus
1114 2818 1231 2891 ipse.
1282 2821 1401 2875 illos
1436 2820 1491 2875 in
1539 2836 1822 2877 carcerem
1854 2823 2052 2892 conjici

474 2912 680 2983 jussit,
708 2911 906 2969 deinde
948 2918 1015 2967 ad
1056 2915 1361 2969 exercitum
1408 2914 1693 2984 proiectus
1727 2916 1851 2971 illos
1880 2918 2057 2973 donec

2156 2268 2292 2339 giuti
2328 2281 2496 2319 unum
2528 2263 2690 2325 sedit,
2725 2260 2851 2315 dein
2888 2265 3143 2311 moi-tuus
3170 2262 3276 2308 est.
3315 2252 3475 2306 Auno
3504 2247 3764 2320 septimo

2157 2362 2370 2433 imperii
2419 2358 2632 2415 Galieni
2669 2356 2903 2412 Caesaris
2938 2354 3262 2408 interlecms
3304 2360 3389 2405 est
3423 2344 3762 2419 Cyprianus

2158 2466 2368 2526 martyr
2402 2457 2454 2508 in
2488 2451 2691 2522 oppido
2723 2449 2873 2504 dicto
2918 2450 3221 2517 Arsagena.
3270 2442 3523 2497 Crudelis
3558 2450 3762 2495 autem

2158 2550 2259 2602 fuit
2284 2546 2575 2617 Galiteuus
2598 2539 2909 2615 [Gallienus]
2932 2541 3116 2595 Caesar
3144 2540 3197 2590 in
3226 2535 3603 2598 Christianos,
3634 2544 3765 2586 tua.

2158 2655 2389 2711 gitorutn
2428 2638 2539 2693 illis
2579 2636 2844 2691 malorum
2879 2641 3094 2687 auctor.
3132 2631 3265 2701 Ejus
3298 2629 3471 2683 lilium
3496 2667 3514 2693 ,
3544 2626 3646 2698 qui
3684 2626 3758 2679 ad

2158 2734 2358 2788 ilt‘iitlln
2382 2747 2507 2788 cum
2537 2729 2719 2786 Persis
2748 2729 3046 2800 gerendum
3076 2724 3357 2796 profectus
3380 2730 3491 2790 est,
3518 2729 3757 2791 captum

2156 2828 2335 2883 Persae
2353 2825 2419 2880 ad
2441 2824 2769 2879 Bahramum
2792 2822 2957 2877 lilium
2976 2819 3231 2873 Bahrami
3250 2818 3538 2873 Persarum
3561 2828 3757 2885 regem

2160 2924 2460 2981 miserunt.
2492 2916 2587 2986 qui
2630 2914 2808 2987 capite
2836 2915 3013 2983 ipsum
3056 2911 3366 2974 truncavit,
3409 2925 3522 2979 quo
3553 2908 3757 2962 audito

480 3011 854 3062 reverteretur
896 3006 1126 3062 dimisit.
1180 3006 1522 3072 lmperatore
1562 3023 1697 3080 ergo
1762 3009 1897 3064 urbe
1931 3026 2056 3080 pro-
2084 3021 2129 3075 (ς
2165 3032 2360 3085 magna
2407 3009 2635 3066 tristitia
2681 3006 2910 3062 allectus
2938 3012 3025 3061 est
3066 3002 3355 3060 Gaiitenus
3392 3000 3600 3063 Guar.
3633 3009 3692 3055 et
3726 3013 3755 3049 τι

482 3096 649 3165 tecto,
674 3098 929 3154 omnibus
950 3114 1072 3169 quae
1103 3098 1381 3153 habebant
1410 3098 1463 3152 itt
1507 3100 1909 3172 cieeumsynztzn
1945 3103 2059 3158 dis-

480 3190 703 3247 tributis
743 3192 812 3246 ad
857 3198 1097 3246 montem
1145 3207 1426 3262 magnum,
1464 3193 1646 3249 Chaos
1709 3195 2060 3265 appellatum,

482 3282 550 3338 ad
598 3291 809 3355 partem
861 3285 1058 3355 Ephesi
1109 3286 1432 3339 orientalem
1479 3288 1741 3357 profecti,
1792 3292 1843 3341 iu
1897 3304 2059 3358 specu

481 3380 716 3447 quodam
774 3394 975 3451 magno
1019 3382 1114 3450 qui
1167 3381 1219 3433 iii
1275 3383 1394 3451 ipso
1443 3384 1542 3436 luit
1596 3398 1657 3437 se
1708 3382 2060 3451 abdiderunt,

485 3471 630 3526 unde
656 3485 801 3525 unus
835 3472 1034 3541 aliquis
1077 3487 1141 3526 ex
1196 3472 1330 3540 ipsis
1368 3476 1615 3542 tinotulie
1647 3475 1838 3527 urbem
1873 3491 2063 3543 perso-

483 3573 648 3619 natus
701 3564 1147 3634 ingrediehatur,
1203 3574 1262 3619 ut
1309 3567 1443 3635 quid
1498 3566 1565 3622 de
1624 3566 1757 3636 ipsis
1816 3567 2064 3622 dicerent

485 3659 736 3713 homines
778 3658 1014 3719 audiret,
1056 3662 1314 3729 victuque
1343 3661 1477 3731 ipsis
1514 3670 1832 3730 comparato
1880 3676 2064 3715 rever-

489 3762 587 3803 sus
618 3748 725 3804 illis
757 3749 1045 3804 indicaret.
1077 3749 1323 3804 Reverso
1357 3750 1524 3821 igitur
1553 3750 1877 3818 imperatori
1910 3767 1974 3806 ac
1999 3752 2066 3806 de

487 3839 627 3910 ipsis
665 3841 876 3910 roganti
906 3857 1033 3896 cum
1065 3842 1380 3894 nuntiatum
1418 3850 1585 3908 esset,
1618 3843 1796 3897 luisse
1834 3843 1982 3911 ipsos
2009 3846 2062 3897 in

488 3941 675 3988 monte
722 3937 779 3987 in
833 3936 1133 4003 spelunca,
1168 3932 1335 4002 jussit
1381 3931 1500 4002 ipso
1541 3933 1751 3991 obstrui
1797 3937 2069 4004 spelunca:

488 4025 743 4091 aditum,
788 4034 846 4079 ut
893 4028 965 4081 ibi
1015 4041 1385 4082 morerentur.
1436 4026 1579 4083 Deus
1625 4037 1812 4081 autem
1861 4040 2065 4095 septeni

485 4119 780 4191 juvenibus
826 4119 947 4174 istis
992 4135 1243 4173 sonituum
1280 4119 1530 4183 immisit,
1574 4135 1683 4190 quo
1715 4120 1891 4174 instar
1923 4135 2070 4174 iuer-

496 4222 711 4266 tuOruni
746 4212 1114 4265 dormierunt.
1150 4213 1379 4277 Quidam
1422 4226 1553 4281 ergo
1596 4228 1660 4265 ex
1708 4213 1884 4282 ipsius
1928 4228 2065 4283 prte-

510 4303 667 4357 l't‘ctis
702 4316 919 4373 sumpta
950 4303 1152 4357 lanzina
1192 4306 1441 4372 plumbea
1474 4304 1761 4358 historiam
1800 4305 2067 4373 ipsorum,

2166 3109 2309 3162 malo
2343 3101 2678 3161 Christianis
2712 3098 3003 3156 inferendo
3032 3096 3293 3154 cessavit.
3327 3095 3491 3151 Anno
3527 3092 3757 3163 imperii

2163 3200 2335 3266 ipsius
2363 3197 2557 3267 quinto
2588 3203 2834 3250 mortuus
2863 3199 2946 3247 est
2976 3189 3243 3255 Bahram,
3285 3188 3430 3244 lil‘Is
3461 3183 3755 3252 Bahrami,

2162 3292 2456 3347 Persarum
2488 3303 2626 3347 rex:
2660 3294 2781 3359 post
2810 3299 2975 3356 quem
3009 3284 3256 3355 regnavit
3284 3281 3540 3349 Bahram,
3577 3280 3751 3335 etiam

2163 3384 2419 3439 Bahraini
2454 3382 2618 3447 illius,
2656 3380 2750 3449 qui
2780 3390 2834 3435 et
2869 3379 3091 3434 Shahau
3131 3374 3277 3432 Shah
3317 3373 3492 3442 audit,
3526 3388 3753 3430 menses

2163 3482 2421 3545 quatuor.
2458 3471 2586 3527 dein
2626 3480 2881 3526 mortuus
2919 3479 3028 3531 est.
3060 3468 3392 3523 succedente
3432 3466 3538 3539 ipsi
3577 3466 3757 3520 fratre

2167 3571 2341 3639 ipsius
2371 3564 2545 3622 Narsa
2575 3565 2687 3621 lilio
2717 3561 3004 3629 Bahrami,
3038 3560 3134 3617 lilii
3165 3559 3417 3631 Saporis,
3443 3558 3539 3614 lilii
3570 3560 3759 3616 Aula-

2165 3663 2323 3728 shiri,
2353 3660 2453 3715 lilii
2483 3658 2680 3725 Babec,
2716 3656 2813 3714 lilii
2848 3653 3045 3711 Sasani
3071 3672 3087 3723 ;
3118 3654 3208 3724 qui
3252 3656 3306 3710 in
3342 3654 3539 3710 Persas
3572 3666 3755 3710 annos

2167 3772 2363 3812 novem
2409 3753 2693 3824 regnavit,
2731 3749 2860 3805 dein
2904 3760 3159 3805 mortuus
3204 3759 3309 3804 est.
3343 3750 3503 3804 Anno
3533 3746 3755 3820 imperii

2167 3849 2413 3920 ejusdem
2446 3845 2717 3920 (videlicet
2746 3842 2961 3901 Galieni
2989 3842 3242 3913 Cesaris)
3273 3841 3490 3897 decimo
3522 3851 3750 3913 quarto.

2167 3940 2333 4015 396
2378 3956 2605 4011 regnum
2649 3939 2703 3995 in
2740 3937 2938 3995 Persas
2980 3936 3219 3994 obtinuit
3262 3934 3520 3998 llorntos.
3565 3934 3756 3992 Ναΐδα

2170 4036 2351 4101 ﬁlius,
2399 4034 2562 4088 anuis
2605 4042 2817 4105 septem
2868 4042 2924 4088 et
2974 4018 3219 4103 quinque
3253 4029 3577 4099 mensibus,
3627 4029 3753 4085 dein

2170 4138 2418 4182 lilOl’lﬂllS
2445 4137 2551 4182 εει.

2240 4215 2458 4271 Mortu‘o
2492 4226 2675 4272 autem
2711 4214 2938 4271 Galieno
2963 4215 3203 4279 Caesare,
3240 4214 3617 4270 Romanorum
3650 4214 3750 4269 im-

2176 4321 2462 4382 peratore,
2514 4310 2805 4380 imperavit
2854 4316 2976 4380 post
3029 4312 3209 4379 ipsum
3256 4307 3443 4364 Ruina:
3488 4306 3753 4363 Claudius

492 4404 549 4451 et
590 4392 721 4465 quid
770 4396 908 4465 ipsis
948 4411 1075 4451 cum
1128 4395 1455 4464 imperatore
1508 4393 1668 4450 Decio
1713 4398 2068 4468 contigisset.
2106 4376 2147 4431 ί)
2183 4408 2389 4471 υωεπ,
2432 4421 2635 4459 annum
2689 4418 2891 4467 unum,
2927 4403 3094 4475 idque
3141 4418 3288 4457 anno
3325 4404 3475 4471 regni
3514 4402 3751 4458 "anno;

496 4492 823 4561 inscripsit;
864 4504 1028 4561 quam
1062 4489 1260 4543 deinde
1292 4504 1433 4543 arcte
1460 4503 1629 4543 acuere
1674 4489 1925 4553 inclusit,
1966 4508 2071 4562 qua

497 4584 554 4637 in
584 4597 750 4651 specu
782 4581 973 4636 relicta
1010 4578 1236 4650 januam
1273 4579 1444 4649 ipsius
1466 4579 1761 4633 obstruxit.

570 4674 734 4747 392
794 4671 1011 4729 Mortuo
1075 4673 1238 4726 Decio
1290 4672 1505 4727 Caesare
1566 4676 1897 4742 imperatore
1952 4686 2075 4745 post

492 4768 676 4841 ipsum
720 4766 912 4821 Romre
954 4766 1007 4819 ili
1062 4764 1343 4818 iiomauos
1378 4764 1666 4833 imperium
1716 4768 2078 4821 obtinuerunt

492 4872 678 4913 annos
715 4857 892 4921 duos,
932 4857 1294 4926 imperatores
1326 4854 1435 4909 duo
1476 4854 1669 4912 Galius
1710 4866 1761 4909 et
1805 4856 2076 4923 Julianus,

497 4949 781 5015 Caesares;
819 4948 984 5019 idque
1011 4960 1158 4999 anno
1184 4946 1334 5015 regni
1380 4944 1631 4998 liaht'auii
1674 4946 1771 4999 lilii
1801 4946 2079 5011 Bahrauii,

496 5040 791 5097 Persarum
826 5038 993 5107 regis,
1023 5038 1371 5091 duodecimo.
1404 5038 1563 5090 Antio
1592 5038 1812 5106 imperii
1840 5037 2080 5107 ipsorum

503 5135 684 5206 primo
710 5131 1003 5187 Cornelius
1035 5130 1220 5183 [totum
1244 5129 1555 5199 patriarcha
1582 5134 1916 5184 constitutus
1941 5130 2083 5185 duos

498 5242 680 5286 annos
709 5226 875 5292 sedit,
895 5226 1024 5281 dein
1067 5232 1322 5279 mortuus
1345 5233 1452 5277 est.
1488 5221 1697 5278 Eodem
1730 5236 1877 5277 anno
1904 5222 2086 5280 lactus

503 5333 589 5378 ast
633 5319 940 5376 Demetrius
994 5316 1307 5387 patriarcha
1358 5314 1771 5380 Antioche-nus,
1816 5316 1911 5388 qui
1958 5325 2086 5370 octo

506 5428 684 5470 annos
712 5413 874 5474 sedit,
910 5412 1037 5465 dein
1072 5416 1322 5463 mortuus
1359 5416 1464 5461 est.
1502 5407 1752 5463 Mortuus
1781 5415 1867 5463 est
1902 5418 2083 5462 autem

508 5506 764 5563 Julianus
787 5505 1105 5573 imperator,
1126 5510 1183 5557 et
1205 5500 1516 5555 octodecim
1546 5508 1667 5571 post
1694 5498 1891 5555 diebus
1915 5502 2086 5555 inter-

513 5600 692 5655 lectus
739 5596 973 5661 Gallus,
1020 5593 1237 5665 imperii
1281 5607 1554 5659 consors,
1610 5595 1917 5665 imperante
1962 5602 2088 5666 post

514 5698 665 5763 ipsos
710 5690 970 5749 Romanis
1016 5688 1221 5757 Galitio
1264 5688 1519 5761 Casare,
1555 5691 1648 5762 qui
1684 5704 1737 5747 et
1774 5693 2087 5747 Alteriauus

2183 4499 2469 4552 Persarum
2497 4496 2643 4565 regis
2668 4494 2850 4549 tertio.
2870 4494 3025 4549 Auno
3050 4494 3260 4563 imperii
3284 4493 3749 4551 ClaudiiCaisaris

2183 4590 2359 4660 primo
2391 4588 2727 4642 constitutus
2764 4596 2843 4641 est
2878 4584 3081 4641 Paulus
3110 4586 3426 4657 patriarcha
3460 4588 3757 4644 Antioche-

2182 4690 2320 4740 nus,
2370 4676 2461 4745 qui
2514 4689 2639 4728 cum
2688 4688 2866 4728 annos
2911 4680 3037 4728 octo
3082 4675 3315 4731 sedisset
3363 4688 3617 4733 mortuus
3652 4687 3755 4733 est.

2180 4767 2615 4837 Cognoniinatus
2671 4776 2757 4822 est
2824 4775 3004 4823 autem
3061 4765 3265 4824 Paulus
3318 4770 3754 4836 Soniaisctanus.

2181 4860 2329 4931 quod
2356 4874 2423 4913 ex
2452 4860 2649 4914 incolis
2675 4857 2945 4915 SOniaiset
2974 4870 3144 4925 esset,
3170 4860 3380 4935 fuitque
3404 4864 3543 4920 idem
3568 4878 3756 4921 auctor

2184 4951 2457 5007 hereseos
2506 4949 2970 5008 Paulicianorum.
3018 4951 3123 5020 Qui
3170 4958 3419 5013 eamdem
3466 4974 3593 5014 cuni
3643 4962 3755 5033 ipso

2184 5040 2342 5097 [idem
2390 5042 2626 5112 professi
2675 5051 2834 5109 sunt,
2881 5046 3240 5115 eamdemque
3285 5049 3613 5105 sententiam
3644 5066 3756 5105 am-

2187 5135 2350 5205 plexi,
2375 5150 2404 5191 a
2435 5135 2656 5191 nomine
2688 5136 2867 5206 ipsius
2894 5134 3087 5200 Paulo.
3114 5138 3436 5196 Pauliciaui.
3472 5141 3754 5201 Sententia

2184 5234 2365 5279 autem
2392 5223 2543 5281 Pauli
2573 5227 2916 5282 Sauiosetani
2953 5231 3066 5285 lucc
3096 5239 3250 5285 erat:
3283 5231 3573 5290 Dominum
3603 5237 3757 5294 Chri-

2186 5326 2329 5373 stum
2375 5316 2653 5373 hominem
2696 5314 2870 5374 fuisse
2913 5335 2940 5372 a
2987 5320 3195 5377 Deitate
3227 5338 3472 5382 creatum
3514 5329 3755 5399 ejusdem

2185 5422 2311 5463 cum
2343 5417 2593 5464 nostrum
2616 5410 2803 5479 aliquo
2832 5410 3177 5477 substantiae,
3202 5424 3256 5469 et
3286 5419 3615 5489 principium
3639 5420 3756 5478 Filii

2188 5516 2216 5554 11
2258 5501 2423 5554 Maria
2458 5501 2667 5566 fuisse,
2716 5503 3008 5573 ipsumque
3044 5506 3281 5561 eiectum
3317 5508 3485 5566 fuisse
3526 5524 3587 5567 ut
3618 5526 3757 5575 esset

2189 5595 2441 5650 b‘alvator
2493 5595 2819 5649 substantiae
2874 5597 3166 5663 humana,
3230 5604 3524 5662 comitante
3584 5610 3753 5681 ipsum

2189 5690 2361 5762 gratia
2408 5689 2592 5744 divina
2618 5698 2692 5745 et
2720 5690 2773 5743 in
2814 5690 2931 5762 ipsa
2968 5692 3246 5749 habitante
3296 5711 3391 5763 per
3433 5714 3674 5761 amorem
3706 5715 3755 5762 et
