4068 6160
532 251 640 318 999

1553 252 1926 318 EUTYCHII
1970 250 2506 312 ALEXANDRINI
2546 248 2764 311 PATR.

3664 236 3801 302 1000

602 369 808 434 Quinto
832 376 1012 423 autem
1041 376 1163 439 post
1188 364 1412 421 Petrum
1446 365 1813 436 patriarcham
1878 361 2106 419 interfe-
2138 375 2182 429 Α
2213 362 2329 431 ipse
2360 361 2511 417 Roha
2545 361 2781 433 fugiens,
2810 374 2873 415 ac
2901 356 3220 430 Byzantium
3244 355 3549 427 profectus,
3582 366 3801 425 patrem

530 475 681 517 ctum
715 475 881 525 anno,
947 461 1279 515 constitutus
1338 465 1423 513 est
1480 457 1746 521 Achillas,
1807 456 2108 525 discipulus

531 551 726 622 ipsius,
781 550 1095 620 patriarcha
1130 549 1579 613 Alexandrinus;
1643 548 1733 600 ubi
1785 561 1881 601 sex
1936 559 2110 600 annos

530 642 695 705 sedit,
727 639 849 695 dein
905 650 1155 696 mortuus
1202 648 1307 695 est.
1337 642 1503 698 Arius
1566 647 1752 695 autem
1806 638 2110 693 amicorum

531 746 758 788 suorum
787 747 890 801 ope
910 741 1101 787 contra
1128 733 1404 786 Achillam
1436 732 1725 803 implorata
1752 730 1852 799 ipsi
1883 727 2111 783 simula-

532 837 611 881 vit
641 826 869 881 rediisse
900 817 969 881 se.
992 825 1057 880 ab
1087 826 1191 881 ista
1236 826 1510 881 sententia
1543 824 1731 894 impia,
1784 823 2001 891 istaque
2032 819 2115 877 in-

534 918 840 986 fidelitate;
888 934 1055 989 quare
1115 919 1295 988 ipsum
1330 926 1384 973 et
1435 920 1488 972 in
1526 916 1833 973 Ecclesiam
1884 913 2107 968 admisit

531 1012 778 1067 Achillas
823 1019 876 1067 et
931 1010 1317 1081 presbyterum
1368 1012 1679 1066 constituit.
1741 1006 2115 1061 Diocletianus

532 1120 664 1160 vero
720 1119 816 1159 rex
842 1102 1192 1159 Christianos
1254 1102 1498 1174 undique
1541 1100 1891 1173 conquisitos
1942 1108 2116 1155 morte

533 1197 718 1252 affecit
759 1212 774 1251 :
829 1211 974 1267 quos
1003 1196 1131 1249 dum
1166 1211 1418 1266 querere
1444 1206 1719 1266 pergeret,
1773 1210 1900 1250 cum
1933 1191 1999 1247 ad
2036 1193 2117 1245 lo-

535 1305 660 1344 cum
700 1289 1009 1343 Dalmitiam
1041 1287 1249 1341 dictum
1285 1288 1644 1357 pervenisset,
1678 1284 1821 1357 Dens
1856 1286 1908 1338 in
1938 1285 2115 1351 ipsum

536 1382 831 1437 vindictam
864 1398 1018 1438 suam
1050 1380 1269 1446 effudit,
1321 1380 1459 1435 adeo
1491 1389 1548 1434 ut
1577 1351 1771 1434 soluto.
1789 1392 2020 1448 corpore
2058 1374 2115 1429 in

538 1476 789 1531 morbum
822 1490 1043 1547 gravem
1081 1475 1375 1541 incideret,
1414 1475 1709 1544 plagasque
1750 1486 1944 1541 graves
1977 1483 2115 1523 con—

537 1570 802 1635 traheret,
834 1569 970 1622 adeo
1006 1575 1067 1622 ut
1098 1583 1310 1623 vermes
1341 1570 1678 1637 produceret
1708 1577 1909 1631 corpus
1943 1560 2115 1632 ipsius

536 1663 631 1731 qui
658 1674 689 1713 a
724 1674 889 1714 carne
921 1660 1090 1728 ipsius
1123 1660 1176 1713 in
1217 1667 1420 1713 terram
1448 1656 1783 1721 deciderent,
1822 1655 2114 1725 linguaque

534 1765 602 1803 ex
650 1763 748 1805 ore
783 1748 1070 1815 deflueret,
1116 1749 1304 1820 itaque
1336 1756 1586 1802 intortuns
1628 1748 1721 1801 sit.
1754 1724 2117 1800 Maxin.ianus
2150 1724 2192 1781 Β

536 1856 687 1906 vero,
728 1842 822 1911 qui
845 1842 1105 1897 Alcurius
1128 1842 1437 1914 appellatus
1462 1854 1567 1904 est,
1610 1839 1664 1894 in
1699 1840 1953 1893 morbum
1982 1836 2119 1891 inci-

536 1932 636 1998 dit,
672 1950 780 2004 quo
813 1934 1067 1990 adustum
1099 1945 1183 1989 est
1214 1949 1419 2003 corpus
1448 1932 1645 2002 ipsius,
1673 1934 1808 1987 adeo
1835 1938 1893 1983 ut
1924 1930 2123 1983 carbo-

538 2029 625 2082 nis
648 2029 822 2080 instar
850 2035 1037 2093 esset;
1100 2025 1367 2097 Tarsique
1404 2036 1652 2079 mortuus
1679 2033 1783 2091 est,
1818 2023 2121 2092 imperante

542 2130 663 2192 pust
700 2123 850 2190 ipsos
871 2118 1171 2185 Maxentio,
1203 2118 1522 2173 Maximiani
1553 2118 1685 2183 lilio,
1710 2130 1923 2184 unaque
1948 2114 2120 2169 Maxi-

538 2210 724 2262 miano
757 2209 964 2273 altero,
1010 2207 1101 2277 qui
1134 2214 1189 2261 et
1221 2206 1547 2261 Calen-ianus
1575 2204 1769 2269 audiit,
1819 2218 1993 2258 annos
2022 2218 2121 2257 no-

541 2318 659 2358 vem
693 2320 709 2357 :
743 2300 911 2372 idque
954 2314 1096 2354 anno
1125 2296 1295 2370 408
1328 2298 1479 2367 regni
1542 2296 1770 2366 Saporis
1820 2294 1917 2349 filii
1973 2292 2118 2349 Hor-

538 2392 681 2448 moxi
709 2389 893 2447 Persa:
929 2389 1206 2445 tricesimo
1250 2387 1517 2443 secundo.
1566 2385 1884 2441 Diviserunt
1916 2386 1969 2439 hi
2020 2386 2123 2440 int-

540 2487 751 2556 periutn
778 2485 916 2538 adeo
948 2479 1407 2544 utMaximianus,
1425 2480 1521 2549 qui
1543 2477 1798 2533 Galerius
1818 2478 2121 2548 appellatus

542 2588 649 2644 cst,
670 2579 726 2631 in
754 2577 1034 2631 Orientem
1064 2583 1118 2630 et
1137 2573 1379 2645 Syriam,
1406 2580 1717 2639 terramque
1748 2568 2119 2623 Itonianorum

546 2682 827 2743 regnaret;
857 2669 1164 2724 Haxentius
1190 2680 1319 2723 vero
1349 2666 1537 2721 Retine
1568 2674 1624 2720 et
1667 2664 1722 2717 in
1753 2663 1928 2733 ipsius
1960 2660 2121 2718 terri-

543 2764 705 2819 t0ria.
737 2763 986 2818 Fuerunt
1014 2771 1195 2817 autem
1227 2762 1279 2814 in
1305 2758 1654 2814 Christianos
1689 2757 1866 2809 instar
1902 2755 2121 2808 leonum

541 2856 908 2919 saevientium,
960 2852 1317 2909 etmalorum
1394 2851 1825 2917 exsiliorumque
1865 2845 1972 2898 illis
2020 2860 2119 2898 au-

542 2961 725 3004 ctores
750 2962 870 3017 qua
900 2945 1216 3001 describere
1251 2956 1412 2997 nemo
1434 2947 1631 3011 potest,
1656 2937 1949 3007 qualiaque
1977 2932 2123 2989 haud

2212 470 2369 510 suum
2402 457 2560 519 adiit,
2592 454 2685 525 qui
2716 469 2942 525 regnum
2976 452 3078 522 ipsi
3109 451 3356 505 tradidit.

2286 548 2585 618 Aliquanto
2627 555 2753 618 post
2796 556 3043 601 mortuus
3074 552 3158 598 est
3192 544 3489 610 Constans,
3517 541 3803 597 Constan-

2212 642 2311 698 tini
2341 652 2519 713 pater.
2574 640 2716 695 Deus
2747 645 2928 693 autem
2968 637 3021 690 in
3056 635 3452 689 Maximiannm
3502 636 3807 704 imperato-

2212 751 2327 791 rem
2380 733 2601 789 morbos
2645 746 2840 801 graves
2890 729 3142 794 immisit,
3172 727 3313 781 adeo
3358 735 3417 781 ut
3458 740 3585 780 caro
3624 725 3807 794 ipsius

2213 827 2501 890 deflueret,
2556 835 2609 881 et
2662 825 2717 879 in
2777 834 2982 877 terram
3048 820 3326 891 projectns
3378 829 3653 881 maneret,
3707 834 3809 873 nec

2212 920 2340 992 quis
2371 919 2438 973 ad
2485 918 2662 986 ipsum
2700 914 2984 970 accederet
3028 914 3109 966 Vel
3157 910 3419 966 accedere
3447 919 3657 980 pOSSt‘L
3712 907 3808 962 Mi-

2214 1014 2319 1069 rati
2338 1023 2464 1069 sunt
2492 1028 2619 1083 ergo
2649 1012 2784 1068 socii
2811 1012 2984 1081 ipsius
3008 1009 3136 1062 illud
3169 1010 3314 1079 quod
3344 1008 3445 1076 ipsi
3471 1008 3805 1076 contigerat,

2213 1110 2347 1179 quin
2393 1117 2446 1162 et
2487 1107 2590 1176 ipsi
2626 1104 2833 1159 inimici
2884 1104 3095 1157 niiserli
3149 1111 3281 1157 sunt
3309 1102 3430 1170 ejus
3462 1102 3532 1153 ob
3574 1114 3644 1154 ea
3683 1114 3807 1167 quae

2216 1217 2416 1271 passus
2454 1208 2559 1256 est.
2611 1197 2736 1267 ipse
2776 1212 2907 1252 vero
2942 1197 3007 1251 ad
3043 1212 3101 1251 se
3133 1210 3413 1260 reversus,
3464 1192 3575 1247 Hoc
3613 1193 3805 1247 forsan

2214 1294 2360 1364 quod
2393 1294 2570 1363 patior
2608 1291 2832 1363 (inquit)
2858 1289 2983 1344 inde
3023 1288 3152 1342 mihi
3182 1288 3403 1350 accidit,
3446 1287 3594 1357 quod
3640 1285 3807 1341 Chri-

2217 1376 2433 1445 stianos
2462 1385 2853 1443 interfecerim.
2896 1383 3131 1439 Litteras
3162 1398 3295 1455 ergo
3328 1383 3382 1436 in
3424 1398 3619 1437 omnes
3681 1397 3807 1451 pro-

2217 1483 2428 1535 vincias
2470 1495 2605 1536 suas
2651 1479 2826 1541 dedit,
2874 1488 2931 1531 ut
2974 1476 3346 1540 Christianos,
3393 1477 3720 1546 quicunque
3748 1475 3802 1529 in

2216 1571 2535 1630 carceribus
2564 1578 2778 1635 essent,
2810 1569 3175 1633 dimitterent,
3223 1583 3429 1636 eosque
3470 1567 3689 1621 honore
3724 1564 3806 1622 af-

2220 1666 2464 1729 ficerent,
2510 1680 2613 1720 nec
2655 1664 2825 1718 ullum
2877 1663 2945 1719 iis
2986 1663 3249 1718 damnum
3278 1660 3443 1735 412
3489 1661 3809 1725 inferrent;

2223 1768 2478 1831 rogarent
2529 1766 2710 1814 autem
2745 1767 2803 1813 ut
2834 1757 2978 1812 inter
3034 1757 3369 1828 precandum
3413 1771 3513 1827 pro
3570 1758 3802 1825 impera-

2221 1862 2340 1910 tore
2365 1866 2491 1908 vota
2526 1851 2843 1908 funderent.
2868 1848 3173 1905 Orantibus
3203 1864 3333 1920 ergo
3352 1863 3451 1920 pro
3476 1850 3810 1919 imperatore

2217 1946 2551 2004 Christianis
2590 1960 2654 1999 ac
2686 1960 2879 2015 preces
2916 1942 3306 2009 fundentibus,
3360 1942 3502 1997 Deus
3524 1943 3629 2014 ipsi
3656 1942 3809 1996 sani-

2222 2046 2388 2093 tatem
2426 2036 2689 2101 restituit,
2731 2037 2870 2090 adeo
2906 2044 2965 2090 ut
3001 2033 3211 2089 viribus
3257 2040 3310 2087 et
3337 2035 3576 2089 sanitate
3607 2034 3808 2088 melius

2221 2146 2382 2203 quam
2415 2139 2574 2184 antea
2610 2127 2893 2197 gauderet.
2951 2127 3050 2183 [lle
3086 2142 3219 2183 vero
3260 2127 3353 2181 ubi
3384 2127 3614 2182 sanitati
3646 2128 3809 2182 resti-

2223 2233 2373 2278 tutus
2400 2221 2801 2287 convaluisset,
2836 2221 2903 2274 ad
2940 2220 3205 2291 majorem
3240 2218 3539 2290 impietatis
3571 2221 3807 2291 gradum

2220 2332 2385 2387 quam
2446 2322 2607 2370 antea
2658 2316 2985 2385 prolapsus,
3035 2313 3092 2369 in
3148 2328 3344 2369 omnes
3385 2314 3629 2369 ditiones
3678 2328 3809 2369 suas

2222 2408 2491 2472 scribens,
2517 2408 2870 2465 Christianos
2899 2406 3076 2462 occidi
3101 2406 3298 2478 jussit,
3330 2415 3384 2461 et
3416 2423 3484 2461 ne
3507 2407 3810 2477 professio-

2222 2499 2309 2556 nis
2337 2500 2459 2570 ejus
2499 2499 2780 2570 quispiam
2827 2500 2882 2553 in
2912 2497 3144 2570 imperio
3180 2499 3354 2568 ipsius
3376 2500 3807 2568 relinqueretur,

2224 2607 2360 2648 neve
2388 2594 2581 2649 urbem
2619 2604 2713 2649 aut
2747 2592 3009 2664 oppidum
3044 2593 3286 2647 incolere
3316 2592 3656 2656 sinerentur,
3714 2592 3808 2646 sed

2224 2687 2446 2757 penitus
2497 2686 2964 2758 exstirparentur.
3042 2684 3328 2740 luterfecti
3392 2694 3520 2739 sunt
3578 2699 3719 2755 ergo
3782 2699 3812 2737 e

2223 2778 2579 2841 Christianis,
2616 2793 2725 2848 qua
2757 2776 2885 2839 viri.
2929 2791 3037 2848 qua
3068 2774 3305 2840 feminze,
3338 2791 3445 2846 qua
3475 2778 3658 2845 pueri,
3696 2774 3811 2844 plu-

2225 2885 2314 2923 res
2345 2884 2508 2940 quam
2538 2869 2633 2939 qui
2665 2869 2942 2922 numerari
2983 2866 3217 2937 possint,
3265 2868 3403 2921 adeo
3442 2875 3501 2920 ut
3529 2880 3644 2936 pra:
3671 2866 3811 2919 occi-

2225 2977 2411 3016 sorum
2443 2961 2802 3015 multitudine
2836 2960 3097 3030 plaustris
3129 2958 3294 3013 delati
3325 2958 3379 3012 in
3414 2973 3599 3023 mare,
3657 2967 3712 3011 et
3759 2959 3807 3010 in

541 3039 745 3091 ίύεθηι
777 3036 905 3107 quis
929 3050 996 3090 ex
1029 3034 1219 3127 “574"?
1272 3041 1682 3127 ἦθίεθθθξθῖδηι
1714 3030 1959 3127 τξῧὼυδ·
2012 3026 2121 3127 ξ¹³¹ῖ
2147 3067 2192 3125 c
2228 3054 2441 3108 deserta
2469 3026 2893 3122 projicerentn—r.
2946 3051 3124 3104 Morte
3158 3056 3273 3103 tum
3316 3047 3491 3103 affecti
3526 3058 3658 3104 sunt
3684 3047 3809 3101 Ser-

539 3130 754 3196 peratit
787 3141 893 3181 una
937 3139 1063 3179 cum
1110 3125 1245 3193 ipsis
1289 3124 1574 3192 Byzantio,
1616 3122 1974 3190 partibusque
2017 3117 2120 3185 ipsi

539 3220 920 3286 adjacentibus
952 3214 1254 3281 Constans,
1300 3214 1649 3270 Constantini
1703 3222 1881 3283 pater,
1929 3213 2013 3266 vir
2040 3226 2126 3266 se-

538 3312 723 3376 datus,
747 3308 1061 3379 religiosns,
1081 3308 1348 3361 idolorutn
1368 3319 1517 3369 osor,
1539 3303 1872 3357 Christianis
1885 3302 2118 3357 amicus.

549 3399 653 3454 llic
692 3402 748 3453 in
791 3407 979 3468 partes
1010 3395 1416 3465 Mesopotamia:
1462 3410 1527 3448 ac
1574 3392 1768 3455 Rome,
1820 3394 2124 3463 profectus,

538 3496 669 3545 dum
701 3491 755 3545 in
788 3490 991 3561 oppido
1021 3489 1255 3557 quodam
1281 3486 1449 3540 itohze
1475 3487 1691 3556 Capitur
1721 3489 1933 3540 l’ltacar
1978 3484 2124 3557 [vico

540 3581 716 3654 figuli]
757 3585 907 3637 dicto
978 3581 1345 3643 subsisteret,
1397 3579 1531 3633 vidit
1570 3580 1643 3632 ibi
1684 3579 1968 3633 mulierem
1998 3578 2125 3647 piti-

540 3676 755 3739 chram,
808 3674 1134 3738 formosam,
1172 3673 1390 3727 nomine
1438 3669 1724 3737 ilelenam,
1755 3686 1876 3741 qua:
1917 3688 1947 3723 a
1986 3672 2123 3724 Bar-

541 3768 659 3823 sica
688 3769 951 3836 episeOpo
995 3762 1237 3818 Bullensi
1276 3763 1343 3817 ad
1390 3763 1550 3817 fidem
1582 3763 1959 3817 Christianam
1992 3777 2124 3819 con-

544 3873 700 3913 versa
740 3861 938 3922 fuerat,
990 3871 1090 3911 nec
1118 3873 1226 3910 non
1257 3856 1436 3927 legere
1466 3857 1735 3911 didicerat
1767 3872 1966 3925 :quam
1995 3870 2122 3913 cum

541 3966 572 4005 a
604 3962 763 4021 patre
796 3952 1021 4019 petitam
1048 3948 1106 4003 in
1143 3962 1367 4003 uxorem
1393 3948 1499 4005 sibi
1528 3950 1800 4013 duxisset,
1824 3965 1886 4003 ea
1908 3950 1978 4002 ab
2006 3951 2124 4019 ipso

541 4044 764 4116 gravida
794 4045 936 4096 facta
960 4052 1046 4095 est
1071 4059 1085 4107 ;
1113 4054 1334 4096 reverso
1357 4040 1555 4096 deinde
1576 4040 1881 4096 Constante
1916 4039 2124 4111 Byzan-

543 4131 705 4203 tium,
736 4136 949 4207 peperit
974 4132 1180 4189 Helena
1211 4133 1379 4187 lilium
1402 4134 1715 4203 pulchrum,
1747 4144 2118 4199 mansuetum,

544 4233 824 4288 intellectu
882 4231 1196 4300 praeditum,
1265 4227 1394 4281 mali
1452 4224 1775 4296 fugientem,
1836 4228 2122 4295 sapientia:

540 4335 840 4389 amantem,
876 4323 1130 4377 videlicet
1180 4318 1625 4383 Constantinum,
1653 4320 1745 4388 qui
1784 4317 1950 4372 llolta:
1982 4318 2114 4373 edu-

2222 3146 2347 3215 gius
2376 3153 2430 3199 ct
2461 3145 2711 3200 Bacchus
2742 3148 2794 3199 in
2830 3144 2966 3199 urbe
2999 3142 3388 3213 Cappadociae,
3432 3141 3590 3212 cujus
3618 3141 3809 3196 incola:

2223 3245 2403 3293 erant.
2459 3235 2754 3293 lnterfecta
2795 3248 2879 3292 est
2906 3244 2961 3291 et
3002 3247 3189 3291 sancta
3223 3236 3484 3290 Barbara.
3532 3236 3698 3290 Anno
3725 3248 3808 3287 se-

2224 3329 2403 3384 cundo
2458 3330 2673 3401 imperii
2709 3328 3028 3385 Maximiani
3074 3328 3254 3385 foetus
3304 3338 3391 3385 est
3424 3327 3683 3381 Vitellius
3716 3341 3806 3394 pa-

2223 3422 2464 3477 triarcha
2490 3423 2893 3489 Antiochenus,
2932 3424 3027 3479 ubi
3062 3440 3185 3480 cum
3227 3438 3324 3478 sex
3363 3437 3539 3477 annos
3573 3422 3808 3478 sedisset

2224 3521 2477 3568 mortuus
2508 3520 2615 3568 est.
2676 3514 2836 3567 Anno
2869 3515 3085 3583 imperii
3122 3515 3243 3583 ejus
3276 3514 3442 3569 tertio
3469 3523 3694 3571 creatus
3728 3524 3805 3566 est

2223 3602 2511 3659 Marcellus
2558 3604 2872 3675 patriarcha
2922 3604 3226 3672 Romanus,
3285 3606 3381 3676 qui
3438 3621 3615 3661 annos
3666 3606 3803 3659 duos

2226 3697 2398 3758 sedit,
2447 3694 2573 3750 dein
2616 3707 2868 3750 mortuus
2906 3705 3011 3751 est.
3061 3694 3234 3751 Porro
3284 3697 3521 3768 Sapores
3550 3694 3800 3751 Hormozi

2227 3784 2369 3838 illius
2398 3784 2690 3841 Persarum
2719 3803 2813 3843 rex
2834 3826 2850 3853 ,
2900 3803 3024 3843 cum
3079 3788 3192 3859 jam
3232 3790 3499 3859 grandior
3530 3787 3712 3843 factus
3738 3786 3800 3840 ad

2224 3882 2440 3929 aetatem
2484 3876 2786 3945 iuvenilem
2828 3879 3192 3949 pervenisset,
3226 3892 3481 3951 recteque
3531 3883 3797 3935 constitu-

2234 3977 2347 4021 tum
2387 3977 2539 4023 esset
2569 3984 2798 4041 regnum
2838 3972 3028 4042 ipsius,
3061 3973 3251 4029 audita
3284 3973 3598 4028 Maximiani
3634 3975 3800 4042 impeo

2222 4060 2425 4115 ratoris
2481 4060 2841 4135 513-515
2905 4064 3282 4122 Romanorum
3342 4065 3508 4131 fama,
3570 4076 3624 4123 et
3676 4065 3796 4137 quid

2222 4150 2554 4206 Christianis
2584 4153 2827 4211 faceret:
2886 4157 3183 4211 comitibus
3212 4157 3332 4213 suis
3354 4196 3371 4224 ,
3417 4155 3551 4211 Volo
3583 4156 3797 4229 (inquit)

2221 4258 2324 4313 ego
2356 4242 2729 4299 Romanorum
2765 4245 3041 4317 regionem
3068 4249 3218 4304 solus
3244 4249 3475 4320 ingredi,
3521 4258 3582 4303 ut
3617 4265 3795 4322 regum

2232 4336 2477 4404 ipsorum
2531 4344 2700 4407 atque
2746 4340 3091 4395 exercituum
3145 4348 3372 4409 statum,
3412 4351 3469 4397 et
3517 4342 3795 4412 regionum

539 4431 699 4473 catus
725 4415 1041 4472 Grmcorum
1079 4415 1410 4503 sapientiam
1440 4411 1724 4467 addidieit.
1752 4409 2117 4465 Maximianus
2150 4407 2193 4462 D
2223 4425 2388 4479 suum
2438 4436 2787 4494 ρετερεοιωη
2847 4430 3101 4496 habeam,
3155 4431 3307 4498 dein,
3341 4407 3432 4489 ubi
3466 4407 3609 4503 quo",
3659 4430 3795 4489 volui

539 4522 749 4572 autem,
780 4509 873 4577 qui
904 4508 1161 4563 Galerius
1189 4502 1373 4561 dicius
1397 4516 1483 4561 est
1503 4543 1521 4571 ,
1559 4506 1643 4558 vir
1676 4504 1778 4557 fuit
1809 4518 1988 4573 asper,
2019 4519 2119 4557 au-

546 4605 675 4665 dax,
726 4600 1061 4655 Christianis
1112 4599 1269 4653 valde
1325 4596 1598 4664 infensus,
1644 4596 1847 4665 quique
1919 4596 2121 4651 multos

544 4689 897 4765 409-411
929 4693 1175 4761 ipsorum
1208 4689 1332 4744 neci
1369 4689 1559 4753 daret;
1591 4689 1942 4752 mulierosus,
1984 4688 2123 4741 adeo

547 4800 608 4841 ut
638 4801 747 4840 non
772 4787 1111 4853 relinqueret
1138 4780 1469 4836 Christianis
1523 4778 1688 4833 filiam
1746 4781 1983 4848 aliquam
2017 4781 2124 4833 vir-

541 4882 723 4951 ginem
747 4892 914 4947 quain
948 4891 1060 4931 non
1102 4874 1431 4944 prehensam
1472 4886 1537 4925 ac
1569 4872 1813 4925 vitiatam
1846 4870 2124 4926 interfice-

541 4982 663 5036 ret;
711 4970 1017 5038 eodemque
1073 4966 1234 5022 modo
1284 4971 1597 5019 tractarunt
1649 4964 1882 5019 comites
1945 4962 2123 5033 ipsius

544 5063 789 5131 virgines
819 5058 1304 5122 Christianorum;
1338 5057 1594 5127 ipsosque
1626 5056 1825 5124 opibus
1860 5054 2126 5123 spoliatos

545 5153 918 5218 trucidarunt,
953 5149 1091 5204 adeo
1124 5158 1184 5202 ut
1215 5149 1363 5202 male
1389 5147 1684 5200 admodum
1714 5146 1784 5200 ab
1817 5147 1953 5213 ipsis
1981 5154 2129 5201 esset

544 5244 898 5301 Christianis.
926 5244 1009 5296 Ad
1037 5242 1289 5297 eumdem
1318 5247 1645 5310 pervenerat
1678 5241 1821 5292 fama
1852 5238 2128 5294 Constano

547 5342 670 5403 tini,
694 5336 922 5403 scilicet,
943 5351 1064 5391 esse
1084 5350 1207 5390 eum
1240 5347 1466 5403 puerum
1498 5341 1866 5398 mansuetum,
1890 5333 2015 5386 mali
2040 5332 2129 5386 fu-

548 5435 809 5503 gientem,
871 5431 1166 5497 multaeque
1236 5425 1515 5487 scientiae,
1598 5440 1872 5493 quemque
1929 5441 2127 5494 magno

557 5528 857 5580 fruiturum
912 5524 1142 5591 imperio
1193 5520 1657 5572 annuntiaverant
1698 5521 1793 5585 qui
1834 5532 1957 5571 cum
2010 5520 2129 5588 ipso

552 5627 710 5671 erant
758 5616 1059 5683 astrologi;
1102 5625 1273 5681 quare
1320 5618 1496 5663 morte
1553 5609 1704 5661 illum
1746 5611 1965 5664 allicere
2014 5621 2130 5665 stu-

557 5708 678 5762 duit
712 5724 725 5761 :
762 5710 906 5777 quod
938 5718 1062 5760 cum
1096 5703 1463 5759 Constantino
1512 5709 1698 5755 notum
1732 5702 1931 5755 factum
1961 5713 2128 5771 esset,

2220 4514 2530 4589 perfecero,
2580 4517 2636 4571 in
2691 4534 2921 4591 regnum
2966 4537 3148 4577 meum
3199 4540 3523 4581 reversurus
3571 4541 3717 4591 sum,
3745 4532 3797 4578 ut

2221 4616 2372 4681 post,
2418 4610 2762 4683 experientia
2818 4611 3076 4679 edoctus,
3104 4629 3202 4672 eos
3258 4617 3563 4687 aggrediar.
3599 4618 3795 4671 Carere

2220 4717 2354 4772 ergo
2402 4704 2584 4775 ipsum
2634 4704 2925 4775 jusserunt
2974 4706 3206 4763 comites
3254 4707 3454 4779 ipsius,
3494 4708 3628 4778 quid
3681 4706 3793 4762 inde

2222 4794 2327 4864 ipsi
2359 4807 2685 4851 eventurum
2724 4796 2981 4854 timerent
3007 4799 3342 4856 indicantes.
3400 4799 3495 4857 Ille
3521 4818 3656 4857 vero
3678 4817 3793 4856 con-

2224 4884 2541 4940 sitientibus
2570 4886 2704 4957 ipsis
2732 4890 3047 4945 auscultare
3076 4890 3271 4957 noluit,
3328 4892 3424 4949 sed
3467 4892 3795 4949 dissimulato

2228 4972 2420 5029 habitu
2475 4978 2751 5045 profectus
2803 4990 2889 5035 est
2918 4980 3091 5037 donec
3124 4984 3177 5036 in
3223 4984 3593 5039 Romanorum
3634 4986 3793 5055 regio-

2226 5079 2357 5120 nem
2390 5070 2757 5138 pervenisset,
2787 5072 2875 5127 ubi
2908 5074 2976 5129 ad
3008 5081 3223 5146 tempus
3256 5078 3485 5142 mansit,
3536 5077 3648 5133 huc
3680 5077 3791 5130 illuc

2226 5173 2573 5215 CII’CUIIIICIIB.

2300 5246 2551 5320 Dumque
2586 5253 2661 5305 ita
2696 5266 2755 5307 se
2787 5252 3039 5321 haberet,
3077 5268 3207 5311 ecce
3255 5257 3463 5311 audivit
3488 5253 3789 5312 Maximiani

2229 5338 2401 5393 filium
2456 5341 2773 5396 convivium
2840 5344 3152 5412 instruere;
3205 5360 3269 5401 ac
3312 5348 3551 5417 jussisse
3600 5356 3789 5419 patrem

2232 5432 2407 5501 ipsius
2444 5443 2499 5487 ut
2527 5434 2853 5491 accedentes
2885 5436 3169 5491 hominum
3217 5439 3382 5492 etiam
3418 5439 3590 5493 inlitni
3632 5436 3791 5494 convi-

2234 5526 2321 5578 vio
2352 5526 2494 5594 ejus,
2527 5535 2819 5597 postquam
2854 5530 3179 5585 comedendi
3217 5530 3379 5585 finem
3418 5532 3683 5587 fecissent
3710 5542 3788 5583 noo

2235 5617 2393 5681 biles,
2429 5621 2714 5675 adessent.
2751 5622 3041 5678 Profectus
3075 5632 3315 5695 estergo
3350 5625 3585 5694 Sapores
3623 5624 3788 5679 habitu

2235 5711 2470 5768 mendici
2525 5713 2767 5785 indutus,
2826 5726 2883 5771 ut
2938 5718 3101 5772 (mini
3158 5718 3282 5773 huic
3332 5718 3618 5774 interesset
3679 5719 3786 5770 Dum
