4068 6160
448 292 579 357 1001

1886 297 2253 362 ANNALES.

3570 300 3708 364 1002

438 415 622 460 autem
672 407 787 475 ipse
823 420 1024 461 incnsze
1055 408 1435 472 accuutbcret,
1485 423 1613 465 cccc
1649 408 2018 464 Maximianus
2052 421 2088 472 Α
2122 412 2315 466 audito
2348 414 2588 485 linguam
2643 416 2890 485 ipsorum
2920 415 3193 471 intellexit
3224 416 3486 486 Sapores.
3541 419 3713 494 uo

440 503 742 569 imperator
793 515 891 552 vas
931 500 1205 569 quoddam
1259 502 1485 555 ervasis
1511 501 1762 570 Saporis,
1807 501 1898 555 cui
1945 503 2029 555 in-

438 595 657 662 sculpta
686 602 805 647 erat
837 595 1014 663 ipsius
1044 594 1224 663 imago
1244 634 1259 658 ,
1314 593 1577 662 protulit,
1609 597 1662 648 iu
1693 609 1805 664 quo
1837 594 2030 647 biben-

401 688 571 739 ‘tlllill
624 686 945 753 imperatori
993 686 1348 756 pradiuerunt
1396 688 1542 743 servi
1593 686 1734 757 ejus,
1776 702 1876 741 nec
1921 701 2027 741 non

441 777 511 829 iis
540 778 632 844 qui
667 777 817 829 circa
852 776 1030 844 ipsum
1079 786 1266 830 essent
1310 776 1651 845 proceribus,
1682 777 1861 832 donec
1908 790 2031 849 per-

440 868 552 919 lato
579 866 801 921 tandem
841 868 1036 935 poculo
1066 867 1130 921 ad
1162 867 1455 936 quemdam
1488 884 1520 923 e
1564 868 1906 941 sapientibus
1947 869 2030 936 ip-

448 972 635 1011 sorum
664 956 755 1026 qui
786 968 840 1009 et
867 956 1174 1026 astrologia:
1200 966 1254 1010 et
1282 955 1787 1027 physiognomonim
1813 954 2029 1009 deditus

443 1048 570 1110 fuit,
624 1048 713 1100 ille
765 1048 1008 1115 inspecta
1059 1046 1315 1117 imagine,
1373 1062 1499 1101 cum
1555 1058 1610 1103 et
1656 1054 1816 1101 antea
1864 1043 2034 1119 516

441 1137 670 1206 Saporis
704 1139 755 1190 in
787 1151 1052 1190 consessu
1076 1136 1319 1191 sedentis
1359 1139 1571 1190 vultum
1600 1136 1983 1207 conspexisset
2009 1152 2025 1189 :

442 1224 615 1281 Video
669 1225 897 1295 (inquit)
946 1226 1090 1279 inter
1140 1226 1560 1281 discumbentes
1588 1226 1884 1296 quemdam
1933 1227 2026 1295 qui

443 1320 734 1387 imaginem
759 1326 813 1372 et
846 1318 1076 1386 figuram
1110 1317 1272 1372 istam
1304 1318 1505 1387 poculo
1532 1318 1661 1373 huic
1693 1318 2027 1388 insculptam

445 1410 656 1475 refert;
700 1410 844 1474 quod
885 1411 932 1462 si
968 1410 1085 1478 ipse
1117 1408 1356 1479 Sapores
1404 1423 1516 1463 non
1565 1408 1662 1475 sit,
1722 1423 1832 1464 non
1862 1417 1947 1464 est
1974 1408 2030 1462 in

445 1516 594 1560 terra
631 1503 907 1573 quispiam
948 1502 1052 1571 ipsi
1102 1502 1359 1557 similior.
1413 1500 1662 1571 Rogante
1694 1516 1829 1572 ergo
1860 1500 2031 1555 Maxi-

443 1596 986 1665 mianoimperatore
1035 1593 1295 1663 quisnam
1329 1594 1423 1649 ille
1446 1603 1627 1659 esset;
1676 1594 1803 1649 ille:
1859 1593 2030 1649 Video

446 1686 671 1758 (inquit)
728 1686 783 1738 in
820 1686 924 1739 hoc
958 1684 1161 1753 poculo
1200 1684 1429 1756 Saporis
1480 1682 1804 1755 imaginem,
1860 1694 2029 1753 atque

2134 505 2304 559 Erant
2328 515 2509 561 autem
2546 508 2680 574 ipsis
2711 518 2863 565 utres
2894 509 3016 563 oleo
3058 511 3233 578 pleni.
3286 509 3495 568 Horum
3542 514 3711 584 igitur

2131 599 2349 652 cuidam
2382 610 2543 654 noctu
2570 600 2636 654 ad
2664 616 2724 656 se
2754 609 2949 656 vocato
2975 604 3113 656 dixit
3139 618 3153 654 :
3188 603 3263 656 Ex
3291 603 3379 658 his
3408 613 3585 660 utrem
3616 605 3709 661 ali-

2133 707 2294 762 quem
2348 704 2633 762 acceptum
2682 695 2738 749 in
2794 710 2881 751 me
2938 696 3212 761 eﬂ‘undas,
3250 698 3396 767 quod
3444 714 3571 756 cum
3618 698 3712 759 ille

2132 784 2339 839 fecerat
2365 785 2731 843 madefactum
2765 796 2850 843 est
2882 790 3060 843 lorum
3094 806 3203 859 quo
3232 791 3573 848 constrictus
3602 803 3708 850 est.

2133 877 2403 946 Egressus
2427 892 2583 945 ergo,
2643 880 2819 932 instar
2863 878 3054 934 bestiae
3090 879 3319 936 incessit
3343 881 3521 939 donec
3556 885 3711 940 urbis

2133 978 2302 1034 portae
2328 971 2555 1039 prOpior
2575 969 2757 1027 factus
2778 972 3135 1028 exclamaret.
3172 973 3712 1049 lnciamantibusque

2131 1057 2307 1125 ipsum
2343 1061 2670 1118 custodibus
2703 1078 2902 1118 nomen
2928 1080 3090 1121 suum
3120 1065 3382 1123 indicavit
3404 1106 3421 1133 ,
3453 1070 3547 1137 qui
3576 1083 3710 1125 voce

2128 1150 2250 1219 ejus
2277 1153 2487 1221 agnita,
2538 1164 2754 1223 portam
2785 1156 2937 1213 urbis
2966 1158 3070 1227 ipsi
3108 1166 3463 1225 aperuerunt.
3514 1158 3709 1227 Quam-

2130 1246 2368 1313 primum
2419 1256 2600 1301 autem
2662 1250 2852 1306 urbem
2900 1251 3181 1321 ingressus
3221 1261 3332 1321 est,
3380 1267 3580 1323 magno
3633 1254 3711 1308 illi

2130 1336 2331 1406 gaudio
2359 1337 2565 1407 perfusi
2599 1354 2790 1396 vocem
2844 1347 3192 1397 sustulerunt
3220 1345 3390 1400 Deum
3422 1346 3713 1401 laudantes

2130 1440 2196 1481 ac
2224 1430 2589 1487 celebrantes.
2662 1432 2983 1505 Experrecti
3032 1437 3203 1505 igitur
3234 1437 3550 1493 Maximiani
3573 1438 3713 1494 socii

2131 1522 2413 1590 suppetias
2474 1524 2613 1594 ipsis
2646 1539 2676 1580 a
2710 1536 2863 1597 tergo
2884 1530 3178 1585 advenisse
3210 1532 3314 1585 rati
3354 1540 3504 1586 sunt.
3566 1530 3717 1587 Dixit

2131 1622 2310 1668 autem
2344 1614 2582 1687 Sapores
2611 1619 2720 1675 illis
2753 1624 2845 1692 qui
2875 1624 2930 1678 in
2966 1638 3093 1679 arce
3124 1632 3282 1680 erant
3310 1639 3325 1678 :
3363 1625 3561 1682 Parate
3594 1641 3713 1693 vos,

2133 1715 2336 1763 nteum
2367 1724 2650 1779 campana:
2674 1728 2870 1767 sonum
2888 1715 3173 1771 audieritis
3205 1718 3260 1770 in
3294 1716 3444 1785 ipsos
3466 1718 3713 1773 irritatis.

443 1781 536 1834 hic
567 1778 656 1833 ille
689 1785 775 1879 est
814 1793 828 1831 :
853 1777 1247 1879 prehensi!th
1279 1775 1507 1877 5309739
1536 1790 1703 1831 manu
1732 1778 1928 1879 _il‘5“‘“
2065 1778 2108 1837 Β
2136 1798 2292 1865 Quod
2330 1817 2451 1857 cum
2484 1775 2770 1873 fecissent,
2799 1808 2855 1861 in
2876 1806 3059 1879 fugam
3089 1823 3273 1864 coram
3302 1775 3435 1879 ipsis
3462 1811 3715 1866 conversi

446 1884 629 1940 regem
665 1867 917 1932 adduxit,
970 1866 1069 1937 qui
1098 1867 1280 1935 ipsum
1314 1868 1572 1937 quisnam
1596 1875 1748 1924 esset
1775 1867 2028 1937 rogavit?

443 1959 535 2013 cui
585 1957 825 2027 Sapores
862 1974 877 2010 :
910 1954 1042 2009 Sum
1094 1970 1197 2027 ego
1252 1972 1462 2025 pauper
1506 1956 1732 2028 quidam
1771 1973 1801 2013 e
1836 1958 2034 2016 Persia)

447 2052 665 2107 incolis.
701 2048 1033 2118 Suspicatus
1064 2065 1194 2104 vero
1232 2049 1603 2106 Maximianus
1633 2051 1766 2104 illud
1793 2052 1940 2119 quod
1980 2055 2032 2107 in

446 2149 570 2214 ipso
607 2143 1100 2207 animadverterat,
1148 2145 1440 2213 ipsumque
1478 2141 1625 2196 haud
1672 2159 1800 2198 vera
1850 2143 2035 2198 dicere

447 2238 783 2308 percipiens,
818 2237 1203 2293 vehementius
1232 2236 1411 2306 ipsum
1452 2235 1834 2306 interrogavit.
1882 2234 2028 2290 Dixit

444 2331 616 2401 igitur
662 2330 798 2401 ipsis
856 2330 1144 2402 Sapores:
1196 2328 1462 2396 Quoniam
1505 2327 1648 2398 quod
1698 2341 1886 2381 verum
1951 2337 2035 2383 est

448 2422 636 2488 vultis,
665 2437 788 2477 sum
814 2436 914 2494 ego
952 2439 982 2477 e
1013 2421 1215 2477 Persia,-
1244 2421 1501 2484 ducibus,
1529 2420 1689 2491 cujus
1719 2428 1874 2490 pater
1906 2434 2032 2476 cum

446 2518 503 2570 in
538 2529 723 2586 regem
755 2515 999 2584 graviter
1020 2514 1366 2585 deliquisset.
1402 2513 1496 2569 ille
1529 2515 1707 2583 ipsum
1737 2512 2031 2579 interfecit.

446 2608 647 2679 opibus
676 2606 850 2676 ipsius
882 2606 1101 2662 ablatis.
1160 2605 1269 2679 Ego
1317 2619 1471 2676 ergo,
1523 2604 1655 2659 mihi
1681 2616 1934 2661 metuens
1961 2606 2031 2661 ad

449 2710 547 2751 vos
578 2710 665 2750 me
688 2694 923 2761 contuli,
960 2710 1192 2765 sperans
1221 2710 1309 2751 me
1340 2695 1396 2748 in
1430 2695 1651 2765 regione
1682 2703 1855 2749 vestra
1878 2712 2035 2751 seen.

447 2803 567 2841 rum
598 2786 736 2843 fore.
759 2786 842 2841 Ad
876 2789 1198 2859 pauperiem
1221 2797 1405 2843 autem
1435 2786 1718 2850 redactus,
1754 2799 1804 2842 et
1837 2803 2030 2844 neces-

447 2884 608 2937 sitate
660 2881 954 2953 impulsus.
1009 2883 1121 2938 buc
1170 2882 1292 2938 veni
1344 2895 1458 2952 pra
1507 2896 1572 2935 ea
1625 2895 1737 2951 qua
1800 2883 2034 2954 urgebar

449 2975 615 3041 fame,
678 2975 976 3045 indigentia
1026 2989 1091 3031 ac
1139 2982 1490 3046 paupertate.
1535 2970 1745 3028 Miserti
1791 2989 1925 3044 ergo
1952 2976 2034 3044 ip-

446 3064 588 3132 sius,
641 3080 769 3120 vera
808 3066 988 3136 ipsum
1044 3066 1249 3124 dixisse
1300 3066 1426 3129 rati,
1454 3079 1582 3119 eum
1643 3065 1925 3122 dimittere
1978 3068 2029 3121 in

444 3158 631 3213 animo
673 3157 1005 3213 habuerunt.
1060 3156 1245 3212 Vetuit
1296 3168 1477 3215 autem
1536 3155 1659 3211 illos
1684 3158 1882 3213 doctus
1915 3157 2024 3223 ille,
2059 3138 2103 3195 ο

449 3251 685 3307 dicens:
720 3250 923 3307 Sciatis
953 3254 1099 3305 hunc
1123 3254 1415 3321 ipsummet
1446 3249 1709 3318 Saporem
1729 3264 1851 3306 esse
1893 3268 1907 3305 :
1946 3266 2031 3307 veo

458 3343 770 3399 bementius
827 3359 959 3411 ergo
1021 3344 1123 3414 ipsi
1181 3345 1385 3397 instate
1451 3340 1629 3396 donec
1684 3356 1881 3396 verum
1951 3344 2022 3397 de

445 3451 508 3491 se
571 3435 726 3489 vobis
786 3428 1011 3488 indicet.
1070 3433 1387 3491 Imminebat
1436 3431 1838 3505 417-519
1898 3449 2030 3505 ergo

455 3530 557 3598 ipsi
590 3527 960 3585 Maximianus
992 3529 1309 3598 imperator,
1350 3532 1553 3585 caedem
1589 3532 1833 3585 minatus
1865 3538 2031 3599 atque

452 3622 556 3675 hac
603 3619 779 3677 solum
831 3618 1148 3676 conditione
1210 3620 1565 3676 securitatem
1619 3622 1921 3692 pollicitus,
1980 3622 2027 3675 si

451 3727 598 3775 vere,
628 3714 753 3783 quis
785 3722 955 3779 esset,
998 3712 1290 3767 indicaret.
1336 3712 1481 3768 Dixit
1521 3713 1758 3783 Saporcs
1787 3733 1802 3767 :
1834 3714 2029 3768 Mirum

447 3814 533 3862 est
554 3803 704 3874 quod
738 3804 942 3875 putetis
968 3802 1232 3878 Saporem
1278 3807 1517 3875 inopiam
1555 3816 1610 3862 et
1644 3816 2028 3878 paupertatem

452 3901 508 3953 in
559 3899 783 3968 regione
830 3906 1015 3953 vestra
1071 3897 1402 3963 eiecturum,
1435 3900 1618 3969 pntius
1664 3916 1829 3969 quam
1867 3910 1924 3955 ut
1972 3902 2028 3956 in

454 4005 622 4061 regno
648 4005 751 4046 suo
789 3989 1144 4046 subsisteret.
1176 3990 1261 4045 illi
1288 4006 1420 4049 vero
1451 3992 1559 4047 hoc
1598 3993 1666 4049 ab
1704 4008 1772 4049 eo
1798 4007 2026 4063 respon-

451 4101 572 4140 sum
624 4100 731 4139 non
787 4094 1141 4153 acceperunt,
1203 4084 1380 4141 donec
1424 4100 1483 4141 se
1535 4101 1723 4143 revera
1764 4086 2024 4158 Saporem

448 4193 575 4233 esse
613 4178 908 4234 confessiis
938 4189 1111 4233 esset.
1146 4176 1311 4235 Jussu
1342 4194 1473 4250 ergo
1501 4176 1822 4234 Maximiani
1857 4181 2029 4249 impe-

452 4271 651 4325 ratoris
705 4284 882 4324 vaccae
934 4269 1125 4340 ﬁgura:
1161 4285 1309 4325 cava:
1351 4286 1381 4325 e
1418 4272 1587 4327 coriis
1636 4271 1853 4327 bovinis
1898 4287 2028 4327 con-

452 4364 628 4427 fecta,
684 4346 990 4432 impositus.
1023 4372 1142 4425 est,
1174 4377 1285 4432 qua
1331 4363 1529 4420 deinde
1557 4365 1777 4419 occlusa
1829 4364 2024 4435 vigiles

451 4456 552 4527 ipsi
585 4462 637 4509 et
663 4454 919 4509 custodes
948 4454 1209 4523 praefecit.

522 4548 661 4603 Tum
714 4546 917 4602 Persia
980 4548 1255 4617 regionem
1299 4562 1587 4617 aggressus
1641 4547 2026 4611 Maximianus.

452 4655 653 4711 magna
686 4640 864 4693 tribus
912 4640 1157 4709 ipsorum
1204 4646 1409 4708 strage,
1464 4640 1630 4694 urbes
1661 4640 1820 4695 ruina
1851 4650 2033 4696 vasta-

450 4737 525 4788 vit
560 4752 575 4791 :
607 4749 707 4790 nec
737 4749 844 4787 non
871 4733 1099 4786 arbores
1122 4731 1443 4800 palmasque
1465 4733 1793 4802 amputavit.
1823 4731 2032 4803 Sapore

452 4829 669 4884 interim
702 4829 878 4896 ipsum
909 4839 1239 4894 quocunque
1266 4826 1367 4878 iret
1394 4826 1713 4881 comitante.
1740 4824 1924 4896 Neque
1956 4828 2030 4880 ita

450 4931 512 4973 se
552 4917 753 4971 habere
776 4914 938 4970 desiit
966 4913 1144 4967 donec
1177 4913 1244 4967 ad
1271 4912 1648 4971 .iondi-Sabur
1670 4916 2028 4985 pervenisset,

453 5012 506 5065 in
538 5026 644 5081 qua
676 5010 990 5064 munierant
1016 5022 1076 5063 se
1103 5006 1396 5063 Persarum
1432 5009 1727 5079 primores,
1780 5008 1943 5079 cujus
1977 5017 2031 5063 et

448 5103 740 5161 dimidium
774 5102 1050 5157 machinis
1101 5102 1155 5154 in
1192 5116 1313 5157 eam
1351 5099 1581 5157 directis
1622 5102 1894 5169 deiecerat
1923 5101 2026 5156 nisi

447 5195 596 5267 quod
626 5196 800 5265 ipsam
838 5194 1047 5263 ingredi
1098 5209 1207 5247 non
1254 5205 1456 5264 posset.
1514 5193 1696 5249 Rebus
1741 5202 1922 5249 autem
1958 5196 2029 5248 ita

450 5303 510 5345 se
543 5287 871 5342 habentibus
905 5296 1066 5341 nocte
1107 5286 1345 5357 quadam
1378 5285 1638 5341 custodes
1679 5279 1891 5355 Sapore
1922 5299 2019 5340 ne-

448 5380 741 5452 gligentius
773 5378 956 5431 habito
991 5386 1233 5447 portam,
1268 5391 1364 5447 per
1395 5391 1558 5446 quam
1595 5376 1649 5430 in
1678 5374 1908 5444 figuram
1940 5376 2028 5430 in-

443 5472 539 5545 jici
589 5471 805 5528 solebat
834 5469 1017 5533 cibus.
1074 5484 1184 5544 pon
1221 5469 1641 5524 obseraverant.
1682 5466 1812 5521 Erat
1842 5476 2027 5521 autem

450 5579 557 5620 nox
610 5561 908 5623 Oshanau,
966 5562 1142 5632 (juxta
1174 5561 1325 5615 aliud
1369 5559 1669 5629 exemplar.
1733 5574 1839 5614 nox
1868 5556 2027 5627 festa)

452 5656 784 5724 fueruntque
836 5652 987 5708 circa
1045 5654 1222 5725 ipsum
1256 5667 1322 5708 ex
1374 5652 1570 5707 incolls
1616 5652 1844 5714 Abvazi,
1890 5665 2030 5721 quos

453 5748 689 5807 Romani
718 5746 964 5817 captivos
991 5757 1273 5815 ceperant,
1308 5744 1491 5810 multi,
1514 5758 1750 5818 quorum
1771 5757 2028 5803 sermone

773 5845 1045 5905 PATItOL.
1091 5840 1209 5903 Gtt.
1256 5838 1422 5903 CXI.

2137 1901 2266 1947 sunt
2296 1892 2529 1953 Romani
2556 1912 2574 1951 :
2600 1912 2741 1968 quos
2767 1900 2953 1970 gladio
2983 1902 3236 1968 insecuti,
3271 1916 3525 1973 magnam
3563 1902 3718 1974 ipso-

2136 2001 2257 2041 rum
2291 1997 2532 2059 stragem
2583 1992 2904 2060 ediderunt,
2953 1994 3187 2066 direptis
3224 2012 3346 2067 qua:
3391 1997 3527 2065 ipsis
3556 2004 3718 2052 erant

2137 2080 2335 2148 opibus
2375 2090 2430 2137 et
2476 2085 2772 2142 thesauris.
2818 2084 3028 2143 Deinde
3070 2088 3311 2160 Sapores
3339 2088 3712 2146 lioinanorum

2139 2172 2416 2242 regionem
2474 2175 2759 2246 ingressus
2798 2194 3053 2249 magnam
3080 2194 3270 2236 eorum
3312 2192 3551 2255 stragem
3603 2183 3718 2239 edi-

2137 2265 2235 2327 dit,
2271 2267 2579 2338 multasque
2614 2273 2845 2327 vastavit
2876 2273 3062 2340 urbes,
3110 2276 3302 2331 multis
3332 2277 3459 2331 inde
3482 2277 3718 2347 captivis

2136 2358 2411 2416 abductis.
2450 2360 2711 2418 Grassata
2758 2372 2847 2420 est
2886 2375 3071 2422 autem
3116 2369 3172 2423 in
3209 2368 3586 2426 Romanorum
3632 2386 3721 2426 re-

2135 2452 2296 2521 gione
2345 2454 2518 2510 fames
2565 2458 2789 2526 gravis;
2822 2462 3104 2531 pestisque
3149 2473 3204 2517 et
3251 2463 3434 2533 plaga,
3467 2464 3606 2519 adeo
3656 2471 3717 2519 ut

2138 2556 2386 2604 mortuos
2430 2562 2540 2619 prae
2580 2550 2933 2608 multitudine
2971 2554 3209 2623 ipsorum
3243 2558 3479 2627 sepelire
3518 2560 3715 2629 nequi-

2136 2650 2278 2695 rent.
2337 2640 2527 2713 itaque
2572 2644 2718 2700 bello
2754 2643 3002 2715 Saporis,
3053 2649 3195 2702 fame
3229 2688 3244 2713 ,
3292 2651 3604 2720 pestilentia
3657 2661 3715 2707 et

2135 2742 2311 2788 morte
2357 2748 2388 2788 a
2434 2736 2761 2792 Christianis
2821 2739 3215 2798 interficiendis
3286 2744 3493 2800 detenti
3566 2754 3715 2803 sunt.

2133 2823 2307 2883 Porro
2336 2825 2666 2896 Maxentius,
2700 2828 3073 2912 Romanorum
3103 2835 3462 2911 421-423
3488 2840 3718 2910 impera-

2136 2930 2243 2986 tor,
2278 2922 2537 2979 omnibus
2590 2924 2685 2993 qui
2732 2933 2860 2981 ante
2899 2926 3079 2997 ipsum
3118 2930 3522 2999 imperaverant
3563 2933 3715 3005 pejor

2135 3007 2260 3077 fuit,
2297 3026 2489 3069 omnes
2520 3016 2615 3085 qui
2666 3014 2852 3073 nonne
2883 3030 3064 3090 erant,
3135 3024 3410 3095 pracipes
3442 3026 3717 3083 Christia-

2137 3119 2237 3159 nos
2269 3144 2285 3169 .
2335 3107 2388 3161 in
2446 3108 2771 3165 servitutem
2804 3113 3078 3184 redigens,
3123 3118 3319 3184 Opibus
3357 3119 3600 3191 ipsorum
3633 3123 3718 3179 di-

2135 3199 2330 3267 reptis,
2362 3201 2683 3258 mulieribus
2711 3215 2764 3258 et
2793 3210 2980 3276 pueris
3014 3208 3344 3269 interfectis.

2207 3290 2341 3345 Cum
2370 3306 2498 3361 ergo
2527 3295 2778 3351 audirent
2799 3296 2983 3355 Romae
3014 3301 3226 3368 incolas,
3265 3303 3534 3374 imperare
3564 3307 3712 3365 Con-

2134 3390 2455 3456 stantinum,
2488 3393 2773 3464 ipsumque
2807 3395 2933 3448 ntali
2976 3411 3216 3464 osorem,
3261 3401 3385 3455 boni
3433 3414 3708 3460 amantem

2130 3498 2275 3549 esse,
2312 3492 2474 3554 atque
2508 3485 2737 3556 imperio
2762 3486 2934 3556 ipsius
2959 3490 3207 3546 subditos
3228 3495 3622 3563 tranquillitate
3648 3512 3713 3551 ac

2133 3592 2265 3645 pace
2300 3578 2405 3631 sub
2443 3578 2561 3649 ipso
2592 3580 2722 3642 frui.
2769 3578 2978 3638 iitt'eras
3025 3585 3094 3641 ad
3146 3586 3324 3656 ipsum
3375 3590 3715 3659 scripserunt

2130 3684 2322 3725 eorum
2354 3673 2644 3742 primores,
2675 3676 2879 3744 quibus
2907 3678 3079 3748 ipsum
3126 3692 3388 3751 rogarunt
3432 3697 3497 3737 ac
3534 3685 3711 3754 petie-

2132 3771 2279 3827 iunt,
2330 3772 2387 3819 ut
2421 3765 2619 3835 ipsosa
2653 3768 2907 3825 Maxentii
2940 3772 3200 3828 servitute
3233 3773 3502 3830 liberaret.
3534 3776 3715 3833 Lectis

2133 3857 2221 3911 ille
2254 3859 2493 3927 ipsorum
2526 3862 2721 3918 litteris
2750 3878 2942 3933 magna
2977 3881 3099 3921 cum
3136 3867 3440 3923 afficeretur
3463 3872 3710 3939 tristitia,

2129 3950 2329 4006 dubius
2370 3954 2545 4018 haesit,
2568 3956 2697 4023 quid
2728 3955 2935 4011 faceret
2956 3957 3198 4014 nescius.
3227 3959 3361 4014 Dum
3390 3971 3569 4017 autem
3594 3963 3710 4020 haec

2130 4045 2313 4098 animo
2338 4047 2595 4111 volveret,
2621 4063 2747 4104 ecce
2772 4052 3025 4121 apparuit
3048 4053 3123 4106 illi
3153 4053 3273 4122 ipso
3301 4059 3545 4124 meridie,
3575 4074 3710 4115 crux

2129 4138 2345 4193 esteilis
2368 4138 2762 4208 fuigens,circa
2793 4158 2954 4212 quam
2979 4146 3239 4215 scriptum
3261 4156 3402 4215 erat,
3430 4151 3540 4205 Hoc
3561 4156 3712 4222 signa

2128 4232 2317 4286 rinces.
2370 4230 2637 4303 Egressus
2676 4252 2807 4306 ergo
2842 4240 3008 4294 sociis
3033 4241 3150 4296 suis
3174 4242 3311 4295 dixit
3342 4264 3357 4299 :
3413 4243 3710 4304 Vidistisne

2125 4325 2269 4395 quod
2299 4342 2397 4395 ego
2423 4327 2560 4381 vidi?
2587 4339 2984 4399 responderunt
3013 4334 3087 4389 illi
3115 4351 3131 4389 :
3162 4333 3353 4392 Etiam.
3386 4337 3461 4393 Ex
3486 4355 3551 4395 eo
3579 4358 3711 4411 ergo

2128 4426 2372 4489 tempore
2436 4420 2751 4491 religionem
2820 4425 3174 4482 cbristianam
3249 4434 3534 4501 amplexus
3604 4448 3706 4492 est.

2057 4480 2104 4538 θ
2137 4510 2373 4583 Fuitque
2405 4514 2530 4581 hoc,
2556 4530 2704 4572 anno
2734 4518 2802 4573 ab
2821 4520 2974 4575 obitu
3002 4523 3176 4591 patris
3199 4480 3372 4595 ipsius
3394 4526 3710 4584 Constantis

2136 4617 2310 4663 sexto.
2334 4606 2733 4667 Constantinus
2756 4628 2887 4685 ergo
2910 4615 3208 4671 instructus
3233 4619 3407 4689 copiis
3424 4623 3703 4678 omnibus-

2135 4716 2241 4771 que
2271 4703 2336 4756 ad
2391 4700 2725 4759 Maxentium
2766 4704 3142 4764 Ronnanorum
3184 4711 3569 4783 imperatorem
3613 4731 3710 4787 op-

2137 4794 2483 4865 pugnandum
2516 4797 2744 4866 paratis,
2777 4813 2998 4854 crucem
3025 4817 3271 4873 magnam
3311 4806 3571 4872 confecit,
3604 4825 3710 4878 qua

2137 4890 2332 4945 vexillo
2359 4890 2783 4961 superimposita
2804 4895 3082 4965 profectus
3122 4905 3207 4951 est
3244 4895 3576 4958 lMaxentium
3612 4919 3709 4973 ag.

2135 4997 2451 5053 gressurus.
2494 4982 2800 5041 Maxentius
2833 5001 2961 5042 vero
2984 4988 3171 5043 audito
3193 4990 3610 5051 Constantinum
3642 4998 3711 5053 ad

2136 5076 2336 5133 bellum
2366 5078 2469 5149 ipsi
2514 5078 2856 5135 inferendum
2890 5083 3174 5149 accedere.
3199 5100 3258 5140 se
3284 5096 3340 5140 et
3378 5088 3497 5157 ipse
3549 5103 3709 5161 para-

2134 5173 2232 5235 vit,
2258 5171 2536 5244 ﬂuvioque
2553 5176 2644 5244 qui
2666 5174 2854 5232 Roma
2874 5177 3088 5249 adjacet
3114 5187 3277 5250 ponte
3307 5188 3504 5246 strato,
3526 5186 3715 5254 copias

2134 5282 2263 5324 suas
2288 5283 2481 5327 omnes
2513 5270 2770 5338 edocens,
2797 5286 2924 5331 cum
2947 5274 3313 5333 Constantino
3337 5275 3503 5351 ἀπ
3524 5282 3715 5349 praelia

2133 5362 2433 5417 contendit.
2465 5361 2823 5416 Constantino
2866 5372 3045 5419 autem
3088 5365 3312 5420 victoria
3349 5370 3543 5437 potito.
3593 5387 3705 5426 ma-

2133 5466 2346 5521 gnaque
2376 5452 2647 5507 sociorum
2695 5451 2953 5508 Maxentii
3000 5464 3179 5525 strage
3220 5456 3390 5521 edita,
3436 5456 3573 5527 fugit
3626 5460 3715 5513 ille

2133 5556 2256 5598 cum
2279 5546 2489 5615 exiguis
2512 5560 2702 5600 eorum
2731 5545 2976 5615 reliquiis
3006 5547 3074 5600 ad
3119 5544 3317 5603 Urbem
3349 5551 3713 5605 contendens.

2134 5640 2282 5697 Eliso
2304 5654 2436 5696 vero
2470 5640 2572 5695 sub
2596 5640 2730 5711 ipsis
2758 5649 2943 5710 ponte,
2987 5641 3313 5698 submersus
3335 5653 3423 5701 est
3449 5658 3573 5706 cum
3598 5653 3714 5701 suis

2136 5735 2462 5801 ﬂuentius,
2488 5734 2624 5793 adeo
2665 5746 2723 5791 ut
2757 5747 2867 5805 qua
2897 5735 3095 5792 mersis
3121 5750 3226 5807 qua
3252 5736 3412 5793 casis
3460 5736 3715 5809 Impieta—

3201 5830 3278 5893 32
