4070 6152
382 278 514 344 1003

1391 282 1693 343 EUTYCII
1711 282 1764 341 ll
1804 282 2103 341 ᾹΗΞΧᾹΝ
2119 280 2341 344 DllINl
2386 281 2579 341 PATR
2596 327 2608 338 .

3492 281 3631 344 100i

377 395 463 442 tttr
488 386 705 444 ﬂuvius.
740 386 955 458 l‘lgteSsi
991 404 1122 461 ergo
1156 390 1383 446 liomaui
1430 409 1553 446 cum
1596 393 1818 447 coronis
1859 407 1926 444 att
1988 401 2027 456 Α
2063 395 2246 449 exutis
2306 394 2552 452 vestibus
2622 396 2673 448 in
2712 394 2889 448 lacum
2938 408 2997 449 se
3032 395 3326 465 projitieus
3384 394 3433 447 in
3470 392 3633 447 Citri-

377 481 505 544 reis,
546 479 888 552 diversisque
937 484 1268 540 ludicrorum
1325 498 1378 539 et
1422 488 1573 542 lusus
1622 484 1954 555 generibus,

374 572 736 628 Constantino
758 585 1140 642 occurrerunt,
1182 592 1376 648 magna
1407 578 1478 632 ob
1528 579 1702 646 ipsius
1746 575 1947 630 isdt't‘ll-

380 665 488 718 tam
535 666 714 721 laetitia
766 666 962 722 allecti.
993 666 1085 723 ille
1112 668 1201 723 ubi
1245 672 1433 723 urbem
1467 671 1743 735 ingressus
1784 674 1953 732 esset,

379 768 678 829 martyrum
715 759 1143 815 christianorntn
1199 761 1462 829 crucique
1491 758 1794 823 alIixorttnt,
1829 773 1955 813 cor-

376 866 503 920 pora
539 852 753 922 sepeliri
775 851 960 921 jussit.
993 850 1142 921 lique
1162 851 1256 921 qui
1282 851 1407 923 fuga
1455 868 1514 908 se
1555 850 1952 915 subduxerant,

374 954 427 997 et
451 958 590 1013 quos
619 944 873 999 exsulare
902 943 1147 1013 jusserat
1186 943 1521 1008 Maxentius,
1547 943 1600 997 in
1630 943 1862 1014 patriam
1893 951 1949 998 et

374 1040 550 1093 locum
578 1052 736 1093 suum
774 1037 973 1093 reversi
1008 1044 1155 1092 sunt.
1181 1034 1337 1104 Quod
1360 1037 1404 1091 si
1426 1033 1513 1091 cui
1540 1034 1670 1106 quid
1699 1042 1947 1105 ereptum

372 1134 587 1197 luisset,
632 1130 761 1186 illud
799 1129 901 1201 ipsi
939 1129 1200 1187 restituit.
1240 1129 1457 1199 Septem
1502 1143 1633 1197 ergo
1660 1126 1853 1183 diebus
1893 1127 1950 1181 in

370 1224 516 1293 regis
539 1220 803 1277 etcrttcis
825 1220 1086 1274 honorem
1130 1217 1328 1273 festum
1366 1216 1740 1282 celebrarunt,
1777 1216 1945 1271 eden-

369 1324 475 1379 tes,
502 1314 753 1369 bibentes
781 1320 837 1367 et
879 1311 1061 1367 latitia
1105 1308 1337 1381 perfusi.
1391 1309 1519 1365 Haec
1549 1322 1675 1365 cum
1703 1308 1948 1364 audisset

371 1406 721 1475 Maximinus,
770 1403 1026 1461 Galerius
1074 1402 1427 1472 appellatus..
1467 1416 1664 1473 magna
1720 1399 1811 1457 ille
1864 1402 1944 1455 ira

367 1510 705 1561 estestuans,
750 1496 995 1550 tollet-tis
1024 1493 1200 1563 copiis
1242 1493 1358 1549 suis
1387 1492 1663 1565 prolectus
1688 1500 1777 1548 est
1802 1489 1949 1547 Con-

367 1591 673 1643 stantinum
703 1586 845 1641 bello
865 1598 1249 1656 aggressurus.
1273 1582 1395 1650 Quo
1424 1582 1608 1638 audito
1631 1581 1945 1638 Constanti-

371 1696 472 1734 nus
509 1682 674 1733 etiam
714 1676 1001 1733 instructis
1041 1675 1221 1748 copiis
1258 1676 1534 1747 rebusque
1570 1674 1797 1746 paratis,
1841 1675 1945 1746 ipsi

367 1774 581 1827 obviam
620 1772 738 1826 ivit.
795 1768 1074 1824 Maximini
1112 1776 1293 1825 autem
1343 1770 1595 1835 comites,
1627 1768 1745 1824 visa
1777 1784 1944 1838 super

376 1870 574 1921 vexillo
603 1882 789 1936 cruce,
834 1867 886 1922 in
912 1866 1093 1941 l‘ugam
1114 1882 1301 1926 coram
1344 1868 1466 1941 ipso
1491 1868 1741 1925 conversi
1786 1874 1937 1930 sunt,

367 1973 507 2028 quos
552 1958 735 2027 gladio
778 1959 1060 2015 insecutus
1103 1972 1358 2031 magnam
1414 1960 1657 2029 ipsorum
1698 1968 1937 2024 stragem

365 2050 556 2115 edidit,
587 2051 709 2106 aliis
733 2052 894 2105 etiam
925 2052 1153 2122 captivis
1193 2052 1371 2117 laetis,
1409 2050 1534 2107 aliis
1562 2051 1732 2120 ipsius
1777 2049 1936 2104 iidem

367 2143 805 2213 implorantibus,
821 2148 956 2199 adeo
973 2154 1029 2201 ut
1043 2143 1368 2200 Maximinus
1382 2145 1559 2200 nudus
1576 2143 1812 2215 fugiens,
1829 2158 1937 2197 non

368 2244 607 2289 cessaret
626 2233 980 2310 535-527
1014 2251 1047 2292 a
1070 2238 1189 2291 loco
1219 2237 1285 2291 ad
1319 2237 1497 2293 locum
1527 2254 1586 2291 se
1612 2236 1945 2302 subducere,

366 2324 541 2379 donec
567 2324 633 2379 ad
666 2327 854 2381 urbem
882 2340 1037 2381 suam
1065 2326 1396 2396 perveniret,
1424 2326 1515 2383 ubi
1554 2326 1781 2383 deorum
1812 2341 1941 2384 suo-

370 2430 488 2467 rum
534 2416 903 2481 saeritit-ulos,
960 2417 1495 2488 praestigiatoresque
1530 2424 1585 2472 et
1620 2416 1843 2484 seiolos,
1885 2417 1941 2473 itt

365 2521 504 2574 quos
530 2519 718 2560 amore
739 2521 1061 2577 propensus,
1083 2518 1139 2563 et
1163 2523 1193 2562 a
1209 2506 1412 2579 quibus
1430 2508 1720 2565 consilium
1748 2522 1946 2579 capere

370 2599 566 2652 solitus
584 2600 785 2665 luerat,
812 2608 1172 2672 congregatos
1197 2600 1376 2671 capite
1399 2600 1693 2664 truncavit,
1712 2616 1781 2656 ne
1801 2599 1848 2657 si
1885 2600 1939 2655 in

370 2702 565 2742 manus
586 2688 930 2744 Constantini
957 2687 1261 2745 inciderent
1285 2690 1501 2743 illorum
1534 2704 1636 2760 ope
1672 2696 1939 2746 uteretur.

441 2781 581 2835 Deus
608 2794 792 2837 autem
818 2780 1146 2839 Maximiano
1178 2784 1356 2854 ignem
1398 2782 1452 2836 in
1485 2793 1729 2838 ventrem
1755 2781 1939 2837 immi-

368 2876 465 2942 sit,
498 2877 594 2947 qui
617 2891 741 2929 eum
806 2874 944 2930 adeo
979 2876 1200 2941 torruit,
1247 2886 1307 2930 ut
1368 2878 1754 2947 rumperentur
1810 2875 1940 2946 ipsi,

369 2986 479 3038 pra:
526 2970 711 3025 calore
743 2983 906 3040 quem
956 2969 1108 3024 intus
1168 2969 1363 3033 sensit,
1423 2970 1635 3023 viscera
1665 2967 1837 3037 :quin
1883 2976 1941 3021 et

1975 1734 2021 1795 Β

2068 497 2215 542 stunt
2256 488 2512 550 credidit,
2545 490 2813 557 istamqttc
2858 503 2889 542 e
2933 488 3053 544 lttt-e
3089 502 3348 542 coronant
3398 488 3631 557 accepit.

2064 578 2200 633 Tum
2228 595 2258 633 e
2286 579 2497 649 piscina
2530 588 2805 635 extractus
2832 581 2959 635 dum
2994 581 3239 649 plaustro
3261 583 3635 651 asportandos

2060 671 2424 740 imponerent,
2446 680 2696 742 repertus
2718 683 2801 727 cst
2824 673 2966 727 inter
2993 674 3141 743 ipsos
3169 674 3385 743 juvenis
3411 674 3633 742 quidam

2062 763 2304 819 nondum
2364 771 2638 829 mortuus,
2706 781 2867 835 quem
2928 765 3052 819 ideo
3110 771 3382 828 teltctum,
3442 775 3635 819 astans

2060 865 2232 910 mater
2263 855 2437 925 ipsius
2491 857 2717 913 sustulit
2768 864 2827 911 ut
2880 856 2933 911 in
2994 857 3301 927 plaustrum
3341 871 3448 911 una
3503 871 3632 910 cum

2059 946 2293 1004 mortuis
2325 947 2653 1018 conjiceret,
2686 951 2833 1019 quod
2887 964 3016 1005 cum
3064 964 3181 1005 eam
3229 949 3409 1003 facere
3450 948 3635 1018 prohi-

2057 1039 2267 1105 berent,
2304 1038 2433 1111 quia
2476 1041 2657 1095 adhuc
2692 1042 2921 1104 viveret,
2959 1042 3052 1097 ille
3083 1042 3136 1096 in
3165 1040 3414 1095 humeris
3453 1038 3636 1108 ipsius

2059 1140 2316 1187 mortuus
2346 1141 2454 1188 est.
2492 1131 2673 1198 Quare
2722 1142 2775 1188 et
2807 1134 2981 1202 ipsum
3015 1132 3069 1187 in
3106 1134 3412 1202 plaustrum
3442 1126 3635 1198 injecit

2058 1236 2163 1277 una
2192 1238 2318 1279 eum
2358 1223 2716 1294 martyribus.
2751 1239 2894 1293 quos
2922 1235 3075 1279 extra
3130 1223 3320 1277 urbem
3362 1220 3633 1275 Sebasten

2053 1312 2287 1369 eductos
2315 1320 2768 1369 concremarunt.
2797 1314 2936 1368 Cum
2969 1322 3151 1367 autem
3199 1311 3316 1365 haec
3363 1306 3635 1364 audiisset

2052 1402 2476 1471 Constantinus,
2494 1402 2803 1475 litterisque
2833 1404 2933 1474 ipsi
2961 1402 3088 1459 lacti
3119 1404 3203 1457 sui
3228 1398 3631 1471 turpitudinem

2051 1494 2468 1565 exprobrasset,
2524 1512 2702 1568 neque
2756 1497 2847 1552 ille
2897 1505 3081 1550 tamen
3131 1494 3447 1558 desineret,
3492 1506 3564 1561 qu

2051 1585 2410 1661 ωεσωι
2443 1589 2624 1657 putius
2654 1587 2900 1643 collectis
2928 1586 3107 1656 copiis
3137 1585 3204 1640 ad
3236 1585 3441 1640 bellum
3476 1583 3633 1639 Con-

2051 1679 2302 1734 stantino
2349 1680 2697 1735 inferendum
2766 1677 3231 1749 proﬁcisceretur,
3284 1676 3434 1731 misit
3478 1670 3629 1737 Ceno

2047 1772 2325 1827 stantinus
2384 1773 2688 1827 exercitum
2743 1773 2838 1842 qtti
2896 1787 3019 1828 cum
3077 1774 3198 1841 ipso
3262 1770 3319 1826 in
3366 1769 3626 1841 Bithynia

2050 1864 2239 1935 przrlio
2269 1863 2537 1930 conﬂixit,
2572 1881 2600 1918 a
2625 1880 2736 1934 quo
2776 1880 2901 1920 cum
2962 1863 3281 1936 proﬂigatus
3328 1870 3498 1927 esset,
3530 1874 3630 1916 ca-

2050 1966 2174 2026 ptus
2199 1956 2368 2012 etiam
2404 1965 2489 2012 est
2524 1967 2580 2009 et
2614 1956 2680 2011 ad
2717 1956 3139 2011 Constantinum
3169 1954 3491 2027 perductus,
3524 1952 3625 2023 qui

2049 2050 2229 2121 ipsum
2290 2050 2345 2103 in
2398 2051 2590 2104 urbem
2649 2047 3102 2104 Thessalonicam
3156 2044 3419 2117 relegavit
3464 2062 3482 2100 :
3532 2044 3627 2103 cui

2052 2144 2343 2215 prtci'ectus
2371 2162 2494 2199 (Ulli
2531 2154 2850 2210 Conaretur,
2880 2145 3057 2214 copiis
3102 2158 3133 2197 e
3161 2139 3627 2198 Thessalonicen-

2049 2234 2204 2286 sibus
2226 2233 2497 2295 collectis.
2551 2232 2975 2289 Constantinum
3015 2234 3210 2290 iterum
3252 2232 3397 2289 bello
3445 2231 3623 2284 laces-

2049 2338 2192 2387 sere,
2225 2324 2377 2379 misit
2434 2326 2669 2397 ipsequi
2724 2334 2891 2397 caput
2939 2326 3017 2381 illi
3076 2331 3409 2397 amputaret.
3461 2322 3627 2378 Cini-

2050 2417 2401 2471 stianismum
2430 2426 2612 2472 autem
2671 2416 2962 2487 amplexus
3007 2427 3092 2472 est
3136 2417 3534 2476 Constantinus
3566 2418 3626 2469 in

2054 2506 2188 2560 urbe
2212 2507 2358 2561 dicta
2390 2506 2732 2573 Nicomedia,
2764 2509 2929 2580 idque
2956 2524 3103 2564 anno
3128 2509 3345 2579 imperii
3374 2509 3460 2562 sui
3485 2505 3628 2559 duo-

2049 2596 2268 2653 decimo
2306 2616 2319 2652 :
2354 2598 2635 2668 jussitque
2662 2599 2717 2653 in
2765 2599 3028 2655 omnibus
3064 2600 3383 2671 regionibus
3410 2596 3623 2652 exstrui

2049 2690 2342 2757 ecclesias,
2400 2693 2640 2761 erogatis
2694 2707 2726 2746 e
2785 2692 3136 2763 vectigalium
3198 2706 3425 2747 suorum
3490 2690 3627 2745 ﬁsco

2050 2786 2291 2838 nummis
2326 2783 2393 2836 ad
2428 2785 2791 2839 ecclesiarum
2828 2798 2959 2840 vasa
3003 2783 3365 2839 conﬁcienda.

2123 2875 2303 2931 Primo
2336 2875 2548 2947 imperii
2582 2876 2761 2947 ipsius
2787 2891 2933 2931 anno
2961 2876 3304 2931 constitutus
3356 2871 3626 2928 Eusebius

2050 2966 2359 3037 patriarcha
2399 2964 2681 3022 Romanus
2740 2982 2835 3023 sex
2884 2982 3059 3022 annos
3092 2966 3257 3031 sedit,
3297 2964 3421 3021 dcitt
3475 2980 3624 3018 mur-

367 3063 680 3120 excidentes
709 3062 808 3133 ipsi
840 3061 984 3118 oculi
1019 3063 1075 3115 in
1108 3072 1309 3116 terram
1344 3060 1688 3125 deciderunt,
1712 3060 1941 3116 adusta-
1967 3063 2017 3127 ο
2045 3067 2177 3115 tuus
2205 3069 2312 3118 est.
2362 3058 2524 3115 Anno
2560 3060 2775 3131 imperii
2830 3060 3079 3129 ejusdem
3140 3059 3376 3131 septimo
3436 3057 3621 3112 factus

368 3172 477 3228 que
513 3170 643 3213 caro
694 3155 763 3208 ab
812 3153 1035 3211 ossibus
1091 3165 1341 3223 separata
1391 3161 1497 3217 est,
1554 3154 1625 3206 ita
1666 3160 1725 3205 ut
1767 3158 1945 3206 morte

367 3245 603 3322 pessima
657 3246 880 3315 periret.
941 3241 1210 3301 Omnibus
1252 3258 1385 3314 ergo
1438 3242 1810 3297 Romanorum
1859 3237 1943 3296 dit-

368 3336 615 3394 tionibus
651 3332 950 3407 tranquille
983 3342 1038 3391 et
1086 3334 1141 3390 in
1172 3348 1305 3407 pace
1354 3334 1640 3405 imperavit
1667 3331 1938 3388 Constan-

369 3430 540 3493 tinus,
574 3427 739 3497 idque
769 3441 916 3481 anno
945 3425 1158 3497 imperii
1203 3422 1454 3498 Saporis,
1509 3421 1763 3478 llormoai
1820 3424 1936 3490 lilii,

368 3520 658 3576 Persarum
694 3518 838 3589 regis
865 3516 1284 3589 quadragesimo
1336 3516 1535 3589 primo.
1580 3516 1710 3570 Erat
1756 3523 1938 3569 autem

367 3611 786 3675 Constantinus,
821 3608 966 3666 illius
992 3608 1320 3672 Constantii,
1377 3608 1473 3662 lilii
1524 3604 1781 3670 Valentii,
1840 3605 1937 3661 lilii

367 3706 574 3768 Arsisi,
628 3703 725 3761 lilii
780 3702 949 3768 Decii,
998 3700 1092 3754 lilii
1160 3699 1377 3755 Claudii
1437 3699 1785 3770 imperatoris
1839 3698 1935 3769 qui

371 3798 556 3853 lioma
604 3794 791 3851 lloruit
843 3800 1089 3864 tempore
1143 3784 1548 3863 apostolorum.
1609 3790 1739 3846 Erat
1805 3804 1938 3843 vero

367 3888 732 3945 Constantino
779 3890 891 3940 dux
944 3898 1109 3957 quem
1170 3882 1399 3947 amavit,
1461 3889 1516 3937 et
1576 3879 1646 3937 ad
1700 3882 1936 3936 honores

367 3983 568 4045 evexit,
621 3977 840 4035 nomine
868 3974 1151 4043 Licinius;
1210 3988 1506 4047 quemque,
1538 3972 1665 4027 data
1714 3971 1819 4044 ipsi
1878 3972 1933 4026 in

369 4087 595 4128 uxorum
624 4083 819 4127 sorore
851 4081 953 4124 sua
980 4066 1388 4131 Constantinia,
1421 4065 1608 4119 Itonia
1656 4062 1933 4135 prtel‘eclt;

361 4166 562 4239 iubens
597 4166 774 4235 ipsum
804 4158 1141 4217 christianos
1188 4158 1396 4213 honore
1441 4154 1677 4220 allicere,
1723 4155 1935 4225 ttiagni-

366 4277 472 4335 que
522 4260 729 4324 facere,
795 4270 899 4313 nec
948 4253 1197 4325 ipsorum
1256 4250 1353 4306 ulli
1418 4262 1643 4305 nocere.
1690 4244 1935 4303 Licinius

367 4363 548 4411 autem
588 4347 878 4421 imperium
911 4344 1140 4415 adeptus
1164 4341 1233 4397 ad
1297 4336 1568 4396 idolorum
1598 4337 1805 4394 cultum
1844 4352 1936 4392 re-

2044 3160 2131 3206 cst
2171 3150 2499 3208 Meletianus
2528 3154 2843 3221 patriarcha
2886 3153 3191 3216 Romanus,
3234 3151 3329 3223 qui
3356 3166 3481 3205 cum
3524 3164 3624 3205 an-

2046 3258 2149 3298 nos
2185 3251 2428 3314 quatuor
2457 3245 2696 3301 sedisset
2730 3253 2986 3301 mortuus
3018 3251 3125 3299 est.
3168 3244 3329 3299 Anno
3353 3257 3488 3296 vero
3518 3257 3622 3296 nn-

2042 3334 2256 3392 decimo
2305 3337 2509 3393 ibidem
2562 3338 2878 3407 patriarcha
2943 3336 3278 3393 constitutus
3329 3335 3617 3400 Silvester,

2043 3442 2223 3485 annos
2268 3428 2463 3500 viginti
2513 3438 2639 3483 octo
2665 3429 2827 3494 sedit,
2856 3427 2985 3484 dein
3022 3437 3274 3485 mortuus
3307 3438 3414 3485 est.
3456 3428 3620 3483 Anno

2042 3523 2387 3597 principatus
2414 3519 2538 3590 ejus
2566 3536 2714 3575 nono
2751 3522 3087 3578 celebratum
3109 3530 3196 3579 est
3228 3522 3525 3577 concilium
3560 3524 3614 3577 in

2042 3609 2177 3667 urbe
2209 3610 2410 3666 Nicaea.
2442 3612 2603 3668 Anno
2634 3613 2797 3667 etiam
2828 3614 3041 3683 imperii
3071 3612 3422 3669 Constantini
3459 3616 3619 3669 tertio

2042 3708 2266 3757 creatus
2310 3707 2394 3757 est
2446 3699 2766 3758 Philonicus
2821 3706 3135 3773 patriarcha
3192 3707 3613 3771 Antiochenus,

2042 3792 2137 3864 qui
2171 3793 2416 3863 quinque
2446 3808 2621 3849 annos
2658 3795 2816 3861 sedit,
2874 3798 2999 3852 dein
3035 3807 3285 3854 mortuus
3316 3809 3420 3854 est.
3457 3804 3616 3852 Anno

2038 3884 2287 3955 ejusdem
2320 3899 2467 3941 nono
2498 3888 2835 3943 constitutus
2860 3896 2943 3944 est
2962 3888 3283 3959 Apollonius
3300 3891 3613 3961 patriarcha

2038 3977 2444 4043 Autiochenus,
2495 3981 2591 4051 qui
2636 3977 2802 4052 432
2850 3995 2972 4036 cum
3009 3982 3256 4053 quinque
3306 3997 3485 4038 annos
3522 3998 3614 4038 se-

2038 4068 2236 4132 disset,
2270 4079 2523 4124 mortuus
2554 4078 2660 4124 est.
2695 4072 2855 4126 Anno
2886 4070 3131 4142 ejusdem
3164 4070 3381 4127 decimo
3418 4072 3614 4141 quinto

2041 4159 2217 4216 lactus
2249 4169 2335 4216 est
2368 4160 2573 4215 ibidem
2615 4162 2931 4233 patriarcha
2967 4161 3313 4228 Eustathius,
3343 4163 3438 4234 qui
3483 4172 3611 4219 octo

2036 4262 2211 4305 annos
2237 4249 2402 4315 sedit,
2458 4249 2585 4305 dein
2630 4260 2876 4306 mortuus
2921 4260 3047 4336 est;
3061 4252 3230 4321 Cujus
3270 4251 3610 4324 principatus

2038 4356 2183 4398 anno
2208 4343 2401 4413 quinto
2434 4340 2539 4396 fuit
2572 4341 2867 4397 concilium
2904 4340 3209 4399 Nicznum.
3254 4345 3415 4399 Auno
3445 4344 3610 4399 etiam

609 4405 683 4499 ad
713 4447 943 4497 mortem
980 4405 1106 4492 duci
1157 4434 1326 4507 jussit
1378 4431 1735 4489 christianos.
1789 4429 1934 4486 λιιι-
1962 4405 2013 4465 θ
2041 4405 2258 4506 imperii
2295 4432 2649 4491 Constantini
2707 4436 2887 4505 primo
2934 4434 3269 4491 constitutus
3317 4442 3404 4490 est
3460 4436 3611 4489 Asott

366 4538 567 4609 tyriuttt
604 4548 733 4606 ergo
764 4530 869 4587 sub
891 4530 1014 4601 ipso
1040 4526 1182 4597 passi
1208 4531 1338 4582 sunt
1382 4522 1705 4579 Theodorus
1750 4520 1929 4587 miles,

368 4629 713 4700 metropolita
772 4621 941 4697 428
1007 4618 1346 4683 Barkensis,
1409 4630 1534 4671 cum
1599 4615 1931 4686 martyribus

365 4722 751 4795 quadraginta,
803 4716 897 4787 qui
949 4730 1016 4770 ex
1080 4714 1217 4767 urbe
1271 4709 1525 4765 Sebastia
1570 4705 1931 4778 Cappadocia

366 4825 541 4870 erant.
576 4811 702 4867 Fuit
730 4817 911 4862 autem
945 4806 1049 4877 ipsi
1104 4806 1160 4859 in
1201 4799 1449 4857 Sehastia
1492 4798 1787 4869 praefectus
1834 4813 1933 4851 no-

369 4907 513 4963 mine
556 4900 827 4973 Agricola,
876 4899 969 4968 qui
1001 4891 1357 4963 quadraginta
1399 4896 1668 4958 mattyres
1718 4883 1931 4954 Cappa-

365 5003 527 5054 dm-es
550 4996 847 5067 prehensus
876 4991 928 5044 in
982 4986 1251 5058 piscinam
1287 4993 1443 5051 aquae
1480 4977 1658 5034 nudos
1704 4975 1928 5067 ahjecit,

367 5106 493 5146 cum
541 5064 687 5143 esset
748 5083 840 5138 nix
893 5082 1211 5141 vehemens,
1278 5073 1423 5127 unde
1476 5069 1679 5139 frigore
1728 5064 1927 5121 mortui

366 5190 517 5239 sunt.
547 5177 703 5236 Unus
737 5185 947 5230 tantum
972 5186 1040 5226 ex
1067 5168 1201 5240 ipsis
1255 5166 1309 5218 ιιι
1362 5161 1638 5223 balneum.
1683 5158 1829 5229 quod
1863 5158 1931 5212 ad

369 5277 518 5329 lacus
546 5271 719 5342 ripam
757 5266 956 5329 luerat,
990 5271 1249 5332 egressus
1292 5264 1376 5309 est
1407 5261 1467 5306 ut
1504 5252 1580 5305 ibi
1618 5266 1679 5305 se
1731 5250 1933 5305 calefa-

370 5373 547 5431 ceret,
570 5376 733 5434 quem
765 5356 1029 5413 decidens
1054 5354 1112 5406 in
1144 5351 1322 5422 ipsum
1348 5345 1603 5402 balneum
1635 5342 1930 5398 interiecit.

369 5460 670 5517 Praefectus
709 5462 918 5516 autem,
946 5449 1041 5521 qui
1076 5442 1408 5501 satellitibus
1432 5454 1471 5509 ,τι
1502 5439 1704 5509 quibus
1749 5444 1935 5491 custo-

366 5552 653 5605 diebantur
679 5550 933 5617 prteerat,
960 5552 1086 5593 cum
1105 5529 1467 5605 quadraginta
1495 5545 1525 5583 e
1556 5529 1677 5581 luce
1700 5540 1932 5582 coronas

366 5640 581 5697 ca:litus
631 5640 685 5693 in
716 5644 1036 5706 ,tnartytum
1086 5630 1324 5683 istorum
1356 5622 1535 5690 capita
1583 5619 1933 5673 descendisse

364 5739 631 5795 cerneret,
690 5742 849 5782 unam
908 5732 1089 5778 autem
1147 5728 1373 5773 vacuam
1429 5710 1724 5779 mansisse,
1794 5710 1912 5782 ipse

2031 4526 2322 4599 cpiscopus
2390 4525 2916 4598 llierosolytnitanus
2948 4566 2965 4591 ,
3014 4527 3109 4596 qui
3180 4540 3372 4582 novem
3436 4542 3613 4581 annos

2033 4615 2206 4681 sedit,
2253 4617 2382 4672 dein
2447 4630 2697 4672 mortuus
2730 4627 2836 4673 est.
2891 4619 3050 4672 Antio
3099 4618 3312 4689 imperii
3360 4618 3607 4685 ejusdem

2030 4708 2266 4769 decimo.
2286 4708 2623 4764 constitutus
2639 4720 2724 4763 est
2755 4706 3028 4763 Macarius
3063 4709 3262 4764 ibidem
3293 4711 3612 4781 cpiscopus,

2032 4800 2127 4868 qui
2188 4799 2569 4854 novemdecitn
2619 4814 2794 4855 annos
2840 4798 3002 4867 sedit,
3056 4800 3183 4855 dein
3222 4813 3469 4859 mortuus
3505 4816 3607 4861 est.

2033 4894 2192 4947 Anno
2244 4890 2589 4962 principatus
2650 4891 2771 4963 ejus
2843 4892 3062 4947 decimo
3115 4892 3453 4950 celebratum
3526 4907 3615 4951 est

2032 4980 2323 5035 concilium
2353 4979 2653 5037 Nicaenutn.
2687 4982 2848 5035 Anno
2878 4982 3043 5035 etiam
3088 4981 3304 5052 imperii
3338 4984 3611 5040 Constan-

2033 5070 2133 5125 tini
2172 5070 2364 5140 quinto
2410 5069 2591 5125 laetus
2627 5078 2715 5125 est
2760 5072 3071 5126 Alexander
3116 5071 3431 5141 patriarcha
3480 5074 3609 5128 Ale-

2034 5162 2356 5218 xandrinus.
2425 5162 2527 5217 llic
2549 5159 2699 5216 Petri
2730 5163 2986 5232 martyris
3016 5163 3345 5232 patriarcha
3370 5164 3610 5218 Alexan-

2030 5251 2201 5315 drini,
2231 5253 2324 5322 qui
2356 5253 2574 5309 occisus
2607 5262 2713 5317 est,
2742 5252 3068 5322 discipulus,
3101 5252 3371 5324 {idemque
3421 5259 3610 5312 socius

2033 5343 2259 5399 Achilla
2310 5343 2635 5414 patriarcha
2686 5342 3064 5407 Alexandrini,
3121 5359 3296 5400 annos
3367 5344 3605 5401 sedecim

2032 5436 2193 5501 sedit,
2241 5434 2369 5491 dein
2415 5443 2667 5491 mortuus
2693 5445 2802 5491 est.
2844 5438 3002 5491 Anno
3035 5438 3379 5508 principatus
3432 5439 3607 5508 ipsius

2033 5528 2249 5583 decimo
2270 5527 2461 5595 quinto
2495 5527 2831 5582 celebratum
2861 5537 2945 5585 est
2975 5530 3271 5583 concilium
3301 5527 3603 5583 Nic-aenum.

2034 5622 2341 5676 Alexander
2368 5620 2635 5691 siquidem
2657 5622 2965 5690 patriarcha
2992 5622 3390 5675 Alexandrinus
3420 5624 3606 5675 .irium

2033 5714 2321 5770 ecclesiam
2357 5715 2564 5783 ingredi
2599 5716 2791 5778 vetuit,
2828 5713 2988 5783 eique
3014 5714 3336 5781 maledixit,
3374 5713 3604 5770 dicens:
