4070 6152
299 335 449 405 i005

292 452 638 515 Maledictus
672 468 755 513 cst
809 460 1013 528 Arius;

294 548 632 613 patriarcha
677 560 975 621 antequam
996 558 1318 626 martyrium
1348 557 1592 611 subiret:
1621 555 1898 611 Male-dixit

296 638 456 695 Deus
498 642 658 703 Arii),
713 658 780 697 ne
816 657 948 712 ergo
979 645 1157 713 ipsum
1211 646 1518 716 recipiatis,
1575 662 1755 718 neque
1806 663 1898 699 vn-

294 730 527 788 biscum
578 734 635 790 in
690 734 991 792 Ecclesium
1052 739 1378 794 adtuitlalis.
1416 738 1653 795 Praeerat
1712 749 1894 794 autem

292 822 427 877 urbi
450 827 666 898 Asyuto
682 844 713 879 ο
725 828 935 884 ditione
949 829 1166 902 Egypti
1188 833 1484 902 episcopus
1499 830 1899 899 nominellele-

292 914 437 980 tius,
456 917 560 988 qui
578 918 692 974 Arii
721 922 1051 976 sententiam
1081 923 1365 991 amplexus
1385 921 1743 997 5.33-5.35
1770 930 1892 989 est;

293 1006 493 1063 eidem
518 1022 655 1081 ergo
674 1011 839 1067 etiam
884 1014 1171 1069 maledixit
1211 1013 1526 1072 Alexander
1552 1016 1894 1087 patriarcha.

292 1096 488 1156 Porro
542 1100 649 1157 luit
708 1102 1056 1162 Alexandria:
1121 1107 1386 1179 templum
1439 1123 1699 1180 magnum
1746 1107 1893 1179 quod

289 1190 591 1249 exstrnxit
607 1192 897 1266 Cleopatra
929 1198 1113 1269 regina
1140 1197 1353 1254 nomini
1396 1196 1620 1254 Saturni
1649 1199 1873 1256 dedica-

294 1288 449 1346 tum,
489 1281 554 1338 in
591 1295 704 1353 quo
749 1282 963 1341 idolum
1015 1300 1220 1343 aereum
1275 1303 1535 1360 magnum
1585 1298 1704 1344 erat
1746 1286 1895 1359 quod

294 1368 549 1428 Michael
577 1375 892 1446 appellatus
915 1388 1024 1446 est,
1066 1380 1155 1435 cui
1181 1380 1532 1437 Alexandria:
1583 1391 1639 1437 et
1668 1380 1893 1454 Egypti

303 1465 513 1521 incola
563 1464 655 1523 die
686 1468 898 1524 mensis
929 1468 1150 1537 lletuﬂ,
1206 1472 1301 1543 qui
1345 1470 1567 1529 Tishrin
1620 1476 1895 1545 posterior

292 1562 409 1621 est,
460 1553 669 1611 festum
718 1571 987 1629 magnum
1033 1561 1412 1626 celebrabant,
1458 1562 1665 1618 multas
1714 1563 1892 1619 eidem

295 1646 523 1703 hostias
554 1648 928 1708 immolantes.
949 1649 1090 1708 Cum
1117 1666 1252 1725 ergo
1280 1654 1628 1709 Alexandria:
1659 1658 1891 1723 patriar-

292 1736 405 1792 cha
436 1737 625 1794 factus
649 1748 799 1799 esset
827 1742 1160 1811 Alexander,
1197 1744 1389 1818 ibique
1416 1748 1721 1803 obtinuerit
1753 1750 1890 1806 lides

1789 348 2158 411 ANNALES.

1068 464 1210 518 dixit
1263 467 1411 518 enim
1472 467 1637 519 nobis
1686 465 1889 517 'l‘ntrus
1921 472 1963 527 Α
1996 478 2198 535 corpus
2219 457 2958 531 assumpsisse,'cteSpiritu
2998 468 3225 523 sancto;
3272 456 3584 530 factumque

3438 337 3577 403 i006

2000 565 2080 614 est
2108 555 2242 612 illud
2272 555 2526 611 Christus
2543 570 2706 611 unus.
2733 551 2988 613 Christus
3009 566 3143 624 ergo
3165 551 3305 607 duos
3334 565 3563 622 compre

2012 646 2207 703 hendit
2234 646 2596 718 significatus,
2621 646 2861 703 Verbum
2889 654 2947 700 et
2977 658 3205 715 corpus;
3238 658 3362 713 qua:
3400 652 3581 699 tamen

2000 750 2231 811 utraque
2253 750 2436 797 creata
2454 750 2605 795 sunt.
2627 736 2770 796 Tum
2788 735 3133 810 respondens
3154 736 3231 792 illi
3247 736 3577 794 Alexander:

2000 831 2098 888 Dic
2146 834 2278 888 mihi
2348 832 2571 905 (inquit)
2602 846 2764 905 quem
2796 842 2960 905 putas
3008 832 3184 889 teneri
3238 845 3343 889 nos
3394 832 3581 902 potius

1999 924 2202 991 colere,
2230 925 2458 982 illumne
2501 925 2597 997 qui
2650 940 2752 982 nos
2787 924 3036 995 creavit,
3069 939 3137 979 an
3192 923 3287 995 qui
3317 938 3421 981 nos
3464 938 3573 981 non

2006 1015 2253 1083 creavitl?
2282 1014 2669 1088 Respondente
2696 1016 2855 1079 Ario,
2888 1014 3039 1070 illum
3065 1015 3160 1086 qui
3208 1032 3310 1072 nos
3340 1015 3583 1080 creavit;

2010 1107 2148 1164 dixit
2183 1108 2534 1166 Alexander:
2577 1104 2636 1163 Si
2668 1121 2801 1178 ergo
2846 1106 3058 1165 creavit
3112 1121 3220 1163 nos
3267 1106 3465 1175 Filius,
3501 1110 3579 1165 uti

1997 1202 2212 1267 dixisti,
2280 1202 2467 1274 sitque
2536 1202 2683 1258 idem
2743 1210 2993 1269 creatus,
3050 1207 3167 1257 tum
3226 1199 3424 1257 Filium
3484 1203 3577 1271 qui

1998 1302 2223 1351 creatus
2254 1302 2364 1361 est,
2397 1296 2578 1367 magis
2604 1293 2789 1351 colere
2817 1303 3089 1361 tenemur,
3139 1310 3305 1367 quam
3359 1292 3577 1353 Patrem

1998 1388 2308 1444 lncreatum
2331 1403 2363 1454 ;‘
2381 1390 2491 1442 imo
2524 1385 2745 1444 iuturus
2771 1393 2857 1443 est
2882 1386 3068 1445 cultus
3092 1384 3273 1444 Patris
3307 1390 3578 1445 creatoris

1996 1478 2309 1547 inﬁdelitas,
2338 1479 2520 1536 cultus
2556 1494 2684 1536 vero
2707 1476 2834 1535 Filii
2862 1479 3033 1536 creati
3088 1480 3258 1547 ﬁdes;
3290 1480 3441 1553 quod
3487 1483 3577 1539 ah-

1994 1566 2289 1623 surdorum
2323 1567 2792 1625 absurdissimum
2826 1578 2933 1626 est.
2980 1566 3197 1627 Placuit
3235 1586 3368 1643 ergo
3397 1574 3573 1646 impe-

1993 1657 2188 1726 ratori,
2218 1669 2275 1716 et
2301 1663 2395 1732 qui
2426 1658 2655 1717 aderant
2682 1661 2923 1728 cateris,
2944 1664 3240 1721 Alexandri
3270 1670 3569 1735 sentcntia,

1994 1749 2111 1806 Arii
2145 1763 2328 1809 autem
2354 1750 2598 1809 absurda
2640 1753 2759 1811 visa
2779 1763 2887 1813 est.
2918 1755 3056 1813 Alia
3101 1756 3268 1813 etiam
3305 1764 3572 1829 quaestio-

292 1828 636 1897 christiana,
677 1833 851 1890 voluit
888 1835 982 1892 ille
1005 1824 1285 1909 confringi
1332 1838 1539 1895 idolum
1565 1851 1618 1895 et
1642 1842 1756 1897 tolli
1806 1856 1893 1897 sa-
1926 1838 1969 1897 Β
1998 1856 2096 1897 nes
2125 1841 2309 1899 multa:
2332 1841 2480 1900 inter
2509 1859 2606 1901 eos
2633 1846 2852 1919 agitatae
2875 1855 3027 1920 sunt,
3058 1846 3232 1906 Jussit
3257 1824 3392 1922 ergo
3419 1852 3568 1910 Con-

292 1920 541 1988 crilicia,
576 1938 817 1996 cumque
844 1926 1185 1984 obsisterent
1226 1931 1334 2000 ipsi
1382 1929 1764 1998 Alexandrini,
1800 1933 1893 1989 ille

296 2013 512 2068 astutia
541 2015 694 2085 ipsos
716 2031 1014 2088 aggressus
1038 2034 1055 2074 :
1099 2018 1307 2077 Idolum
1335 2022 1559 2097 (inquit)
1593 2025 1738 2080 istud
1756 2027 1889 2080 nulli

293 2105 534 2161 omnino
566 2109 643 2163 rei
676 2106 808 2165 utile
831 2118 949 2177 est;
976 2110 1123 2183 quod
1169 2112 1218 2168 si
1244 2112 1446 2170 festum
1477 2115 1612 2170 illud
1634 2116 1890 2172 Michaeli

295 2196 509 2262 angelo
547 2195 987 2265 celebraveritis,
1038 2204 1202 2272 eique
1248 2201 1461 2261 hostias
1512 2207 1649 2262 istas
1684 2207 1893 2262 consti-

293 2283 553 2347 tueritis,
588 2282 706 2357 ipse
733 2299 834 2358 pro
861 2287 1018 2344 vobis
1040 2292 1187 2362 apud
1225 2289 1397 2348 Deum
1447 2294 1751 2357 intercedet
1773 2311 1892 2352 ma-

292 2375 563 2448 iorisque
624 2378 780 2436 vobis
839 2381 967 2437 boni
1024 2398 1216 2448 causa.
1264 2400 1430 2456 quam
1484 2387 1695 2445 idolum
1740 2390 1888 2446 istud

295 2466 529 2527 futurus
561 2479 671 2528 est.
700 2471 1094 2530 Annuentlbus
1123 2489 1257 2547 ergo
1281 2477 1413 2546 illis,
1454 2493 1519 2535 ex
1566 2480 1714 2539 idolo
1750 2497 1885 2539 con-

290 2558 485 2619 tracto
512 2577 740 2621 crucem
768 2564 1049 2636 confecit;
1088 2570 1351 2643 templum
1402 2587 1559 2638 vero,
1606 2572 1889 2632 Michaelis

290 2652 597 2711 ecclesiam
626 2657 926 2727 appellavit
953 2660 1172 2731 (estque
1205 2663 1298 2719 illa
1334 2664 1567 2721 ecclesia
1608 2683 1731 2737 qua:
1771 2669 1889 2723 Cte-

292 2758 458 2799 sarea
500 2755 696 2802 vocata
721 2756 840 2817 est;
874 2759 930 2806 et
960 2752 1089 2822 igne
1134 2752 1297 2824 periit
1336 2768 1460 2809 cum
1501 2755 1884 2817 Occidentales

294 2836 691 2895 Aiexandriam
745 2841 981 2911 ingressi
1030 2860 1154 2900 eam
1184 2849 1529 2920 vastarunt);
1590 2866 1883 2908 consecra-

294 2937 467 3000 taque
498 2940 632 2987 sunt
677 2930 879 2989 festum
940 2942 995 2991 et
1046 2935 1286 2994 victimae
1346 2938 1593 2997 Michaeli
1653 2944 1881 3013 angelo;

296 3020 448 3077 unde
476 3030 533 3078 et
564 3024 748 3081 adhuc
780 3021 1057 3097 Cophtita
1102 3028 1161 3083 in
1189 3028 1425 3103 Αἰακιῑο
1451 3041 1509 3087 et
1552 3034 1881 3092 Alexandria

293 3127 364 3170 eo
385 3114 480 3172 die
507 3115 710 3173 festum
736 3116 983 3175 Michaeli
1001 3122 1198 3192 angelo
1222 3124 1524 3191 celebrant,
1552 3134 1609 3183 et
1627 3126 1877 3184 victimas

294 3208 746 3277 quamplurimas
775 3211 1015 3268 cadunt.

364 3296 544 3374 αθ
570 3298 709 3356 Cmn
755 3316 889 3374 ergo
918 3300 1232 3361 Alexander
1280 3307 1597 3378 patriarcha
1646 3309 1882 3368 Alexan—

293 3388 519 3458 drinua,
551 3390 746 3449 Arium
780 3392 1090 3451 Ecclesiam
1115 3396 1323 3468 ingredi
1359 3400 1695 3470 prohiberet,
1718 3405 1880 3475 eique

291 3482 678 3539 alediceret.
717 3481 1018 3557 profectus,
1053 3486 1147 3544 ille
1188 3488 1257 3544 ad
1307 3488 1733 3549 Constantinum
1771 3494 1876 3549 im-

291 3581 607 3644 peratorem
641 3590 801 3647 opem
840 3577 909 3633 ab
963 3578 1085 3649 ipso
1129 3587 1326 3635 contra
1372 3580 1745 3642 Alexandrum
1782 3601 1878 3658 pa-

291 3660 595 3721 trias-chain
625 3667 800 3737 petiit.
849 3668 1094 3727 Comites
1115 3681 1300 3728 autem
1344 3687 1402 3731 se
1442 3675 1576 3732 Ario
1631 3681 1876 3748 praebue-

290 3768 423 3816 ruat
469 3759 719 3830 episcopi
757 3751 1141 3834 duo,'quorum
1161 3778 1303 3820 unus
1321 3768 1542 3822 nomine
1574 3766 1874 3828 Eumenius

296 3846 320 3923 [
348 3848 431 3906 at.
462 3847 738 3909 Eusebius
756 3848 804 3926 ],
829 3850 1158 3911 Nicomedia
1184 3856 1380 3926 episc.,
1421 3858 1559 3915 alter
1606 3860 1873 3923 Eusebius

292 3938 465 3997 Phila
489 3939 804 4015 episcopus,
838 3958 998 4016 opem
1026 3960 1058 4001 a
1086 3944 1457 4004 Constantino
1489 3950 1869 4022 implorantes.

290 4029 522 4091 ﬂuente
568 4034 702 4092 Ario
732 4050 748 4089 :
774 4034 1085 4094 Alexander
1138 4040 1453 4108 patriarcha
1526 4045 1731 4115 iniuria
1783 4063 1871 4105 me

287 4121 501 4193 Mt,
531 4134 588 4183 et
633 4125 880 4186 Ecclesia
915 4130 1193 4187 immerito
1241 4134 1475 4205 expulit,
1531 4149 1586 4192 et
1628 4125 1869 4211 impeta-

291 4223 469 4273 torem
494 4227 717 4289 rogatus
743 4226 804 4274 ut
825 4219 981 4275 illum
1014 4232 1353 4289 accerseret,
1406 4240 1519 4297 quo
1541 4242 1729 4285 coram
1758 4232 1865 4287 im-

289 4315 547 4376 peratore
572 4322 701 4366 eum
749 4311 868 4381 ipso
902 4311 1245 4383 disputaret.
1302 4315 1710 4378 Constantinus
1737 4337 1867 4395 ergo

290 4395 592 4470 imperator
614 4401 790 4458 misso
813 4402 1206 4461 Alexandriam
1237 4410 1433 4466 nuntio
1482 4410 1633 4467 illum
1679 4428 1865 4471 acuer-

291 4486 442 4558 sivit,
508 4489 817 4563 Ariumque
874 4497 1171 4553 convenire
1232 4496 1363 4556 fecit
1412 4515 1524 4572 quo
1571 4517 1696 4558 cum
1745 4504 1865 4575 ipso

291 4578 717 4652 disputationem
749 4585 999 4643 haberet.
1046 4585 1226 4646 Jussit
1262 4591 1429 4663 igitur
1472 4593 1865 4653 Constantinus

289 4669 480 4727 Arium
499 4672 825 4726 sententiam
844 4690 999 4731 suam
1022 4678 1318 4749 explicem.
1334 4678 1476 4734 Tum
1495 4683 1659 4737 Arius
1677 4704 1692 4741 ;
1711 4684 1868 4749 Dico.

291 4763 488 4834 inquit,
508 4762 729 4821 Patrem
770 4764 946 4824 fuisse
967 4781 1094 4825 eum
1128 4785 1235 4826 non
1258 4778 1407 4828 esset
1428 4769 1637 4839 Filius;
1668 4772 1869 4833 deinde

294 4854 468 4925 ipsum
496 4859 564 4914 de
589 4873 734 4914 novo
766 4859 1089 4929 produxisse
1118 4861 1316 4917 Filium
1350 4863 1445 4934 qui
1480 4862 1583 4919 fuit
1627 4864 1702 4919 illi
1732 4862 1868 4922 Ver-

290 4944 442 5015 bum,
466 4950 572 5008 nisi
595 4953 743 5022 quod
769 4952 838 5008 de
860 4968 1004 5011 novo
1027 4954 1333 5024 productus
1355 4965 1412 5011 et
1437 4967 1658 5014 creatus
1679 4957 1870 5017 fuerit.

296 5035 501 5097 Deinde
530 5042 758 5100 tradidit
793 5043 957 5100 Pater
982 5045 1143 5112 Filio,
1179 5048 1276 5117 qui
1307 5045 1546 5107 Verbum
1574 5048 1748 5121 ipsius
1770 5067 1870 5120 ap-

295 5122 542 5190 pellatur,
566 5124 879 5196 ir'nperium,
907 5125 1117 5200 fuitque
1139 5132 1231 5187 ille
1264 5135 1527 5190 cmlorunt
1542 5146 1598 5193 et
1614 5149 1789 5207 terrae,
1806 5152 1862 5197 et

291 5214 528 5269 omnium
547 5230 670 5286 qua:
688 5216 830 5273 inter
848 5233 911 5273 ea
926 5228 1057 5289 sunt
1106 5224 1379 5290 conditor,
1404 5227 1551 5282 sicut
1600 5230 1656 5285 in
1676 5228 1855 5285 Evan-

292 5305 430 5373 gelio
469 5317 662 5363 sancto
705 5316 960 5378 testatur,
991 5312 1382 5371 dicenszbsta
1410 5329 1489 5374 est
1514 5320 1642 5376 mihi
1684 5327 1857 5380 omnis

286 5402 511 5458 potestas
530 5398 587 5452 in
604 5402 759 5455 catos
779 5411 827 5454 et
852 5402 910 5456 in
943 5412 1141 5457 terram
1164 5404 1186 5437 ⁸
1206 5423 1219 5459 :
1241 5403 1342 5462 fuit
1360 5421 1492 5481 ergo
1536 5410 1626 5468 ille
1665 5427 1853 5471 eorum

296 5486 544 5576 conditor
576 5504 641 5545 ea
664 5506 788 5561 qua:
817 5492 923 5563 ipsi
963 5495 1090 5550 data
1118 5497 1197 5552 esl
1227 5494 1249 5570 [
1267 5502 1603 5576 potestate.]
1652 5505 1858 5562 Deinde

283 5571 643 5654 537-530
664 5579 901 5640 Verbum
966 5586 1098 5645 illud
1128 5599 1313 5661 postea
1343 5606 1409 5648 ex
1434 5571 1604 5653 Maria
1644 5598 1855 5671 virgine

351 5781 372 5813 '
421 5783 607 5841 Matth.
636 5802 829 5853 xxvut.
856 5788 945 5847 18.

1993 1934 2275 1991 stantinus
2302 1936 2675 1993 Alexandrum
2707 1939 3072 2008 patriarcham
3115 1941 3253 1998 Ario
3280 1945 3567 2003 omnibus-

1991 2041 2100 2095 que
2136 2027 2230 2097 qui
2264 2028 2515 2085 eamdem
2548 2030 3012 2101 amplecterentur
3037 2034 3370 2093 sententiam
3402 2040 3571 2095 malc-

1993 2118 2199 2172 dicere.
2234 2117 2386 2175 Dixit
2412 2127 2597 2177 autem
2628 2120 2941 2179 Alexander
2981 2121 3352 2183 Constantino
3396 2129 3574 2201 impe-

1992 2207 2166 2264 ratori
2191 2223 2207 2263 :
2231 2207 2401 2265 'ilaud
2433 2212 2545 2279 ita;
2578 2211 2708 2282 quin
2740 2213 2923 2283 potius
2947 2213 3177 2271 mittens
3210 2230 3304 2273 rex
3346 2220 3574 2287 patriar-

1989 2300 2126 2356 chas
2139 2310 2197 2358 et
2216 2302 2502 2373 episcopos
2526 2314 2793 2371 accersat,
2819 2314 2885 2361 ut
2902 2307 2976 2365 sit
3005 2306 3163 2364 nobis
3183 2310 3498 2381 concilium,
3514 2312 3570 2370 in

1987 2404 2101 2464 quo
2117 2406 2231 2448 rem
2252 2393 2599 2462 deﬁniamus,
2621 2396 2863 2469 Arioque
2881 2400 3297 2472 maledicamus,
3313 2413 3367 2460 et
3388 2419 3590 2473 veram~

1990 2482 2153 2539 iidem
2226 2499 2586 2555 exponamus.
2628 2488 2996 2560 omnibusque
3047 2501 3230 2548 notam
3276 2492 3570 2554 faciamus.

2059 2574 2282 2635 Ilittens
2308 2592 2440 2650 ergo
2467 2577 2866 2638 Constantinus
2904 2596 2999 2637 res
3030 2582 3089 2637 in
3136 2598 3329 2644 omnes
3363 2589 3568 2659 passim

1990 2671 2263 2743 regiunes,
2284 2670 2628 2743 patriarchas
2651 2680 2707 2728 et
2731 2672 3200 2749 episcoposm
3223 2691 3326 2734 con
3336 2684 3566 2750 vocavit,
3607 2676 3614 2686 ’

1987 2765 2126 2824 adeo
2158 2775 2219 2822 ut
2238 2775 2364 2836 post
2386 2779 2593 2821 artuum
2618 2774 2676 2822 et
2705 2763 2845 2823 duos
2908 2781 3126 2826 menses
3151 2767 3333 2829 Nicen:
3365 2788 3569 2831 conve-

1987 2856 2171 2913 nirent
2232 2856 2319 2914 bis
2378 2856 2532 2913 mille
2561 2856 2925 2930 quadraginta
2956 2868 3086 2914 octo
3117 2862 3383 2933 episcopi,
3439 2879 3569 2922 se...

1988 2948 2183 3006 tentiis
2210 2957 2268 3005 et
2302 2948 2666 3020 religionibus
2711 2949 2861 3005 inter
2895 2964 2955 3006 se
2978 2952 3375 3023 discrepantes.
3398 2955 3568 3013 Erant

1985 3055 2055 3095 ex
2079 3040 2195 3098 illis
2220 3041 2317 3111 qui
2348 3042 2684 3097 aliirmarent
2711 3040 2993 3099 Christum
3046 3050 3103 3100 et
3132 3045 3359 3103 Matrem
3392 3050 3566 3120 ipsius

1984 3131 2124 3188 duos
2151 3143 2277 3189 esse
2327 3133 2464 3189 deos
2496 3142 2698 3203 praeter
2744 3132 2914 3191 Deum
2946 3134 3265 3209 [summum
3292 3139 3348 3216 ε]
3405 3153 3566 3203 erant

1909 3218 1953 3274 C
1993 3225 2045 3278 hi
2086 3222 2335 3296 Barbari,
2366 3236 2421 3281 et
2450 3222 2754 3283 Marianitae
2810 3228 3126 3286 audierunt.
3161 3230 3333 3290 Erant
3361 3236 3456 3306 qui
3475 3234 3563 3299 di-

1986 3328 2173 3375 cerent
2203 3318 2485 3375 Christum
2518 3331 2550 3374 a
2582 3318 2743 3375 Patre
2777 3334 2921 3386 esse,
2956 3324 3130 3380 instar
3161 3323 3395 3386 ﬂammai
3418 3330 3562 3400 ignis

1984 3423 2106 3478 qua:
2131 3407 2201 3466 ab
2222 3408 2346 3482 igne
2380 3409 2698 3468 ﬂammante
2742 3412 3096 3484 dependeret,
3160 3432 3264 3475 nec
3322 3422 3560 3490 priorem

1979 3502 2295 3561 diminuere
2324 3492 2648 3574 posterioris
2688 3506 2758 3561 ab
2807 3506 2929 3580 ipso
2957 3508 3373 3570 derivationem.
3401 3516 3562 3574 Erat.-

1979 3610 2088 3666 que
2116 3593 2234 3652 hac
2259 3594 2483 3652 Sabellii
2536 3605 2591 3656 et
2639 3600 2981 3659 asseclarum
3035 3602 3212 3676 ipsius
3262 3613 3557 3670 sententia.

1976 3684 2322 3776 Asserebant
2372 3687 2467 3745 alii
2500 3684 2785 3763 Virginem
2842 3691 3069 3752 Ilariam
3130 3698 3555 3776 haudquaquam

1974 3775 2156 3849 ipsum
2197 3794 2392 3836 novem
2424 3782 2708 3840 mensibus
2760 3786 2813 3840 in
2874 3797 3033 3846 utero
3070 3802 3336 3863 gestasse,
3368 3775 3554 3854 verum

1977 3870 2156 3941 ipsum
2183 3885 2283 3943 per
2319 3880 2534 3930 uterum
2560 3874 2741 3947 ipsius
2785 3877 2960 3937 instar
2991 3897 3147 3953 aqua
3180 3900 3279 3957 per
3309 3891 3553 3946 canalem

1975 3960 2298 4029 transiisse';
2330 3961 2569 4020 Verbum
2607 3965 2876 4038 siquidem
2904 3986 3003 4041 per
3034 3989 3224 4030 aut-em
3275 3978 3449 4048 ipsius
3472 3981 3554 4038 in-

1970 4066 2221 4124 gressum
2242 4052 2317 4111 ibi
2342 4056 2526 4112 statim
2569 4059 2777 4118 exiisse
2803 4063 2893 4119 ubi
2928 4064 3113 4137 egredi
3144 4068 3285 4126 solet
3318 4070 3499 4129 infans
3535 4091 3552 4131 :

1970 4152 2094 4209 qua:
2124 4144 2406 4202 sententia
2447 4143 2624 4205 Eliani
2657 4161 2711 4206 et
2752 4152 3068 4223 sequacium
3093 4156 3267 4229 ipsius
3294 4159 3419 4217 fuit.
3446 4163 3553 4221 Alii

1970 4231 2250 4324 Christum
2296 4235 2580 4298 hominem
2646 4242 2820 4303 fuisse
2874 4261 2906 4303 a
2958 4248 3245 4310 divinitate
3279 4265 3548 4324 creatum,

1970 4322 2215 4396 ejusdem
2257 4342 2381 4385 cum
2417 4340 2672 4389 nostrum
2721 4336 2906 4408 aliquo
2948 4341 3294 4411 substantiae,
3345 4322 3550 4419 ﬁliique

1968 4418 2298 4491 principium
2335 4436 2366 4513 a
2396 4421 2568 4478 laria
2607 4426 2804 4495 fuisse,
2846 4430 3136 4504 ipsumque
3164 4437 3400 4495 electum
3448 4418 3544 4513 qui

1967 4509 2292 4569 substantiae
2350 4512 2608 4572 humanae
2677 4516 2941 4577 liberator
3008 4535 3175 4591 esset,
3248 4509 3549 4592 comitante

1969 4601 2147 4673 ipsum
2174 4605 2348 4676 gratia
2391 4605 2604 4673 divina,
2635 4622 2690 4664 ct
2732 4611 2787 4667 in
2819 4613 2938 4684 ipso
2980 4631 3078 4689 per
3102 4633 3347 4678 amorem
3375 4636 3430 4681 et
3454 4640 3548 4682 vo-

1966 4694 2231 4750 luntatem
2260 4694 2566 4764 habitante,
2605 4701 2840 4773 ideoque
2890 4711 3218 4778 appellatum
3253 4715 3425 4773 fuisse
3454 4718 3515 4776 Fi

1970 4782 2104 4841 lium
2134 4784 2252 4841 Dei.
2291 4785 2545 4848 Dicentes
2582 4793 2745 4849 etiam
2780 4794 2949 4851 Deum
2988 4801 3353 4861 substantiam
3378 4825 3542 4866 unam

1968 4889 2092 4932 esse
2111 4917 2127 4943 ,
2149 4885 2204 4933 et
2236 4893 2525 4949 personam
2550 4900 2736 4952 unam,
2763 4904 2881 4957 qua:
2903 4893 3079 4946 tribus
3097 4898 3413 4956 nominibus
3443 4918 3539 4974 ap-

1964 4965 2221 5035 pellatur,
2254 4986 2360 5027 nec
2387 4972 2443 5027 itt
2475 4974 2732 5043 Verbum,
2760 4994 2860 5034 nec
2896 4982 2950 5035 itt
2985 4982 3249 5053 Spiritum
3282 4965 3536 5049 sanctum

1963 5059 2250 5117 credentes
2273 5080 2286 5116 :
2308 5063 2801 5142 tumul-“3
2820 5073 2930 5128 haec
2960 5081 3233 5135 sententia
3255 5081 3407 5139 Pauli
3437 5087 3540 5142 Sa-

1960 5154 2227 5208 mosateni
2247 5155 2572 5223 patriarcha:
2590 5159 3182 5239 Antiocltetti,ejusque
3202 5183 3533 5235 sectatorum

1962 5244 2054 5312 qui
2086 5242 2392 5303 Pauiiciani
2428 5254 2683 5308 audiunt.
2740 5254 2911 5311 Erant
2952 5272 3009 5315 et
3046 5263 3139 5329 qui
3202 5279 3531 5338 assererem,

1966 5341 2081 5393 tres
2109 5352 2233 5395 esse
2272 5338 2424 5403 deos.
2458 5345 2549 5412 qui
2578 5359 2684 5399 non
2720 5349 2879 5405 aliter
2914 5366 2977 5406 se
3005 5352 3241 5412 habeant
3269 5374 3437 5430 quam
3472 5374 3532 5421 ut

1960 5426 2158 5493 bonus.
2192 5440 2244 5487 ot
2277 5435 2477 5498 malus,
2525 5446 2578 5490 et
2604 5441 2695 5507 qui
2731 5442 2894 5495 medii
2925 5444 3163 5503 sitinter
3196 5426 3301 5506 eos
3320 5463 3528 5525 tempe-

1961 5522 2237 5590 ramenti;
2291 5541 2415 5595 quae
2464 5524 2761 5586 Marcionis
2809 5534 3084 5592 maledicti
3139 5549 3195 5593 et
3249 5522 3525 5603 sociorum

1962 5608 2137 5680 ipsius
2202 5618 2475 5672 sent~~ntia
2533 5620 2675 5689 :qui
2697 5629 2753 5677 et
2808 5621 3147 5682 athrtnarunt
3199 5628 3524 5690 Marcionem
