4070 6152
505 330 641 392 1007

1516 323 1890 383 EUTYCIIII
1913 320 2449 381 ALEXANDRI‘NI
2494 322 2710 384 PATR.

3623 335 3761 399 1003

504 438 806 510 principem
852 440 1224 510 apostolorum
1262 452 1404 498 esse,
1459 436 1621 489 Petro
1656 433 1908 504 apostolo
1941 433 2080 501 reje-
2112 443 2155 496 Α
2187 430 2515 497 Sabbatum,
2539 434 2730 488 Cihaci
2792 434 2985 488 feriam
3026 435 3265 491 tertiam.
3292 435 3465 495 Natus
3496 453 3581 496 est
3636 456 3769 515 ergo

500 543 612 589 cto.
643 533 745 586 Alii
771 528 1059 605 [denique]
1077 536 1438 586 asseruerunt
1465 527 1808 580 divinitatem
1835 523 2038 579 Christi
2062 543 2078 588 ;

502 641 625 698 qua;
654 624 807 679 Pauli
840 622 1074 694 apostoli
1104 620 1381 678 sententia
1411 629 1516 682 est,
1558 631 1659 672 nec
1712 630 1820 669 non
1866 617 2081 686 episco-

501 733 692 788 porum
714 726 1087 773 trecentorum
1116 724 1171 769 et
1199 712 1523 767 octodecim.

572 810 797 867 Auditis
830 810 1074 880 ipsorum
1109 806 1399 861 sententiis
1429 804 1660 858 miratus
1692 810 1778 859 est
1804 802 2079 858 Constan-

502 906 650 957 tinus
681 917 777 956 rex
810 902 956 956 hanc
976 896 1430 969 discrepantiam,
1457 898 1730 967 domoque
1758 896 1891 966 ipsis
1917 909 2076 964 sepo-

502 997 610 1051 sita
652 994 708 1048 in
736 1008 843 1064 qua
881 993 999 1047 loca
1039 992 1173 1062 ipsis
1211 991 1444 1062 paravit,
1481 988 1883 1060 disputationes
1929 988 2076 1056 ipsos

499 1085 912 1157 haberejussit,
942 1092 1002 1139 ut
1028 1091 1328 1154 perspecto
1374 1084 1517 1151 apud
1561 1095 1721 1151 quem
1749 1095 1878 1136 vera
1927 1086 2075 1134 esset

499 1180 655 1244 fides,
696 1180 877 1249 ipsum
928 1186 1275 1247 sequeretur.
1337 1176 1415 1229 llli
1472 1189 1606 1245 ergo
1642 1182 1947 1228 tercentum
2018 1179 2073 1225 et

494 1272 801 1329 octodecim
839 1273 894 1324 in
954 1285 1120 1325 unam
1166 1269 1351 1333 iidem,
1417 1282 1694 1338 unamque
1746 1266 2071 1321 sententiam

493 1371 893 1421 consenserunt
940 1361 1328 1432 disputantes,
1384 1360 1493 1415 illis
1541 1358 1884 1431 argumentis
1955 1357 2072 1411 suis

492 1457 803 1528 superiores
859 1462 1182 1515 evaserunt,
1241 1451 1516 1521 iidemque
1565 1465 1752 1505 veram
1816 1448 2069 1503 declara-

494 1559 652 1615 runt;
680 1548 874 1617 reliqui
903 1555 1084 1601 autem
1125 1544 1369 1615 episcopi
1413 1543 1708 1599 sententiis
1753 1551 1809 1597 et
1854 1540 2071 1611 religio-

493 1648 653 1700 nibus
683 1645 825 1698 inter
862 1658 921 1697 se
964 1641 1166 1696 diversi
1199 1639 1440 1694 fuerunt.
1480 1636 1595 1693 Rex
1629 1651 1762 1706 ergo
1807 1636 2069 1691 trecentis

490 1748 543 1792 et
574 1736 882 1791 octodecim
931 1733 1206 1805 episcOpis
1245 1731 1368 1786 istis
1400 1731 1519 1784 loco
1556 1729 1795 1801 quodam
1848 1724 2070 1796 proprio

487 1840 541 1883 ct
583 1828 767 1900 amplo
801 1839 991 1898 parato
1043 1826 1161 1896 ipse
1206 1825 1260 1878 in
1309 1839 1501 1878 eorum
1556 1823 1735 1877 medio
1796 1795 2065 1882 consedit,
2102 1795 2139 1847 η

490 1934 826 1994 acceptaque
854 1919 1146 1982 annulum,
1172 1916 1413 1987 gladium
1472 1922 1527 1969 et
1569 1921 1847 1983 sceptrum
1906 1924 2067 1967 suum

492 2015 626 2084 ipsis
648 2011 892 2075 tradidit,
914 2010 1103 2065 dicens
1118 2008 1288 2079 ipsis:
1316 2006 1481 2062 Vobis
1507 2006 1669 2061 hodie
1693 2006 1749 2059 in
1778 2005 2065 2072 imperium

493 2121 674 2161 meum
705 2111 1027 2175 potestatem
1064 2102 1337 2165 concessi,
1368 2109 1423 2155 ut
1463 2100 1516 2153 in
1544 2112 1611 2153 eo
1655 2094 1821 2169 5.“
1856 2094 2068 2149 faciatis

489 2196 755 2269 quidquid
792 2194 972 2250 facere
1005 2194 1163 2272 vobis
1196 2192 1417 2263 expedit
1468 2205 1657 2247 eorum
1689 2203 1810 2259 quat
1833 2186 1900 2241 ad
1934 2186 2067 2241 reli-

489 2292 703 2359 gionem
734 2289 837 2344 rite
882 2286 1267 2343 stabiliendam
1312 2293 1371 2340 et
1421 2282 1663 2338 fidelium
1716 2278 2065 2335 commodum

489 2389 751 2455 spectant.
782 2379 888 2445 llli,
911 2379 1027 2449 regi
1055 2377 1444 2433 benedicentes
1467 2384 1520 2427 et
1545 2374 1723 2443 ipsum
1749 2371 1930 2442 gladio
1962 2382 2067 2426 suo

490 2477 805 2537 eluxerunt,
835 2472 1082 2525 dicentes
1120 2486 1133 2522 :
1179 2468 1367 2523 Fidem
1428 2465 1784 2522 christiauam
1845 2461 2064 2530 publice

489 2563 838 2638 profitearis,
910 2575 1141 2630 eamque
1219 2571 1548 2628 prepugnes.
1621 2553 2067 2623 Composuerunt

486 2659 650 2715 etiam
685 2660 788 2729 ipsi
842 2656 1012 2711 libros
1064 2652 1451 2724 quadraginta,
1482 2648 1577 2719 qui
1641 2646 2067 2703 constitutiones

484 2760 539 2808 et
572 2754 717 2823 leges
754 2750 1099 2807 continerent
1140 2768 1153 2801 :
1187 2760 1418 2816 quarutu
1453 2744 1577 2799 alia:
1604 2741 1735 2812 quid
1772 2740 1885 2805 regi
1921 2740 2067 2794 scire

485 2853 540 2897 ct
577 2842 757 2897 facere
778 2838 1063 2910 expediret
1098 2832 1478 2909 [docueruntJ
1504 2833 1625 2887 alia:
1658 2831 1788 2902 quid
1843 2830 1912 2887 ah
1950 2832 2068 2897 epi-

499 2933 703 3005 scopis,
738 2947 803 2988 ex
857 2933 927 2987 iis
965 2943 1086 2998 quae
1140 2931 1194 2983 in
1227 2928 1361 2997 ipsis
1407 2926 1798 2996 comprehensa
1854 2932 2062 2983 essent,

489 3026 607 3079 tlcri
637 3024 878 3078 deceret.
907 3020 1141 3078 Concilii
1171 3021 1428 3090 princeps
1466 3026 1522 3071 et
1544 3030 1749 3085 praises
1777 3022 1897 3069 erat
1936 3014 2065 3067 Ale-

2185 522 2449 579 Dominus
2477 536 2666 580 noster
2720 526 2881 583 Jesus
2941 528 3201 587 Christus
3256 534 3524 589 vicesimo
3571 538 3768 605 quinto

2183 616 2271 671 die
2300 618 2515 672 Cannni
2554 620 2780 688 prioris,
2829 622 3023 675 Cihaci
3064 625 3326 679 vicesimo
3351 640 3520 694 nono,
3550 628 3769 701 fuitque

2181 708 2302 763 dies
2320 708 2441 775 ejus
2468 711 2665 765 natalis
2696 714 2828 766 feria
2864 716 3046 769 tertia.
3085 716 3235 770 Diem
3302 734 3435 773 vero
3500 722 3763 792 baptismi

2181 799 2357 870 ipsius
2409 803 2589 871 reperi
2651 802 2822 857 fuisse
2874 806 3008 875 cycli
3059 809 3257 862 solaris
3288 808 3501 863 decimo
3529 823 3763 880 quarto;

2178 892 2316 962 rycli
2348 892 2559 948 lunaris
2586 892 2804 949 decimo
2842 912 3011 958 nouo,
3052 914 3174 951 cum
3209 909 3357 955 esset
3387 913 3579 969 epacte
3632 905 3767 959 solis

2177 991 2289 1039 tres
2315 994 2370 1038 et
2396 985 2686 1041 dimidium
2745 997 2801 1042 et
2864 1005 2970 1042 una
2997 1002 3214 1059 quarta,
3246 994 3388 1047 luna:
3417 1010 3544 1049 vero
3572 998 3613 1021 "
3646 1015 3659 1050 :
3701 1012 3765 1050 ac

2175 1078 2388 1145 primus
2422 1078 2639 1134 Canuni
2672 1083 2998 1149 posterioris
3030 1085 3165 1148 dies,
3208 1086 3339 1140 feria
3376 1088 3587 1156 quinta,
3614 1105 3766 1144 men-

2176 1171 2255 1223 sis
2287 1167 2502 1226 Tubahi
2558 1170 2886 1228 Sabbatum.
2917 1171 3049 1229 Fuit
3101 1191 3235 1247 ergo
3290 1178 3559 1248 baptisma
3592 1181 3766 1249 ipsius

2175 1264 2389 1317 illustre
2412 1265 2497 1320 die
2528 1263 2737 1330 Martis.
2772 1278 2928 1322 sexto
2950 1268 3141 1323 Canuu
3162 1271 3513 1340 posterioris,
3546 1270 3763 1327 Tubahi

2175 1359 2486 1414 undecimo.
2538 1360 2663 1416 Dies
2726 1371 2906 1417 autern
2949 1365 3327 1420 crucifixionis
3360 1368 3535 1437 ipsius
3565 1368 3763 1423 saluti-

2175 1450 2301 1504 fera:
2330 1450 2498 1526 448
2527 1447 2716 1507 incidit
2741 1456 2793 1509 in
2829 1454 3102 1510 decimum
3139 1473 3341 1512 nouum
3374 1460 3511 1530 cycli
3542 1461 3762 1525 solaris,

2172 1541 2314 1612 cycli
2367 1558 2497 1598 vero
2568 1545 2776 1599 lunaris
2824 1546 3396 1618 decimumquartutu,
3450 1566 3578 1606 cum
3615 1566 3765 1608 esset

2166 1639 2356 1699 epacte
2395 1628 2533 1685 solis
2574 1640 2783 1701 septem
2827 1649 2953 1688 cum
2994 1634 3249 1702 dimidio,
3294 1639 3438 1695 luna:
3480 1657 3609 1697 vero
3650 1646 3691 1664 "

2164 1729 2220 1774 et
2279 1722 2493 1793 primus
2559 1725 2769 1778 mensis
2829 1727 2996 1792 Adar,
3056 1727 3191 1783 feria
3257 1733 3475 1801 quinta,
3538 1736 3759 1805 primus

2166 1825 2347 1871 autem
2390 1818 2599 1872 mensis
2640 1816 2937 1873 Borrnahat
2978 1819 3114 1876 feria
3156 1824 3367 1893 prima,
3427 1836 3481 1881 et
3531 1827 3760 1884 ludam-

2168 1922 2289 1962 rum
2336 1907 2545 1964 Pascha
2587 1908 2677 1966 die
2714 1910 2899 1977 Iovis,
2960 1914 3124 1967 Adari
3178 1918 3440 1972 vicesimo
3480 1923 3757 1986 secundo,

2165 2002 2258 2068 qui
2310 2002 2624 2058 Bormahati
2677 2016 2795 2057 erat
2843 2006 3136 2061 vicesimus
3170 2020 3382 2064 sextus.
3438 2010 3615 2083 Atque
3649 2013 3758 2070 hoc

2167 2096 2376 2151 iudicat
2434 2098 2726 2152 Dominum
2765 2096 2956 2154 Jesum
3018 2099 3225 2157 Pascha
3278 2118 3404 2158 cum
3457 2105 3754 2176 discipulis

2167 2189 2285 2241 suis
2324 2189 2634 2246 comedisse
2671 2190 2760 2245 die
2819 2190 3008 2255 Jovis;
3068 2193 3395 2248 crucifixum
3454 2195 3624 2252 fuisse
3666 2199 3759 2254 die

2170 2277 2420 2343 Veneris.
2472 2282 2642 2339 Adari
2693 2284 2959 2340 vicesimo
3005 2287 3191 2352 tertio,
3235 2288 3551 2344 Bormahati
3607 2294 3762 2347 vice-

2166 2371 2307 2427 simo
2335 2372 2605 2442 septimo;
2632 2387 2698 2429 ac
2727 2375 3100 2432 resurrexisse
3155 2379 3246 2433 die
3271 2380 3424 2443 solis,
3474 2378 3642 2434 Adari
3676 2382 3758 2435 vi-

2168 2464 2373 2518 cesimo
2403 2466 2624 2535 quinto,
2676 2464 2993 2521 Bormabati
3050 2468 3313 2524 vicesimo
3371 2484 3537 2525 nouo.
3593 2469 3762 2525 Chrio

2166 2557 2368 2611 stianis
2408 2572 2559 2621 vero,
2594 2558 2670 2611 uti
2720 2558 2833 2626 jam
2868 2560 3134 2623 diximus,
3170 2563 3224 2616 in
3251 2578 3406 2618 more
3434 2573 3572 2625 erat,
3605 2572 3764 2633 post-

2166 2664 2330 2719 quam
2366 2646 2687 2718 Epiphaniae
2715 2649 2914 2705 festum
2969 2650 3345 2708 eelebrasscnt
3376 2655 3460 2709 die
3485 2657 3760 2720 crastino,

2167 2741 2532 2812 quadraginta
2552 2742 2669 2797 dies
2713 2743 2988 2813 ieiunare,
3019 2743 3146 2798 dein
3199 2747 3474 2816 jejunium
3510 2750 3757 2813 solvere,

2166 2849 2409 2904 cumque
2434 2833 2611 2889 Judaei
2665 2834 2882 2891 Pascha
2941 2836 3285 2892 celebrarent
3345 2839 3488 2894 idem
3546 2841 3754 2898 festqu

2170 2941 2281 2981 una
2312 2926 2620 2991 celebrare,
2643 2928 2792 2997 quod
2826 2928 2948 2984 dies
2983 2930 3269 2985 Paschalis
3296 2947 3417 2984 cum
3443 2934 3636 3003 jejunii
3668 2949 3762 2990 so-

2175 3020 2386 3073 lutione
2417 3026 2564 3072 erat.
2600 3016 2871 3075 Vetarunt
2904 3034 3087 3077 autem
3117 3025 3267 3093 ipsos
3302 3025 3494 3079 Patres
3524 3029 3761 3081 trecenti

493 3119 701 3172 sander
732 3114 1042 3185 patriarcha
1094 3112 1519 3172 Alexandriam.
1552 3119 1609 3165 et
1641 3108 1789 3180 [cum
1817 3105 1909 3178 eo]
1949 3104 2063 3160 Ειι·
2094 3140 2136 3198 c
2170 3110 2479 3167 octodecim
2523 3111 2630 3168 hoc
2658 3111 2862 3179 facere,
2911 3114 3177 3184 iubentes
3214 3116 3421 3172 Pascha
3479 3117 3760 3173 Christia-

491 3210 735 3266 stathius
767 3209 1079 3278 patriarcha
1109 3205 1505 3268 Antiochenus,
1536 3211 1593 3257 et
1651 3199 1920 3255 Macarius
1951 3199 2067 3267 cpi-

489 3317 688 3374 scopus
721 3300 1039 3371 llicrosolyn
1062 3298 1264 3363 itanus,
1308 3296 1585 3368 Sylvestcr
1628 3293 1932 3364 patriarcha
1959 3293 2069 3349 Ro-

490 3409 685 3450 manus
738 3394 956 3445 nomine
991 3404 1093 3445 suo
1124 3388 1264 3445 duos
1314 3389 1465 3442 misit
1515 3384 1847 3449 sacerdotes,
1895 3398 2064 3437 unum

492 3486 713 3542 nomine
737 3482 1039 3547 Victorem,
1081 3481 1311 3536 alterum
1347 3478 1677 3543 Vicentitun,
1704 3478 1797 3546 qui
1841 3478 1893 3530 in
1950 3475 2065 3529 Arii

491 3576 881 3647 sociorumque
936 3574 1112 3645 ipsius
1149 3570 1774 3627 excommunirationetn
1834 3581 2069 3621 censen.

494 3679 717 3734 serunt;
755 3670 1017 3740 ipsisque,
1046 3683 1110 3721 ac
1165 3665 1418 3719 omnibus
1461 3665 1551 3734 qui
1599 3661 1850 3716 eamdem
1899 3660 2065 3730 proli-

495 3772 745 3820 terentur
802 3760 1157 3824 sententiam,
1216 3757 1641 3812 maledixerunt.
1693 3751 1842 3809 Fidei
1897 3753 2064 3807 etiam

492 3856 892 3912 confessionem
928 3854 1243 3918 ediderunt,
1273 3858 1596 3912 statuentes,
1623 3844 1816 3901 Filium
1842 3860 1873 3901 a
1907 3843 2066 3903 Patre

495 3961 617 4004 utile
668 3948 855 4003 omnia
908 3946 1107 4002 saecula
1155 3943 1401 4014 genitum
1458 3940 1664 4005 fuisse;
1701 3939 2066 4007 eamdemque

496 4042 743 4113 ejusdem
785 4055 912 4094 cum
970 4038 1131 4091 Patre
1199 4046 1431 4097 uatum,
1485 4034 1819 4088 iocreatum.
1868 4027 2063 4094 Porro,

494 4134 616 4189 urbi
649 4127 1124 4199 Constantinopoli
1148 4126 1519 4198 patriarchatu
1556 4121 1921 4194 prtefeceruut
1954 4120 2065 4176 Ile-

493 4222 833 4293 trophanetu.
852 4219 1001 4277 .lnter
1017 4232 1110 4270 eos
1124 4219 1289 4271 etlam
1308 4214 1560 4268 convenit
1587 4212 1792 4267 Pascha
1814 4210 2067 4266 christia-

496 4328 686 4368 norum
717 4311 806 4366 die
856 4308 1136 4363 Dominico
1175 4316 1297 4376 post
1340 4301 1649 4357 .Iudzeorunt
1680 4299 1889 4355 Pascha
1918 4298 2063 4355 cele-

2173 3218 2367 3260 norum
2396 3204 2663 3259 celebrari
2724 3205 2813 3259 die
2852 3204 3159 3271 Dominico,
3182 3206 3393 3263 Pascha
3430 3208 3755 3266 Judzorum

2173 3296 2422 3367 proxime
2462 3308 2759 3367 sequente:
2793 3299 3256 3370 prohibentesque
3309 3305 3392 3359 vel
3457 3319 3565 3358 uua
3624 3320 3757 3360 cum

2168 3387 2395 3455 Judaeis,
2428 3390 2669 3445 velante
2700 3391 2852 3459 ipsos
2907 3390 3106 3447 festum
3164 3394 3269 3449 hoc
3319 3411 3502 3466 agere,
3560 3411 3757 3452 verum

2167 3493 2365 3536 curare
2386 3490 2448 3535 ut
2492 3493 2710 3551 semper
2742 3480 2946 3539 Pascha
2968 3483 3406 3541 Christianorum
3438 3487 3758 3546 Judaeurum

2171 3572 2383 3627 Pascha
2404 3582 2757 3641 sequeretur.

2240 3663 2567 3718 Statuerunt
2595 3665 2757 3719 etiam
2787 3680 2853 3721 ne
2884 3667 3176 3736 episcopus
3235 3668 3359 3737 quis
3394 3684 3617 3724 uxorem
3649 3671 3754 3724 ha-

2171 3758 2340 3812 beret.
2361 3757 2407 3812 Δ
2427 3763 2669 3826 tempore
2693 3759 2837 3811 enim
2865 3762 3257 3829 apostolorum,
3282 3776 3454 3829 usque
3481 3764 3545 3812 ad
3566 3765 3757 3818 conci-

2170 3851 2299 3906 liun:
2349 3860 2717 3904 trecentorum
2774 3850 3079 3906 octodecim
3129 3867 3323 3906 uxores
3373 3853 3506 3922 ipsis
3560 3866 3753 3919 erant,

2168 3942 2304 3996 adeo
2333 3950 2392 3995 ut
2423 3942 2466 3995 si
2503 3943 2628 4011 quis
2685 3941 2777 4007 qui
2840 3957 3060 3995 uxorem
3112 3942 3338 3997 duxerat
3388 3942 3749 4016 $49-55]

2165 4033 2459 4102 episcopus
2508 4032 2962 4095 constitueretur,
3009 4044 3252 4087 maneret
3286 4036 3400 4103 ipsa
3457 4050 3583 4089 cum
3634 4037 3749 4095 illo.

2170 4136 2346 4191 neque
2391 4124 2463 4177 ab
2506 4136 2594 4187 ,ρο
2646 4122 2941 4186 recederet,
2973 4124 3217 4192 exceptis
3261 4125 3607 4192 patriarchis.
3640 4126 3752 4183 Illis

2167 4216 2313 4268 enim
2343 4228 2540 4269 uxores
2562 4228 2669 4267 non
2717 4222 2898 4279 erant,
2942 4229 3122 4283 neque
3169 4217 3521 4285 coniugatum
3555 4234 3753 4289 quem-

2172 4320 2337 4374 quam
2373 4305 2438 4358 ad
2476 4319 2677 4359 munus
2709 4305 2841 4359 illud
2872 4308 3265 4375 provehchanl.
3301 4306 3467 4363 Porro
3512 4312 3748 4366 Alexan-

497 4391 2066 4472 hrandum,uequeeodemdieconcurreredebereJudaeo-
2100 4387 2141 4442 0
2171 4400 2290 4460 der,
2330 4396 2598 4450 Achillam
2629 4398 2837 4452 socium
2889 4414 3076 4462 suum,
3114 4404 3203 4468 qui
3255 4413 3380 4455 ante
3435 4404 3608 4470 ipsum
3651 4420 3750 4471 pa-

500 4517 616 4552 rum
648 4510 699 4553 ct
739 4497 1164 4551 christianorum
1188 4490 1420 4547 Pascha.
1446 4486 1853 4545 Coulirmaruut
1875 4483 2068 4557 445-

495 4592 655 4667 447
670 4591 832 4646 etiam
854 4588 1125 4644 calculum
1148 4583 1435 4641 Paschatis
1452 4590 1507 4639 et
1526 4581 1774 4650 jejuuii_a
1796 4578 2069 4632 Demetrio

499 4684 807 4756 patriarcha
840 4677 1236 4740 Alexandrino,
1275 4673 1485 4729 Gaiano
1514 4674 1776 4741 episcopo
1822 4669 2070 4727 llierosoo

501 4782 780 4850 tytuilauo,
807 4771 1037 4826 Maximo
1064 4767 1370 4837 patriarcha
1394 4762 1753 4822 Antiocheuo,
1775 4770 1830 4817 et
1855 4758 2070 4814 Victore

500 4866 805 4940 patriarcha
825 4864 1070 4918 ltoiuano
1083 4858 1464 4919 constitutum;
1480 4854 1700 4923 foreque
1712 4851 1904 4922 jejunii
1925 4850 2066 4918 apud

499 4959 830 5026 christianos
901 4950 1231 5007 solutionem
1297 4947 1490 5001 eodem
1556 4945 1645 5000 die
1698 4959 1808 5014 quo
1859 4942 2068 4998 Pascha

500 5056 767 5123 ipsorum,
791 5044 1006 5101 scilicet
1039 5040 1332 5102 Doniiuico
1354 5038 1666 5096 ludazorum
1704 5035 1910 5092 Pascha
1939 5050 2069 5107 pro-

500 5145 643 5201 xime
672 5145 963 5207 sequente.
987 5133 1168 5203 lnquit
1221 5131 1351 5189 Sald
1412 5129 1636 5187 Patricii
1694 5129 1863 5194 illius.
1899 5126 2071 5184 inedi-

499 5236 635 5292 cina:
663 5230 944 5288 studiosus
972 5244 987 5279 :
1016 5223 1171 5279 Scire
1198 5236 1332 5277 aveo
1357 5234 1471 5290 quo
1499 5219 1588 5275 die
1618 5219 1939 5290 septimanae
1972 5229 2071 5271 na-

501 5340 592 5381 tus
625 5325 699 5381 sit
734 5319 1011 5376 Dominus
1058 5324 1247 5370 noster
1279 5309 1444 5367 Jesua
1474 5310 1755 5374 Christus,
1788 5310 1940 5371 item.
1960 5315 2071 5378 quo

500 5422 586 5474 die
622 5402 1468 5478 cruciﬁxussit,etquotifuerint
1497 5401 1616 5457 dies
1642 5402 1771 5465 isti;
1821 5399 1876 5454 in
1932 5399 2071 5453 hanc

503 5512 665 5581 igitur
709 5520 822 5560 rem
856 5512 917 5559 ut
970 5499 1306 5571 inquirerem
1337 5508 1510 5550 annos
1537 5494 1845 5557 revolvens,
1892 5492 2070 5561 reperi

504 5606 681 5671 ipsum
714 5595 1038 5653 duodecimo
1068 5590 1209 5663 cycli
1236 5588 1433 5644 solaris
1455 5594 1644 5641 natum
1678 5585 1849 5642 fuisse
1872 5589 1937 5651 “,
1968 5600 2071 5638 nu-

504 5688 804 5762 uu-ticycli
856 5686 1087 5744 lunaris.
1145 5682 1425 5750 fuisseque
1466 5687 1581 5733 tum
1639 5688 1890 5747 epactum
1937 5678 2072 5734 solis

505 5796 696 5845 unum,
745 5779 912 5836 Lunae
952 5777 1159 5841 vero“,
1186 5774 1417 5846 primum
1456 5770 1664 5827 Canuui
1703 5769 1901 5841 prioris
1932 5770 2070 5825 diem

2179 4488 2421 4541 triarcha
2457 4487 2866 4541 Alexandrinus
2922 4487 3124 4554 fuerat,
3178 4491 3244 4544 de
3281 4495 3452 4560 gradu
3519 4496 3751 4561 patriar-

2174 4580 2320 4635 chali
2352 4578 2576 4648 dejecit,
2602 4579 2732 4648 quia
2762 4579 2891 4634 Ario
2928 4592 3149 4651 recepto
3211 4594 3397 4637 contra
3454 4586 3593 4639 Petti
3657 4604 3751 4656 pa-

2174 4669 2431 4726 triarchae
2468 4668 2827 4725 Alexandrini
2862 4670 3183 4727 mandatmn
3220 4672 3442 4727 fecerat.
3482 4674 3561 4728 illi
3620 4694 3748 4733 vero

2173 4762 2406 4817 trecenti
2430 4760 2737 4815 octodecim
2770 4760 2835 4813 ad
2880 4760 2996 4815 loca
3032 4777 3128 4815 sua
3162 4764 3373 4817 honore
3430 4764 3609 4820 allecti
3648 4784 3747 4821 re-

2170 4854 2431 4917 dierunt;
2494 4852 2656 4923 idque
2718 4866 2863 4906 anno
2924 4853 3274 4908 Constantini
3334 4856 3475 4922 regis
3529 4859 3747 4911 decimo

2173 4958 2342 4999 nono.
2400 4943 2528 4998 Tria
2585 4953 2769 4998 autem
2831 4944 3046 4999 decreta
3102 4944 3275 4999 edidit
3328 4946 3743 5005 Constantinus.

2174 5038 2439 5099 Primum,
2476 5048 2534 5092 ut
2572 5037 2871 5094 confractis-
2910 5039 3070 5096 idotis
3108 5055 3301 5095 omnes
3331 5056 3518 5097 eorum
3572 5050 3740 5099 culto-

2171 5143 2261 5184 res
2291 5144 2323 5181 e
2347 5128 2526 5183 medio
2554 5128 2892 5184 tollerentur.
2926 5128 3269 5192 Secundum,
3322 5147 3387 5187 ne
3431 5135 3553 5201 quis
3585 5145 3737 5190 ηοω.

2174 5220 2240 5274 rli
2265 5220 2500 5275 forensis
2532 5219 2712 5274 cilicio
2736 5219 3056 5291 fungeretur
3081 5232 3276 5291 praeter
3301 5222 3735 5281 Christianorum

2174 5309 2401 5374 liberos,
2436 5309 2708 5379 iidemque
2742 5309 3030 5379 praefectus
3063 5322 3116 5364 et
3169 5314 3341 5367 duces
3376 5324 3577 5369 essent.
3613 5315 3742 5370 Ter-

2178 5402 2331 5466 tium,
2368 5413 2426 5457 ut
2456 5400 2544 5456 die
2579 5399 2886 5466 Passionis,
2909 5409 2963 5455 et
2994 5403 3169 5471 ipsum
3194 5416 3455 5471 sequente
3497 5409 3585 5461 die
3640 5406 3739 5464 Ve-

2175 5495 2437 5557 neris,ab
2484 5494 2633 5547 omni
2670 5508 2836 5564 opere
2895 5494 3236 5550 abstinerent
3295 5497 3560 5561 homines,
3611 5515 3742 5554 neve

2176 5590 2229 5643 in
2266 5587 2455 5641 iisdem
2482 5572 2739 5655 praelium
2785 5587 2953 5641 ullum
3006 5589 3460 5644 conuuitlerelur.
3499 5590 3556 5644 In
3592 5608 3739 5645 man-

2176 5678 2316 5733 datis
2338 5678 2501 5732 etiam
2536 5676 2681 5731 dedit
2741 5678 3139 5733 Constantinus
3188 5680 3482 5749 imperator
3510 5681 3739 5738 Macario

2175 5773 2425 5842 episcopo
2477 5768 2995 5841 Hicrosolymituno,
3041 5779 3101 5826 ut
3166 5774 3400 5841 sepulcri
3459 5784 3512 5829 et
3563 5776 3737 5831 crucis
