4070 6152
413 292 553 361 1009

1855 304 2227 365 ANNALES.

3547 281 3683 349 1010

409 412 530 469 loca
565 412 927 483 perquirerct,
960 425 1013 469 et
1041 417 1308 471 ecclesias
1345 425 1604 474 strueret.
1635 417 1780 474 Dixit
1838 421 1997 491 quin-
2025 423 2072 480 Α
2101 419 2377 492 perierat:
2415 431 2590 473 amics
2638 415 2830 489 viginti
2865 422 2976 471 tres
3034 411 3195 476 sedit,
3242 409 3369 465 dci‘n
3430 417 3683 462 mortuus

406 505 576 560 etiam
629 506 834 561 llelena
882 506 1231 563 Constantini
1263 519 1482 565 mater:
1536 508 1670 565 Vovi
1728 525 1832 582 ego
1890 513 1996 564 itu-

410 611 533 651 ram
567 613 655 653 me
700 596 1078 672 Hierosolyma
1122 610 1180 655 ιιι
1240 602 1558 672 perqttisilis
1604 602 1740 656 locis
1790 604 1997 657 sanctis

410 687 534 758 ipsa
564 689 814 746 aediliciis
834 707 1050 748 ornem.
1076 694 1210 749 Cum
1240 711 1370 764 ergo
1399 710 1648 765 magnam
1683 694 1786 765 ipsi
1820 710 1984 765 opum

409 781 628 851 copiam
656 783 888 854 largitus
920 798 1087 852 esset,
1111 787 1350 857 proiecta
1384 800 1466 842 est
1509 786 1673 861 ‘52
1718 789 1857 857 ipsa,
1892 802 1998 842 una

2097 526 2201 571 est.
2228 518 2390 570 Anno
2427 513 2596 587 556
2637 512 2848 580 imperii
2882 507 3132 578 ejusdem
3185 504 3455 561 vicesimo
3507 500 3672 557 tertio

2100 615 2348 662 mortuus
2376 610 2460 660 est
2487 601 2869 671 Metmphanes
2915 596 3230 668 patriarcha
3295 590 3685 649 Constantino-

2101 700 2372 769 poYitanus
2417 712 2542 752 eum
2578 706 2693 751 tres
2740 708 2918 750 annos
2954 689 3280 747 cathedram
3338 693 3683 755 occupasset.

2104 793 2391 862 tactusque
2453 798 2536 845 est
2589 796 2711 858 post
2764 788 2945 855 ipsum
3011 780 3322 839 Alexander
3372 776 3684 849 patriarcha

411 889 540 928 cum
565 872 803 933 Macario
827 878 1110 951 episcopt‘o
1140 878 1596 954 Hierosolymaad
1614 897 1829 938 crucem
1853 896 2001 950 quac-
2098 884 2780 956 Constantinopolitanus.
2828 882 2921 951 qui
2960 886 3087 935 octo
3137 890 3310 933 annos
3350 872 3527 939 sedit,
3564 870 3686 925 dein

415 964 670 1030 rendam.
701 967 794 1022 ubi
824 971 1144 1024 convocatis
1188 970 1504 1026 Judaeurnm
1540 969 1917 1042 Hierosolyma
1951 981 2003 1025 ct

417 1065 661 1113 montem
693 1058 928 1115 Galilaeze
985 1061 1347 1119 incolentium
1380 1070 1611 1118 centum
1653 1062 1812 1123 viris.
1874 1078 2000 1117 cum

413 1166 484 1205 ex
508 1152 616 1206 illis
651 1153 839 1208 decem
877 1152 1137 1221 elegisset
1161 1194 1177 1219 ,
1201 1153 1402 1209 deinde
1426 1170 1489 1209 ex
1528 1154 1663 1224 ipsis
1692 1163 1830 1217 tri-s.
1863 1171 2000 1223 quo-

415 1256 540 1295 rum
573 1242 663 1295 nni
702 1257 898 1297 nomen
959 1241 1153 1307 ludas.
1186 1244 1399 1313 rogavit
1438 1253 1498 1298 ut
1551 1244 1657 1316 ipsi
1718 1245 1837 1299 locu
1880 1260 2004 1300 san-

415 1341 509 1389 cta
540 1334 885 1399 indicarent;
924 1334 999 1389 illi
1043 1350 1175 1391 vero
1217 1334 1556 1401 abnuerunt,
1612 1336 1863 1392 dicentes
1898 1336 2001 1391 sibi

419 1424 601 1483 lucum
636 1435 825 1483 notum
885 1442 997 1485 non
1023 1444 1176 1496 esse;
1234 1443 1408 1500 quare
1462 1428 1611 1500 ipsos
1670 1429 1725 1483 in
1780 1438 2002 1499 puteum

420 1536 563 1589 aqua
588 1536 824 1576 vacmtm
862 1521 1121 1593 coniecit,
1172 1524 1265 1578 ubi
1300 1538 1421 1577 cum
1456 1531 1668 1593 septem
1702 1522 1822 1579 dies
1876 1538 2005 1594 per-

423 1610 760 1666 mansissent
811 1612 949 1666 nihil
990 1613 1336 1669 edentesvcl
1370 1613 1644 1677 bibentes,
1701 1612 1840 1669 dixit
1895 1626 2005 1669 ter-

424 1704 535 1757 tius
567 1702 657 1758 ille
706 1704 929 1759 nomine
986 1702 1158 1761 Judas
1216 1707 1386 1761 sociis
1444 1705 1601 1762 suis:
1642 1704 1802 1760 Pater
1848 1721 2003 1761 meus

423 1795 544 1850 loca
571 1794 685 1857 illa,
720 1811 843 1865 quae
872 1797 1101 1865 inquirit
1133 1797 1330 1854 mulier
1375 1799 1505 1862 ista.
1558 1797 1689 1853 mihi
1721 1796 2007 1861 indicavit.

425 1903 601 1957 eaque
634 1888 778 1959 patri
838 1905 941 1945 suo
997 1893 1065 1945 ab
1124 1905 1230 1947 aro
1283 1891 1522 1947 indicata
1585 1889 1775 1947 fuisse.
1816 1890 2009 1946 Excla-

428 1989 642 2036 mantes
672 1996 804 2051 ergo
846 1982 1041 2053 reliqui
1093 1982 1229 2048 duo,
1289 1997 1417 2038 cum
1469 1997 1500 2038 e
1552 1992 1719 2053 puteo
1776 1982 2007 2039 extracti

426 2069 689 2138 fuissent,
724 2071 941 2128 Helenae
974 2082 1299 2138 narrarunt.
1331 2073 1463 2143 quid
1518 2074 1657 2147 ipsis
1684 2085 2010 2131 narraverat

423 2159 621 2221 ludas.
653 2164 827 2232 Quem
860 2181 985 2221 cum
1031 2166 1214 2239 llagris
1269 2168 1404 2225 caedi
1465 2168 1751 2238 iussisset.
1788 2168 2009 2227 confes-

425 2271 525 2310 sus
556 2266 641 2312 est
674 2257 762 2311 ille
810 2272 871 2313 se
911 2258 1092 2315 locum
1142 2274 1347 2327 nosse;
1405 2259 1796 2332 profectusque
1832 2261 2011 2317 donec

427 2346 500 2403 ad
530 2348 653 2404 loca
690 2349 783 2404 ubi
818 2361 1007 2406 essent
1063 2353 1377 2416 sepulcrum
1430 2363 1485 2408 et
1535 2353 1785 2409 craniutn
1821 2371 2011 2425 perve-

429 2441 670 2509 nissent,
701 2439 828 2513 (fuit
856 2449 1037 2497 autem
1072 2441 1229 2499 locus
1279 2443 1525 2500 limatum
1586 2443 1869 2514 magnum)
1905 2444 2009 2500 ibi-

429 2546 542 2601 que
567 2547 761 2601 preces
793 2531 1031 2589 fundens
1054 2534 1191 2591 dixit
1224 2534 1515 2602 :Domine,
1535 2538 1583 2591 si
1608 2534 1773 2592 fuerit
1806 2537 1861 2593 in
1888 2537 2010 2592 loco

426 2623 541 2679 isto
570 2623 905 2694 sepulcrum,
938 2622 1023 2679 fac
1064 2634 1122 2679 ut
1176 2634 1448 2682 tremente
1502 2626 1592 2682 hic
1652 2636 1799 2682 terra
1850 2633 2014 2681 exeat

435 2715 646 2779 fumus.
676 2731 789 2784 quo
821 2716 1067 2772 credam.
1099 2714 1394 2773 Tremente
1452 2731 1585 2789 ergo
1636 2717 1761 2774 loco
1799 2717 2015 2773 exiente

430 2807 560 2865 inde
593 2804 748 2863 fumo
776 2807 1154 2875 suaveolente,
1180 2807 1436 2868 credidit.
1470 2808 1720 2881 Cumque
1747 2809 2011 2881 iussisset

430 2902 636 2959 Helena
661 2904 841 2958 locum
872 2903 1096 2970 pulvere
1149 2903 1370 2968 nudari.
1407 2913 1795 2975 apparuerunt
1830 2906 2014 2975 sepul-

430 3012 587 3053 crum
628 3004 685 3051 et
719 2997 969 3051 cranium
1007 3012 1021 3051 :
1064 3004 1121 3052 at
1147 2995 1326 3053 tribus
1380 2996 1454 3051 ibi
1515 2997 1777 3053 crucibus
1835 3014 2014 3068 reper-

2104 985 2358 1033 mortuus
2391 984 2498 1032 est.
2530 974 2706 1031 Porro
2762 972 3041 1030 Eusebius
3086 966 3421 1026 Nicomediae
3475 962 3689 1035 episco-

2103 1091 2207 1146 pus
2237 1085 2291 1129 et
2321 1074 2512 1129 socius
2548 1073 2749 1143 ipsius,
2797 1070 3003 1140 quibus
3023 1081 3131 1123 una
3162 1079 3286 1121 cum
3339 1062 3469 1117 Ario
3517 1058 3691 1114 male-

2104 1166 2362 1221 dixerunt
2396 1165 2626 1221 trecenti
2658 1171 2711 1219 et
2762 1161 3093 1223 octodecim.
3134 1158 3201 1215 ad
3262 1154 3689 1211 Constantinum

2106 1258 2434 1313 accedentes
2464 1272 2623 1328 opem
2674 1255 2853 1325 ipsius
2897 1254 3286 1323 impiorarunt.
3344 1253 3603 1318 rogantes
3636 1252 3695 1299 ut

2106 1352 2345 1420 receptis
2379 1350 2516 1421 ipsis
2572 1347 3019 1405 maledictionem
3070 1343 3282 1399 irritam
3333 1337 3582 1394 faceret:
3632 1350 3694 1390 se

2107 1445 2378 1517 siquidem
2416 1443 2549 1499 Ario
2576 1444 2805 1512 ejusque
2855 1439 3185 1496 sententiam
3227 1431 3497 1504 amplexis
3522 1428 3695 1484 male—

2106 1540 2315 1607 dicere,
2339 1541 2703 1601 eamdemque
2747 1550 2913 1606 quam
2973 1529 3205 1587 trecenti
3253 1524 3563 1583 octodecim
3615 1520 3692 1575 illi

2108 1633 2267 1686 tidem
2297 1629 2563 1701 protiteri.
2592 1626 2849 1697 Deceptis
2879 1639 3012 1693 ergo
3057 1621 3193 1693 ipsis
3214 1634 3313 1675 rex
3356 1613 3697 1671 maledictio-

2110 1736 2235 1774 nem
2262 1718 2512 1785 sustulit,
2534 1725 2590 1773 et
2627 1714 2925 1772 Eusebium
2958 1708 3441 1765 Nicomediensem
3475 1716 3697 1759 assum-

2113 1821 2266 1885 ptum
2312 1809 2688 1883 patriarcham
2738 1799 3226 1872 Constantinopoli
3270 1795 3539 1870 praefecit.
3595 1792 3699 1849 lic-

2114 1908 2232 1962 lena
2256 1913 2437 1960 autem
2472 1902 2642 1958 misso
2699 1900 2841 1955 duce
2904 1897 3143 1969 quodam
3195 1892 3384 1948 multis
3428 1891 3702 1946 instructo

2112 1998 2333 2069 opibus,
2378 1996 2670 2051 ecclesiam
2707 1990 2877 2046 Rohte
2908 1987 3206 2051 exstruxit,
3228 1984 3339 2049 cui,
3360 1991 3423 2040 ut
3438 1990 3493 2039 et
3525 1980 3698 2038 eccle«

2112 2087 2213 2143 siis
2238 2084 2635 2156 Hierosolymis
2663 2080 2989 2143 exstructis.
3027 2093 3151 2133 cum
3184 2076 3353 2132 linem
3408 2071 3703 2143 imposuis-

2112 2182 2258 2241 sent.
2289 2169 2606 2231 consecrari
2674 2184 2771 2226 eas
2824 2167 3001 2223 voluit
3055 2167 3379 2236 imperator,
3418 2174 3582 2232 quem
3643 2156 3699 2213 in

2117 2270 2277 2322 tinem
2305 2264 2603 2322 Eusebium
2626 2261 2997 2333 patriarcham
3030 2253 3700 2327 Constantinopolitanum

2115 2359 2489 2432 Hierosolyma
2527 2356 2799 2430 proﬁcisci
2825 2354 3014 2427 jussit.
3066 2352 3255 2419 ibique
3313 2349 3701 2419 episcoporum

2113 2452 2410 2510 concilium
2439 2450 2682 2507 indicere
2705 2456 2765 2504 ut
2800 2447 3047 2503 locorum
3096 2440 3500 2501 consecrationi
3531 2439 3704 2494 intrr—

2112 2559 2319 2606 essent.
2386 2544 2729 2616 Scripsitque
2790 2538 3193 2598 Constantinus
3263 2537 3565 2608 imperator
3633 2531 3703 2587 ad

2116 2641 2481 2698 Athanasium
2508 2635 2881 2708 patriarcham
2925 2629 3366 2688 Alexandrinum
3406 2633 3468 2680 ut
3496 2631 3553 2679 et
3586 2622 3704 2694 ipse

2114 2729 2449 2789 dedicationi
2483 2727 2573 2783 Isti
2613 2728 2927 2788 interesset,
2964 2732 3026 2777 ut
3073 2722 3223 2776 dicto
3283 2732 3386 2773 suo
3435 2717 3706 2783 obseque-

2115 2834 2289 2889 retur,
2314 2836 2417 2878 nec
2442 2821 2492 2876 ei
2510 2816 2876 2895 557-559
2898 2814 3310 2885 immorigerum
3334 2826 3395 2867 se
3418 2808 3701 2879 prmberet.

2118 2930 2375 2972 mouens.
2402 2911 2595 2982 Nepoti
2622 2910 2787 2965 etiam
2820 2923 2945 2973 suo.
2970 2905 3060 2962 cui
3103 2917 3303 2961 nomen
3340 2900 3701 2961 Delmatinus.

2119 3011 2174 3064 in
2203 3008 2478 3064 mandatis
2509 3005 2682 3066 dedit.
2728 3011 2788 3058 ut
2822 3000 3117 3058 concilium
3156 2996 3291 3053 illud
3318 2994 3513 3060 adiret,
3541 3000 3706 3065 atque

431 3090 524 3198 tis.
547 3089 836 3156 Quomodo
859 3090 1061 3162 (inquit
1093 3090 1321 3162 Helena)
1341 3092 1729 3166 dignoscemus
1758 3109 2009 3163 quasnam
2038 3136 2085 3198 α
2121 3103 2175 3157 in
2211 3101 2351 3157 urbe
2386 3099 2533 3172 Tyro
2567 3104 2841 3153 maneret.

431 3180 674 3255 ipsarum
693 3199 826 3238 crux
839 3183 1044 3241 Christi
1064 3183 1250 3241 fuerit?
1270 3185 1445 3256 Prope
1462 3194 1644 3241 autem
1657 3183 2017 3261 εδδ-εδδ

439 3275 578 3345 ipsis
610 3273 786 3331 adfuit
822 3276 1047 3345 quidam
1085 3276 1277 3331 morbo
1324 3274 1618 3331 admodum
1648 3277 1803 3348 gravi
1859 3275 2016 3331 labo-

365 3420 373 3428 ,
434 3383 568 3423 rans
604 3366 747 3423 adeo
783 3378 843 3423 ut
876 3371 1023 3423 nulla
1081 3369 1278 3424 salutis
1329 3383 1457 3440 spes
1513 3367 1621 3439 ipsi
1679 3380 2015 3437 superesset.

436 3460 531 3515 cui
561 3460 829 3530 impositae
857 3475 1053 3517 cruces
1108 3460 1281 3530 prima
1313 3470 1365 3515 et
1421 3461 1663 3518 secunda
1704 3460 1843 3516 nihil
1894 3475 2018 3531 pio-

443 3555 704 3616 luerunt;
753 3554 1162 3622 quamprimum
1210 3563 1397 3609 autem
1434 3551 1595 3608 tertia
1656 3551 1765 3625 ipsi
1798 3556 2015 3610 admota

438 3641 565 3708 fuit,
591 3643 833 3699 surrexit
855 3650 1094 3714 aegrotus
1113 3643 1306 3697 morbo
1336 3658 1439 3698 suo
1468 3643 1683 3713 penitus
1731 3645 2015 3711 liberatus,

435 3750 503 3789 ac
538 3735 761 3790 sanitati
794 3737 1100 3791 restitutus.
1134 3733 1289 3789 Unde
1312 3736 1462 3790 novit
1505 3734 1708 3793 Helena
1739 3754 1858 3794 eam
1907 3737 2015 3795 Do-

443 3826 580 3882 mini
615 3828 789 3882 nostri
831 3826 1061 3893 Christi,
1094 3843 1201 3882 non
1238 3828 1359 3884 sine
1413 3830 1769 3887 veneratione
1816 3846 2018 3887 memo-

438 3918 645 3984 randi.
676 3932 895 3974 crucem
953 3916 1148 3975 fuisse.
1198 3917 1375 3985 Quam
1425 3934 1558 3991 ergo
1610 3921 1783 3978 theca:
1838 3937 2017 3979 aureae

438 4008 750 4083 impositam
800 4024 989 4066 secum
1030 4013 1334 4081 aspurtavit
1366 4028 1383 4076 ;
1416 4021 1471 4068 et
1500 4019 1873 4086 quodcunque
1916 4013 2020 4070 Do-

438 4102 596 4160 mino
619 4114 810 4160 nostro
830 4102 1056 4159 Christo
1109 4104 1456 4160 reconditum
1490 4104 1671 4163 fuerat
1721 4106 1789 4162 ad
1844 4107 2014 4165 ﬁlium

438 4210 600 4254 suum
632 4196 1060 4253 Constantinum
1091 4197 1343 4255 abduxit.
1391 4195 1809 4271 Exstructisque
1838 4202 2016 4260 eccle-

437 4290 518 4345 sia
550 4288 1026 4355 Resurrectionis.
1056 4299 1110 4346 ct
1135 4293 1326 4348 cranio
1373 4300 1429 4347 et
1460 4294 1694 4350 ecclesia
1743 4294 2016 4351 Constan-

438 4383 539 4439 tini
573 4398 792 4440 reversa
816 4392 923 4449 est.
968 4384 1127 4455 iusso
1156 4382 1401 4439 Macario
1439 4384 1701 4456 episcopo
1749 4385 2015 4444 Hieroso-

439 4475 700 4548 lymitano
734 4477 971 4546 reliquas
991 4475 1254 4532 ecclesias
1278 4483 1591 4532 exstruere.

510 4563 736 4622 Pactum
767 4574 854 4621 est
891 4566 995 4620 hoc
1021 4580 1170 4621 anno
1205 4565 1422 4637 imperii
1468 4565 1817 4620 Constantini
1870 4567 2019 4624 vice-

438 4657 581 4711 simu
602 4657 870 4713 secundo.
919 4655 1091 4714 Porro
1142 4672 1172 4712 a
1226 4665 1357 4713 nato
1404 4654 1636 4713 Domino
1676 4655 1901 4714 Christo
1946 4658 2016 4715 ad

438 4750 809 4806 inventionem
850 4750 1038 4809 erucis
1072 4750 1203 4805 anni
1254 4749 1481 4806 fuerunt
1534 4752 1766 4807 trecenti
1823 4751 2016 4823 viginti

435 4851 585 4899 octo.
635 4844 794 4907 Anno
863 4852 1045 4900 autem
1110 4843 1323 4914 imperii
1359 4842 1706 4901 Constantini
1751 4844 2018 4900 vicesimo

439 4936 621 5004 primo
648 4936 988 4993 constitutus
1024 4946 1109 4992 est
1152 4936 1495 4993 Athanasius
1545 4936 1865 5011 patriarcha
1902 4938 2018 4994 Ale-

440 5027 768 5094 xandrinus.
804 5030 897 5101 qui
929 5029 1165 5099 scriptor
1224 5029 1375 5085 l’uit:
1424 5043 1600 5086 annos
1654 5030 2018 5100 quadraginta

443 5136 540 5176 sex
597 5121 765 5177 sedit.
809 5123 969 5176 Anno
1026 5121 1241 5194 imperii
1301 5120 1478 5193 ipsius
1543 5122 1809 5179 vicesimo
1854 5126 2020 5181 tertio

439 5212 779 5270 constitutus
809 5223 894 5272 est
929 5212 1178 5269 Valerius
1243 5216 1558 5285 patriarcha
1616 5216 2019 5286 Antiochenus.

438 5304 531 5359 cui
568 5318 745 5360 annos
797 5305 1049 5362 undecim
1106 5307 1275 5373 sedit.
1329 5309 1528 5365 deinde
1584 5320 1836 5367 mortuus
1882 5324 2020 5369 cat:

442 5398 681 5453 Ariauus
711 5396 832 5452 tutt.
865 5398 1025 5455 Anno
1070 5399 1323 5470 ejusdem
1357 5402 1618 5460 vicesimo
1674 5418 1819 5459 nono
1847 5403 2025 5465 factus

440 5496 527 5544 est
558 5486 927 5545 Maximianus
975 5492 1269 5562 episcopus
1321 5491 1880 5565 Hierosolymitanns,
1942 5501 2025 5552 vir

447 5578 695 5645 humilis.
721 5591 774 5635 et
827 5582 1145 5640 cuioculus
1198 5582 1389 5641 dexter
1445 5593 1693 5656 tempore
1736 5588 2023 5647 seditionis

518 5766 537 5795 '
570 5764 729 5820 Jnatt.
762 5784 799 5835 ι,
832 5766 865 5820 '5
897 5781 1020 5836 sqq.

2188 3192 2323 3249 Cum
2375 3204 2508 3260 ergo
2540 3190 2609 3245 de
2638 3186 3060 3244 consecratione
3112 3186 3259 3240 inter
3289 3182 3441 3254 ipsos
3486 3196 3703 3237 conve-

2118 3290 2316 3353 nisset.
2346 3284 2729 3356 Hierosolyma
2763 3278 3074 3343 tendentes,
3108 3278 3163 3332 in
3198 3274 3334 3331 urbe
3381 3272 3530 3345 Tyro
3563 3288 3704 3334 con-

2119 3380 2324 3454 gregati
2354 3387 2514 3443 sunt;
2547 3376 2638 3431 ubi
2667 3372 2963 3429 adfuerunt
2989 3369 3358 3425 Maximianus
3381 3366 3707 3423 Monoculus

2118 3476 2415 3546 episcopus
2448 3468 3012 3539 Hierosolymitanus.
3062 3460 3405 3518 Athanasius
3468 3458 3703 3529 patriar-

2119 3566 2222 3619 cha
2247 3558 2677 3623 Alexandrinus,
2706 3555 2962 3613 Valerius
2996 3552 3307 3624 patriarcha
3330 3549 3706 3607 Antiochenus

2122 3672 2251 3712 cum
2307 3650 2585 3725 episcopis
2637 3646 3015 3718 compluribus
3070 3657 3382 3714 magnaque
3416 3640 3703 3697 hominum

2122 3744 2495 3804 multitudine.
2546 3739 2673 3797 Fuit
2715 3739 2921 3797 ibidem
2970 3741 3024 3793 in
3073 3736 3313 3793 concilio
3340 3733 3568 3804 quidam
3610 3746 3708 3788 no-

2121 3843 2269 3897 mine
2296 3836 2623 3901 Eumenius.
2657 3847 2879 3904 unaque
2918 3846 3044 3887 cum
3094 3831 3215 3900 ipso
3242 3829 3431 3901 plures
3454 3830 3547 3897 qui
3591 3826 3704 3879 Arii

2121 3930 2454 3991 sententiam
2495 3926 2994 3998 amplectebantur.
3027 3919 3331 3978 Subinnuit
3373 3934 3508 3989 ergo
3539 3916 3707 3973 Euse-

2121 4024 2240 4081 bius
2280 4018 2593 4093 patriarcha
2637 4013 3287 4085 Constantinopolitanus
3336 4009 3605 4066 Ehmeuio
3647 4014 3707 4062 ut

2118 4114 2475 4187 questionem
2498 4109 2797 4166 Athanasio
2828 4106 3155 4181 patriarchae
3182 4101 3557 4161 Alexandrino
3585 4112 3705 4154 mo-

2119 4215 2290 4264 veret.
2328 4204 2604 4262 Eusebius
2634 4200 2932 4273 siquidem.
2958 4199 3062 4254 etsi
3098 4196 3165 4252 ad
3216 4209 3399 4266 regem
3452 4206 3710 4249 reversus

2122 4299 2407 4371 professus
2455 4305 2605 4354 esset
2644 4310 2705 4352 se
2743 4293 2875 4349 Ario
2917 4289 3282 4355 contrarium.
3326 4287 3470 4344 idem
3521 4295 3705 4341 tamen

2121 4408 2248 4448 cum
2304 4391 2399 4445 illo
2454 4386 2747 4449 sentiebat.
2796 4394 2963 4456 atque
3008 4382 3315 4440 asserebat.
3384 4379 3533 4435 Dixit
3572 4393 3707 4448 ergo

2048 4473 2476 4539 DEumenius:
2526 4480 2646 4537 Non
2702 4479 2994 4536 amrmavit
3046 4477 3214 4535 Arius
3268 4474 3556 4532 Christum
3618 4486 3707 4528 res

2124 4587 2366 4637 creasse.
2422 4587 2639 4637 verum.
2687 4587 2785 4643 per
2841 4569 3018 4640 ipsum
3074 4582 3164 4625 res
3216 4565 3395 4624 fuisse
3446 4574 3703 4620 creatas:

2124 4667 2302 4738 ipsum
2331 4666 2477 4723 enim
2505 4662 2747 4721 Verbum
2776 4677 2903 4718 esse
2928 4660 3023 4716 Dei
3055 4675 3168 4731 quo
3200 4667 3387 4717 creata
3430 4664 3561 4715 sunt
3590 4670 3706 4711 cm-

2125 4757 2240 4814 lum
2268 4763 2325 4813 et
2352 4763 2498 4812 terra
2532 4772 2546 4810 :
2579 4767 2802 4810 creasse
2835 4752 2984 4809 enim
3019 4750 3189 4807 Deum
3219 4764 3309 4807 res
3349 4763 3445 4819 per
3468 4745 3705 4802 Verbum

2125 4864 2313 4917 suum.
2342 4858 2397 4905 at
2421 4845 2664 4905 Verbum
2714 4846 2836 4912 ejus
2882 4860 2979 4897 res
3011 4843 3149 4898 istas
3192 4857 3301 4895 non
3348 4851 3570 4897 creasse
3605 4852 3622 4893 :
3653 4848 3708 4891 et

2126 4939 2272 4997 sicut
2292 4939 2431 4995 dixit
2452 4924 2719 4993 Dominus
2735 4934 2989 4990 Christus
3014 4933 3071 4988 in
3092 4932 3411 5001 Evangelio.
3438 4929 3506 4984 Et
3528 4929 3709 4984 omnia

2124 5048 2217 5103 per
2264 5032 2438 5101 ipsum
2468 5032 2703 5103 fuerunt,
2731 5039 2782 5083 et
2813 5027 2926 5081 sine
2956 5029 3069 5097 ipso
3114 5042 3221 5080 non
3259 5026 3363 5095 fuit
3395 5024 3704 5095 quidquam,

2128 5139 2313 5180 eorum
2343 5138 2462 5193 quis
2496 5124 2736 5192 fuerunt.
2781 5121 3077 5187 Dixitque:
3110 5119 3213 5174 Per
3256 5119 3431 5188 ipsum
3465 5118 3569 5185 fuit
3598 5117 3707 5170 vita

2123 5228 2170 5272 et
2205 5217 2311 5271 rita
2350 5216 2446 5270 ista:
2473 5224 2587 5271 erat
2606 5214 2897 5267 hominum.
2927 5210 3057 5267 item
3093 5229 3107 5265 :
3147 5211 3210 5267 In
3254 5210 3458 5265 mundo
3487 5211 3614 5280 fuit,
3659 5220 3707 5263 et

2128 5310 2357 5365 mundus
2386 5306 2554 5382 ‘60
2582 5324 2676 5378 per
2706 5309 2880 5377 ipsum
2918 5306 3095 5375 [actus
3126 5315 3203 5362 est
3232 5314 3278 5361 ⁸.
3338 5305 3549 5361 Retulit
3576 5318 3707 5373 ergo

2126 5419 2216 5458 res
2247 5418 2340 5472 per
2386 5400 2565 5471 ipsum
2626 5399 2800 5455 iactas
2851 5396 3045 5459 fuisse.
3097 5411 3202 5451 nou
3253 5404 3436 5451 autem
3490 5394 3554 5448 ab
3588 5396 3706 5463 ipso

2123 5495 2297 5551 factas
2329 5509 2485 5551 esse:
2522 5490 2667 5554 Haec.
2714 5490 2923 5557 inquit.
2965 5499 3083 5542 erat
3124 5488 3236 5543 Arii
3288 5488 3583 5547 sententia.
3616 5501 3707 5538 ve-

2123 5604 2243 5643 rum
2278 5584 2510 5643 trecenti
2537 5584 2841 5641 octodecim
2874 5581 2971 5645 illi.
3012 5580 3202 5649 inique
3234 5596 3357 5636 Ctttn
3399 5582 3515 5648 ipso
3542 5595 3709 5648 agcno
