4068 6160
461 185 597 255 1011

1478 186 1854 254 EUTYCIIII
1889 181 2429 245 ALEXANDRINI
2472 180 2690 241 PATR.

3587 157 3732 228 1012

452 310 560 370 les.
603 307 805 378 iniuria
854 308 1011 367 illum
1059 318 1223 377 atque
1274 305 1552 364 immerito
1584 301 2037 361 excommunicav
2069 301 2113 356 Α
2146 296 2252 363 Iiit,
2291 294 2383 350 ubi
2420 293 2545 349 oleo
2575 286 2895 378 chrismatis
2924 284 3203 348 confecto,
3242 279 3397 339 nullo
3439 276 3729 378 episcopo-

452 409 605 458 runt.
627 400 729 459 Cui
764 404 1045 472 respondit
1082 398 1418 458 Athanasius
1441 397 1753 469 patriarcha
1784 394 2023 451 Alexan-

451 491 651 549 drinus
683 493 855 551 :Ario
891 493 1030 551 nihil
1079 491 1220 550 falso
1255 491 1604 563 intpegeruut
1637 488 1880 559 episcopi
1916 494 2027 541 tre-

454 583 599 640 centi
659 583 1009 653 octodecim,
1053 601 1153 643 nec
1198 584 1401 654 injuria
1459 582 1636 652 ipsum
1699 579 2023 637 affecerunt.

453 674 756 734 Allirma'tit
797 679 943 751 enim
998 680 1114 751 ipse
1151 677 1398 736 :Filium
1463 677 1674 748 absque
1727 674 1889 731 Patre
1938 689 2026 729 res

453 785 690 828 creasse.
741 772 896 840 Quod
923 773 970 830 si
1006 790 1096 832 res
1136 788 1167 828 a
1197 771 1338 829 Filio
1366 780 1565 829 creata:
1593 769 1838 838 "fuerint,
1866 769 1937 823 ita
1970 776 2027 821 ut

457 858 618 917 Pater
659 861 903 932 ipsarum
950 870 1171 919 creator
1201 875 1313 918 non
1355 862 1459 926 sit.
1526 868 1791 932 sequetur
1844 859 2027 929 ipsum

454 948 587 1007 nihil
631 954 857 1009 omnino
910 967 1099 1011 earum
1142 968 1398 1016 creasse.
1447 952 1595 1025 quod
1647 951 1767 1007 falsi
1821 952 2027 1005 crimen

456 1049 687 1103 intentat
720 1047 797 1104 illi
842 1050 989 1117 quod
1037 1050 1095 1107 in
1124 1050 1233 1107 Eva
1248 1049 1425 1121 ugelio
1461 1049 1671 1105 dictum
1703 1060 1788 1105 est
1817 1068 1831 1105 :
1863 1048 2030 1104 Pater

453 1156 602 1194 meus
629 1152 795 1204 creat.
822 1153 872 1196 et
896 1159 989 1214 ego
1027 1144 1185 1199 ereo'
1222 1164 1236 1199 :
1273 1142 1565 1214 Dixitque:
1601 1139 1657 1197 Si
1696 1158 1799 1196 non
1831 1142 2030 1213 faciam

450 1229 546 1301 ego
569 1248 725 1301 opera
758 1231 943 1289 Patris
989 1237 1109 1299 mei,
1137 1252 1202 1291 ne
1234 1236 1364 1291 mihi
1403 1234 1694 1290 credatis'.
1731 1234 1843 1289 Nec
1881 1247 2026 1289 non:

450 1320 597 1379 Sicut
634 1324 795 1381 Pater
824 1330 1052 1397 eiuiﬁcut
1075 1346 1227 1401 quem
1258 1330 1387 1395 vult,
1427 1337 1478 1386 et
1506 1339 1673 1387 morte
1718 1329 1919 1399 adicit;
1950 1327 2031 1383 ita

450 1424 503 1470 et
535 1414 710 1475 Filius
738 1420 965 1491 niui/lcet
988 1439 1137 1492 quem
1163 1426 1294 1491 vult,
1324 1434 1374 1480 et
1406 1433 1575 1479 morte
1609 1424 1767 1494 allicit
1796 1424 1841 1455 ¹⁶
1876 1442 1889 1476 :
1921 1433 2031 1491 quo

453 1514 714 1577 ostendit.
737 1530 795 1570 se
819 1523 870 1573 et
903 1515 1181 1573 vivificare
1201 1526 1255 1571 et
1275 1525 1451 1573 morte
1478 1517 1713 1584 allicere,
1734 1527 1790 1571 et
1808 1528 2029 1572 creare:

452 1614 618 1677 atqtte
646 1605 773 1663 hinc
812 1610 1081 1664 mendacii
1104 1610 1357 1682 arguitur
1379 1610 1630 1680 quisquis
1656 1610 1831 1679 ipsum
1878 1622 2033 1663 crea-

452 1706 628 1756 torem
669 1716 795 1757 esse
844 1703 1145 1773 negaverit,
1195 1718 1263 1759 ac
1315 1718 1403 1761 res
1448 1721 1541 1771 per
1591 1704 1770 1775 ipsum
1812 1710 2029 1758 creatas

452 1789 647 1855 fuisse.
685 1794 757 1849 ita
788 1802 849 1849 ut
869 1794 990 1867 ipse
1016 1809 1205 1851 earum
1243 1808 1461 1852 creator
1505 1811 1616 1852 non
1649 1794 1835 1852 fuerit.
1866 1793 2026 1863 Quod

449 1894 632 1943 autem
658 1889 818 1954 dicis,
854 1905 943 1949 res
971 1907 1068 1965 per
1104 1894 1283 1965 ipsum
1318 1894 1490 1950 factas
1524 1892 1696 1950 fuisse
1717 1933 1732 1959 ,
1774 1908 1878 1952 nos
1908 1906 2019 1949 non

450 1977 783 2046 dubitamus.
817 1997 943 2039 cum
978 1983 1191 2045 fierent.
1229 1983 1507 2042 Christum
1543 1985 1776 2049 dixisse.
1817 1999 2026 2056 easque

451 2068 630 2128 factas
656 2070 847 2141 fuisse,
880 2075 1027 2146 quod
1070 2078 1251 2132 innuit
1278 2077 1428 2135 dicto
1454 2093 1596 2135 suo:
1638 2075 1747 2150 Ego
1764 2077 1926 2148 facio,
1977 2085 2030 2132 et

447 2159 613 2218 Pater
638 2163 789 2236 facit,
817 2177 1102 2225 creaturas
1123 2178 1176 2224 et
1201 2171 1392 2226 vitam.
1426 2169 1641 2227 Dictum
1670 2174 1816 2227 enim
1847 2181 2024 2237 tuum,

451 2255 557 2312 Per
606 2259 787 2332 ipsum
837 2261 995 2319 facta
1041 2273 1175 2319 sunt
1218 2279 1327 2326 res.
1380 2279 1448 2318 eo
1477 2264 1618 2320 redit
1653 2271 1710 2319 ut
1755 2264 2031 2337 significet

450 2348 629 2421 ipsum
679 2369 774 2412 eas
799 2352 1161 2431 ᾔει-483
1200 2371 1438 2422 creasse,
1478 2372 1685 2426 easque
1710 2372 1804 2427 per
1839 2357 2022 2427 ipsum

448 2450 664 2499 creatas
708 2444 916 2502 fuisse:
959 2460 1122 2503 secus
1157 2444 1327 2511 enim,
1353 2447 1549 2503 horum
1584 2448 1857 2504 dictorum
1886 2450 2027 2505 alte-

448 2550 570 2594 rum
599 2536 758 2595 alteri
786 2541 1219 2598 contradiceret.
1247 2540 1512 2598 Praeterea
1545 2543 1829 2613 respondit
1856 2544 2028 2598 Atha-

447 2629 640 2688 nasius
667 2630 960 2701 Eumenio,
991 2633 1225 2691 dicens:
1259 2633 1421 2703 Quod
1450 2634 1520 2692 ad
1567 2652 1758 2693 eorum
1792 2654 1859 2694 ex
1904 2636 2022 2699 Arii

445 2724 676 2781 asseclis
717 2727 1048 2782 sententiam
1096 2728 1193 2799 qui
1255 2726 1449 2784 dicunt
1497 2725 1719 2785 Patrem
1781 2730 2027 2789 voluisse

446 2815 675 2887 aliquid,
705 2816 904 2896 Filium
929 2828 1114 2877 autem
1144 2820 1275 2876 illud
1299 2836 1556 2891 creasse;
1593 2832 1655 2880 ut
1685 2824 1733 2879 si
1764 2824 2027 2881 voluntas

445 2908 650 2976 Patris,
673 2912 879 2969 crestlo
906 2911 1056 2979 Filii,
1086 2914 1226 2972 falsa
1262 2925 1349 2972 est
1379 2916 1601 2984 et'llla;
1641 2914 1841 2972 Filium
1868 2919 2017 2973 enim

447 3012 697 3060 creatum
751 3022 875 3064 esse
932 3017 1222 3075 autumat;
1273 3009 1422 3066 unde
1468 3008 1772 3084 [sequitur]
1841 3004 2103 3081 μετιεεο

448 3100 619 3155 creati
652 3099 705 3155 in
738 3100 1017 3157 creatione
1048 3103 1294 3171 potiores
1350 3116 1475 3160 esse
1520 3102 1771 3171 partibus
1812 3115 2031 3161 creato-

449 3190 558 3260 ris;
591 3206 718 3249 cum
750 3193 842 3249 ille
886 3204 942 3249 et
994 3195 1229 3251 voluerit
1267 3205 1322 3252 et
1353 3195 1587 3262 fecerit;
1637 3196 1731 3252 hic
1764 3198 2027 3263 voluerit,

447 3296 506 3342 at
549 3302 659 3345 non
703 3284 920 3343 fecerit.
954 3286 1105 3344 illius
1130 3289 1299 3359 igitur
1336 3300 1544 3361 partes.
1578 3291 1633 3346 iu
1663 3305 1732 3347 eo
1763 3292 1911 3361 quod
1949 3290 2031 3346 fc-

447 3380 609 3445 enrit.
644 3380 883 3451 potiores
909 3390 1071 3435 erunt
1101 3397 1263 3450 quam
1305 3383 1493 3455 hujus.
1518 3382 1663 3452 Quin
1699 3396 1758 3440 et
1802 3398 2033 3441 necesse

446 3479 533 3525 est
585 3480 647 3525 ut
688 3471 879 3526 eadem
910 3470 985 3526 sit
1030 3471 1176 3526 illius
1225 3473 1369 3527 ratio
1412 3474 1469 3528 in
1507 3490 1572 3530 eo
1598 3474 1744 3542 quod
1791 3474 2033 3531 voluerit

450 3563 559 3629 hic,
595 3561 930 3631 perficiendo
956 3577 1082 3634 quae
1118 3564 1415 3637 cujuslibet
1444 3568 1658 3638 agentis
1698 3581 1729 3623 e
1760 3568 2033 3623 creaturis

451 3652 506 3708 iu
546 3653 638 3709 illo
669 3655 815 3724 quod
846 3655 917 3712 ab
948 3654 1067 3727 ipso
1098 3654 1213 3711 fieri
1246 3656 1480 3711 voluerit
1499 3665 1714 3712 creator
1739 3655 2030 3713 faciendo:

450 3746 755 3818 eodemque
798 3748 963 3807 modo
996 3765 1056 3807 se
1090 3749 1295 3806 habent
1340 3760 1595 3820 respectu
1643 3751 1951 3806 coactionis
1978 3762 2033 3808 et

454 3840 665 3897 arbitrii
722 3842 1021 3901 libertatis.
1058 3842 1215 3910 Quod
1266 3843 1315 3899 si
1363 3853 1589 3899 coactus
1626 3844 1824 3915 egerit,
1873 3844 2035 3900 nulla:

451 3944 617 3991 erunt
655 3936 776 4005 eius
820 3937 877 3992 in
921 3940 1135 3992 actione
1169 3944 1393 4007 partes;
1419 3927 1508 3991 sin
1539 3937 1736 4002 libere.
1784 3937 1899 3993 fieri
1935 3950 2033 4007 po-

453 4038 563 4085 test
589 4038 648 4084 ut
695 4031 777 4085 vel
805 4030 1167 4100 obsequatur,
1215 4030 1302 4085 vel
1335 4029 1750 4101 immorigerum
1782 4045 1843 4087 se
1889 4046 2037 4102 pra-

455 4125 603 4190 heat,
635 4130 688 4179 et
729 4132 789 4179 ut
818 4124 902 4181 vel
932 4124 1160 4193 praemio
1190 4122 1479 4188 adiciatur,
1530 4126 1617 4181 vel
1661 4138 1824 4196 poena
1864 4140 1876 4175 :
1914 4138 2037 4195 qua

454 4217 642 4272 dicere
670 4218 972 4273 absurdum
1007 4228 1114 4273 est.
1147 4217 1321 4277 Aliter
1359 4219 1526 4272 etiam
1573 4218 1756 4274 eidem
1806 4233 2037 4287 respon-

2114 3049 2489 3120 nopolitanus
2534 3062 2552 3102 :

2137 399 2256 437 rum
2331 389 2620 455 praesente,
2682 376 2957 434 Ecclesiae
3018 380 3372 430 ennseeratas
3434 368 3559 423 oleo
3615 362 3727 420 isto

2135 476 2312 539 utisit,
2360 473 2559 530 deinde
2618 470 2686 527 ad
2740 472 3129 540 imperatorem
3174 478 3236 521 se
3273 459 3568 517 conferens
3615 455 3725 526 ipsi

2134 566 2265 637 quid
2323 563 2548 621 fecisset
2602 561 2991 628 annuntiavit,
3044 556 3139 630 qui
3193 556 3411 613 honore
3464 548 3719 607 affeCtum

2135 655 2518 712 Alexandriam
2550 654 2784 711 remisit.
2821 652 2901 708 Ira
2930 658 3113 708 autem
3146 654 3455 704 commotus
3496 648 3586 701 est
3612 641 3720 696 im—

2134 755 2354 819 perator
2391 750 2450 803 in
2491 746 2794 803 Eusebium
2825 742 3202 816 patriarcham
3257 735 3727 804 Constantinopo-

2135 840 2389 904 litanum,
2422 838 2986 910 pmnituitqueipsum
3039 830 3184 904 quod
3231 843 3358 887 eum
3387 827 3458 886 ad
3489 826 3728 900 patriar.

2136 933 2354 986 clintum
2392 938 2670 986 evexerat.
2728 925 2968 984 Profecti
3003 921 3205 981 deinde
3252 918 3465 982 ceteri.
3518 916 3616 989 qui
3663 916 3719 969 in

2138 1023 2271 1080 urbe
2306 1022 2456 1095 Tyro
2494 1021 2817 1094 congregati
2868 1018 3111 1083 fuerant,
3160 1012 3407 1083 episcopi
3457 1008 3720 1066 Hieroso-

2138 1116 2301 1187 lyma,
2354 1116 2681 1171 invenerunt
2718 1104 3525 1179 ’Athanasiumipatriarcham
3574 1104 3737 1171 ipsos-

2138 1210 2471 1279 prazvenisse
2518 1206 2784 1264 ecclesias
2852 1200 3256 1260 consecrando.
3310 1196 3537 1255 Festum
3592 1208 3722 1264 ergo

2135 1317 2397 1370 magnum
2425 1299 2767 1355 celebrantes
2795 1296 2867 1353 ob
2896 1292 3260 1353 ecclesiarum
3292 1286 3719 1344 dedicationem.

2139 1392 2434 1461 laetitiaque
2463 1389 2674 1461 ingenti
2701 1386 2936 1459 perfusi.
2967 1384 3173 1443 reversi
3197 1390 3351 1439 sunt.

2210 1483 2437 1541 Factum
2469 1492 2554 1538 est
2583 1483 2690 1537 hoc
2725 1494 2872 1536 anno
2907 1475 3127 1549 imperii
3157 1468 3510 1530 Constantini
3560 1464 3724 1523 trice-

2140 1577 2302 1634 simo.
2338 1576 2590 1632 llortuus
2607 1581 2693 1630 est
2716 1582 2898 1628 autem
2932 1566 3207 1626 Eusebius
3235 1560 3549 1635 patriarcha
3582 1557 3723 1611 Con-

2064 1663 2108 1722 Β
2135 1667 2678 1737 stantinopolitanus,
2728 1677 2851 1718 cum
2885 1659 3041 1716 'duos
3075 1671 3253 1712 annos
3292 1652 3551 1715 sedisset,
3590 1648 3725 1720 ipsi-

2133 1776 2244 1833 que
2270 1756 2621 1815 maledictum
2644 1762 2816 1821 esset,
2842 1750 3295 1821 substitutusquc
3313 1754 3402 1803 est
3441 1745 3498 1798 in
3533 1743 3712 1833 locum

2131 1831 2310 1925 ipsius
2343 1837 2704 1926 εδδ-467
2737 1839 3219 1913 Constantinopoli
3249 1837 3452 1893 Paulus
3489 1831 3721 1905 patriar-

2132 1948 2262 2015 cha,
2283 1948 2379 2018 qui
2413 1960 2540 2001 cum
2568 1952 2811 2016 quatuor
2838 1953 3014 1997 annos
3032 1935 3268 1996 sedisset
3299 1932 3371 1990 ab
3393 1933 3721 2000 imperatore

2127 2036 2497 2095 Constantino
2535 2037 2813 2107 relegatus
2856 2040 2966 2090 εει.
3000 2030 3175 2085 Porro
3218 2025 3395 2081 vetuit
3440 2023 3719 2078 Constan-

2129 2135 2283 2189 tinus
2312 2132 2635 2201 imperator,
2674 2143 2741 2184 ne
2774 2125 2902 2195 quis
2943 2121 3173 2181 .iudtus
3224 2115 3608 2186 Hierosolyma
3638 2109 3723 2165 in-

2129 2225 2360 2289 coleret,
2393 2228 2491 2278 aut
2519 2233 2618 2294 per
2664 2234 2730 2276 ea
2770 2217 3071 2281 transiret;
3125 2222 3305 2267 morte
3364 2207 3534 2265 etiam
3583 2202 3720 2259 silici

2124 2318 2293 2391 jussit
2321 2329 2515 2371 omnes
2547 2311 2643 2384 qui
2692 2310 3013 2385 religionem
3036 2304 3407 2362 Christianam
3456 2313 3570 2356 nou
3605 2311 3718 2353 ant-

2131 2406 2528 2476 plecterentur.
2567 2402 2775 2460 Christi
2835 2413 2969 2474 ergo
3003 2411 3204 2455 nomen
3250 2392 3488 2466 professi
3536 2396 3722 2447 sunte

2131 2500 2389 2575 gentibus
2437 2512 2505 2553 ac
2539 2495 2751 2554 Iudaeis
2781 2489 3200 2565 quamplurimi,
3233 2502 3301 2544 ac
3336 2484 3542 2558 passim
3578 2481 3718 2539 obti-

2136 2594 2262 2649 nuit
2338 2589 2809 2649 christianismus.
2856 2584 3181 2642 Nuntiatum
3226 2588 3311 2639 est
3354 2589 3535 2633 autem
3583 2577 3723 2633 Con-

2134 2682 2405 2743 stantino.
2433 2681 2752 2753 imperatori
2801 2677 3033 2735 Judaos
3080 2684 3233 2732 metu
3276 2671 3475 2729 mortis
3518 2666 3718 2725 Christi

2128 2775 2351 2849 quidem
2381 2771 2704 2840 religionem
2736 2770 3007 2841 profiteri,
3045 2775 3105 2822 at
3132 2778 3290 2823 suam
3332 2760 3559 2818 interim
3592 2758 3721 2815 reti-

2133 2879 2287 2921 nere.
2321 2863 2571 2935 Rogante
2589 2876 2723 2934 ergo
2744 2861 3100 2931 imperatore:
3122 2853 3414 2927 Quomodo
3438 2852 3544 2908 hoc
3572 2860 3722 2906 certo

2134 2956 2416 3017 sciemus?
2457 2953 2743 3028 respondit
2790 2951 2997 3009 Paulus
3045 2946 3364 3021 patriarcha
3394 2942 3721 3001 Constanti-

2603 3046 2747 3103 Caro
2776 3044 3003 3115 porcina
3038 3044 3161 3115 lege
3199 3039 3368 3096 vetita
3422 3044 3532 3101 est,
3556 3047 3721 3104 quare

2131 3156 2256 3197 eam
2286 3155 2393 3196 non
2426 3137 2724 3195 comedunt
2750 3134 2963 3202 Judaei;
2993 3134 3129 3204 lube
3172 3145 3308 3201 ergo
3343 3127 3572 3184 mactari
3600 3140 3721 3196 por-

2133 3248 2261 3298 cos,
2327 3245 2392 3288 ac
2443 3230 2606 3300 coqui
2651 3242 2843 3286 eorum
2894 3238 3143 3286 carnem.
3192 3238 3318 3295 qua:
3382 3229 3548 3277 sectae
3600 3218 3723 3271 huic

2130 3320 2399 3395 gustanda
2443 3319 2793 3389 prtebeatur;
2819 3315 2866 3371 si
2905 3312 3033 3385 quis
3060 3313 3208 3369 enim
3249 3324 3371 3368 eam
3399 3324 3509 3364 non
3540 3322 3718 3361 come-

2132 3410 2310 3475 derit,
2360 3407 2503 3464 scies
2537 3406 2719 3476 ipsum
2762 3404 2819 3460 in
2870 3402 3159 3474 ludaismo
3218 3399 3401 3455 adhuc
3450 3406 3720 3467 perstare.

2130 3500 2235 3560 Cui
2264 3497 2665 3557 Constantinus
2703 3496 3009 3567 imperator
3034 3508 3049 3548 :
3093 3490 3153 3547 Si
3183 3488 3411 3562 (inquit)
3438 3502 3572 3545 caro
3597 3500 3720 3557 por-

2134 3590 2258 3647 cina
2284 3590 2402 3660 lege
2428 3586 2595 3642 vetita
2631 3586 2727 3649 sit,
2759 3574 3040 3655 quomodo
3072 3579 3239 3635 nobis
3273 3594 3337 3634 ea
3367 3578 3542 3639 vesci,
3575 3574 3720 3631 aliis-

2133 3696 2245 3753 que
2293 3679 2539 3735 eamdem
2604 3673 2994 3733 comcdendam
3063 3671 3310 3744 prabere
3355 3669 3578 3729 licebit?
3618 3666 3721 3724 lle-

2134 3771 2356 3841 spondit
2378 3768 2580 3826 Paulus
2608 3768 2922 3839 patriarcha
2942 3782 2969 3820 :7
2984 3765 3453 3833 Dominusjnoster
3475 3760 3723 3817 Christus

2137 3858 2459 3935 [ejusmodi]
2489 3858 2677 3914 omnia
2699 3872 2822 3926 quae
2858 3854 3061 3925 inlege
3081 3860 3214 3909 sunt
3247 3852 3563 3922 abrogavit,
3590 3866 3720 3906 nova

2137 3955 2298 4010 nobis
2329 3954 2448 4023 lege
2491 3952 2623 4011 lata.
2661 3946 2914 4003 videlicet
2938 3946 3261 4018 Evangeiio.
3338 3945 3485 3999 Dixit
3514 3960 3646 4015 ergo
3670 3942 3720 3997 iu

2141 4052 2501 4103 sacrosancto
2550 4040 2867 4111 Evangelia,
2899 4038 3262 4111 Quodcunque
3313 4053 3372 4093 οε
3430 4038 3726 4108 ingreditur

2137 4137 2403 4194 hominem
2436 4151 2542 4191 non
2572 4135 2800 4205 polluit.
2822 4134 3039 4191 scilicet
3069 4130 3343 4203 quidquid
3378 4130 3720 4195 couneditur;

2138 4230 2402 4285 hominem
2443 4244 2562 4283 vero
2596 4225 2767 4300 568
2797 4223 2990 4293 polluit
3030 4223 3288 4296 quidquid
3331 4238 3398 4280 ea:
3444 4237 3537 4276 ore
3585 4236 3727 4293 egre-

452 4310 569 4366 dit:
596 4308 655 4367 Si
684 4310 914 4367 Creator
947 4318 1234 4367 creaturas
1277 4326 1408 4366 suas
1443 4326 1540 4382 per
1575 4311 1836 4367 Creatnm
1883 4326 2037 4369 crea-
2063 4348 2116 4410 Β
2140 4318 2289 4372 ditur
2314 4318 2383 4383 “,
2415 4316 2625 4373 scilicet
2656 4314 2895 4370 stultitia
2942 4320 2999 4367 et
3046 4311 3366 4374 inﬁdelitas,
3394 4321 3448 4367 et
3475 4311 3528 4365 id
3552 4322 3723 4382 genus

454 4403 619 4468 verit,
662 4401 772 4458 erit
811 4401 935 4459 sine
975 4400 1145 4458 dubio
1175 4402 1409 4458 Crestus
1449 4402 1595 4457 alius
1645 4416 1676 4456 a
1727 4403 2023 4469 Creatore;

454 4495 757 4553 autumatis
790 4509 929 4567 ergo
976 4494 1294 4551 Creatorem
1342 4508 1439 4562 per
1482 4495 1651 4549 alium
1706 4509 1906 4566 agere;
1935 4497 2029 4563 qui

456 4593 640 4642 autem
683 4599 780 4657 per
826 4586 995 4641 alium
1043 4585 1157 4655 agit
1194 4584 1515 4655 perficieute
1546 4584 1657 4640 isto
1703 4599 1845 4655 opus
1869 4586 2033 4640 habet

458 4695 568 4750 quo
597 4692 697 4751 per
728 4677 884 4736 illum
918 4687 1046 4749 agat
1096 4693 1223 4736 cunt
1259 4677 1382 4735 sine
1415 4678 1512 4734 illo
1560 4695 1670 4735 non
1718 4679 2041 4746 perficiatur

456 4773 562 4845 ipsi
586 4770 754 4847 ωδ
772 4786 947 4846 opus;
969 4774 1063 4841 qui
1092 4782 1273 4828 autem
1298 4772 1411 4828 alio
1440 4785 1581 4843 opus
1612 4772 1802 4838 habet.
1833 4772 2040 4843 imper-

456 4867 639 4923 fectus
666 4875 773 4933 est,
798 4866 948 4936 quod
976 4866 1123 4924 absit
1148 4875 1207 4921 ut
1234 4865 1304 4921 de
1330 4866 1588 4922 Cret-tore
1616 4865 1858 4923 dicatur.
1891 4865 2030 4922 Cum

458 4974 593 5029 ergo
638 4958 982 5029 profligasset
1020 4958 1359 5013 Athanasius
1402 4957 1753 5014 Alexandriae
1800 4959 2039 5030 patriar-

457 5052 585 5114 cha.
615 5050 1113 5108 contradicentium
1142 5060 1495 5122 argumenta.
1524 5051 1662 5109 adeo
1696 5059 1757 5107 ut
1778 5053 2038 5107 omnibus

456 5146 550 5215 qui
585 5144 814 5199 aderant
842 5152 1138 5215 appareret
1166 5142 1375 5200 falsitas
1398 5158 1590 5200 eorum
1616 5157 1739 5214 qua:
1766 5142 2037 5209 dicerent,

458 5235 774 5291 conturbati
824 5234 901 5289 illi
946 5242 1001 5289 et
1054 5233 1262 5304 pudore
1313 5232 1509 5290 sulfusi
1565 5234 1619 5289 in
1671 5233 2037 5289 Athanasium

460 5337 735 5384 irruentes
786 5328 989 5385 ictibus
1018 5328 1163 5384 male
1214 5327 1501 5382 umltatum
1538 5342 1674 5397 pene
1701 5337 2029 5382 enecarunt.

459 5420 565 5489 Qui
594 5435 729 5491 ergo
760 5438 789 5477 c
830 5419 1085 5476 inanibus
1133 5421 1379 5490 ipsorum
1410 5434 1441 5476 a
1476 5419 1799 5487 Dalmateno
1842 5426 2041 5488 nepote

464 5515 815 5583 imperatoris
857 5524 1076 5583 ereptus
1108 5513 1484 5585 Hierosolyma
1514 5512 1642 5582 fuga
1682 5514 1907 5581 elapsus
1947 5524 2043 5583 pe-

534 5703 555 5737 '
584 5699 740 5758 Joan.
774 5717 827 5766 v,
858 5700 912 5755 7.
986 5701 1006 5732 ’
1035 5697 1197 5756 Joan.
1232 5715 1287 5767 ι,
1318 5697 1407 5754 37.
1486 5698 1530 5730 "
1565 5694 1722 5752 .loan.
1758 5712 1802 5761 v,
1836 5696 1885 5747 at:

2138 4411 2268 4466 alia.
2303 4409 2518 4465 Dictum
2550 4407 2713 4463 etiam
2765 4414 2852 4462 est
2901 4420 2931 4460 a
2966 4404 3136 4459 Paulo
3162 4404 3417 4474 apostolo
3459 4404 3513 4459 in
3549 4402 3726 4476 priore

2140 4506 2206 4561 ad
2236 4504 2390 4560 urbis
2426 4499 2676 4559 Corinthi
2711 4500 2920 4555 incolas
2948 4497 3189 4569 Epistula
3220 4515 3233 4550 :
3266 4497 3429 4553 Cibus
3475 4499 3648 4552 uentri
3675 4507 3725 4551 et

2140 4606 2314 4654 neuter
2347 4596 2485 4657 cibo.
2520 4593 2859 4653 Deusautem
2889 4599 3170 4658 utrumque
3214 4588 3444 4643 abolebit
3477 4590 3546 4644 “.
3578 4590 3725 4645 Scri-

2142 4697 2294 4761 ptum
2321 4687 2488 4742 etiam
2517 4685 2572 4739 in
2601 4683 2754 4738 Actis
2801 4680 3200 4751 apostolorum,
3235 4675 3398 4733 Petro
3450 4677 3722 4749 apostolo-

2148 4796 2268 4837 rum
2318 4776 2574 4849 principi,
2617 4790 2742 4833 cuui
2790 4775 2843 4830 in
2895 4772 3031 4828 urbe
3074 4771 3335 4843 Joppensi
3369 4780 3537 4836 esset.
3579 4770 3722 4828 domi

2148 4868 2253 4923 viri
2301 4863 2590 4935 cujusdam
2653 4863 2916 4931 coriarii,
2967 4861 3189 4917 nomine
3234 4860 3521 4927 Simonis,
3566 4870 3724 4935 atque.

2149 4961 2349 5019 aedium
2380 4966 2582 5013 tectum
2619 4956 2753 5013 hora
2784 4956 2887 5011 diei
2923 4965 3077 5011 sexta
3108 4952 3301 5010 orandi
3321 4954 3496 5028 gratia
3528 4970 3720 5011 ascen-

2148 5052 2342 5116 disset,
2373 5049 2641 5107 incidisse
2670 5062 2952 5114 somnum,
3000 5046 3289 5119 ipsumque
3334 5045 3536 5103 cozlum
3572 5060 3722 5117 aper-

2149 5152 2265 5200 tutn
2315 5138 2693 5214 conspexisse,
2730 5151 2895 5211 atque
2946 5154 3078 5195 ecce
3132 5139 3482 5195 descendisse
3524 5154 3557 5195 ο
3584 5151 3725 5195 creto

2148 5234 2376 5288 linteum
2406 5245 2663 5301 magnum
2696 5230 2871 5285 donec
2901 5240 3103 5285 terram
3132 5229 3496 5301 ‘pertingeret,
3528 5228 3582 5282 in
3616 5245 3723 5301 quo

2146 5334 2305 5379 erant
2336 5324 2543 5393 qumvis
2576 5320 2955 5392 quadrupedis
2995 5328 3052 5376 et
3083 5322 3230 5381 ferar.
3281 5334 3349 5376 ac
3400 5320 3723 5391 reptilis,'ac

2147 5418 2399 5475 volucres
2428 5414 2577 5480 creti,
2611 5427 2828 5485 unaque
2870 5427 3059 5469 vocem
3100 5414 3341 5469 audiissu
3365 5427 3487 5483 que
3510 5410 3612 5480 ipsi
3636 5410 3720 5467 di—

2142 5521 2327 5569 ceret:
2356 5508 2526 5576 lleus,
2567 5507 2740 5573 Petre,
2772 5522 2990 5579 surgens
3020 5516 3196 5565 macta
3226 5513 3275 5559 et
3301 5520 3536 5571 vescere;
3564 5512 3619 5560 et
3638 5504 3718 5559 di-

2006 5694 2044 5728 “
2078 5691 2270 5749 Matth.
2302 5691 2508 5759 xv,11.
2588 5690 2633 5722 ¹⁸
2662 5687 2683 5743 l
2711 5686 2841 5745 Cor.
2873 5689 3059 5755 v1.15.
