4068 6160
503 332 640 396 1013

1934 327 2301 393 ANNALES.

3607 327 3748 393 lilii

493 454 653 501 rente
678 446 876 500 Petro:
912 444 1150 508 Domine,
1182 461 1446 517 nunquam
1473 461 1563 516 ego
1586 445 1910 501 immundum
1943 442 2068 514 quid
2098 435 2145 496 Α
2176 440 2535 509 Maxentium,
2569 458 2865 515 omnesque
2899 444 2994 516 qui
3042 459 3165 501 cum
3218 443 3313 501 illo
3345 444 3398 502 in
3447 444 3632 502 fratris
3664 450 3747 501 sui

492 538 619 603 etii,
676 552 863 594 vocem
904 542 971 594 ad
1010 554 1133 593 eum
1196 539 1440 593 secundo
1496 538 1750 594 venisse:
1803 537 2073 605 Quidquid

495 630 635 686 Deus
666 633 933 702 purgavit,
978 648 1041 687 ne
1081 640 1137 686 tu
1176 631 1398 702 polluite
1422 632 1488 698 ",
1521 648 1585 686 ac
1619 638 1702 687 ter
1744 629 1848 687 hoc
1879 630 1954 685 illi
1983 646 2072 686 re-

490 723 713 792 petiisse
759 739 951 780 vocem
976 765 992 786 .
1036 723 1163 779 dein
1216 740 1435 780 rursum
1463 725 1518 779 in
1548 724 1752 781 omium
1788 723 2066 780 sublatum

491 816 667 873 fuisse
698 815 924 872 linteum
952 830 968 869 :
993 818 1255 875 miratum
1278 833 1408 887 ergo
1440 819 1607 874 fuisse
1633 815 1880 883 Petrum,
1906 822 2071 884 atque

486 911 631 980 apud
681 925 743 967 se
772 910 1091 982 perplexum
1143 911 1387 969 bzesisse.
1423 910 1538 967 Hoc
1560 927 1693 982 ergo
1728 914 1867 974 viso.
1893 924 2068 984 coque

488 1001 638 1071 quod
663 1002 719 1058 in
751 1000 1045 1074 Evangelio
1068 1018 1170 1060 suo
1195 1014 1391 1059 sancto
1418 1003 1560 1060 dixit
1588 1001 1855 1061 Dominus
1880 1012 2069 1059 noster

484 1094 763 1160 Christus,
789 1106 1163 1166 praceperunt
1185 1095 1346 1153 nobis
1376 1094 1572 1152 Petrus
1603 1106 1659 1153 et
1681 1093 1886 1152 Paulus
1914 1095 2064 1151 omni

482 1201 655 1244 carne
695 1188 946 1258 cujusvis
986 1194 1210 1245 tandem
1240 1188 1617 1261 quadrupedis
1671 1192 1842 1253 vesci.
1890 1207 2066 1264 quare

483 1290 541 1334 et
584 1296 784 1349 porcus
834 1291 891 1338 et
932 1289 1129 1339 caetera
1193 1276 1535 1356 quascunque
1586 1284 1847 1341 animalia
1902 1286 2064 1343 nobis

481 1372 753 1439 permissa
786 1381 937 1430 sunt.
962 1371 1142 1431 iussit
1166 1389 1299 1449 ergo
1342 1378 1641 1447 imperator
1682 1380 1909 1435 mactari
1937 1393 2065 1446 por-

477 1479 601 1529 cos,
632 1464 981 1540 469471
1005 1482 1308 1537 eorumque
1330 1483 1519 1525 carnes
1548 1482 1735 1527 coctas
1778 1471 1833 1526 in
1887 1471 2059 1529 frusta

479 1557 697 1615 concidi
731 1567 787 1613 et
822 1559 887 1615 ad
932 1561 1291 1618 ecclesiarum
1322 1571 1514 1633 portas
1550 1581 1648 1638 per
1676 1575 1851 1624 totum
1883 1570 2060 1639 ipsius

479 1665 711 1723 regnum
745 1651 1036 1710 Dominico
1063 1652 1351 1715 Paschatis
1395 1660 1584 1724 statui,
1628 1675 1740 1731 quo
1782 1662 1960 1720 cuivis
1992 1678 2057 1721 ea

2174 533 2377 591 easdem
2412 536 2821 609 conspirarent,
2865 551 2897 593 e
2940 538 3122 594 medio
3151 537 3401 606 sustulit,
3454 538 3749 610 Romaeque

2172 630 2350 685 virum
2396 631 2687 701 quemdam
2724 629 2945 687 nomine
2990 645 3093 687 suo
3140 629 3401 702 praefecit.
3452 632 3609 688 Anno
3648 633 3752 685 im-

2172 720 2307 791 perii
2334 720 2582 792 ejusdem
2624 722 2883 793 septimo,
2926 721 3106 779 iactus
3133 732 3219 779 est
3267 721 3484 779 Marcus
3516 725 3751 794 patriar-

2170 813 2273 869 cha
2304 812 2602 880 Romanus,
2645 814 2740 885 qui
2775 829 2899 871 eum
2929 828 3105 870 annos
3148 816 3287 873 duos
3312 816 3572 882 sedisset,
3603 831 3753 871 mur-

2170 915 2299 964 tuus
2332 915 2438 963 est.
2488 907 2648 964 Anno
2683 906 2928 975 ejusdem
2972 922 3122 963 nono
3173 909 3510 966 constitutus
3555 905 3753 981 573-

2167 998 2333 1074 575
2379 1008 2467 1056 est
2504 998 2684 1055 Julius
2739 1000 3053 1067 patriarcha
3088 998 3390 1063 Romanus,
3455 999 3549 1068 qui
3581 1014 3756 1055 annos

2167 1090 2480 1160 quindecim
2515 1089 2679 1153 sedit,
2724 1088 2852 1145 dein
2885 1096 3135 1145 mortuus
3157 1097 3265 1146 est.
3301 1089 3460 1147 Anno
3504 1089 3746 1162 ejusdem

2168 1182 2428 1238 vicesimo
2481 1191 2677 1254 quarto
2730 1181 3066 1239 constitutus
3119 1178 3380 1237 Linarius
3428 1180 3742 1253 patriarcha

2167 1274 2467 1340 Romanus,
2502 1290 2600 1332 ses
2644 1288 2820 1331 annos
2845 1271 3007 1342 sedit,
3030 1273 3155 1331 dein
3188 1280 3436 1330 mortuus
3462 1282 3570 1329 est.
3592 1272 3748 1328 Anno

2164 1368 2380 1441 imperii
2407 1367 2527 1438 ejus
2562 1366 2828 1423 vicesimo
2862 1366 3200 1424 constitutus
3247 1372 3334 1423 est
3360 1365 3602 1437 Cyriilns
3626 1365 3745 1436 cpi-

2162 1474 2364 1533 scopas
2394 1458 2946 1531 iiierosolymitantts,
2972 1459 3067 1515 ubi
3095 1470 3223 1515 cum
3278 1471 3459 1515 annos
3497 1456 3744 1528 quinque

2161 1554 2422 1621 sedisset,
2461 1553 2622 1625 l‘ugit.
2664 1550 2743 1609 Eo
2779 1560 3030 1623 tempore
3067 1551 3382 1623 congregati
3434 1549 3551 1606 Arii
3597 1564 3747 1605 asse-

2160 1647 2279 1711 rite,
2310 1660 2438 1705 cum
2477 1644 2735 1702 omnibus
2764 1644 2889 1716 ejus
2912 1641 3246 1701 sententiam
3276 1641 3568 1715 ampiesis,
3598 1641 3739 1710 apud

478 1745 713 1801 ecclesia
735 1746 1033 1817 egredienti
1057 1749 1301 1807 huccella
1320 1754 1505 1809 carnis
1533 1753 1775 1823 porcina:
1801 1755 2044 1829 porrige-

2161 1742 2550 1811 imperatorem
2613 1737 3022 1804 Constantium,
3100 1734 3171 1795 de
3225 1732 3333 1793 Me
3377 1740 3435 1792 et
3471 1733 3742 1792 sententia

479 1845 652 1900 retur,
679 1846 735 1893 et
764 1839 1013 1910 quisquis
1040 1856 1163 1898 eam
1182 1858 1289 1898 non
1309 1844 1494 1901 ederet
1518 1855 1695 1903 morte
1724 1847 2052 1915 amceretur,

476 1944 591 2000 quo
625 1942 785 2001 pacto
812 1932 1092 1989 interfecta
1112 1945 1195 1991 est
1218 1951 1409 2005 magna
1431 1940 1713 1997 hominum
1741 1943 2054 2000 multitudo.

550 2019 873 2095 Byzantium
932 2027 1099 2082 etiam
1167 2045 1326 2085 umro
1363 2033 1608 2089 cinctum
1649 2032 2056 2096 Constantinus

477 2110 781 2183 imperator
821 2114 1337 2192 Constantinopolin
1387 2123 1711 2196 appellavit,
1754 2141 1902 2185 anno
1951 2129 2059 2187 im-

477 2205 614 2273 perii
642 2206 728 2262 sui
760 2207 1062 2265 tricesimo.
1098 2209 1270 2267 Porro
1302 2222 1513 2271 mortua
1546 2224 1632 2272 est
1660 2214 1868 2276 Helena
1905 2220 2055 2278 Con-

475 2297 707 2353 stantini
759 2306 937 2355 mater
979 2300 1088 2372 iam
1120 2306 1494 2376 oclogenaria.
1539 2304 1840 2378 imperavit
1870 2323 2053 2372 autem

470 2389 874 2449 Constantinus
915 2406 1090 2453 annos
1121 2396 1345 2469 triginta
1377 2398 1540 2468 duos,
1576 2403 1703 2461 dein
1731 2404 1891 2475 obiit,
1928 2423 2053 2465 cum

466 2483 647 2527 annos
666 2476 953 2545 sexaginta
970 2478 1217 2550 quinque
1234 2482 1666 2548 visissetJrihus
1682 2493 1886 2549 reiictis
1906 2492 2057 2562 liliis,

467 2574 708 2632 quorum
738 2577 873 2622 natu
902 2573 1203 2628 maximum
1242 2573 1345 2631 silli
1382 2583 1766 2648 cognominem
1789 2587 2061 2641 Constan-

468 2653 651 2711 tinum
685 2661 1005 2731 appellavit,
1037 2667 1345 2723 secundum
1375 2669 1444 2726 de
1489 2677 1662 2744 patris
1692 2678 1781 2733 sui
1835 2680 2060 2738 nomine

470 2748 874 2821 Constantem,
914 2758 1137 2812 tertium
1180 2776 1313 2815 vero
1348 2761 1777 2838 Constantium;
1817 2786 2056 2843 quorum

466 2840 1407 2927 Constantinum,Constantinopoli
1428 2875 1444 2926 ;
1462 2840 1852 2933 Constantem,
1862 2867 2057 2925 Antio-

470 2935 611 2992 chi:
630 2935 814 3029 _Syri:e
846 2940 1217 3013 Damascenaz,
1252 2959 1308 3002 et
1355 2949 1631 3023 Egypto;
1672 2957 2054 3029 Constantem,

2159 1846 2259 1888 sua
2280 1831 2484 1904 optima
2512 1844 2747 1901 quasque
2777 1828 3164 1901 praedicantes,
3188 1832 3485 1885 trecentos
3509 1835 3564 1883 et
3586 1835 3739 1883 octo-

2157 1922 2334 1981 decim
2382 1923 2507 1981 illos
2554 1922 2646 1993 qui
2691 1920 2887 1979 Nicaea:
2925 1927 3323 1986 convenerant,
3360 1934 3597 1984 errasse,
3625 1932 3675 1974 et
3709 1935 3740 1975 a

2156 2033 2289 2072 vero
2329 2016 2383 2071 in
2427 2014 2701 2075 sententia
2748 2028 2849 2070 sua
2876 2013 3154 2078 deviasse,
3183 2010 3313 2068 dum
3356 2009 3559 2069 Filium
3589 2013 3741 2081 ejus-

2155 2110 2277 2166 dem
2303 2124 2427 2166 esse
2474 2108 2799 2165 substantiae
2829 2122 2954 2165 cum
3010 2103 3173 2163 Patre
3222 2114 3562 2172 assererent,
3584 2105 3733 2163 diae.

2156 2211 2330 2260 runt:
2366 2200 2527 2260 Vetas
2544 2215 2674 2271 ergo
2708 2199 3015 2272 (inquiunt)
3061 2198 3172 2255 hoc
3216 2196 3350 2261 diei.
3398 2212 3527 2255 cum
3580 2213 3738 2257 εποι-

2152 2296 2260 2363 ait;
2291 2296 2441 2367 quod
2492 2303 2549 2351 et
2599 2294 2782 2351 facere
2826 2291 3025 2350 statuit
3062 2291 3386 2363 imperator.
3439 2289 3518 2346 Eo
3550 2300 3733 2347 autem

2154 2396 2399 2457 tenipore
2444 2401 2613 2457 super
2661 2387 2836 2442 cranii
2888 2383 3087 2458 [loco,'|
3136 2384 3235 2456 qui
3287 2392 3375 2440 est
3437 2382 3731 2451 Golgouta.

2150 2480 2331 2537 medio
2359 2478 2450 2536 die
2498 2478 2757 2550 apparuit
2798 2493 2931 2533 crus
2976 2493 3008 2533 e
3058 2476 3205 2540 luce,
3247 2490 3280 2533 a
3331 2481 3480 2533 terra
3526 2475 3729 2533 caelum

2149 2586 2325 2643 usque
2372 2572 2688 2643 pertingens
2734 2579 2790 2625 et
2851 2572 2919 2624 ad
2973 2576 3219 2625 montem
3272 2569 3553 2625 Olivarum
3608 2583 3736 2638 pro-

2147 2673 2327 2730 tensa,
2361 2663 2522 2734 cujus
2540 2663 2682 2720 lucis
2707 2662 3006 2733 splendore
3026 2662 3300 2718 occultata
3329 2672 3414 2718 est
3452 2662 3545 2717 ius
3573 2661 3728 2717 solis.

2149 2755 2280 2812 Eam
2312 2768 2527 2821 omnes,
2561 2755 2657 2826 qui
2692 2757 2747 2811 in
2784 2754 2917 2810 urbe
2948 2753 3443 2828 Hierosolymitana
3477 2755 3727 2819 aderant,

2146 2858 2257 2904 tam
2305 2847 2490 2917 magni
2539 2862 2705 2917 quam
2766 2847 2920 2917 parvi
2978 2856 3409 2917 conspexerunt,
3459 2860 3727 2920 praesente

2143 2939 2309 2996 etiam
2339 2936 2544 3012 Cyrillo
2575 2937 2840 3009 episcopo
2892 2938 3432 3010 Hierosolymitano;
3472 2939 3564 3009 qui
3594 2952 3727 3010 ergo

468 3028 595 3084 urbi
630 3027 820 3087 Romae
844 3034 1114 3104 prasfecit.
1143 3038 1388 3111 Saporgs
1422 3060 1553 3101 vero
1590 3046 1849 3107 "annali
1887 3027 2056 3125 an“;
2146 3031 2346 3135 litteris
2373 3028 2559 3135 statim
2588 3030 2814 3135 scriptis
2845 3030 3255 3135 imperatorem
3304 3034 3382 3088 rei
3435 3032 3721 3135 certiorem

466 3118 763 3179 Persarum
784 3128 1103 3191 rex,urbcm
1120 3118 2111 3209 Susisesstructatn,Chatti-Saliusc
2143 3121 2376 3189 nam"
2398 3122 2538 3179 dim
2563 3136 2580 3179 ³
2608 3120 2729 3178 sub
2771 3130 2929 3194 patre
2962 3131 3083 3189 “’0’
3115 3123 3293 3180 bam
3315 3124 3593 3180 memorie
3623 3124 3723 3180 im'

463 3217 785 3311 appellavit,
819 3219 984 3277 aliam
1017 3223 1069 3277 in
1105 3226 1328 3297 regione
1354 3227 1572 3301 Sawad,
1605 3233 2053 3311 Phiruz—Sabur;

434 3305 634 3361 turbes
677 3311 844 3401 etiam
896 3313 951 3401 ip
1008 3313 1199 3401 Sindia
1235 3329 1291 3374 et
1348 3319 1598 3392 Sejeslan
1649 3332 1919 3401 condidit,
1952 3305 2056 3393 nec

462 3406 572 3446 non
622 3396 827 3452 multos
858 3396 1047 3453 eliodit
1088 3400 1305 3469 ﬂuvios,
1338 3405 1708 3479 fornicesque,
1751 3420 1805 3467 et
1845 3396 2042 3482 pontes

459 3486 755 3544 exstruxit.
778 3488 943 3544 Senio
970 3503 1152 3548 autem
1179 3496 1293 3567 jam
1320 3498 1572 3556 coniecto
1602 3501 1886 3560 labefacta
1912 3513 2043 3562 sunt

461 3578 627 3645 vires,
652 3588 705 3633 ct
736 3582 991 3652 caligavit
1022 3587 1191 3654 visus,
1233 3591 1548 3659 superciliis
1583 3593 1636 3649 in
1680 3596 1878 3654 oculos
1907 3612 2039 3669 pro-

460 3669 833 3762 minentibus:
855 3689 1027 3744 quare
1060 3678 1235 3751 legato
1255 3682 1323 3737 ad
1351 3681 1607 3740 ludorum
1632 3700 1811 3757 regem
1844 3690 2035 3762 misso,

462 3756 732 3857 medicum
768 3760 836 3815 ab
868 3763 989 3833 ipso
1017 3767 1193 3835 petiit.
1221 3768 1327 3836 Qui
1371 3788 1503 3844 ergo
1540 3775 1665 3845 ejus
1698 3756 1836 3835 artis
1866 3756 2035 3857 ἆσέ

458 3848 692 3914 peritum
721 3855 1015 3921 quemdam
1045 3859 1266 3917 nomine
1318 3861 1611 3934 Georgium
1659 3848 2035 3943 «muniis?

460 3940 636 4007 ipsum
683 3947 908 4003 sanitati
958 3952 1220 4016 restituit,
1275 3956 1416 4011 adeo
1473 3967 1537 4013 ut
1577 3940 2039 4021 confirmarentur

456 4029 560 4097 ipsi
590 4036 765 4095 nervi.
805 4038 1237 4114 reddereturqne
1257 4046 1431 4114 visus,
1462 4058 1519 4103 et
1543 4065 1744 4123 equum
1768 4069 2035 4113 conscen-

455 4122 588 4179 dere
622 4126 847 4184 valeret.
880 4126 1061 4189 iussit
1108 4148 1241 4207 ergo
1285 4137 1443 4195 illum
1490 4122 1682 4200 urbem
1724 4162 1890 4217 quam
1923 4148 2032 4207 sibi

453 4217 615 4274 vellet
641 4218 987 4279 incolendam
1017 4225 1241 4297 eligere.
1287 4230 1384 4288 ille
1430 4235 1567 4293 urbe
1614 4237 2033 4308 Choat-Sabur,

449 4322 577 4377 quae
607 4317 666 4365 et
710 4310 885 4367 Cerch
936 4317 1267 4383 appellatur,
1315 4330 1513 4391 estque
1561 4327 1695 4384 urbs
1743 4326 1907 4398 Susa,
1956 4334 2027 4390 ibi

448 4414 623 4469 usque
658 4402 790 4457 dum
826 4416 857 4458 e
889 4406 1026 4463 vivis
1051 4411 1341 4467 etcederet
1373 4413 1661 4473 habitavit.

2145 3226 2431 3285 peratore,
2487 3214 2744 3287 apparuit
2801 3230 2941 3272 crux
3010 3214 3224 3273 Domini
3281 3216 3485 3274 Christi
3548 3218 3722 3274 stellis

2141 3304 2423 3380 [efﬁgiata]
2468 3304 2655 3361 medio
2681 3304 2770 3362 die
2815 3306 2871 3360 in
2895 3303 3056 3372 ctelo,
3085 3321 3152 3361 ac
3197 3306 3311 3377 jam
3367 3314 3423 3362 te
3464 3316 3725 3379 regnante

2143 3393 2465 3470 (imperator
2490 3395 2644 3469 telis)
2670 3395 2839 3471 4³16
2866 3398 3120 3468 apparuit
3144 3414 3312 3471 super
3332 3398 3518 3457 Cranii
3551 3399 3719 3474 [loco

2139 3504 2275 3545 crus
2310 3503 2342 3547 ε
2383 3490 2507 3547 luce
2532 3491 2692 3557 cuius
2722 3490 2987 3561 splendor
3020 3491 3158 3547 solis
3209 3492 3567 3564 splendorem
3600 3493 3720 3565 ipso

2140 3579 2368 3637 meridie
2399 3590 2642 3652 superat.
2665 3578 2999 3652 Litterisque
3020 3582 3135 3638 suis
3168 3582 3271 3652 ipsi
3303 3584 3480 3640 suasit
3511 3599 3580 3641 ne
3605 3585 3721 3639 Arii

2140 3670 2424 3743 ipsiusque
2481 3671 2804 3745 sequacium
2853 3674 3189 3730 sententiam
3247 3676 3715 3747 amplecteretur,

2139 3770 2324 3833 utpote
2346 3762 2439 3835 qui
2469 3778 2500 3821 a
2533 3779 2664 3821 vero
2706 3763 2990 3822 deviantes
3034 3767 3102 3822 ad
3152 3766 3537 3824 inﬁdelitatem
3586 3783 3717 3838 pro-

2137 3854 2276 3927 lapsi
2325 3864 2535 3925 essrnt,
2597 3857 2802 3930 quibus
2848 3858 3209 3917 malediserat
3254 3868 3623 3917 trecentorum
3661 3868 3714 3915 et

2134 3946 2441 4004 octodecim
2486 3948 2876 4021 episcoporum
2926 3952 3264 4016 concilium,
3336 3952 3708 4023 omnibusque

2131 4039 2228 4113 qui
2274 4040 2418 4097 idem
2466 4054 2595 4097 cum
2651 4042 2788 4113 ipsis
2838 4052 3170 4101 assererent.
3229 4042 3532 4115 imperator
3579 4060 3715 4115 ergo

2138 4134 2383 4204 acceptis
2435 4131 2626 4208 Cyrilli
2682 4134 2881 4191 litteris
2934 4150 3166 4207 magna,
3216 4139 3289 4194 oh
3330 4136 3421 4193 illa
3464 4150 3589 4206 qua
3637 4137 3706 4193 ad

2131 4226 2309 4298 ipsum
2339 4225 2657 4298 scripserat,
2700 4225 2891 4284 latitia
2937 4226 3164 4285 affectus
3188 4237 3295 4293 est,
3340 4238 3394 4286 et
3427 4228 3495 4284 ad
3521 4242 3709 4286 verum

2130 4334 2388 4381 reversus
2418 4321 2591 4377 vetuit
2622 4306 2983 4379 admitti-Arii
3014 4325 3373 4382 sententiam.

2200 4410 2282 4466 Eo
2312 4404 2558 4482 tempore
2590 4410 3101 4486 Constantinopoli,
3140 4415 3469 4483 Antiochia,
3500 4414 3707 4482 Babeli,

518 4487 719 4547 Totum
745 4502 927 4551 autem
957 4498 1101 4566 quod
1138 4497 1274 4555 visit
1316 4500 1497 4558 Sabur
1550 4508 1814 4578 spatium,
1847 4527 2019 4568 anno-

2146 4508 2189 4557 ιι
2217 4499 2590 4567 Alexandria,
2620 4503 2909 4574 prevaluit
2936 4504 3057 4562 Arii
3108 4508 3407 4576 sententia,
3431 4508 3594 4578 cujus
3641 4507 3708 4564 ιι-

446 4590 573 4632 rum
621 4587 744 4636 erat
801 4586 1149 4652 septuaginta
1219 4588 1490 4656 duorum;
1545 4593 1746 4663 quibus
1807 4601 2017 4658 exactis
2117 4594 2241 4651 dem
2273 4595 2692 4653 etsententiam
2723 4598 2817 4668 qui
2848 4599 3336 4669 amplecterentur,
3378 4603 3602 4661 nomine
3635 4604 3705 4659 ab

446 4677 700 4735 mortuus
726 4684 829 4729 est.
865 4673 1130 4747 Regnavit
1153 4689 1275 4749 post
1314 4681 1493 4750 ipsum
1544 4684 1599 4740 in
1635 4685 1835 4747 Persas
1868 4691 2014 4751 iiiius
2116 4685 2292 4757 ipsius
2318 4686 2562 4756 nomine,
2599 4688 2755 4756 Ario,
2782 4690 3021 4749 deducto
3051 4691 3243 4750 Ariani
3278 4695 3501 4752 vocitati
3547 4704 3704 4754 sunt.

443 4762 619 4832 ipsius
650 4762 884 4822 Ardsbir
915 4766 1114 4823 Saburi
1164 4768 1311 4825 lilins
1353 4787 1531 4833 annos
1579 4790 1837 4849 quatuor,
1890 4784 2014 4842 dein
2115 4780 2278 4836 Anno
2303 4780 2518 4854 imperii
2571 4781 2881 4841 Constantii
2917 4785 3012 4843 lilii
3060 4785 3413 4847 Constantini
3459 4793 3706 4849 secundo

442 4862 693 4911 mortuus
744 4864 831 4913 est
888 4873 903 4909 :
970 4858 1134 4929 idque
1188 4875 1336 4918 anno
1393 4864 1608 4935 imperii
1663 4870 2015 4933 Constantini

442 4943 539 4998 lilii
599 4941 950 5003 Constantini
1007 4948 1357 5010 Romanorum
1408 4957 1762 5028 imperatoris
1815 4966 2015 5036 primo.

438 5033 566 5129 110st
630 5037 810 5129 ipsum
848 5040 925 5129 in
1005 5040 1207 5100 Persas
1271 5054 1522 5117 regnavit
1595 5053 1767 5111 frater
1816 5033 2012 5129 ipsius

442 5121 617 5195 Sapor
663 5125 859 5199 Sapori
919 5130 1063 5186 iiiius
1118 5148 1291 5193 annos
1350 5139 1745 5214 quinquaginta
1796 5121 1907 5203 duo
1957 5158 2015 5207 et

444 5230 661 5272 ini-uses
716 5226 974 5289 quatuor,
1022 5223 1185 5297 idque
1233 5242 1377 5285 anno
1427 5234 1579 5301 regni
1630 5233 2015 5306 Constantini,

445 5306 536 5363 lilii
571 5308 920 5367 Constantini
952 5314 1301 5403 Runneorum
1360 5322 1728 5393 imperatoris,
1792 5332 2011 5403 quinto.

441 5401 600 5456 Anno
650 5402 863 5474 imperii
908 5392 1156 5474 ejusdem
1208 5416 1403 5483 quinto
1442 5392 1506 5472 in
1572 5392 2015 5495 fratrem'ipsius

440 5493 821 5551 Constantium
862 5496 1051 5559 Romae
1084 5504 1301 5561 irruens
1333 5508 1620 5574 praefectus
1650 5493 1874 5582 quidam
1911 5533 2013 5572 no-

441 5587 584 5641 tnine
635 5588 937 5647 Maxentius
985 5595 1162 5664 ipsum
1209 5600 1430 5655 occidit.
1481 5601 1603 5670 Quo
1645 5608 1833 5662 audito
1861 5610 2011 5666 (Zon-

439 5678 706 5736 stantinus
736 5680 1081 5741 Constantini
1127 5689 1269 5747 iiiius
1317 5692 1483 5747 misso
1517 5698 1754 5753 exercitu
1806 5715 2003 5771 magno

515 5798 557 5832 "
586 5796 705 5853 Aul.
741 5817 792 5863 ι,
831 5804 894 5858 i5
925 5819 1043 5879 sqq.

2117 4871 2455 4931 constitutus
2492 4883 2578 4932 est
2608 4876 2915 4947 Cyprianus
2942 4881 3252 4951 patriarcha
3298 4883 3700 4949 Antiochenus,

2123 4969 2221 5042 qui
2257 4970 2496 5027 Arianus
2517 4984 2658 5039 erat,
2688 4981 2744 5027 et
2778 4989 2903 5030 cum
2946 4975 3230 5034 biennium
3266 4979 3520 5047 sedisset,
3554 4995 3699 5038 mor-

2123 5070 2255 5120 tuus
2291 5071 2397 5122 est.
2443 5064 2603 5121 Anno
2633 5067 2842 5137 imperii
2871 5068 2989 5139 ejus
3027 5080 3227 5141 quarto
3262 5071 3437 5128 iactus
3471 5086 3554 5130 est
3583 5075 3702 5132 Bla~

2136 5152 2253 5210 sius
2307 5154 2619 5225 patriarcha
2662 5154 3059 5227 Antiochenus,
3105 5164 3197 5233 qui
3245 5179 3420 5222 annos
3461 5179 3702 5237 quatuor

2127 5241 2294 5309 sedit,
2324 5244 2452 5302 dein
2500 5256 2755 5303 mortuus
2792 5261 2898 5304 est.
2940 5246 3038 5308 iiic
3069 5255 3236 5311 etiam
3284 5258 3523 5315 Ariantls
3573 5261 3695 5317 fuit.

2123 5337 2285 5392 Anno
2305 5334 2550 5410 ejusdem
2579 5347 2772 5397 octavo
2819 5340 2997 5402 iactus
3025 5355 3111 5401 est
3139 5347 3422 5407 Enstatius
3467 5353 3698 5423 patriar.

2116 5428 2218 5484 cita
2242 5429 2639 5494 Antiochenus.
2688 5435 2782 5506 qui
2836 5451 3011 5493 annos
3051 5439 3293 5513 quinque
3340 5444 3503 5507 sedit,
3554 5447 3681 5501 dein

2119 5532 2374 5580 mortuus
2400 5531 2526 5580 est:
2572 5527 2665 5597 qui
2716 5527 2885 5585 etiam
2946 5533 3203 5590 Arianus.
3247 5538 3404 5591 Auno
3446 5539 3690 5610 ejusdem

2116 5613 2331 5671 decimo
2361 5618 2521 5675 tertio
2550 5628 2773 5679 creatus
2798 5635 2883 5681 cst
2916 5622 3025 5683 Leo
3050 5629 3361 5697 patriarcha
3395 5637 3694 5689 Antioche-

2135 5722 2259 5773 nus,
2296 5710 2410 5780 ipse
2436 5711 2601 5767 etiam
2629 5713 2887 5785 Arianus,
2924 5721 3015 5775 ubi
3063 5736 3256 5778 novem
3317 5743 3488 5788 «lituos
3528 5728 3692 5790 Sedit.
