4068 6160
427 252 566 319 itii!)

1454 268 1825 331 EUTYCIHI
1867 272 2410 335 ALEXANDRINI
2446 275 2667 338 PATR.

3548 274 3685 340 1016

417 388 546 442 dein
604 398 857 448 mortuus
890 406 994 450 eat.
1043 396 1346 466 Imperator
1396 399 1761 474 $77-$79
1810 416 1982 459 autem

2100 386 2275 451 ipsum
2327 386 2639 440 trucidandi
2691 384 2900 450 animo,
2955 384 3135 439 adorti
3194 392 3344 439 sunt.
3397 383 3504 452 Qui
3554 400 3682 442 cum

424 481 594 537 misso
645 481 919 550 Eudoxio,
959 488 1113 543 urbis
1160 489 1430 546 Jermanre
1480 495 1764 564 episcopo,
1811 495 1992 566 ipsum

418 573 726 630 Antiochia
772 578 1143 645 patriarcham
1195 582 1457 651 praefecit.
1516 584 1850 644 Manichacus
1903 590 1995 645 hic

423 676 573 733 erat;
610 670 862 725 eumdem
912 686 1037 725 cum
1068 673 1348 729 biennium
1383 677 1688 734 Antiochia:
1730 682 1991 749 sedisset,

418 756 718 826 imperator
744 760 1261 832 ConstantinOpoliu
1309 771 1609 834 transtulit,
1664 770 1752 825 ubi
1803 773 1990 828 decem

417 854 579 906 annis
610 868 839 909 munere
881 858 1233 925 patriarchali
1282 859 1505 917 functus
1540 873 1643 925 est,
1676 863 1804 919 dein
1850 882 1995 922 mor-

417 952 567 997 tuus.
595 942 757 998 Auno
787 945 1048 1002 vicesimo
1090 951 1336 1006 secundo
1372 953 1586 1023 imperii
1639 954 1814 1024 ipsius
1861 968 1995 1012 con-

413 1034 641 1090 stitutus
682 1044 768 1093 est
826 1038 1163 1098 Athanasius
1218 1044 1529 1111 patriarcha
1575 1047 1992 1113 Antiochenus,

412 1126 509 1195 qui
538 1139 592 1182 et
628 1128 962 1187 Manichacus
992 1132 1124 1201 fuit;
1158 1136 1248 1188 uhi
1285 1152 1408 1190 cum
1438 1147 1676 1206 quatuor
1698 1155 1873 1195 annos
1900 1158 1993 1198 se-

412 1215 609 1281 disset,
662 1229 913 1277 mortuus
962 1237 1066 1279 est.
1113 1224 1262 1279 idem
1316 1242 1410 1282 rex
1454 1245 1601 1284 anno
1651 1230 1865 1300 imperii
1907 1233 1993 1288 sui

414 1308 615 1376 primo,
665 1311 837 1366 Paulo
893 1319 1206 1385 patriarcha
1261 1319 1878 1392 Constantinopolitano
1938 1326 1993 1381 in

412 1402 669 1456 exsilium
719 1406 913 1473 misso,
964 1410 1083 1464 rice
1110 1411 1231 1477 ejus
1263 1413 1583 1476 Eusebium.
1615 1416 1778 1471 etiam
1823 1418 1997 1474 Mani-

414 1494 650 1559 chzeum,
700 1500 1065 1565 patriarcham
1120 1504 1320 1558 ibidem
1370 1509 1693 1570 constituit;
1738 1511 1993 1579 quicum

416 1595 530 1641 tres
555 1602 731 1643 annos
760 1592 1018 1656 sedisset,
1053 1605 1309 1651 mortuus
1340 1609 1445 1651 est.

478 1678 602 1745 Quo
645 1697 777 1749 ergo
817 1696 1072 1752 mortuo,
1132 1689 1433 1758 imperator
1478 1693 1708 1749 Paulum
1764 1699 1996 1765 patriar-

408 1770 596 1839 cham,
632 1790 660 1826 a
702 1792 761 1831 se
800 1778 1013 1846 pridem
1049 1782 1373 1847 relegatum,
1416 1786 1692 1841 cathedrae
1737 1803 1853 1841 sua:
1908 1804 1996 1843 re-

411 1863 612 1929 stituit,
648 1883 814 1936 quam
853 1878 966 1925 tres
1002 1887 1174 1926 annos
1206 1879 1521 1944 occupavit,
1568 1878 1694 1933 dein
1739 1889 1996 1937 mortuus

407 1966 510 2009 est.
550 1961 711 2014 Anno
759 1962 977 2032 imperii
1023 1966 1271 2035 ejusdem
1301 1970 1516 2023 decimo
1547 1973 1882 2028 constitutus
1910 1983 1998 2029 cst

414 2048 769 2108 Macedonius
813 2056 1126 2124 patriarcha
1175 2059 1847 2132 Constantinopolitanus,
1896 2074 1997 2137 qui

412 2138 681 2210 Spiritum
734 2159 988 2206 sanctum
1027 2164 1274 2209 creatum
1322 2170 1445 2211 esse
1492 2162 1767 2226 asseruit;
1805 2161 1993 2217 decem

408 2249 586 2289 annos
638 2237 809 2303 sedit,
845 2240 973 2295 dein
1011 2253 1267 2301 mortuus
1303 2255 1409 2300 est.
1452 2247 1610 2304 Anno
1646 2251 1862 2319 imperii
1905 2253 1991 2307 sui

410 2319 679 2378 vicesimo
719 2328 901 2395 primo
932 2329 1234 2401 imperator
1268 2334 1580 2393 Eudoxium
1618 2342 1991 2410 patriarcham

406 2411 812 2473 Antiochenam
841 2459 857 2486 ,
906 2420 1427 2497 Constantinopolin
1473 2433 1827 2494 translatum,
1892 2433 1996 2489 ibi-

406 2506 531 2560 dem
565 2511 936 2579 patriarcham
966 2519 1261 2573 constituit
1296 2539 1311 2575 :
1346 2521 1447 2577 fuit
1481 2523 1568 2578 hic
1613 2525 1988 2594 Manichzeus;

403 2601 594 2658 decem
650 2620 827 2662 annos
882 2608 1065 2675 sedit,
1121 2610 1251 2666 dein
1317 2623 1572 2669 mortuus
1624 2625 1730 2671 est.
1788 2617 1983 2685 Porro,

404 2692 652 2765 Egyptii
686 2705 859 2768 atque
898 2701 1285 2767 Alexandrini.
1315 2721 1441 2760 cum
1473 2709 1725 2776 plerique
1794 2711 1986 2766 Ariani

404 2795 459 2842 et
512 2787 797 2847 Manichai
849 2802 1075 2857 essent,
1134 2794 1355 2867 :‘Egypti
1418 2809 1583 2869 atque
1640 2801 1988 2860 Alexandria:

403 2882 670 2939 ecclesias
692 2896 1037 2955 occupantes
1067 2885 1237 2961 680
1267 2906 1363 2946 eas
1392 2900 1711 2959 tenuerunt,
1746 2912 1847 2951 uec
1876 2914 1986 2953 non

408 2974 464 3028 in
495 2975 863 3033 Athanasium
896 2980 1275 3048 patriarcham
1311 2983 1768 3051 Alexandrinum,
1807 2990 1983 3058 ipsum

2101 475 2227 546 luga
2258 491 2315 531 se.
2348 480 2416 532 ah
2450 478 2582 548 ipsis
2615 479 2929 548 eripuisset,
2966 477 3041 532 illi
3069 475 3383 532 Heracliam
3422 475 3682 534 "ieroso-

2098 570 2257 641 lymis
2280 572 2597 639 episcopum
2633 571 3030 640 praefecerunt,
3061 568 3165 626 fuit
3195 572 3242 626 is
3277 570 3543 636 Arianus,
3572 582 3683 627 tres

2098 675 2275 715 annos
2308 663 2475 726 sedit,
2507 661 2634 715 dein
2666 672 2917 717 mortuus
2948 671 3057 717 est.
3082 664 3244 718 Anno
3286 661 3501 731 imperii
3533 664 3679 732 ejus-

2095 751 2219 805 dem
2273 751 2517 807 secundo
2566 761 2789 807 creatus
2841 762 2927 808 est
2979 751 3309 810 Meietianus
3366 754 3675 824 patriarcha

2095 844 2494 909 Antiochenus,
2543 845 2639 915 qui
2688 845 3029 901 orthodoxus
3081 845 3219 911 fuit;
3248 860 3427 901 annos
3485 846 3667 917 viginti

2094 936 2340 1007 quinque
2386 936 2554 999 sedit,
2606 938 2767 1008 cujus
2816 938 3162 1007 praefecturae
3222 953 3369 994 anno
3420 940 3677 994 vicesimo

2097 1029 2280 1100 pritno
2310 1028 2654 1086 celebratum
2707 1039 2790 1087 est
2848 1030 3335 1101 Constantinomli
3385 1034 3673 1087 concilium

2096 1123 2426 1178 secundum.
2451 1122 2567 1180 Sub
2591 1124 2695 1179 hoc
2729 1126 3060 1196 imperatore
3090 1126 3408 1197 patriarcha
3438 1128 3680 1182 Alexan-

2095 1214 2290 1272 drinus
2318 1215 2419 1270 fuit
2448 1216 2812 1283 Athanasius;
2848 1218 3501 1287 Constantinopolitanus
3522 1260 3541 1285 ,
3571 1220 3645 1273 Eu

2096 1305 2307 1360 doxius
2356 1305 2725 1372 Manichaeus;
2786 1306 3086 1374 Romanus,
3144 1307 3423 1363 Linarius.
3478 1306 3712 1363 Eodem‘

2096 1399 2403 1469 imperante
2456 1400 2643 1457 ﬂoruit
2690 1400 2929 1456 Basilius
2982 1402 3251 1458 (ἔκευθε
3294 1401 3677 1473 Cappadociae.

2094 1508 2219 1562 qua:
2271 1494 2328 1546 in
2386 1494 2762 1550 Romanorum
2799 1495 3010 1550 ditione
3042 1504 3148 1557 est.
3196 1494 3533 1565 episc0pus;
3581 1508 3679 1550 nec

2098 1601 2207 1640 non
2254 1584 2587 1657 Gregorius,
2636 1585 2876 1643 Naaiazu
2927 1587 3227 1657 episcopus
3254 1600 3271 1639 :
3298 1585 3455 1640 urbis
3501 1593 3677 1640 autem

2099 1679 2259 1733 istius
2315 1678 2555 1733 Naziazu
2607 1678 2807 1736 ineol:e
2857 1692 3053 1733 omnes
3097 1676 3249 1733 Sahii
3308 1687 3490 1731 erant.
3537 1675 3672 1731 Cum

2106 1785 2240 1840 ergo
2267 1769 2563 1841 Gregorius
2612 1770 2906 1839 cpiscopus
2957 1770 3338 1825 Nazianzenus
3380 1767 3679 1824 orationem

2114 1862 2345 1919 haberet
2399 1864 2453 1917 in
2507 1861 2685 1917 Natali
2741 1862 2946 1918 Christi
3010 1862 3224 1916 Domini
3281 1862 3482 1925 nostri,
3528 1859 3682 1929 cujus

2107 1957 2268 2012 initio
2321 1956 2575 2013 diceret:
2612 1954 2785 2011 Natus
2843 1966 2928 2011 est
2984 1954 3280 2018 Christus,
3343 1950 3677 2023 gloriﬁcate;

2104 2050 2363 2103 Christus
2412 2048 2481 2103 de
2536 2048 2702 2114 emlo,
2748 2051 3027 2119 excipite;
3081 2048 3339 2102 Christus
3383 2046 3439 2102 iu
3497 2054 3676 2109 terra,

2105 2143 2380 2209 uanitate;
2415 2158 2652 2214 eamque
2685 2158 2872 2198 coram
2911 2143 3045 2212 ipsis
3098 2143 3408 2205 recitasset,
3466 2140 3501 2195 ii
3553 2138 3674 2195 illu-

2104 2237 2303 2291 dentes
2332 2237 2515 2306 ipsum
2543 2234 2776 2291 irridere
2811 2247 3117 2305 rmperunr.
3151 2233 3290 2288 Cum
3317 2247 3450 2305 ergo
3476 2230 3676 2287 adven-

2105 2338 2317 2385 tassent
2376 2329 2679 2400 Epiphania
2729 2327 2892 2383 aliam
2941 2329 3105 2384 etiam
3159 2324 3332 2400 m
3375 2326 3672 2381 orationem

2104 2421 2435 2492 composuit,
2488 2420 2541 2475 in
2576 2434 2685 2492 qua
2717 2420 3013 2475 Sabiorum
3046 2420 3373 2487 religionem
3412 2417 3676 2479 traduxit,

2104 2516 2367 2584 ipsosque
2422 2513 2638 2581 probris
2690 2513 2892 2579 all'ecit,
2932 2528 3053 2567 eam
3106 2513 3317 2568 scilicet
3371 2510 3479 2567 sub
3522 2509 3677 2580 cujus

2103 2608 2324 2663 initium
2384 2606 2561 2662 dicit:
2599 2605 2840 2661 Rursum
2895 2605 3055 2662 Jesus
3107 2620 3297 2667 meus,
3350 2615 3407 2658 et
3457 2617 3673 2659 rursum

2101 2700 2445 2771 mysterium.
2484 2697 2759 2770 Tempore
2800 2700 2966 2754 etiam
3014 2697 3219 2754 Juliani
3267 2708 3541 2769 apostatze
3579 2696 3674 2752 lio-

2101 2795 2215 2847 ruit
2247 2794 2401 2848 Auba
2435 2793 2731 2854 Antonius,
2772 2792 2870 2862 qui
2898 2792 3117 2862 primus
3142 2802 3259 2846 erat
3288 2790 3674 2845 monachorum

2099 2884 2328 2957 ἔδῃ)ιί
2384 2886 2663 2941 desert-um
2730 2886 3112 2949 incolentium,
3180 2886 3271 2940 uhi
3332 2883 3675 2938 monasteriis

2094 2980 2394 3034 exstructis
2424 2979 2727 3035 monachos
2779 2981 3156 3049 congregavit.
3207 2975 3318 3032 Nec
3365 2992 3475 3031 non
3522 2974 3671 3030 Anha

405 3067 722 3123 trucidandi
755 3072 964 3139 animo,
993 3074 1299 3138 irruerunt,
1321 3076 1410 3132 ille
1438 3094 1571 3133 vero
1599 3080 1724 3152 fuga
1752 3082 1821 3137 ab
1853 3083 1982 3153 ipsis

2102 3074 2330 3128 Fluvios
2372 3074 2433 3128 in
2484 3071 2646 3144 Syria
2690 3074 2790 3142 qui
2841 3072 3059 3140 primus-
3106 3083 3224 3126 crat
3277 3070 3670 3125 monachorum

404 3159 655 3230 dilapsus
703 3162 961 3229 delituit.
1009 3181 1136 3221 cum
1183 3167 1297 3237 jam
1346 3184 1577 3227 munere
1631 3176 1981 3244 patriarchali

404 3251 595 3309 decem
642 3255 804 3311 annis
844 3255 1065 3314 functus
1116 3258 1351 3327 fuisset;
1409 3264 1861 3336 constitutusque
1901 3276 1984 3323 est

406 3343 727 3416 Gregorius,
755 3349 851 3419 qui
877 3348 1216 3409 Manichaeus
1248 3350 1371 3420 fuit,
1408 3356 1715 3423 patriarcha
1743 3359 1982 3413 Alexan-

408 3432 629 3498 drinus.
666 3437 762 3505 qui
792 3452 971 3493 annos
1008 3441 1198 3496 decem
1234 3444 1399 3508 sedit,
1430 3444 1558 3500 dein
1590 3459 1841 3505 mortuus
1870 3458 1977 3505 est.

406 3526 508 3580 illo
538 3536 778 3595 mortuo,
831 3531 1171 3591 Athanasius
1224 3537 1537 3608 patriarcha
1575 3540 1979 3598 Alexandrinus

406 3620 461 3674 in
493 3621 673 3678 locum
711 3638 875 3678 suum
913 3640 1189 3692 reversus,
1224 3637 1340 3685 tres
1368 3644 1545 3688 annos
1578 3633 1743 3689 sedit.
1774 3633 1976 3691 Eodem

403 3722 651 3784 tempore
669 3713 1152 3787 Constantinum“
1176 3719 1562 3777 Alexandriam
1588 3702 1814 3781 veniens
1840 3741 1979 3795 prae-

403 3804 583 3861 fectus
611 3807 840 3878 quidam
874 3812 1101 3868 nomine
1132 3810 1419 3883 Syrianus,
1452 3816 1545 3885 qui
1579 3818 1821 3873 Arianus
1846 3819 1973 3885 l'uit,

399 3900 765 3956 Athanasium
798 3904 1172 3973 patriarcham
1204 3907 1259 3961 in
1290 3906 1470 3961 locum
1494 3910 1792 3978 quemdam
1817 3910 1978 3968 Tibe-

400 3991 553 4046 riada
617 3994 826 4049 dictum
880 3996 1187 4066 relegavit,
1248 4000 1566 4067 patriarcha
1627 4002 1975 4059 Alexandriae

396 4086 701 4141 constituto
747 4088 1017 4158 Georgio,
1067 4090 1159 4157 qui
1196 4092 1435 4147 Arianus
1506 4094 1630 4160 fuit,
1684 4110 1974 4164 annosque

401 4187 498 4226 sex
532 4174 693 4229 sedit.
731 4174 863 4232 Dein
898 4178 1035 4233 abiit
1064 4178 1334 4250 Syrianus
1376 4182 1669 4252 prefectus
1699 4183 1977 4240 Constan-

400 4263 672 4331 tinopolin
711 4266 1020 4335 petiturus;
1054 4284 1167 4337 quo
1197 4272 1526 4325 Alexandria
1552 4272 1802 4339 proiecto
1822 4271 1975 4329 urbis

398 4356 521 4424 ejus
546 4358 741 4413 incola:
761 4358 1050 4416 Melchiani
1072 4360 1365 4433 Georgium
1386 4363 1751 4431 patriarcham
1770 4366 1971 4431 adorti,

2094 3164 2355 3220 Jordanis
2401 3163 2679 3220 desertum
2724 3164 3083 3219 incolentium
3114 3175 3171 3220 et
3219 3164 3274 3218 in
3320 3164 3443 3233 ipso
3482 3179 3668 3217 tuonao

2092 3257 2228 3312 chos
2256 3256 2504 3325 collegit,
2536 3264 2591 3311 et
2626 3257 2967 3311 monasteria
3006 3257 3239 3325 locaque
3272 3254 3667 3324 quamplurima

2089 3348 2390 3404 exstruxit.
2421 3346 2749 3403 Nuntiatum
2786 3360 2969 3403 autem
3006 3358 3089 3403 est
3130 3347 3355 3402 Iuliano
3407 3354 3668 3414 apostatm

2092 3442 2411 3511 imperatori
2460 3440 2728 3496 statuisse
2758 3440 3028 3509 Saporem
3072 3438 3296 3509 Saporis
3328 3439 3501 3494 ﬁlium
3541 3436 3666 3493 Pcr-

2089 3547 2281 3589 Laruin
2327 3545 2533 3600 regem,
2577 3531 2753 3599 ipsum
2812 3532 2953 3587 bello
2998 3533 3244 3603 aggredi.
3279 3533 3496 3587 Paratis
3542 3547 3666 3599 ergo

2089 3623 2265 3693 copiis
2318 3622 2607 3692 profectus
2659 3630 2744 3677 est
2790 3619 3046 3677 Julianus
3098 3625 3200 3693 ipsi
3252 3625 3307 3678 iu
3354 3640 3662 3680 occursum.

2090 3714 2277 3778 Prasiae
2307 3725 2490 3771 autem
2518 3718 2970 3772 conversationis
2997 3718 3195 3788 ipsius,
3224 3717 3465 3786 ﬁdeique
3497 3735 3560 3771 ac
3584 3717 3666 3769 iu-

2086 3810 2352 3865 tentionis
2383 3810 2541 3865 mala:
2572 3810 2773 3879 gratia,
2807 3814 3071 3880 quodque
3106 3812 3364 3868 homines
3396 3814 3464 3867 ad
3492 3811 3667 3865 idolo-

2088 3905 2307 3956 latriam
2359 3903 2641 3972 impellere
2690 3903 2964 3967 studeret,
3016 3902 3223 3960 factum
3257 3911 3338 3957 est
3384 3914 3444 3957 ut
3495 3903 3662 3973 ipsum

2084 3993 2278 4063 praelia
2325 3992 2603 4047 devictum
2668 3994 3002 4049 interﬁceret
3069 3994 3309 4066 Sapores
3369 3995 3660 4052 Persarum

2083 4100 2199 4151 rex,
2230 4101 2596 4156 magnamque
2627 4088 2953 4156 sequacium
2988 4088 3163 4160 ipsius
3190 4096 3430 4160 stragem
3458 4087 3665 4147 ederet.

2084 4177 2359 4233 lienteria:
2385 4187 2570 4233 autem
2607 4180 2847 4249 prodidit
2875 4180 3112 4237 Basilius
3148 4180 3414 4238 Caesarea:
3452 4182 3658 4253 Cappa-

2080 4271 2256 4326 docia
2286 4272 2607 4340 episcopus,
2634 4287 2697 4327 se
2717 4272 2842 4329 loco
2872 4287 2978 4329 suo
3000 4276 3285 4330 sedentem
3318 4285 3448 4329 ante
3471 4276 3666 4330 oculos

2084 4361 2325 4415 tabulam
2376 4360 2642 4417 habuisse
2693 4363 2748 4418 in
2806 4377 2916 4433 qua
2965 4362 3186 4435 depicta
3241 4374 3361 4421 erat
3406 4364 3664 4422 Mercurii

402 4451 583 4518 ipsum
635 4452 986 4509 interfectum
1022 4453 1150 4525 igne
1201 4466 1554 4523 cremarunt,
1610 4472 1976 4527 reversusque

2091 4453 2338 4524 martyris
2388 4451 2629 4521 etﬁgics;
2694 4452 2827 4508 dum
2885 4469 3017 4508 vero
3072 4456 3317 4511 tabulam
3370 4456 3663 4526 inspiceret

393 4554 477 4599 est
517 4544 570 4597 iu
622 4545 799 4599 locum
847 4560 1012 4600 suum
1065 4547 1423 4605 Athanasius.
1478 4549 1685 4606 Eodem
1727 4560 1976 4621 tempore

398 4638 660 4705 procellis
711 4638 977 4707 agitatum
1027 4656 1178 4695 mare
1229 4644 1395 4697 multa
1429 4643 1778 4700 Alexandriae
1826 4644 1972 4707 loca,

402 4742 499 4781 uec
554 4741 662 4781 non
715 4728 1003 4795 ecclesias,
1038 4745 1183 4800 aqua
1216 4732 1422 4788 obruit.
1469 4732 1617 4790 Obiit
1644 4743 1829 4790 autem
1867 4735 1972 4789 im-

399 4825 619 4885 perator
645 4818 1005 4878 Constantius
1044 4820 1393 4880 Constantini
1430 4824 1572 4880 lilius
1621 4839 1745 4881 cum
1801 4827 1975 4897 impe-

400 4912 539 4965 rium
572 4926 749 4967 annos
781 4912 973 4982 viginti
1003 4922 1242 4984 quatuor
1269 4926 1612 4987 occupasset.

476 5001 601 5057 Post
650 5018 810 5073 quem
868 5005 922 5059 in
983 5005 1263 5061 Romanos
1311 5009 1450 5064 duos
1497 5023 1674 5064 annos
1718 5012 1971 5079 regnavit

399 5094 651 5151 Julianus
685 5096 978 5166 imperator
1000 5097 1093 5166 qui
1120 5098 1277 5153 iidem
1306 5100 1615 5169 abnegavit,
1635 5101 1802 5170 idque
1826 5116 1970 5156 anno

397 5186 546 5254 regni
584 5185 813 5255 Saporis
846 5187 941 5241 lilii
966 5186 1193 5257 Saporis
1216 5188 1509 5245 Persarum
1538 5193 1684 5261 regis
1707 5192 1970 5248 vicesimo

398 5278 592 5341 primo.
642 5276 943 5346 Imperator
976 5280 1080 5333 iste
1115 5280 1385 5344 Julianus,
1433 5282 1538 5336 lide
1573 5281 1967 5357 ἀει-483

392 5366 704 5421 Christiana
737 5366 1033 5437 abuegata,
1062 5370 1313 5425 homines
1346 5371 1413 5425 ad
1450 5371 1721 5427 idolorum
1754 5375 1965 5429 cultum

396 5456 658 5512 reducere
698 5458 933 5519 studuit,
976 5474 1340 5529 magnamque
1376 5472 1676 5533 martyrum
1713 5465 1967 5519 multiiu-

393 5546 577 5601 dinem
608 5558 786 5601 mortc
813 5549 1019 5603 aﬂecit.
1053 5551 1213 5602 Anno
1255 5552 1467 5618 imperii
1504 5552 1624 5620 ejus
1668 5552 1867 5622 primo,
1899 5568 1963 5607 ex

393 5638 591 5693 incolis
632 5638 1174 5711 Hierosolymorum,
1231 5643 1326 5709 qui
1380 5642 1492 5697 Arii
1545 5655 1728 5713 partes
1764 5660 1964 5715 seque.

400 5730 619 5796 bantur,
667 5732 929 5803 Cyrillum
979 5732 1294 5804 episcopum
1368 5736 1960 5808 llierosolymitanum,

2081 4541 2428 4610 disparuisse
2474 4544 2737 4614 martyris
2771 4543 3003 4616 elligiem
3035 4562 3047 4599 :
3079 4547 3225 4616 quod
3261 4547 3388 4602 dum
3426 4546 3517 4601 ille
3560 4548 3660 4601 mi-

2081 4641 2323 4697 rarctur,
2365 4642 2489 4704 post
2522 4636 2803 4691 modicum
2834 4638 3100 4707 temporis
3140 4639 3383 4707 spatium
3411 4640 3658 4696 eamdem

2078 4726 2130 4780 in
2165 4728 2407 4783 tabulam
2440 4729 2694 4797 rediisse,
2726 4739 2889 4803 atque
2923 4729 3286 4806 585-587
3313 4732 3369 4787 in
3399 4748 3659 4790 mucrone

2078 4820 2280 4875 lancea
2303 4820 2500 4889 quatoiu
2527 4822 2774 4891 praedicti
2800 4825 3060 4896 martyris
3087 4840 3252 4880 manu
3286 4826 3503 4896 depicta
3532 4826 3657 4888 fuit,

2076 4911 2330 4982 sanguini
2362 4912 2495 4983 quid
2530 4913 2711 4970 simile
2744 4914 2871 4970 fuit.
2905 4916 3029 4983 Quo
3060 4919 3256 4988 majori
3292 4919 3657 4977 admiratione

2076 5019 2393 5074 percussus,
2430 5006 2672 5064 Basilius
2706 5009 3007 5079 episcopus
3038 5012 3308 5069 confusus
3341 5013 3521 5080 haesit,
3553 5015 3655 5069 do-

2074 5110 2175 5149 nec
2216 5095 2323 5165 ipsi
2368 5099 2719 5153 nuntiaretur
2768 5099 3053 5155 Juliantim
3108 5112 3409 5171 apostatam
3464 5104 3653 5158 eadem

2075 5185 2209 5238 hora
2260 5188 2317 5241 in
2375 5188 2566 5257 praelio
2622 5191 2932 5257 occidisse;
2976 5194 3121 5248 unde
3180 5194 3412 5249 Basilius
3463 5210 3651 5250 notum

2075 5277 2269 5333 habuit
2309 5283 2507 5349 ipsum,
2544 5282 2618 5338 ob
2642 5298 2902 5354 magnum
2932 5300 3046 5357 quo
3082 5288 3435 5342 christianos
3464 5304 3652 5358 prose-

2073 5379 2236 5427 cutus
2289 5383 2373 5427 est
2444 5372 2660 5439 odium,
2717 5391 2996 5447 quemque
3042 5392 3369 5447 proauovere
3416 5388 3649 5436 conatus

2068 5474 2153 5517 est
2184 5464 2454 5519 idolorum
2503 5468 2738 5537 cultum,
2790 5483 2820 5523 a
2872 5467 3145 5525 Mercurio
3193 5482 3431 5542 martyre
3478 5472 3648 5528 inter-

2070 5552 2293 5610 fectum.

2140 5643 2337 5703 Occiso
2363 5645 2582 5703 .luliano
2614 5651 2949 5721 imperatore
2993 5661 3262 5719 apostata,
3294 5664 3421 5723 post
3464 5656 3641 5727 ipsum

2072 5735 2335 5796 Romanis
2364 5753 2567 5799 annum
2604 5756 2775 5799 unum
2808 5744 3096 5815 imperarit
3123 5742 3429 5813 Jorianus;
3485 5748 3643 5818 idque
