4070 6152
393 315 531 382 1017

1836 330 2035 389 ΑΝΝΑ
2050 332 2184 391 LES

3508 331 3640 397 1018

394 450 541 489 anno
578 435 730 504 regni
781 436 1007 500 Saporis
1060 438 1153 493 lilii
1209 438 1436 511 Saporis
1489 443 1781 499 Persarum
1820 446 1967 516 regis
1995 445 2043 500 Α
2076 463 2196 514 nus,
2218 448 2313 517 qui
2344 446 2491 502 Petri
2516 448 2849 518 patriarcha:
2881 442 3236 500 Alexandrini
3272 444 3639 501 antecesseris

401 527 671 583 vicesimo
699 527 899 597 primo.
932 528 1060 584 Fuit
1107 529 1374 589 Jovianus
1430 534 1533 589 lide
1584 537 1965 600 orthodoxus,

394 616 685 689 religionis
758 621 1079 677 christiana:
1134 638 1542 695 propugnator;
1612 637 1665 681 at
1722 630 1972 697 proiecto

394 718 591 764 contra
619 708 798 782 ipsum
853 712 1043 767 rebelli
1084 716 1344 784 quodam,
1395 717 1510 784 ipse
1550 720 1617 772 ad
1653 719 1855 775 bellum
1888 720 1963 776 illi

392 800 743 858 inferendum
799 818 1126 873 pregressus
1177 818 1427 863 mortuus
1478 821 1561 866 est
1614 812 1668 865 in
1706 813 1814 878 via,
1845 814 1965 869 loco

392 892 637 958 quodam
674 892 848 951 Dades
879 894 1047 950 dicto.
1082 896 1350 965 Regnavit
1386 909 1507 970 post
1541 901 1720 972 ipsum
1750 904 1804 958 in
1856 902 1968 958 Ro-

392 995 591 1039 manos
618 980 821 1039 Valens
850 1000 1027 1040 annos
1055 989 1343 1042 duodecim
1381 1008 1396 1045 :
1429 991 1594 1059 idque
1638 1008 1784 1047 anno
1815 994 1963 1063 regni

392 1073 623 1145 Saporis
685 1076 779 1131 lilii
847 1077 1073 1147 Saporis
1130 1080 1418 1136 Persarum
1488 1084 1630 1154 regis
1700 1085 1963 1142 vicesimo

389 1174 615 1233 quarto.
664 1167 824 1224 Anno
870 1171 1084 1240 imperii
1136 1171 1253 1241 ejus
1297 1174 1462 1229 tertio
1499 1176 1833 1231 constitutus
1879 1186 1963 1234 est

393 1255 687 1318 liamasius
724 1260 1034 1329 patriarcha
1071 1260 1379 1330 Romanus,
1429 1265 1522 1334 qui
1561 1281 1738 1321 annos
1768 1268 1964 1338 viginti

390 1358 524 1405 octo
564 1350 730 1417 sedit,
782 1351 911 1406 dein
962 1362 1214 1411 mortuus
1257 1363 1341 1411 est
1379 1373 1393 1410 :
1425 1356 1584 1428 cuius
1631 1360 1968 1429 praefectura:

393 1456 545 1497 anno
596 1442 807 1498 decimo
860 1445 1099 1515 septimo
1148 1447 1487 1504 celebratum
1531 1465 1619 1507 est
1669 1455 1964 1509 concilium

391 1534 700 1591 secundum
718 1535 1381 1607 Constantinopolitanum
1404 1582 1419 1595 .
1446 1543 1604 1599 Anno
1638 1556 1836 1614 quarto
1864 1547 1967 1601 im-

397 1627 534 1695 perii
569 1625 799 1684 Valentii
830 1632 1172 1686 constitutus
1204 1642 1287 1688 est
1311 1633 1620 1692 Democlius
1652 1638 1964 1708 patriarcha

390 1718 1066 1791 Constantinopolit-atms,
1119 1725 1214 1792 qui
1248 1724 1583 1785 Manichacus
1626 1732 1753 1797 luit,
1787 1748 1964 1792 arruns

394 1810 654 1866 undecim
682 1814 849 1878 sedit,
882 1812 1010 1869 dein
1042 1826 1294 1873 mortuus
1322 1817 1493 1893 488
1519 1832 1625 1880 est.
1676 1825 1834 1881 Auno
1866 1826 1965 1881 im-

400 1902 543 1972 perii
578 1904 757 1972 ipsius
795 1907 976 1975 primo
997 1910 1332 1967 constitutus
1359 1922 1445 1967 est
1475 1913 1637 1971 Arvis
1671 1916 1964 1989 episcopus

394 1995 949 2070 Hierosolymitanus.
981 2003 1072 2070 qui
1099 2012 1153 2056 et
1195 2002 1525 2062 Manichacus
1572 2008 1692 2077 iuit,
1739 2024 1796 2065 et
1839 2026 1963 2067 cum

394 2105 576 2144 annos
591 2093 838 2163 quinque
867 2093 1121 2162 sedisset,
1155 2106 1406 2151 mortuus
1422 2107 1527 2154 cst.
1556 2100 1715 2157 Anno
1750 2104 1963 2170 imperii

390 2180 638 2247 ejusdem
729 2184 964 2250 septimo
1020 2184 1198 2241 factus
1253 2196 1336 2242 est
1388 2186 1627 2246 Hilarius
1677 2194 1969 2265 episcopus

392 2270 946 2346 llicrosolymitanus.
975 2278 1067 2349 qni
1115 2278 1356 2335 Ar’ianus
1412 2290 1566 2351 erat;
1622 2298 1796 2342 annos
1825 2298 1966 2356 mra-

387 2373 522 2420 tuor
569 2368 731 2430 sedit,
798 2368 923 2423 dein
963 2380 1217 2423 mortuus
1265 2380 1367 2425 est.
1432 2370 1511 2426 Eo
1560 2386 1777 2429 mortuo
1808 2375 1966 2429 rediit

392 2457 642 2528 ειτηερ»
669 2459 967 2532 episcopus
1003 2459 1554 2534 i-Iicrosolymitanus,
1586 2466 1685 2537 qui
1720 2467 1789 2522 ab
1812 2468 1968 2522 Aria-

391 2550 487 2607 nis
521 2551 762 2624 ingerat,
812 2554 867 2609 in
913 2553 1095 2609 locum
1127 2569 1319 2621 suum,
1368 2556 1461 2611 ubi
1502 2571 1679 2614 annos
1729 2558 1966 2614 sederim

387 2645 581 2708 sedit.
635 2646 764 2703 dein
815 2655 1071 2702 mortuus
1113 2655 1217 2702 est.
1270 2646 1474 2705 Totum
1529 2665 1660 2722 ergo
1705 2653 1968 2723 temporis

392 2738 637 2808 spatium
669 2753 783 2808 quo
809 2739 1138 2810 episcopatu
1169 2738 1395 2797 iunctus
1419 2748 1506 2797 est
1526 2740 1768 2815 Cyrillus
1792 2758 1963 2799 anne-

394 2847 519 2887 rum
550 2842 668 2887 erat
717 2832 952 2904 triginta
975 2833 1170 2887 trium.
1202 2833 1567 2906 Episcopatus
1614 2837 1791 2908 ipsius
1822 2852 1968 2893 anno

388 2925 659 2982 vicesimo
687 2927 926 2994 septimo
974 2927 1080 2982 iuit
1117 2928 1412 2983 concilium
1452 2927 1965 3000 Constantinopoli-

388 3029 585 3073 tanum
619 3019 951 3074 secundum.
977 3019 1122 3087 Quin
1149 3030 1202 3073 et
1230 3019 1582 3075 Alexandrini
1606 3019 1966 3075 Athanasium

2074 541 2158 595 sui
2196 540 2368 597 frater
2405 541 2544 606 fuit;
2582 554 2794 611 septem
2816 553 2992 594 annos
3025 536 3191 600 sedit,
3222 537 3348 590 dein
3384 543 3635 590 mortuus

2070 641 2178 686 est.
2210 632 2372 686 Anno
2411 644 2595 687 autem
2631 630 2969 703 prrel‘nctnrte
2999 629 3176 696 ipsius
3207 636 3366 682 sevto
3390 627 3635 681 habitum

2070 731 2158 775 cst
2214 723 2514 778 concilium
2574 722 3243 794 ConstantinOpolitanum
3306 718 3611 772 secundum

2072 810 2355 868 Exstrnsit
2381 822 2565 869 autem
2590 810 2910 869 Timotheus
2957 807 3264 882 patriarcha
3295 807 3638 863 Alexandriae

2069 905 2332 961 ecclesias
2354 906 2681 975 complures.
2704 914 2759 961 et
2778 913 3127 959 uumumenta
3148 914 3257 955 non
3281 914 3476 970 pinea.
3500 898 3635 952 Mul-

2072 1006 2157 1053 tos
2175 998 2337 1053 etiam
2366 996 2434 1054 ab
2463 997 2579 1053 Arii
2608 996 2873 1053 sententia
2901 996 2969 1050 ad
3013 993 3392 1049 Melchitarum
3428 989 3637 1043 doctri‘

2069 1105 2197 1143 nam
2262 1090 2554 1145 convertit.
2609 1089 2768 1142 Anno
2831 1088 3045 1157 imperii
3093 1082 3339 1154 ejusdem
3392 1080 3634 1136 Valentis

2071 1177 2441 1234 Ruruanoru‘m
2487 1178 2834 1247 intperatnris
2862 1177 3125 1237 secundo,
3167 1174 3503 1228 constitutus
3549 1182 3635 1223 est

2068 1270 2335 1340 Evagrius
2388 1269 2697 1340 patriarcha
2746 1268 2909 1342 492
2941 1266 3634 1336 Constantinopolitanus:

2068 1362 2231 1419 fidem
2272 1362 2362 1416 hic
2397 1362 2773 1417 Melchitarom
2810 1361 3114 1431 professus,
3165 1374 3293 1412 cum
3314 1364 3453 1411 duos
3482 1371 3633 1411 ruen-

2067 1470 2157 1511 ses
2204 1453 2440 1511 sedisset
2489 1454 2545 1508 in
2580 1454 2833 1510 exsiliunt
2889 1454 3079 1520 pulsus
3120 1462 3222 1506 est.
3254 1448 3455 1506 Valens
3500 1466 3637 1517 ergo

2067 1549 2367 1616 imperator
2399 1546 2668 1601 accersito
2698 1545 2965 1614 Gregorio
2998 1542 3346 1598 Nazianzcno
3372 1581 3387 1604 ,
3456 1543 3633 1607 ipsum

2066 1642 2218 1698 sedis
2246 1638 2872 1709 ConstantinOpolitanzc
2921 1651 3109 1691 curam
3145 1634 3429 1705 suscipere
3449 1635 3633 1705 jussit.

2065 1733 2227 1805 cujus
2260 1748 2390 1803 ergo
2428 1747 2517 1788 res
2552 1739 2793 1801 quatuor
2828 1744 3005 1785 annos
3042 1727 3469 1793 administravit,
3511 1728 3636 1781 dein

2067 1834 2317 1881 mortuus
2345 1833 2451 1880 est.
2490 1821 2608 1878 Sub
2635 1823 2827 1877 eodem
2863 1820 3090 1877 Valente
3117 1818 3487 1873 Romanorum
3534 1819 3635 1873 im-

2067 1929 2319 1990 peratore
2348 1923 2511 1971 natus
2540 1922 2625 1970 est
2656 1926 2880 1969 sanctus
2921 1910 3263 1982 Euthymius.
3329 1908 3639 1965 Coucitavit

2069 2015 2252 2061 autem
2289 2007 2516 2077 quidam
2548 2007 2600 2059 iu
2649 2004 2942 2059 Occidente
2987 2013 3180 2057 contra
3216 2000 3497 2057 Valentem
3548 2017 3638 2055 re-

2067 2098 2401 2164 bellionem,
2450 2095 2721 2151 adversus
2774 2111 2938 2162 quem
2984 2110 3110 2149 cum
3169 2095 3285 2162 ipse
3336 2092 3634 2148 exercitum

2066 2191 2335 2253 duxisset,
2398 2188 2696 2244 commisso
2746 2185 2888 2241 inter
2939 2186 3091 2257 ipsos
3150 2186 3396 2256 pluribus
3445 2184 3637 2239 diebus

2068 2282 2279 2354 ιιι-ωηο.
2318 2281 2442 2338 loco
2467 2283 2705 2348 quodam
2734 2277 2947 2333 Taraka
2982 2278 3149 2334 dicto.
3187 2279 3242 2333 in
3287 2277 3468 2346 lugam
3502 2289 3638 2332 con-

2068 2388 2264 2431 versus
2304 2371 2507 2428 Valens
2554 2371 2853 2442 imperator
2902 2369 2970 2423 ad
3019 2370 3198 2425 vicum
3246 2371 3536 2439 quemdam
3580 2367 3635 2421 in

2068 2464 2276 2521 ditione
2301 2462 2789 2533 Adrianopoiitana
2837 2461 3110 2531 confugit,
3160 2460 3251 2516 ubi
3298 2460 3478 2529 ipsum
3528 2473 3636 2513 una

2068 2571 2192 2612 cum
2225 2558 2343 2611 vico
2393 2556 2521 2625 igne
2567 2554 2817 2611 immisso
2863 2552 3303 2609 combusserun'.
3358 2550 3639 2606 Sua-cessit

2069 2648 2173 2718 ipsi
2214 2647 2358 2701 titius
2384 2646 2759 2711 Valentianus,
2798 2658 3039 2711 quocum
3084 2660 3192 2698 una
3224 2642 3488 2699 Rmnauis
3535 2644 3640 2697 im-

2070 2738 2278 2809 peravit
2311 2736 2608 2793 Gratianus
2635 2743 2749 2791 tres
2788 2750 2980 2789 annos.

2141 2827 2360 2883 Mortuo
2412 2826 2614 2883 deinde
2656 2826 2924 2883 Gratiano
2973 2826 3328 2895 imperatore.
3374 2842 3475 2880 nec
3529 2841 3636 2880 non

2072 2921 2260 2989 paucis
2285 2927 2410 2990 post
2444 2920 2628 2990 ipsum
2648 2920 2841 2974 diebus
2889 2919 3217 2989 imperatore
3249 2924 3413 2976 etiam
3446 2920 3639 2974 Vala-n-

2074 3012 2242 3071 tiano.
2274 3018 2404 3065 orta
2427 3019 2514 3067 est
2545 3011 2691 3067 inter
2740 3010 3017 3064 Romanos
3066 3024 3264 3079 magna
3298 3013 3365 3067 de
3406 3011 3638 3081 imperio

387 3109 765 3177 patriam-ham
815 3108 1004 3164 animo
1045 3110 1225 3179 ipsum
1259 3109 1571 3166 trucidandi
1602 3110 1777 3165 adorti
1807 3121 1958 3176 sunt,
1989 3108 2035 3165 C
2068 3092 2449 3174 {conferendo}
2508 3093 2800 3165 dissensio,
2880 3099 3195 3158 dicentibus
3259 3102 3587 3172 quibusdam
3620 3119 3635 3157 :

384 3204 485 3260 ille
538 3218 671 3257 vero
723 3203 847 3270 toga
908 3203 1199 3273 prolapsus
1247 3203 1483 3259 delituit.
1549 3203 1790 3260 Lucium
1831 3222 1962 3277 ergo

384 3297 681 3359 Aristium,
715 3299 781 3350 ad
812 3298 1234 3367 patriarchalem
1264 3296 1610 3352 Alexandriae
1639 3296 1968 3363 dignitatem

385 3400 713 3445 eveseruot.
756 3388 1014 3458 Quinque
1061 3399 1240 3445 autem
1287 3389 1489 3459 elapsis
1518 3390 1802 3443 mensibus
1828 3404 1963 3444 con-

383 3480 674 3536 venientes
710 3482 950 3557 episcopi
997 3481 1247 3536 nonnulli
1308 3496 1419 3535 una
1461 3495 1583 3534 cum
1629 3479 1964 3535 christiano-

385 3585 513 3625 rum
560 3568 944 3625 Melchitarum
1002 3570 1361 3625 multitudine
1413 3568 1586 3624 Luch
1636 3571 1964 3640 patriarcha:

385 3660 821 3723 maiedixerunt,
874 3662 1050 3730 ipsum
1101 3662 1157 3716 in
1188 3659 1442 3716 exsilium
1478 3661 1829 3731 pepulerunt,
1876 3676 1964 3715 re-

384 3763 694 3825 versusque
726 3750 1070 3805 Athanasius
1100 3748 1421 3818 patriarcha
1473 3751 1530 3803 in
1566 3749 1759 3805 sedem
1782 3766 1961 3807 suam.

380 3843 561 3913 ipsam
620 3843 803 3897 donec
858 3852 1168 3896 moreretur
1214 3841 1527 3910 occupavit.
1578 3840 1962 3896 Patriarchatu

381 3944 571 3991 mrtem
623 3934 848 3989 functus
888 3942 974 3989 est
1003 3949 1181 3991 annos
1206 3934 1569 4004 quadraginta
1622 3951 1741 3989 ses.
1805 3937 1972 3991 Anno

384 4026 608 4097 imperii
663 4023 894 4081 Valentii
930 4035 1125 4082 octavo
1157 4028 1500 4084 constitutus
1525 4040 1609 4084 est
1642 4028 1840 4085 Petrus
1870 4045 1973 4099 pa-

382 4118 627 4173 triarcha
671 4115 1100 4183 Alexandrinus,
1157 4133 1321 4189 quem
1370 4135 1497 4173 cum
1543 4120 1730 4175 animo
1784 4121 1963 4190 ipsum

381 4208 675 4265 occidendi
722 4209 906 4266 adorti
952 4219 1137 4265 essent
1167 4211 1357 4264 Ariani
1387 4210 1505 4280 ipse
1538 4210 1663 4279 luga
1702 4228 1761 4267 se
1784 4213 1965 4282 prori-

380 4300 504 4370 puit
536 4298 920 4373 589-591.
960 4300 1166 4356 Deinde
1215 4302 1332 4358 sedi
1380 4316 1496 4357 sua-
1540 4303 1791 4360 redditus
1834 4320 1960 4361 cum

380 4404 502 4443 cant
530 4405 628 4445 sex
653 4404 829 4445 annos
856 4399 1184 4459 occupasset
1218 4396 1472 4447 mortuus
1501 4400 1607 4447 est.

457 4479 773 4535 Coucitavit
821 4489 1005 4534 autem
1040 4480 1266 4549 quidam
1301 4492 1495 4537 contra
1530 4480 1842 4539 Valentium
1874 4500 1963 4540 re-

387 4560 693 4629 bellionem
716 4572 773 4628 in
809 4572 1133 4635 Occidente,
1160 4584 1350 4628 contra
1383 4589 1543 4642 quem
1594 4575 1685 4630 ille
1716 4590 1843 4630 cum
1869 4591 1961 4630 eo-

386 4664 497 4735 piis
517 4664 637 4722 suis
667 4664 946 4733 proiectus
976 4665 1029 4717 in
1064 4663 1208 4719 bello
1232 4665 1460 4731 occidit,
1504 4669 1807 4737 imperante
1839 4681 1963 4740 post

386 4758 567 4827 ipsum
609 4754 875 4812 Romanis
917 4754 1089 4810 fratre
1118 4755 1291 4825 ipsius
1322 4755 1552 4812 Valente
1598 4774 1777 4815 annos
1826 4772 1958 4822 tres.

387 4848 552 4917 idque
579 4860 729 4903 anno
757 4846 909 4919 regni
943 4844 1190 4917 Saporis.
1221 4844 1323 4902 lilii
1351 4846 1583 4918 Saporis
1663 4850 1956 4907 Persarum

387 4938 555 5010 regis,
615 4937 901 4993 tricesimo
950 4946 1129 4993 serto.
1182 4938 1357 4994 Porro
1416 4947 1666 5012 tempore
1715 4942 1962 5001 Valentis

386 5030 765 5099 imperatoris.
798 5027 1143 5085 Alexandria
1193 5029 1299 5084 fuit
1349 5032 1431 5085 vir
1463 5033 1688 5102 quidam
1740 5036 1963 5091 nomine

385 5122 714 5177 Theodorus
727 5122 823 5192 qui
848 5120 1227 5177 Nelcbitarnm
1259 5124 1588 5178 sententiam
1622 5126 1962 5197 disputando

387 5217 673 5284 tuebatur,
701 5216 1035 5272 Arianorum
1067 5227 1250 5271 autem
1293 5218 1570 5273 refutabat
1596 5238 1611 5275 :
1651 5236 1813 5290 quem
1835 5235 1964 5287 ergo

385 5317 608 5378 captum
642 5308 760 5363 Arii
812 5308 1086 5363 maledicti
1129 5310 1395 5371 asseclam
1444 5312 1643 5366 vinctis
1688 5313 1959 5377 manibus.

384 5415 655 5473 equorum
683 5399 920 5470 pedibus
944 5400 1268 5469 aliigarunt.
1295 5416 1439 5472 quos
1462 5402 1663 5459 deinde
1688 5402 1741 5457 in
1768 5418 1962 5472 campo

384 5492 452 5547 ad
483 5506 710 5548 cursum
765 5492 1091 5556 incitarunt,
1141 5490 1321 5545 donec
1354 5491 1651 5562 discerptis
1685 5496 1961 5550 mcmhro~

391 5600 509 5640 rum
536 5584 897 5654 compagibus
944 5586 1266 5655 martyrium
1299 5600 1495 5653 passus
1524 5589 1615 5642 sit.
1664 5590 1822 5643 Anno
1856 5589 1962 5642 im-

386 5676 522 5743 perii
578 5672 820 5732 Valentis
879 5674 1255 5730 Romanorum
1302 5676 1651 5744 imperatoris
1708 5680 1954 5735 secundo

384 5768 718 5823 cottstitutus
764 5776 847 5823 cst
882 5765 1207 5822 Tiuthcus
1263 5768 1571 5834 patriarcha
1625 5770 1950 5827 Alexandri-

2066 3194 2361 3264 lmperinm
2410 3194 2466 3249 in
2517 3210 2619 3250 nos
2674 3205 2854 3251 teneat
2912 3210 3111 3251 unuse
3146 3195 3270 3251 liliis
3330 3192 3635 3248 Valcntiani

2064 3288 2412 3357 imperatoris
2441 3288 2619 3357 magni
2644 3306 2661 3354 ;
2687 3289 2833 3344 aliis:
2870 3286 2947 3343 Ne
2975 3290 3201 3355 imperet
3234 3287 3388 3342 nobis
3410 3285 3513 3342 nisi
3533 3286 3635 3342 aii-

2063 3382 2187 3451 quis
2212 3398 2238 3434 a
2263 3380 2422 3437 ιιοιοίε
2452 3382 2736 3450 probatus.
2778 3382 2872 3449 qui
2901 3380 3059 3436 iidem
3101 3380 3462 3437 christianum
3492 3394 3634 3450 pro-

2066 3485 2291 3545 pugnet.
2335 3473 2479 3539 Quin
2528 3480 2583 3529 et
2620 3472 2997 3542 discrepantes
3051 3471 3274 3529 fuerunt
3307 3471 3639 3528 christiano-

2064 3581 2185 3619 rmn
2219 3567 2527 3635 opiniones,
2556 3573 2610 3620 et
2638 3564 2827 3619 clivisrc
2853 3562 3165 3628 sententiis.
3192 3563 3393 3634 quibus
3417 3563 3638 3618 tandem

2069 3660 2351 3728 praevaluit
2364 3658 2721 3723 Arianorum,
2735 3666 2792 3717 et
2815 3657 3328 3713 Macedonianorum
3346 3658 3636 3713 sententia.

2064 3750 2420 3824 5.93-5.95
2450 3752 2556 3807 Sex
2589 3767 2725 3820 ergo
2755 3750 3042 3806 mensibus
3068 3749 3381 3806 conturlvati
3418 3763 3636 3804 manse-

2068 3855 2192 3899 runt
2227 3844 2439 3914 absque
2470 3845 2822 3914 imperatore.
2872 3841 3060 3914 Neque
3091 3843 3238 3897 ttlins
3283 3860 3349 3898 eo
3393 3852 3635 3912 tempore

2065 3937 2538 4006 Constantinopoli
2588 3935 2805 4005 praefuit
2859 3934 3191 4004 patriarcha.
3228 3933 3359 3989 Nam
3396 3948 3427 3987 a
3459 3942 3637 3986 morte

2065 4026 2312 4098 Gregorii
2355 4027 2601 4097 episcopi
2636 4024 2992 4092 Nazianzcni,
3019 4026 3115 4097 qui
3146 4025 3294 4080 sedis
3318 4023 3638 4079 Constanti-

2067 4120 2395 4190 rmpolitanat
2420 4134 2606 4174 curam
2636 4126 2903 4190 gesserat,
2942 4133 3114 4173 vacua
3151 4117 3413 4171 remansit
3442 4116 3637 4170 cathe-

2067 4213 2162 4267 dra
2217 4212 2372 4266 nullo
2405 4209 2635 4266 sttﬂeeto
2660 4209 2993 4279 patriarcha.
3051 4208 3455 4265 Convenientes
3506 4222 3640 4277 ergo

2067 4312 2353 4360 senatores
2381 4312 2438 4359 et
2467 4304 2639 4359 duces
2669 4303 2965 4374 quemdam
2996 4317 3062 4357 es
3092 4302 3365 4372 episrsopis
3415 4300 3637 4355 nomine

2063 4395 2287 4467 Cyrum,
2316 4397 2492 4450 virum
2530 4397 2759 4465 probum
2782 4406 2835 4449 et
2863 4391 3139 4463 egregium
3171 4408 3185 4446 :
3213 4391 3290 4446 Te
3333 4390 3633 4461 (inquiunt)

2064 4496 2352 4557 acceptum
2408 4488 2701 4549 habemus.
2729 4495 2787 4540 et
2813 4485 3186 4558 quodcunque
3224 4484 3321 4537 tihi
3362 4482 3431 4539 de
3474 4481 3635 4538 nobis

2063 4588 2304 4635 statuere
2336 4581 2514 4635 visum
2547 4578 2708 4633 fuerit
2733 4594 2751 4644 ;
2780 4579 2875 4633 tihi
2898 4590 3029 4647 ergo
3055 4576 3329 4646 cptionem
3364 4572 3636 4643 permitti-

2062 4686 2208 4736 mus,
2234 4678 2293 4724 ut
2320 4669 2497 4725 virum
2524 4670 2682 4739 cujus
2710 4669 2808 4724 tibi
2841 4684 3022 4721 mores
3053 4666 3266 4738 probati
3303 4664 3507 4721 fuerint
3532 4676 3635 4716 no-

2063 4760 2148 4815 bis
2177 4775 2357 4831 regem
2388 4761 2696 4815 constituas
2734 4776 2748 4814 :
2782 4760 2827 4814 si
2868 4759 3017 4813 enim
3067 4758 3277 4827 absque
3334 4770 3463 4824 rege
3513 4768 3636 4825 per-

2064 4852 2434 4908 manserimus
2448 4867 2480 4907 a
2501 4850 2686 4905 Persis
2704 4849 2936 4919 aliisque
2958 4847 3240 4911 timemus.
3264 4860 3333 4901 ne
3359 4845 3634 4915 regionem

2068 4954 2310 4999 nostram
2350 4942 2671 4997 invadentes
2708 4940 2892 5004 nobis.
2926 4953 3036 5009 pra:
3076 4939 3399 5008 opinionum
3445 4935 3635 4989 multi-

2064 5035 2252 5090 tudine
2285 5043 2340 5089 et
2367 5032 2799 5089 diilercntiarum
2826 5031 3224 5101 magnitudine,
3258 5028 3632 5098 pratvalentcs,

2067 5142 2170 5181 nos
2223 5126 2474 5196 perdant.
2535 5122 2839 5193 Respondit
2888 5123 3025 5191 ipsis
3068 5123 3360 5192 cpiscopus
3393 5138 3406 5174 :
3445 5120 3500 5175 Si
3530 5137 3635 5191 ego

2064 5218 2241 5271 virum
2298 5217 2537 5285 aliquem
2580 5216 2813 5270 electum
2864 5215 3023 5269 vobis
3076 5228 3258 5283 regem
3317 5211 3633 5279 prmiccero.
3724 5210 3733 5219 ’

2064 5323 2258 5362 vereor
2293 5322 2362 5361 ne
2388 5308 2515 5362 dum
2552 5306 2673 5361 aliis
2704 5305 2993 5375 placuerit,
3028 5304 3149 5359 aliis
3180 5318 3306 5357 vero
3334 5319 3463 5365 non,
3496 5303 3635 5361 bella

2064 5401 2208 5456 inter
2236 5416 2335 5457 vos
2360 5407 2417 5455 et
2457 5400 2635 5455 caedes
2666 5399 2933 5454 oriantur.
2995 5394 3195 5449 Verum
3230 5409 3350 5466 quae
3400 5396 3530 5451 mihi
3580 5394 3634 5450 in

2065 5503 2299 5547 utentem
2332 5499 2482 5546 venit
2518 5488 2793 5545 sententia
2822 5488 2978 5543 vobis
3024 5487 3329 5555 explicabo,
3367 5502 3532 5555 quam
3586 5488 3631 5540 si

2063 5583 2296 5653 amplexi
2324 5582 2541 5639 fueritis
2565 5592 2619 5637 et
2648 5580 2779 5636 mihi
2811 5588 2868 5635 et
2890 5577 3047 5634 vobis
3099 5577 3285 5632 utilior
3316 5587 3399 5632 est
3428 5579 3630 5632 futura.

2066 5676 2327 5743 Quanam
2352 5674 2654 5745 (inquiunt)
2683 5673 2785 5727 ista
2808 5671 2930 5727 est?
2968 5667 3269 5739 Respondit
3292 5668 3585 5738 cpiscopus
3610 5685 3625 5721 :

2067 5766 2137 5823 Ut
2174 5784 2270 5839 per
2302 5776 2469 5823 toxam
2496 5766 2682 5823 urbem
2712 5760 3396 5833 Constantinopolitanam,
3422 5775 3630 5837 praeco-
