4068 6160
498 189 638 254 1M9

1513 195 1616 259 EU
1632 197 1887 262 l'YCIIlI
1932 198 2479 264 ALEXANDRINI
2524 202 2745 266 ΡΑΊἯ.

3627 202 3779 270 ιωη

495 307 583 360 nis
613 318 746 359 voce
773 302 1043 370 edicatuur,
1091 316 1163 361 ne
1187 305 1263 364 sit
1296 305 1391 378 qui
1426 307 1494 365 ad
1535 313 1673 370 solis
1711 327 1971 371 occasum
2021 314 2073 370 iuu
2108 324 2148 377 Α
2190 316 2435 385 Sequere
2464 330 2569 368 me.
2615 314 2851 371 Secutus
2883 325 3013 385 ergo
3058 314 3233 385 ipsum
3281 315 3411 373 dum
3463 331 3575 372 una
3640 333 3773 372 eam

492 398 724 452 ecclesia
760 411 864 451 non
885 398 1206 465 conveniat,
1232 399 1329 455 ubi
1358 409 1529 457 totam
1557 414 1772 462 noctem
1812 409 2075 477 precibus

494 487 889 556 impendentes,
914 487 1081 564 5.96
1120 491 1248 547 dein
1314 507 1473 549 sacra
1520 498 1867 556 ce’cbrantes
1902 498 2074 555 Deum

492 587 549 629 et
580 577 871 634 Dominum
906 589 1160 638 nostrum
1192 580 1381 639 Jesum
1424 586 1710 645 Christum
1737 606 1992 661 rogemus
2018 601 2077 645 ut

494 671 658 726 nobis
701 686 883 742 regem
942 674 1130 743 eligat,
1177 686 1231 731 et
1282 692 1669 752 quemcumque
1704 682 1821 755 ipse
1852 685 2077 755 elegerit

496 768 665 821 nobis
721 781 901 836 regem
965 768 1357 837 prauiieiamus.
1409 770 1470 828 in
1531 774 1694 846 cuius
1747 778 2072 834 sententiam

493 860 922 917 descenderunt.
992 860 1238 920 Fuerunt
1312 872 1497 922 autem
1573 867 2073 940 Constantinopoli.

491 952 597 1007 viri
632 956 741 1010 duo
773 971 1065 1027 pauperes,
1103 959 1289 1016 tenuis
1322 960 1510 1026 sortis,
1562 962 1802 1017 amicitia
1842 963 1983 1016 inter
2013 978 2075 1018 se

495 1045 810 1114 conjuncti,
844 1063 1076 1116 quuorunu
1135 1065 1279 1105 uuuuus
1318 1050 1540 1108 nomine
1587 1050 1953 1115 Theodosius.
1992 1054 2075 1108 vir

495 1136 681 1193 barba!
714 1155 875 1203 rane.
907 1157 1082 1198 annos
1104 1143 1323 1213 triginta
1348 1154 1544 1208 natus;
1576 1147 1716 1203 alter
1732 1147 2073 1218 Theophilus

490 1234 710 1299 sapiens
737 1243 791 1288 et
819 1234 1205 1305 philosophus.
1248 1253 1422 1293 annos
1448 1248 1612 1297 natus
1662 1240 1881 1314 viginti'
1910 1243 2073 1312 quin-

487 1337 613 1392 que.
681 1323 763 1379 illi
824 1327 1073 1393 quotidie
1128 1327 1294 1383 simul
1367 1328 1846 1404 Constantinopoli
1915 1349 2075 1390 mane

487 1419 697 1486 egressi
733 1418 875 1489 ligna
902 1420 1253 1489 colligebant.
1270 1439 1392 1494 qua:
1417 1425 1689 1496 capitibus
1718 1429 1836 1485 suis
1859 1437 2071 1499 gestata

490 1512 834 1579 venulentes,
896 1515 1181 1574 dimidiam
1245 1519 1406 1589 pretii
1466 1528 1677 1589 partem
1736 1524 2071 1593 pauperibus

488 1604 920 1672 distribuuehant.
961 1612 1130 1666 altera
1172 1614 1376 1669 victum
1415 1620 1471 1669 et
1508 1612 1715 1687 reliqum
1741 1616 1845 1671 sibi
1878 1610 2071 1672 neces;

2179 406 2303 472 ipso
2338 408 2738 478 proﬁciscerer,
2788 407 2896 465 ridi
2941 406 3173 472 arietes.
3231 425 3384 476 oves,
3438 411 3629 475 boves,
3672 412 3736 479 ju

2179 506 2362 553 menta
2402 507 2457 552 et
2510 499 2787 563 volucres,
2840 514 2901 556 se
2950 499 3086 554 mihi
3147 501 3461 567 incurvare.
3529 504 3769 559 arbores

2175 592 2336 646 etiam
2372 592 2504 654 mihi
2548 594 2811 648 honorem
2847 592 3127 664 capitibus
3184 594 3468 650 inclinatis
3517 595 3769 661 deferre,

2179 685 2366 739 leones
2391 693 2572 740 autem
2615 685 2669 741 in
2711 700 2799 742 me
2823 687 3029 760 rugire.
3057 702 3086 739 a
3110 688 3316 758 quibus
3364 704 3494 745 cum
3530 703 3769 760 magno-

2178 788 2305 842 pere
2331 787 2629 833 metuerem
2658 796 2674 832 :
2708 775 2788 832 Ne
2831 786 3071 844 metuas.
3106 779 3304 847 inquit.
3363 778 3459 835 sed
3510 779 3762 851 gladium

2176 865 2343 921 istuum
2366 880 2419 924 et
2450 870 2699 942 clypeum
2722 870 3024 941 prehende,
3041 870 3111 926 iis
3136 871 3232 928 tilui
3255 872 3313 929 in
3360 887 3587 928 manuum
3608 890 3769 931 satsa-

2179 960 2286 1030 ptis
2315 960 2336 1029 (
2366 969 2486 1015 erat
2514 966 2700 1018 autem
2728 961 2945 1034 gladius
2976 978 3200 1035 anceps.
3254 973 3501 1034 quatuor
3545 965 3766 1023 habens

2177 1050 2398 1125 sigilla).
2435 1052 2590 1119 Quos
2626 1068 2759 1124 ergo
2781 1054 2851 1110 ah
2881 1055 3001 1125 ipso
3030 1064 3291 1125 acceptos
3322 1072 3447 1114 cum
3481 1066 3762 1122 tenerem.

2175 1144 2325 1211 ferte,
2361 1144 2471 1202 illis
2506 1145 2559 1201 itu
2590 1162 2754 1201 manu
2804 1162 2924 1202 mea
2952 1151 3287 1217 conspectis.
3336 1151 3524 1206 statim
3557 1152 3612 1208 in
3649 1163 3769 1205 ter-

2174 1251 2288 1290 ram
2313 1235 2661 1304 procidentes
2696 1253 2782 1293 me
2813 1239 3136 1295 adorarunt.
3187 1239 3328 1297 Tum
3366 1256 3456 1295 me
3481 1240 3548 1296 ad
3607 1257 3764 1299 mare

2174 1325 2455 1400 perduxit.
2488 1328 2581 1383 ubi
2610 1329 2927 1386 columnam
2962 1345 3027 1386 es
3057 1330 3200 1396 luce.
3232 1347 3264 1384 e
3293 1331 3432 1389 mari
3474 1334 3763 1403 prodeun-

2173 1426 2284 1476 tem
2317 1421 2453 1476 vidl.
2491 1419 2584 1476 Vir
2625 1432 2804 1478 autem
2840 1422 2933 1480 ille
2956 1414 3120 1478 manu
3151 1437 3251 1480 sua
3281 1434 3515 1479 extensa
3543 1425 3766 1482 colum.

2173 1528 2297 1567 nam
2328 1514 2742 1585 apprehendens
2763 1530 2827 1571 ea
2871 1530 2957 1570 une
2985 1507 3185 1572 induit.
3220 1515 3407 1573 Divisa
3458 1528 3641 1576 autent
3666 1529 3762 1576 est

2172 1602 2424 1661 columna
2459 1606 2561 1660 ista
2595 1609 2649 1661 in
2684 1615 2796 1661 tres
2845 1608 3057 1676 stellas,
3120 1626 3357 1681 quarum
3408 1613 3585 1681 prima
3632 1628 3761 1683 qme

488 1698 635 1753 saria
674 1703 1088 1765 comparabant.
1146 1722 1247 1759 nee.
1302 1706 1606 1777 quidquam
1664 1707 1818 1779 ipsos
1867 1718 2064 1780 ιιι-ειυς
2095 1690 2137 1746 Β
2167 1693 2388 1753 unionis
2417 1697 2594 1754 instar
2616 1707 2755 1761 erat.
2791 1715 2877 1754 me
2907 1710 3098 1770 pectus
3137 1717 3312 1772 usque
3337 1702 3700 1760 circumdedit
3738 1723 3755 1770 ;

486 1801 708 1847 noctem
734 1791 1050 1862 dirimebat,
1089 1806 1329 1870 utroque
1358 1799 1578 1855 domum
1607 1815 1766 1857 suam
1806 1801 2064 1865 abeunte,

486 1881 614 1938 dein
657 1885 724 1940 ad
778 1900 1012 1956 pensum
1053 1906 1213 1946 suuum
1254 1893 1536 1948 redeunte.
1599 1893 1679 1949 Eo
1746 1896 1913 1968 igitur
1978 1896 2068 1953 die

488 1976 833 2050 Theophilus
862 1982 1027 2036 'bene
1067 1998 1227 2038 mane
1271 1984 1339 2039 ad
1381 1984 1752 2042 Theodosium
1803 1986 2068 2043 accedens

486 2080 549 2127 ut
580 2073 762 2143 ipsum
809 2088 839 2127 e
880 2088 1078 2130 somno
1129 2076 1394 2134 excitaret
1434 2092 1549 2146 quuo
1585 2077 1855 2147 lignatum
1899 2078 2069 2149 proli-

486 2165 848 2232 ciscerentur,
915 2177 1179 2223 evocatus
1234 2171 1354 2239 ipse
1389 2184 1680 2240 egressus:
1717 2168 1917 2227 Frater
1992 2174 2066 2228 ιιιί

486 2257 713 2329 (inquit)
745 2258 797 2312 in
840 2262 1058 2315 somnio
1096 2262 1283 2326 modo.
1319 2262 1463 2318 cuod
1493 2262 1626 2317 milui
1656 2263 1814 2319 valde
1865 2264 2065 2318 miruuun

485 2348 667 2404 visum
703 2357 809 2413 est,
839 2349 1097 2408 detentus
1125 2366 1249 2407 sum
1280 2351 1461 2409 donec
1494 2360 1549 2407 te
1595 2352 1926 2408 inclauuuauute
1970 2368 2063 2407 ex-

486 2448 774 2510 perrectus
806 2456 928 2495 sum
957 2449 1105 2497 metuu
1141 2443 1470 2512 perculsus;
1498 2442 1646 2513 quod
1676 2443 1723 2499 si
1757 2444 2059 2498 invenirem

486 2529 582 2600 quui
624 2530 758 2586 milui
782 2530 1263 2602 interpretaretur,
1292 2534 1482 2591 darem
1527 2535 1604 2589 illi
1636 2536 1905 2607 quidquid
1953 2544 2065 2590 tota

484 2620 592 2678 hac
616 2624 918 2692 septiunana
946 2625 1259 2683 lucraturns
1286 2642 1430 2695 suum,
1460 2641 1525 2681 ea
1545 2643 1653 2699 qua
1680 2644 1798 2685 sum
1830 2645 2066 2700 pauper-

485 2724 598 2773 tate
625 2734 755 2773 cum
797 2717 933 2773 nihil
996 2718 1145 2775 aliud
1179 2728 1434 2790 suppetat
1484 2736 1652 2791 quam
1704 2724 1848 2792 quuod
1906 2724 2067 2793 lignis

485 2810 790 2866 vendendis
818 2812 1123 2881 acquuiram.
1155 2812 1257 2869 Cui
1286 2813 1653 2887 Theophilus:
1683 2814 1837 2882 Mihi,
1865 2817 2060 2885 inquit.

486 2903 827 2957 somniorum
880 2902 1421 2976 interpretandorum
1469 2906 1837 2983 $97-$99
1868 2910 2062 2978 peritia

2170 1790 2436 1854 secunda.
2498 1806 2621 1863 quae
2686 1793 2861 1847 instar
2916 1794 3220 1864 smaragdi.
3260 1794 3469 1851 femora
3529 1812 3753 1866 usque;

2169 1884 2330 1937 tertia
2352 1898 2511 1949 vero,
2555 1902 2678 1956 quite
2710 1885 2885 1941 instar
2915 1885 3196 1957 hyacinthi
3229 1886 3557 1953 rubicantis,
3588 1889 3756 1959 pedes

2173 1989 2368 2045 usque.
2400 1976 2602 2032 Deinde
2634 1994 2719 2032 me
2740 1994 2904 2033 manu
2947 1980 3275 2049 prehensum
3304 1997 3428 2037 cum
3463 1982 3529 2034 ad
3556 1981 3751 2036 desero

2169 2078 2285 2124 tum
2303 2066 2448 2122 istud
2469 2084 2722 2135 uuuagnnm
2739 2070 3245 2140 reduxissetz'i‘olle,
3262 2070 3529 2141 inquit.iuu
3550 2072 3749 2128 cuium

2172 2159 2366 2218 oculos
2397 2170 2542 2215 tuos.
2571 2160 2816 2217 Sublatis
2838 2160 3197 2236 501-503
3225 2179 3358 2233 ergo
3398 2166 3598 2236 oculis,
3620 2167 3756 2223 atrio

2170 2249 2277 2305 lam
2302 2246 2552 2320 magnam
2594 2249 2827 2321 fulguris
2861 2254 3037 2308 instar
3082 2256 3346 2324 conspexi
3374 2272 3498 2322 quiue
3529 2258 3583 2311 iu
3614 2259 3752 2313 duas

2170 2352 2358 2413 partes
2386 2341 2562 2398 divisa
2586 2343 2721 2399 uuuibi
2754 2345 2811 2400 in
2842 2355 3010 2415 caput
3038 2347 3243 2402 decidit
3292 2366 3307 2406 ι
3348 2358 3467 2404 tuuuuu
3508 2351 3575 2406 ad
3606 2352 3749 2409 latus

2169 2435 2372 2492 deserti
2413 2450 2498 2491 nuc
2527 2436 2777 2501 deduxit.
2826 2438 2917 2493 uubi
2953 2439 3108 2495 multi
3151 2442 3482 2498 crescebant
3543 2453 3747 2508 sentes,

2166 2530 2395 2585 etiuuter
2451 2532 2663 2587 medios
2692 2541 2875 2589 sentes
2926 2534 3154 2589 arbores
3204 2534 3563 2608 infrugiferm.
3614 2536 3748 2593 Dein

2169 2621 2237 2677 ad
2271 2625 2570 2681 tentorium
2602 2640 2858 2697 magnum
2899 2635 2957 2681 et
3008 2628 3296 2697 pulchrum
3353 2646 3439 2687 me
3472 2631 3744 2702 perduxit,

2167 2713 2323 2784 cujus
2355 2724 2560 2781 partem
2609 2719 2923 2775 iuuteriorem
2958 2718 3088 2774 dum
3140 2720 3563 2791 perluusurareuu,
3615 2741 3746 2780 ecce.

2138 2802 2145 2807 θ
2174 2811 2230 2864 in
2264 2808 2440 2878 ipsius
2468 2807 2650 2865 medio
2680 2825 2851 2882 agnus
2884 2821 3027 2880 crat,
3055 2821 3110 2868 et
3139 2811 3259 2870 fons
3288 2828 3443 2882 aqua:
3476 2816 3632 2873 lactis
3663 2821 3745 2871 in-

2171 2909 2286 2957 star
2306 2901 2620 2959 albicantis.
2648 2895 3038 2974 Agnusautem
3076 2906 3180 2963 iste
3203 2909 3363 2979 quasi
3386 2909 3441 2964 iuu
3474 2908 3745 2966 flammam

484 3000 595 3049 est.
626 2991 705 3046 Tu
741 3009 871 3064 ergo
889 2993 935 3048 si
978 3004 1133 3051 tuuuum
1166 2969 2061 3069 uniluinarraveris,e;ttvolente
2089 2969 2138 3035 δ
2172 2992 2315 3064 ignis
2365 3008 2671 3053 εοιινεηυσ
2720 2996 2775 3051 in
2832 2997 3033 3052 εωιυηι
3088 3012 3198 3055 Ima
3258 3015 3385 3060 mtto
3452 3015 3591 3083 aqua
3644 3003 3744 3059 ista

487 3082 717 3139 Domino
748 3085 988 3154 Christo,
1024 3087 1201 3158 ipsum
1234 3089 1335 3145 tibi
1376 3091 1755 3162 explieaturus
1808 3110 1955 3162 suum,
1995 3111 2063 3149 ne

482 3189 624 3246 opus
656 3173 859 3231 habeas
891 3176 1190 3247 quidquam
1239 3178 1316 3234 illi
1370 3180 1465 3252 qui
1505 3184 1687 3251 ipsum
1744 3183 1843 3238 tibi
1896 3185 2065 3239 inter-

483 3267 796 3337 pretahitnr
857 3269 1191 3340 impendere.
1254 3271 1393 3327 Tum
1459 3272 1846 3333 Theodosius:
1910 3276 2061 3333 Inter

482 3360 869 3417 dormiendum
909 3361 1132 3435 (inquit)
1168 3364 1352 3420 audivi
1383 3381 1571 3421 voceun
1609 3382 1883 3439 magnam.
1928 3369 2059 3442 (qua

482 3455 903 3525 expergefactus
959 3466 1106 3513 metu
1158 3465 1546 3516 consternatus
1582 3463 1754 3530 suum),
1795 3463 1928 3518 nuilui
1975 3463 2060 3516 dio

481 3566 635 3605 cens:
670 3547 1027 3605 Pereeuuerunt
1058 3554 1318 3609 κενότης
1357 3551 1646 3608 Persarum
1681 3553 2064 3612 Constantino-

479 3644 669 3712 polim.
700 3658 871 3713 quare
899 3644 1202 3699 accelerate
1229 3661 1418 3716 gressu
1448 3646 1502 3700 in
1536 3646 1678 3701 viam
1702 3662 2060 3719 progressus.

482 3735 558 3790 ibi
593 3752 691 3788 nec
723 3751 1059 3804 quemquam
1092 3736 1225 3802 vidi,
1266 3751 1369 3791 nec
1418 3737 1717 3808 quidquam
1755 3739 1963 3796 audivi.
2004 3742 2060 3796 In

481 3828 665 3885 cubile
694 3844 825 3902 ergo
853 3844 1112 3885 reversus
1148 3828 1381 3885 dormivi
1410 3828 1629 3900 vidique
1676 3846 1764 3888 me
1809 3833 1970 3902 quasi
2006 3834 2059 3888 iuu

483 3921 707 3977 deserto
755 3921 879 3977 loco
912 3930 1077 3992 atque
1105 3921 1399 3976 admodum
1443 3922 1631 3993 amplo
1675 3926 2058 3992 constitutum,

482 4030 660 4085 eoque
715 4015 1005 4079 arietibus,
1064 4014 1284 4072 oribus.
1344 4013 1543 4079 bobus,
1586 4016 1868 4084 iumentis,
1907 4015 2061 4083 feris,

484 4109 825 4175 volucribus,
876 4114 1042 4178 atque
1091 4105 1427 4162 animalibus
1481 4107 1811 4179 omnigenis,
1851 4110 2064 4165 arbori-

483 4206 700 4273 busque
751 4200 1169 4275 praegrandibus
1227 4200 1456 4269 referto,
1512 4218 1616 4259 nec
1677 4220 1788 4260 non
1846 4206 2061 4262 acervis

482 4296 742 4356 frumenti
774 4296 1090 4366 ingentibus
1116 4295 1571 4366 quamplurimis.
1609 4297 1729 4352 Dixi
1756 4314 1889 4369 ergo
1914 4302 2056 4370 apud

482 4406 571 4448 nuc
604 4409 622 4446 :
658 4391 880 4447 Utinam
929 4389 1068 4445 milui
1130 4390 1389 4447 frumenti
1441 4389 1607 4461 hujus
1666 4392 1873 4462 aliquid
1911 4405 2060 4450 esset

479 4499 607 4539 cum
663 4499 870 4555 panper
905 4483 1033 4539 sim.
1092 4480 1304 4540 interea
1370 4492 1554 4539 auuteun
1587 4483 1718 4539 dum
1777 4485 2060 4553 animalia,

482 4576 713 4633 arbores
747 4585 802 4631 ct
832 4577 1165 4632 frumentum
1216 4576 1392 4633 ocuulis
1439 4577 1736 4649 perlustro.
1791 4592 1923 4635 ecce
1970 4594 2063 4635 ac-

481 4670 647 4727 cessit
700 4671 768 4725 ad
803 4685 888 4724 me
916 4670 1001 4723 vir
1033 4669 1261 4738 cuuhitos
1289 4671 1690 4742 quinquaginta
1732 4669 1900 4735 altus.
1927 4685 2060 4728 cor~

482 4780 616 4836 pore
667 4764 787 4817 auri
836 4762 1017 4816 instar
1080 4761 1265 4834 ohrysi
1331 4762 1555 4832 fulgido,
1590 4762 1781 4819 dextra
1821 4763 2059 4833 gladium

486 4858 774 4929 ancipitem
830 4864 1043 4920 tenens.
1100 4865 1369 4927 erantque
1422 4857 1603 4927 gladio
1658 4865 1897 4928 quatuor
1954 4859 2060 4913 iuu-

489 4964 679 5021 pressa
712 4947 887 5018 sigilla
917 4947 1093 5002 instar
1118 4948 1237 5002 auri
1280 4947 1578 5012 micantia;
1624 4948 1845 5004 siuuistra
1875 4958 2061 5004 autem

483 5053 701 5098 sentum
757 5055 1009 5095 aureum.
1052 5038 1226 5105 Quem
1261 5052 1384 5092 cum
1450 5037 1515 5092 ad
1568 5054 1655 5095 me
1706 5042 2058 5097 accedentem

488 5137 757 5199 viderem,
795 5141 941 5186 metu
968 5142 1357 5189 consternatus
1388 5133 1442 5187 in
1472 5131 1665 5187 faciem
1705 5134 1931 5201 procidi.
1969 5132 2064 5186 Ille

486 5239 667 5283 autem
698 5242 860 5281 manu
884 5240 1001 5279 mea
1035 5225 1299 5294 prehensa
1332 5239 1417 5277 me
1441 5227 1698 5291 erigens:
1732 5224 1810 5279 Ne
1829 5236 2061 5287 metuas.

489 5320 689 5387 inquit.
723 5315 885 5386 500
943 5311 1084 5378 Quid
1129 5320 1213 5369 ost
1243 5314 1386 5381 quuod
1423 5328 1483 5366 ex
1518 5313 1805 5384 [omnibus
1847 5312 1927 5386 in]
1962 5313 2063 5368 hoc

490 5415 708 5466 deserto
738 5406 1005 5479 optares?
1042 5404 1178 5460 Tum
1206 5420 1307 5473 ego
1334 5424 1347 5458 :
1392 5405 1614 5458 Donuiuue
1648 5406 1741 5472 mi,
1775 5421 1879 5459 non
1907 5414 2063 5473 Opta-

494 5522 607 5555 u-enu
641 5518 744 5570 ego
778 5499 923 5554 aliud
977 5512 1140 5567 quam
1178 5494 1434 5549 frumenti
1470 5512 1684 5562 parum.
1716 5496 2013 5564 Respondit
2047 5515 2059 5550 :

488 5596 761 5663 Quidquid
799 5594 852 5647 in
886 5595 989 5649 hoc
1026 5592 1249 5645 deserto
1298 5589 1471 5645 vides.
1527 5589 1595 5639 ab
1652 5590 1751 5640 hoc.
1818 5598 2063 5652 tempore

493 5700 646 5741 tuuuuuuu
674 5697 775 5751 est,
802 5695 1006 5754 tuuaquuc
1042 5682 1095 5735 in
1130 5688 1419 5749 potestate.
1456 5679 1658 5733 Deinde
1704 5680 1839 5732 dixit
1878 5682 2005 5735 mihi
2042 5700 2049 5731 :

2171 3086 2519 3145 ascendebat.
2548 3086 2817 3160 Egressus
2838 3102 2973 3159 ergo
3012 3089 3256 3146 tentorio
3303 3090 3423 3148 vidi
3472 3092 3530 3148 in
3583 3108 3744 3148 nuanu

2169 3178 2269 3232 viri
2322 3179 2483 3235 iatius
2538 3178 2748 3235 clavem
2802 3180 2969 3236 cubiti
3027 3180 3392 3251 longitudine,
3449 3185 3747 3254 eademque

2171 3269 2478 3333 latitudine.
2510 3286 2671 3341 quam
2705 3286 2828 3328 cum
2875 3270 3009 3326 uuuilui
3050 3273 3387 3340 tradidisset.
3441 3276 3552 3332 dixi
3588 3293 3604 3330 :
3636 3275 3741 3334 Do-

2169 3362 2317 3417 mine
2349 3361 2446 3427 uni,
2477 3363 2761 3431 quomodo
2791 3378 2900 3418 una
2928 3363 3205 3436 clypeum,
3237 3381 3451 3432 ensem,
3495 3379 3551 3425 et
3606 3368 3741 3425 luanc

2119 3442 2128 3451 ’
2169 3453 2376 3510 clavem
2412 3453 2555 3511 ferre
2577 3457 2843 3525 possunt?
2875 3457 3178 3526 Respondit
3201 3458 3329 3515 ille:
3362 3457 3474 3515 [loc
3493 3469 3578 3516 est
3598 3463 3739 3531 quod

2170 3547 2267 3603 tibi
2305 3548 2359 3603 in
2391 3549 2668 3605 unandatis
2689 3548 2875 3605 datum
2907 3558 3013 3605 est.
3052 3551 3185 3606 Dom
3214 3564 3393 3608 autem
3420 3553 3505 3609 cui
3530 3555 3732 3610 clavem

2166 3639 2439 3695 traderem
2470 3640 2862 3710 cogitabundus
2888 3643 3128 3708 substiti,
3157 3652 3212 3699 te
3238 3646 3304 3700 ad
3330 3645 3579 3701 dextram
3610 3648 3734 3702 milui

2169 3731 2478 3787 adstanteuuu
2515 3730 2652 3799 vidi,
2694 3733 2858 3804 pallio
2910 3734 3152 3790 candido
3204 3735 3434 3806 pulchro
3467 3738 3734 3806 indutum,

2166 3831 2438 3893 caputque
2472 3824 2608 3878 tiara
2634 3825 2875 3879 cinctuum
2909 3825 3199 3881 habentem
3227 3843 3243 3891 ;
3274 3827 3374 3883 tibi
3389 3831 3729 3901 ergoclavem

2170 3914 2387 3971 tradidi.
2429 3914 2566 3972 Tum
2607 3916 2921 3972 discedente
2956 3933 2986 3971 ιι
3023 3932 3107 3972 me
3143 3919 3263 3974 viro
3294 3917 3426 3985 isto,
3500 3936 3605 3992 ego
3631 3938 3730 3978 una

2166 4016 2219 4062 et
2286 4016 2344 4062 tu
2373 4008 2597 4064 domum
2628 4018 2874 4065 nastrauuu
2925 4009 3141 4080 petituri
3177 4010 3488 4079 ahivimus;
3528 4014 3732 4071 obviam

2166 4107 2352 4155 autem
2392 4091 2613 4155 m'uruum
2669 4100 3025 4166 offendimus,
3055 4103 3144 4169 qui
3186 4101 3331 4156 viam
3362 4103 3521 4162 nobis
3572 4107 3735 4161 inter-

2164 4190 2353 4258 clusit,
2382 4191 2599 4247 cubitos
2631 4192 2898 4249 ducentos
2947 4195 3192 4265 longum.
3230 4192 3351 4251 Dixi
3387 4212 3525 4268 ergo
3550 4214 3568 4255 :
3593 4196 3733 4266 Quo-

2167 4282 2335 4339 modo
2362 4283 2451 4339 fuet
2484 4294 2542 4337 ut
2583 4298 2799 4339 murum
2842 4284 2988 4340 luuunc
3029 4283 3261 4339 transire
3293 4285 3570 4353 possimus
3592 4288 3619 4341 Υ
3654 4287 3734 4343 his

2166 4375 2293 4432 dum
2318 4379 2571 4445 occupati
2598 4377 2826 4448 fuimus,
2861 4394 2992 4434 ecce
3028 4378 3202 4435 lucem
3240 4378 3469 4449 fulguris
3506 4377 3681 4435 instar
3704 4395 3734 4435 e

2163 4468 2304 4524 cmlo
2329 4466 2760 4524 descendentem
2813 4468 2949 4533 vidi.
3000 4485 3122 4541 quae
3166 4485 3292 4525 cum
3324 4467 3491 4545 504
3520 4483 3731 4526 murum

2164 4558 2314 4617 illum
2345 4559 2655 4630 dejecisset,
2698 4560 3097 4629 transivimus;
3161 4573 3273 4619 tum
3321 4570 3375 4620 te
3410 4561 3735 4619 inclamante

2164 4666 2227 4707 es
2237 4662 2517 4722 perrectus
2557 4669 2681 4709 sum
2694 4695 2706 4709 .

2238 4744 2382 4800 Dixit
2407 4746 2480 4800 illi
2521 4745 2863 4816 Theophilus
2893 4764 2910 4805 :
2952 4745 3011 4804 Si
3050 4763 3177 4805 vere
3212 4747 3389 4805 visum
3426 4756 3580 4805 tuum
3604 4749 3732 4805 mihi

2162 4834 2445 4900 retulerls,
2474 4834 2719 4891 futurum
2754 4845 2835 4891 est
2873 4846 2931 4891 ut
2953 4847 3011 4890 tuu
3043 4852 3137 4893 res
3164 4837 3389 4909 ellgaris
3414 4855 3431 4906 ;
3462 4841 3731 4896 somnium

2161 4946 2294 5003 ergo
2342 4932 2437 4987 tibi
2492 4931 2925 5002 interpretabor.
2974 4933 3257 4989 Desertum
3313 4932 3444 4989 illud
3494 4936 3729 5005 amplum

2163 5024 2721 5090 munduusest;arictes
2745 5034 2798 5079 et
2833 5038 2984 5087 oves.
3019 5024 3268 5082 homines
3289 5029 3443 5087 sunt.
3466 5032 3579 5078 tam
3614 5026 3730 5076 boni

2164 5132 2325 5189 quaun
2363 5117 2510 5178 mali.
2534 5116 2629 5186 quui
2660 5115 2922 5171 mundum
2949 5115 3225 5179 incolunt;
3242 5113 3729 5186 jumenta,Cra-cl;

2165 5212 2462 5270 volucres.
2529 5212 2689 5263 urbes
2747 5216 2804 5262 et
2857 5208 3053 5278 oppida
3115 5205 3461 5276 universim;
3519 5208 3735 5264 arbores

2165 5305 2463 5359 consiliarii
2493 5316 2546 5358 et
2588 5302 2777 5357 duces.
2813 5300 2877 5357 lli
2908 5316 3101 5355 omnes
3129 5308 3184 5356 te
3224 5300 3277 5356 in
3309 5316 3483 5373 regno
3519 5311 3616 5357 tuo
3642 5317 3728 5355 co-

2168 5399 2297 5450 lent.
2345 5394 2558 5451 Leoues
2597 5410 2728 5451 vero
2763 5395 2913 5464 regni
2951 5395 3145 5447 hostes
3189 5404 3321 5450 sunt
3352 5413 3367 5450 :
3401 5395 3613 5466 gladius
3639 5411 3731 5451 au-

2169 5508 2320 5560 ceps,
2357 5492 2441 5543 les
2471 5490 2762 5556 mutu-rique
2778 5486 2991 5541 Veteris
3022 5496 3077 5540 et
3113 5484 3248 5539 Novi
3299 5482 3640 5545 Testauuenti
3675 5486 3729 5537 Ii-

2170 5586 2286 5649 qu‘i;
2350 5594 2587 5652 quatuor
2654 5580 2831 5650 sigilla
2895 5581 3085 5648 gladio
3155 5579 3453 5648 impressa.
3505 5585 3730 5645 quatuor

2169 5674 2456 5748 Evangelia
2489 5696 2497 5727 :
2541 5674 2717 5731 acervi
2753 5672 3025 5733 frumenti,
3054 5684 3302 5740 nui-gnam
3327 5682 3492 5739 opum
3526 5668 3725 5737 copiam
