4070 6152
427 298 560 367 1621

1855 304 2055 367 ΛΝΝΑ
2068 304 2224 369 LES.

3554 299 3688 365 l022

421 404 477 462 in
518 420 684 477 regno
712 414 805 463 tuo
838 407 1100 466 denotant
1137 426 1153 468 :
1195 409 1449 468 columna
1505 412 1648 469 lucis
1693 426 1801 483 qua
1831 411 1994 468 indu-
2020 412 2069 471 Δ
2094 411 2410 485 episcopum
2467 413 3043 486 llierosolymitanum,
3113 412 3333 477 litteris,
3383 412 3533 482 ipsos
3579 426 3682 465 una

418 505 508 554 tus
536 512 617 563 es,
654 497 747 554 Dei
780 498 835 555 in
868 508 924 559 te
949 502 1204 575 gratiam,
1239 519 1346 576 qua
1378 504 1579 561 saeculo
1604 515 1697 561 tuo
1725 503 1992 562 florehis:

418 602 534 649 tres
567 594 739 650 stella:
770 611 892 664 qua
916 605 970 653 te
1003 598 1320 667 cinxerunt,
1352 599 1626 670 baptisma
1649 614 1760 669 quo
1787 598 1994 655 tinctus

415 700 481 742 es
528 686 582 741 in
627 688 852 746 nomine
903 690 1086 747 Patris
1133 701 1191 747 et
1244 690 1364 747 Filii
1402 702 1458 749 et
1498 692 1737 763 Spiritus
1793 691 1992 747 sancti.

417 778 587 835 Stella
618 795 738 848 qua:
762 797 794 839 e
816 784 963 840 etelo
980 781 1036 838 in
1064 794 1231 856 caput
1260 792 1415 842 tuum
1449 785 1756 847 descendit,
1786 798 1990 841 corona

414 874 509 922 tua
542 868 692 938 regia
720 880 826 937 est,
850 885 1017 942 quam
1056 879 1120 928 ut
1174 873 1360 930 vidisti
1412 876 1469 930 in
1521 876 1657 931 duas
1690 884 1877 947 partes
1908 874 1994 931 di.

412 958 551 1025 vidi,
578 961 654 1017 ita
703 961 946 1020 futurum
973 973 1059 1024 est
1083 968 1144 1024 ut
1165 967 1279 1023 sint
1305 969 1404 1025 tibi
1461 970 1593 1025 dum
1655 984 1856 1041 regnas
1890 968 1991 1025 ﬁlii

413 1054 546 1111 duo.
578 1052 775 1112 Sontes
798 1069 853 1114 et
873 1060 1101 1116 arbores
1127 1060 1487 1132 infrugiferaz.
1505 1070 1697 1132 gentes
1719 1069 1846 1117 sunt
1869 1075 1991 1131 qua:

411 1147 469 1203 in
504 1147 793 1204 Dominum
830 1149 1112 1207 Christum
1172 1166 1284 1208 non
1339 1154 1587 1209 credunt.
1646 1152 1988 1218 Tentorium,

410 1239 658 1298 Ecclesia
683 1250 770 1297 est
802 1259 817 1297 :
854 1256 1030 1315 agnus
1067 1258 1228 1315 quem
1264 1244 1321 1301 in
1378 1246 1501 1315 ejus
1563 1245 1744 1303 medio
1778 1246 1986 1307 vidisti.

408 1330 756 1389 Eucharistia
825 1350 842 1389 :
907 1348 1050 1405 aqua
1101 1335 1227 1391 iacti
1296 1336 1535 1403 similis,
1587 1337 1881 1408 baptisma,
1932 1344 1992 1391 et

407 1423 871 1494 quemadmodum
903 1428 1092 1485 vidisti
1130 1443 1333 1499 agnum
1377 1430 1552 1485 iustar
1579 1427 1811 1485 ﬂaturum
1849 1429 1993 1500 ignis

407 1530 537 1572 cum
574 1532 711 1587 aqua
745 1519 800 1575 in
834 1521 1035 1577 omium
1057 1521 1374 1585 ascendere,
1410 1524 1485 1577 ita
1518 1535 1587 1577 eo
1608 1520 1855 1579 ascendit
1891 1520 1993 1574 Eu-

406 1611 691 1668 charistia.
723 1611 1077 1686 505-507
1104 1612 1313 1678 Clavis,
1339 1622 1584 1685 potestas
1620 1623 1707 1671 est
1735 1613 1831 1671 tibi
1861 1614 1991 1671 data

408 1701 481 1757 ad
504 1701 814 1772 [traiectum
837 1704 1093 1761 Ecclesire
1122 1706 1381 1762 mandato
1404 1716 1499 1763 tuo
1522 1704 1991 1763 constituendum.

409 1791 498 1852 Tu
526 1804 709 1852 autem
739 1798 871 1854 mihi
890 1798 1101 1855 clavem
1122 1797 1425 1868 tradidisti,
1445 1797 1502 1856 id
1527 1806 1613 1855 est
1638 1813 1727 1855 me
1749 1798 1990 1869 patriar.

414 1887 580 1945 cham
612 1888 939 1949 constitues.
998 1890 1187 1947 Murus
1224 1899 1433 1958 autem,
1480 1906 1590 1963 pax-
1619 1899 1710 1950 est
1742 1901 1800 1948 et
1837 1903 1990 1947 tran—

408 1979 655 2048 quillitas
678 1981 732 2035 iu
761 1996 932 2052 regno
962 1990 1061 2038 tuo
1086 1982 1291 2039 futura.
1324 1980 1448 2039 Haec
1477 1984 1581 2039 visi
1610 1984 1687 2039 tui
1714 1982 1987 2055 interpre-

406 2072 548 2131 tatio
588 2084 694 2130 est.
727 2072 1040 2145 Respondet
1070 2073 1425 2133 Theodosius
1452 2091 1469 2130 :
1495 2073 1668 2142 Quam
1719 2076 1861 2132 belle
1890 2076 1987 2147 (mi

414 2166 608 2236 frater)
640 2167 1030 2239 interpretatus
1079 2170 1178 2224 esi
1219 2168 1332 2241 Ego
1362 2169 1510 2225 enim
1545 2178 1603 2224 ut
1632 2171 1734 2225 sim
1770 2185 1889 2232 rex,
1933 2180 1988 2224 tn

408 2260 748 2331 patriarcha,
811 2261 942 2317 illud
992 2269 1079 2319 est
1102 2262 1251 2332 quod
1304 2276 1583 2334 nunquam
1641 2263 1756 2319 fieri
1788 2272 1987 2333 potest.

415 2350 616 2409 Verum
644 2367 814 2427 surge
846 2362 912 2412 ut
936 2368 1045 2410 una
1082 2354 1152 2413 ad
1178 2369 1322 2426 opus
1354 2365 1607 2412 nostrum
1670 2356 1992 2427 proficisca-

407 2461 560 2503 mur.
592 2443 877 2518 Progressi
903 2454 1086 2503 autem
1121 2460 1248 2502 eum
1286 2446 1541 2503 homines
1583 2447 1653 2504 ad
1694 2449 1987 2505 ecclesiam

408 2538 617 2596 itantes
664 2546 960 2596 cernerent
1018 2548 1332 2611 rogarunt:
1372 2539 1633 2607 Quaenam
1682 2552 1828 2599 esset
1885 2543 1990 2599 iste

408 2630 572 2688 dies?
600 2646 631 2687 a
665 2631 865 2702 quibus
893 2646 1219 2704 responsum
1250 2635 1525 2698 tulerunt,
1562 2634 1867 2692 Ecclesium
1898 2652 1993 2708 pe-

411 2724 581 2779 timus
614 2731 677 2778 ut
719 2724 1001 2781 videamus
1026 2740 1189 2796 quem
1227 2726 1390 2782 nobis
1414 2742 1596 2798 regem
1621 2729 1893 2786 electurus
1917 2731 1990 2787 sit

413 2816 580 2875 Deus.
627 2816 773 2873 Dixit
795 2832 929 2888 ergo
962 2817 1301 2890 Theophilus
1327 2820 1666 2883 Theodosio.
1703 2823 1908 2879 Eamus
1933 2831 1990 2879 et

410 2923 516 2966 nos
545 2924 651 2965 una
682 2925 809 2967 cum
836 2908 1065 2982 reliquis
1094 2911 1162 2967 ad
1191 2911 1483 2968 ecclesiam
1508 2927 1524 2967 τ
1571 2912 1762 2969 forsan
1802 2930 1989 2970 verum

413 3001 659 3058 futurum
713 3011 796 3059 est
831 3002 1170 3061 insomnium
1216 3013 1392 3060 tuum.
1426 3003 1563 3061 Cum
1606 3015 1787 3061 autem
1818 3008 1995 3064 eccle-

2098 520 2227 563 cum
2263 506 2547 578 episcopis
2583 508 2701 561 suis
2733 503 3213 577 Constantinopoli
3253 503 3447 560 adesse
3491 502 3682 572 jussi',

2104 604 2165 652 ut
2191 594 2261 654 de
2306 597 2413 653 fide
2445 598 2749 654 christiana
2778 595 3172 669 disquirerent,
3222 610 3458 666 eamque
3509 596 3683 664 expli-

2100 702 2281 751 catam
2331 694 2647 751 hominihus
2692 693 2902 751 darent.
2950 693 3338 751 Convenerunt
3400 708 3533 765 ergo
3583 708 3679 765 pa-

2094 785 2349 841 triarcha:
2372 802 2495 841 cum
2518 787 2789 856 episcopis
2824 788 2946 843 suis
2974 785 3539 859 Constantinopolim,
3571 802 3680 841 uno

2093 881 2322 944 excepto
2354 873 2588 929 Damaso
2619 875 2933 945 patriarcha
2982 873 3253 944 Romano,
3286 879 3381 947 qui
3422 876 3540 946 ipse
3571 892 3681 931 nou

2093 963 2262 1028 venit,
2284 973 2338 1019 at
2357 964 2426 1019 ad
2452 962 2822 1020 Theodosium
2842 979 3026 1021 veram
3049 963 3229 1032 tidem,
3257 981 3490 1037 eamque
3512 968 3683 1037 expli-

2093 1058 2270 1105 catam
2306 1050 2655 1124 509-511
2693 1063 2745 1109 et
2779 1054 3111 1123 expositam,
3143 1055 3389 1126 scripsit.
3437 1056 3680 1127 Congre-

2094 1142 2203 1209 ῳῑί
2235 1153 2363 1199 sunt
2418 1160 2549 1216 ergo
2610 1144 3095 1216 Constantinopoli
3157 1148 3404 1219 episcopi
3455 1162 3678 1204 centum

2093 1235 2513 1305 quinquaginta.
2549 1237 2778 1294 Conciiii
2823 1238 3081 1309 praesides
3124 1247 3283 1296 erant
3332 1238 3677 1307 Timotheus,

2094 1330 2403 1398 patriarcha
2434 1329 2864 1393 Alexandrinus.
2897 1331 3147 1389 Meletius
3178 1332 3575 1396 Antiochenus,
3625 1344 3677 1388 et

2093 1419 2336 1491 Cyrillus
2376 1420 2884 1495 Hierosolymorum
2939 1425 3271 1497 episcopus;
3322 1428 3527 1499 quibus
3569 1440 3680 1484 tra-

2093 1513 2233 1570 didit
2258 1512 2604 1571 Theodosius
2634 1516 2938 1587 imperator
2957 1517 3171 1573 litteras
3202 1517 3421 1576 Damasi
3445 1523 3678 1591 patriar-

2096 1604 2214 1661 cha
2242 1606 2499 1671 Romani,
2526 1606 2587 1661 in
2648 1607 2854 1679 quibus
2891 1607 3053 1664 ﬁdem
3090 1620 3274 1665 veram
3308 1610 3681 1683 descripserat

2094 1706 2260 1768 atque
2289 1700 2660 1770 explicavcrat
2695 1717 2709 1756 :
2742 1699 2945 1771 quibus
2993 1701 3149 1760 lectis
3189 1711 3246 1761 et
3291 1704 3581 1774 expositis.
3618 1706 3674 1761 in

2092 1793 2367 1856 eamdem,
2392 1808 2558 1863 quam
2594 1794 2711 1864 ipse
2746 1798 3069 1865 scripserat,
3112 1795 3237 1852 lidei
3262 1794 3672 1854 confessionem

2094 1900 2513 1946 consenserunt.
2532 1890 2739 1947 Deinde
2767 1890 3395 1962 Macedoniiopinionem
3446 1893 3512 1947 ad
3543 1909 3679 1952 exa-

2095 1994 2218 2036 men
2254 1987 2601 2042 rcvocarunt,
2631 1981 2791 2050 cujus
2816 1981 3068 2038 doctrina
3102 1982 3226 2045 fuit,
3262 1983 3524 2053 Spiritum
3550 1998 3678 2040 san-

2095 2079 2244 2124 ctum
2288 2085 2397 2124 non
2447 2085 2574 2128 esse
2630 2069 2821 2137 Deum,
2876 2087 3064 2127 verum
3127 2081 3394 2137 creatum,
3446 2074 3677 2131 factum.

2098 2159 2241 2215 Dixit
2288 2175 2421 2229 ergo
2462 2159 2810 2226 Timotheus,
2848 2161 3158 2231 patriarcha
3208 2162 3612 2219 Alexandrinus
3660 2179 3675 2217 :

2095 2251 2214 2309 Non
2270 2253 2415 2308 aliud
2462 2254 2601 2324 apud
2667 2268 2770 2310 nos
2826 2253 3099 2324 significat
3160 2253 3401 2325 Spiritus
3454 2267 3680 2311 sanctus

2096 2362 2257 2416 quam
2284 2346 2547 2417 Spiritum
2599 2345 2743 2415 Dei;
2780 2361 2890 2403 non
2916 2356 2998 2404 est
3026 2356 3211 2405 autem
3262 2346 3503 2417 Spiritus
3561 2346 3679 2413 Dei,

2097 2440 2247 2498 aliud
2279 2456 2445 2511 quam
2482 2441 2594 2497 vita
2636 2438 2856 2513 ipsius;
2904 2442 2951 2498 si
2989 2456 3120 2514 ergo
3152 2441 3457 2498 dixerimus
3504 2440 3681 2512 Spiri-

2096 2543 2213 2591 tum
2250 2542 2502 2590 sauctum
2560 2544 2809 2591 creatum
2865 2549 3011 2603 esse,
3066 2534 3365 2591 asserimus
3413 2533 3677 2606 Spiritum

2097 2625 2193 2683 Dei
2216 2637 2461 2683 creatum
2494 2642 2617 2685 esse
2644 2643 2662 2697 ;
2710 2627 2796 2683 sin
2823 2627 3090 2699 Spiritum
3124 2626 3218 2683 Dei
3259 2637 3501 2683 creatum
3534 2642 3678 2690 esse,

2098 2718 2263 2775 vitam
2292 2720 2456 2774 etiam
2499 2721 2674 2791 ipsius
2705 2729 2945 2776 creatam
2992 2734 3157 2784 esse;
3210 2718 3359 2791 quod
3417 2723 3461 2775 si
3511 2722 3674 2775 vitam

2096 2808 2272 2882 ipsius
2292 2821 2530 2865 creatam
2564 2810 3039 2877 aflirmaverimus,
3059 2820 3471 2867 autumaremus
3496 2812 3674 2881 ipsum

2098 2905 2207 2959 vita
2245 2917 2466 2971 carere;
2495 2914 2658 2975 atque
2704 2902 2811 2958 hoc
2862 2912 3183 2959 asserentes
3230 2903 3449 2975 penitus
3499 2904 3676 2972 ipsum

2095 2996 2521 3068 ahnegahimus:
2556 2995 2648 3065 qui
2677 3003 2859 3050 autem
2894 2993 3064 3050 Deum
3104 3003 3269 3065 negat
3299 2995 3680 3052 maledictione

410 3093 549 3151 siam
573 3093 805 3165 ingressi
830 3105 1101 3159 orassent,
1128 3096 1269 3153 dixit
1295 3097 1599 3166 Theophila
1620 3100 1989 3169 Theodosius,

2098 3085 2301 3159 dignus
2330 3094 2437 3141 est.
2465 3084 2893 3142 Consenticntes
2922 3100 3053 3153 ergo
3082 3086 3138 3140 in
3175 3085 3481 3143 Macedonii
3513 3087 3680 3141 u-ale-

415 3184 604 3245 νοεια
641 3198 774 3245 sum
798 3188 958 3246 ηοω,
988 3190 1251 3261 squalida
1276 3198 1332 3247 ει
1354 3192 1520 3259 "ius.
1556 3209 1700 3265 pone
1729 3210 1862 3267 ergo
1897 3196 1989 3249 Im.
2021 3175 2061 3189 “
2092 3177 2416 3242 dictionem,
2450 3178 2627 3245 ipsum
2680 3191 2806 3232 eum
2867 3176 3100 3233 asseclis
3150 3175 3269 3231 suis
3321 3175 3677 3238 deroveruut,

409 3281 592 3340 mines
622 3282 1013 3349 consistamus,
1047 3291 1105 3338 ut
1136 3284 1268 3353 quid
1305 3284 1552 3341 futurum
1586 3286 1659 3343 sit
1684 3287 1986 3343 videamus.

407 3370 549 3429 Cum
575 3386 709 3445 ergo
730 3371 899 3431 [initis
934 3374 1130 3435 sacris.
1159 3385 1470 3431 cessassent
1534 3378 1806 3443 homines,
1861 3396 1991 3435 ecce

410 3465 531 3536 avis
586 3479 783 3536 magna
836 3479 936 3521 ore
980 3480 1086 3523 suo
1122 3480 1384 3523 coronam
1415 3483 1485 3524 ex
1537 3468 1657 3527 luce
1689 3481 1907 3533 tenens.
1935 3473 1987 3527 in

409 3571 577 3632 quam
611 3573 739 3614 eum
772 3556 910 3615 duas
947 3556 1113 3615 horas
1145 3559 1338 3616 oculos
1395 3561 1762 3618 intendissent
1814 3563 1991 3620 homi-

410 3666 511 3710 ttes
541 3665 561 3708 :
589 3649 873 3718 Miserere,
901 3668 935 3706 o
965 3651 1210 3720 Domine,
1264 3653 1693 3725 ingeminantes.
1730 3657 1991 3714 advolans

410 3743 505 3801 illa
535 3758 797 3801 coronam
830 3744 993 3800 istam
1014 3745 1251 3801 lucidam
1285 3745 1585 3803 Theodosii
1620 3748 1786 3819 capiti
1820 3749 1994 3819 impoo

410 3836 546 3902 suit,
577 3837 740 3906 cujus
776 3851 911 3908 ergo
942 3839 1124 3893 statim
1158 3838 1225 3894 ad
1255 3840 1427 3895 altare
1456 3842 1679 3910 gestati,
1711 3842 1988 3901 veStibus-

409 3943 520 4002 que
558 3928 705 3987 tritis
727 3930 992 4001 squalidis
1020 3933 1192 3997 exuti,
1243 3939 1411 4003 atque
1462 3933 1787 3990 indumento
1841 3937 1991 4005 regio

410 4020 622 4089 amicti,
643 4021 811 4093 capiti
839 4022 1091 4079 diadema
1124 4023 1338 4094 regium
1397 4024 1567 4099 508
1620 4042 1749 4083 cum
1809 4028 1988 4099 impo-

408 4112 635 4178 suisset,
689 4113 904 4185 ipsique
964 4114 1342 4175 benedixisset
1390 4120 1703 4189 episcopus,
1770 4134 1917 4191 equo
1955 4138 1987 4175 e

412 4204 580 4277 regiis
615 4204 857 4275 quodam
893 4216 1087 4263 vectus
1133 4216 1243 4272 est,
1286 4210 1527 4265 nondum
1569 4210 1684 4265 haec
1714 4227 1835 4281 qua:
1883 4212 1989 4268 sibi

408 4296 728 4355 evenissent
758 4300 1015 4366 credens,
1048 4298 1396 4362 cingentibus
1436 4301 1616 4373 ipsum
1661 4304 1993 4359 consiliariis

406 4398 465 4447 et
520 4389 757 4448 ducibus
802 4390 980 4447 donec
1017 4391 1083 4447 ad
1114 4390 1287 4447 Dar-il
1317 4392 1505 4461 Balat,
1528 4395 1582 4449 id
1613 4405 1691 4451 est
1731 4398 1988 4467 palatium

2092 3285 2195 3326 nec
2240 3285 2351 3323 non
2383 3267 2731 3339 patriarchas
2792 3267 2897 3338 ipsi
2958 3267 3338 3334 succedentes,
3388 3269 3482 3337 qui
3530 3268 3677 3323 idem

2089 3377 2215 3418 cum
2262 3364 2380 3432 ipso
2407 3362 2733 3417 docuerunt.
2784 3360 3187 3415 Maledixerunt
3220 3361 3383 3415 etiam
3435 3358 3678 3416 Sabellio

2092 3456 2277 3528 Libyae
2311 3455 2475 3527 512
2508 3455 2775 3525 episcopo
2804 3454 3037 3524 ejusque
3066 3454 3316 3519 aeseciis,
3345 3455 3489 3520 quod
3521 3468 3674 3509 asse-

2092 3557 2239 3606 reret
2270 3547 2511 3611 l’atrctn,
2557 3546 2778 3615 Filium,
2810 3555 2865 3603 et
2898 3546 3164 3615 Spiritum
3216 3557 3465 3602 sanctum
3511 3564 3675 3603 unam

2090 3658 2215 3700 esse
2246 3657 2574 3714 personam;
2614 3656 2828 3697 necnon
2859 3642 3201 3712 Apollinario
3231 3642 3465 3712 ejusque
3484 3657 3679 3710 sequa-

2090 3736 2269 3800 cibus,
2311 3735 2459 3807 quod
2512 3736 2810 3790 affirmaret
2855 3749 3059 3804 corpus
3105 3734 3312 3789 Christi
3367 3734 3675 3791 intellectus

2088 3844 2291 3900 expers
2327 3844 2473 3885 esse.
2515 3826 2687 3883 Porro
2718 3826 3045 3883 definierunt
3101 3825 3367 3896 Spiritum
3420 3840 3672 3885 saucium

2090 3932 2394 3979 creatorem
2423 3936 2549 3979 esse
2577 3928 2635 3977 et
2679 3920 3008 3983 increatttm,
3047 3920 3216 3975 Deum
3266 3936 3475 3989 verum,
3529 3925 3677 3994 ejus-

2090 4018 2215 4073 dem
2246 4032 2369 4072 cum
2391 4015 2550 4071 Patre
2571 4024 2625 4069 et
2655 4006 2793 4070 Filio
2817 4024 3043 4078 naturae,
3069 4014 3437 4070 substantiam
3474 4032 3636 4072 uuam
3654 4059 3671 4085 ,

2092 4120 2339 4165 naturam
2378 4124 2538 4162 unam
2565 4125 2581 4174 ;
2606 4107 2872 4162 addentes
2903 4104 3024 4160 lidei
3057 4104 3317 4179 Symbolo
3348 4112 3490 4176 quod
3520 4124 3673 4162 emn-

2093 4209 2393 4270 posuurunt
2418 4199 2644 4256 trecenti
2675 4197 2977 4254 octodecim
3022 4200 3291 4293 episfopi,
3325 4201 3419 4270 qui
3474 4198 3674 4254 Nicaze

2094 4303 2462 4346 convenerant
2500 4311 2514 4349 :
2552 4291 2620 4347 Et
2654 4292 2705 4347 in
2765 4292 3029 4357 Spiritum
3080 4291 3325 4350 sanctum
3387 4292 3674 4347 Dominum

2094 4386 2463 4453 viviﬁcantem,
2494 4386 2587 4454 qui
2611 4401 2677 4440 ea:
2727 4383 2891 4442 ram
2916 4388 3175 4459 procedit,
3225 4389 3316 4459 qui
3356 4403 3473 4439 rum
3512 4385 3675 4441 Patre

408 4482 644 4554 regium,
689 4482 871 4553 ipsum
906 4481 1287 4551 deduxissent,
1346 4486 1543 4543 deinde
1602 4490 1983 4545 redeuntibus.

2093 4486 2143 4530 et
2185 4475 2329 4531 Filio
2354 4478 2517 4533 simul
2570 4480 2834 4533 adoretur
2884 4491 2932 4535 et
2992 4480 3446 4553 congioriﬁcatar.
3507 4477 3677 4545 idque

346 4642 353 4647 _
484 4573 776 4645 Imperavit
833 4590 968 4647 ergo
1021 4574 1367 4633 Theodosius
1422 4578 1707 4644 Romanis,
1772 4583 1866 4649 qui
1931 4598 1986 4636 et

408 4664 756 4723 Theodosius
787 4664 1018 4734 Magnus
1050 4668 1353 4740 appellatus
1388 4683 1492 4733 est,
1525 4685 1699 4725 annos
1736 4685 1887 4741 septe
1904 4690 1985 4728 m-

410 4756 613 4825 decitn,
643 4758 808 4831 idque
837 4774 985 4815 anno
1006 4761 1159 4831 regni
1187 4760 1433 4832 Saporis,
1472 4761 1568 4817 lilii
1599 4761 1828 4833 Saporis
1857 4762 1990 4817 Pt-r-

411 4862 599 4905 sarum
632 4850 802 4922 regis,
826 4850 1248 4923 quadragesimo
1271 4854 1541 4910 secundo.
1568 4852 1706 4909 Tum
1740 4855 1992 4912 Theodo-

408 4940 553 4999 sium
608 4956 790 5009 regem
847 4945 1246 5002 convenientes
1308 4944 1607 5001 consiliarii
1651 4954 1707 5003 et
1745 4947 1987 5017 praefecti

407 5034 665 5091 dixerunt
701 5035 803 5107 ipsi
841 5050 858 5091 :
890 5034 1177 5108 Corruptae
1206 5046 1336 5094 sunt
1366 5037 1649 5094 hominum
1677 5043 1986 5104 sententiae.

410 5124 738 5193 przevaieute
766 5127 909 5197 apud
942 5126 1091 5194 ipsos
1124 5126 1232 5182 Arii
1255 5136 1312 5183 et
1352 5126 1649 5184 Macedonii
1683 5129 1931 5186 doctrina
1958 5148 1975 5197 ;

409 5216 513 5273 hoc
542 5232 673 5287 ergo
692 5224 752 5272 ut
773 5233 956 5281 cures,
987 5219 1256 5291 iidemque
1283 5218 1650 5278 Christianam
1710 5222 1989 5280 defensam

409 5307 668 5374 explices,
699 5308 895 5365 litteris
916 5310 982 5366 ad
1014 5327 1204 5367 omnes
1239 5311 1581 5381 patriarchas
1614 5319 1669 5368 et
1700 5314 1988 5384 episcopos

411 5399 577 5463 datis,
601 5401 899 5457 convenire
919 5418 1016 5457 eos
1037 5402 1250 5473 iubeas,
1276 5411 1335 5457 ut
1353 5404 1422 5458 de
1450 5402 1553 5460 hac
1585 5419 1645 5459 re
1674 5403 1986 5474 dispiciant,

425 5490 700 5561 tidemqtte
733 5491 1088 5547 christianam
1111 5494 1437 5562 explicatam
1462 5494 1612 5550 dent.
1646 5494 1992 5554 Theodosius

411 5596 540 5652 ergo
582 5598 671 5639 rex
714 5585 934 5654 scriptis
972 5586 1036 5639 ad
1066 5584 1411 5641 Timotheum
1451 5587 1817 5656 patriarchae)
1862 5588 1988 5644 Aie-

414 5673 768 5737 aandrinum.
826 5675 1102 5733 Mcletium
1150 5680 1517 5748 patriarcham
1560 5680 1984 5746 Antiochenam,

417 5761 707 5825 Datttasum
777 5768 1140 5830 patriarchatu
1214 5768 1559 5832 Romanum,
1612 5780 1664 5824 (‘l
1728 5760 1985 5837 Cyrillum

2093 4571 2240 4638 quod
2276 4568 2507 4625 trecenti
2543 4572 2850 4627 octodecim
2886 4571 2977 4629 isti
3004 4571 3061 4628 in
3107 4571 3233 4629 fidei
3267 4586 3429 4643 quam
3487 4570 3677 4626 rdidcv

2092 4669 2222 4716 runt
2248 4662 2598 4719 confessione
2629 4664 2901 4720 dixissent
2927 4674 3180 4721 tantum:
3221 4663 3289 4719 Et
3328 4668 3382 4719 in
3410 4663 3672 4732 Spiritum

2092 4763 2354 4807 sanctum.
2413 4753 2928 4812 Statueruntctiam
2969 4754 3209 4825 Patrem,
3249 4754 3442 4811 Filium
3475 4765 3529 4812 et
3552 4757 3675 4824 Spi-

2095 4846 2260 4899 ritum
2294 4855 2570 4915 sanctum,
2623 4855 2737 4903 tres
2771 4865 2895 4906 esse
2947 4864 3249 4920 personas,
3274 4857 3385 4903 tres
3418 4851 3673 4920 byposta~

2092 4950 2201 5002 ses,
2231 4945 2287 4990 et
2317 4945 2429 4994 tres
2460 4939 2847 5009 proprietates,
2900 4941 3167 4997 unitatem
3203 4942 3258 4996 in
3300 4941 3592 5006 Triuitate,
3619 4952 3674 4999 et

2092 5027 2417 5084 Trinitatem
2467 5033 2519 5083 in
2551 5034 2779 5098 unitate,
2807 5032 3103 5088 essentiam
3142 5049 3304 5089 uttant
3336 5033 3388 5087 in
3419 5036 3671 5104 personis

2092 5121 2292 5183 tribus,
2322 5121 2488 5176 Deum
2528 5140 2721 5187 unum,
2755 5126 3119 5180 substantiam
3176 5143 3359 5189 unam,
3415 5137 3667 5182 naturam

2094 5229 2298 5280 uuam;
2336 5229 2548 5269 necnon
2586 5230 2790 5286 corpus
2822 5216 3037 5275 Domini
3064 5219 3268 5276 Christi
3296 5221 3477 5275 anima
3506 5220 3670 5277 intel-

2093 5307 2279 5375 ligenti
2314 5306 2573 5363 rationali
2606 5310 2915 5379 praeditum.
2947 5310 3117 5369 Porro
3154 5314 3448 5383 quemdam
3470 5329 3533 5368 ea
3574 5330 3669 5369 sa-

2092 5398 2356 5455 tellitibus
2403 5402 2570 5472 regiis
2627 5402 2848 5460 nomine
2896 5401 3226 5469 Victoriam,
3298 5406 3664 5477 patriarcbam

2092 5490 2760 5561 Constantinopolitanum
2828 5495 3288 5563 constituerunt;
3359 5507 3671 5554 statuerunt

2090 5586 2255 5640 etiam
2288 5584 2654 5655 patriarcham
2698 5588 3000 5642 i‘toutanum
3027 5587 3220 5643 ordine
3248 5591 3480 5656 primum
3505 5588 3663 5653 fore;

2090 5677 2784 5749 Constantinopolitanum,
2826 5683 3128 5738 secundum
3160 5702 3172 5749 ;
3210 5682 3668 5747 Alexandrinum,

2093 5772 2354 5839 tertium;
2420 5771 2822 5829 Antiochenutn
2902 5792 3030 5830 vero
3094 5786 3347 5838 uttattum
3439 5777 3634 5847 Bpisco
