4070 6152
439 277 572 346 i023
1447 291 1807 352 EU'I‘YCHH
1839 291 2033 353 ALEX

2136 290 2369 354 'DRINI
2401 290 2618 352 PATR.
3544 287 3690 351 ιοελι

441 409 570 460 pum
639 392 806 447 etiam
863 394 1416 466 llierosolyinitannm
1481 403 1640 458 titulo
1692 405 2012 472 patriarcha!
2041 402 2159 463 Aet
2191 418 2412 460 vescere.
2451 404 2670 458 Dicente
2705 401 2836 456 illo:
2880 400 3251 472 Nequaquam,
3278 401 3526 465 Domine,
3557 402 3700 456 nihil

437 485 794 560 διε-διε
818 502 1109 560 ornarnnt,
1160 508 1282 548 cum
1317 497 1470 562 prius
1501 498 1793 568 episcopus
1839 504 2007 560 esset.
2112 501 2252 552 enim
2281 512 2511 566 unquam
2555 496 2886 550 immundum
2940 507 3034 550 aut
3072 498 3335 560 impuram
3393 496 3594 549 comedi
3629 497 3698 550 “.

440 589 540 629 nec
573 578 697 643 quis
731 593 854 632 ante
883 580 1014 634 illud
1043 592 1261 652 tempus
1282 586 1590 654 patriarcha
1627 586 2014 660 Hierosolymis
2115 588 2316 644 Vocem
2347 587 2590 644 secundo
2623 592 2690 643 ad
2727 588 2902 656 ipsum
2949 588 3164 642 venisse
3194 603 3210 641 :
3245 587 3520 658 Quidquid
3562 603 3698 654 pur-

445 670 760 740 prtel'nissrt
792 687 805 735 ;
842 671 1001 738 eique
1028 671 1208 725 locum
1244 677 1493 742 quintum
1524 678 1898 749 assignarunt,
1934 688 2015 732 at-
2115 682 2318 752 paverit
2365 679 2525 747 Deus,
2577 689 2635 734 tit
2683 695 2746 736 ne
2781 678 3005 749 polluite
3029 693 3049 732 :
3083 695 3145 734 ac
3197 696 3321 733 cunt
3361 680 3464 734 hoc
3496 679 3575 734 illi
3613 688 3704 732 ter

440 778 548 831 que
573 761 684 840 [bis
718 761 982 834 peractis]
1012 762 1409 820 discesserunt.

511 852 637 906 Jarn
677 866 708 907 a
741 854 977 907 concilio
1006 854 1183 922 primo
1233 857 1618 928 episcoporum
1647 868 2012 915 trecentorum

439 944 768 1008 octodecim,
803 945 897 1014 qui
947 947 1001 1000 in
1067 949 1199 1002 urbe
1225 946 1438 1002 Nicaeus
1490 961 1891 1018 convenerunt,
1949 954 2014 1008 ad

444 1037 750 1093 secundum
794 1037 898 1092 hoc
934 1038 988 1090 in
1040 1053 1152 1106 quo
1199 1038 1668 1110 Constantlmipoli
1702 1045 2017 1113 congregati

442 1137 573 1180 sunt
603 1126 844 1196 episcopi
879 1136 1098 1181 contum
1130 1129 1668 1201 quinquagintayqui
1701 1129 2020 1189 Macedonio

443 1216 671 1282 ejusque
699 1216 1028 1284 ςι-ιιιιτιοὶιιιιε
1065 1218 1488 1281 tnaledixcrunt.
1525 1222 1659 1276 anni
1693 1229 1821 1276 sunt
1857 1223 2023 1294 quin-

443 1308 707 1375 quaginta
763 1317 908 1360 octo.
951 1306 1122 1362 Porro
1172 1308 1494 1368 Timotheus
1546 1313 1858 1384 patriarcha
1893 1312 2017 1370 Ale~

445 1399 742 1452 aaudriuns
764 1401 1112 1467 pati-iambis.
1140 1403 1412 1470 episcopis
1432 1417 1487 1458 et
1514 1407 1797 1461 monachis
1821 1420 2012 1472 carne.

445 1490 601 1544 [estis
641 1489 959 1555 Dominicis.
994 1493 1137 1547 vesci
1178 1494 1440 1562 permisit,
1477 1493 1898 1552 Matiiehmornm
1927 1497 2022 1568 qui

443 1580 699 1639 Sadikeni
737 1582 988 1650 appeltati
1015 1593 1350 1651 suutrausa.
1374 1595 1434 1642 ut
1465 1587 1536 1643 ita
1570 1588 1813 1658 dignosci
1845 1598 2025 1657 posset

444 1691 477 1728 θ
507 1674 830 1745 pattiarchis
847 1684 901 1729 et
919 1676 1192 1745 episcopis
1223 1679 1471 1746 quisnam
1497 1678 1824 1736 Manielmns
1845 1690 2023 1746 esset;

2116 792 2146 829 a
2181 789 2315 831 voce
2345 776 2637 843 repetitum
2685 772 2900 840 fuisset.
2955 789 3191 829 rursum
3250 776 3307 831 in
3365 773 3567 830 calum
3597 791 3701 829 su-

2119 865 2326 922 blatum
2385 864 2560 922 l‘nisse
2608 864 2863 921 linteum.
2911 864 3224 921 Conﬁrmat
3278 874 3462 922 autem
3527 865 3634 921 hoc
3671 882 3702 918 a

2120 956 2284 1015 Petro
2314 958 2543 1023 dictum.
2592 974 2719 1014 cum
2759 974 2905 1014 unus
2935 973 2969 1014 ο
3005 958 3283 1029 primariis
3338 959 3613 1028 apostolis
3640 971 3698 1012 et

2105 1051 2244 1127 lldei
2275 1051 2553 1107 columnis
2599 1050 2784 1117 fuerit,
2844 1051 3004 1119 cuius
3063 1049 3292 1124 [dicta]
3346 1052 3588 1120 recipere
3641 1061 3694 1102 rt

2123 1141 2374 1213 amplecti
2410 1143 2584 1201 decet.
2621 1140 2755 1193 illud
2787 1139 3001 1195 Domini
3032 1143 3241 1196 Christi
3281 1141 3514 1207 factum,
3540 1139 3690 1212 quod

2125 1242 2362 1288 mactato
2394 1241 2714 1289 vesceretnr
2739 1239 2793 1286 et
2833 1233 3046 1300 quaevis
3099 1233 3360 1287 animalia
3407 1247 3506 1289 esu
3542 1233 3694 1289 licita

2124 1340 2268 1380 esse.
2329 1323 2512 1392 Quare
2573 1323 2875 1394 siispieioni
2931 1323 3205 1380 obnoxius
3258 1325 3319 1380 iit
3385 1323 3701 1395 quicunque

2126 1419 2310 1473 carnis
2338 1433 2492 1471 esum
2543 1426 2833 1471 aversatus
2871 1414 3033 1472 fuerit
3065 1426 3118 1472 et
3149 1417 3393 1472 alienum
3442 1431 3505 1474 se
3534 1432 3564 1472 a
3597 1417 3704 1471 Do-

2131 1509 2261 1564 mini
2295 1510 2471 1565 nostri
2503 1509 2711 1565 Christi
2764 1511 3021 1566 instituto
3073 1510 3318 1564 ostendit
3367 1520 3426 1564 et
3459 1527 3487 1564 a
3543 1508 3709 1564 Petro

2127 1599 2501 1667 apostolorum
2530 1600 2860 1670 eorypliueo;
2907 1600 3048 1654 adeo
3080 1611 3141 1654 ιιι
3174 1601 3460 1657 sententia
3490 1611 3706 1665 nostra,

2133 1690 2382 1761 quisquis
2413 1700 2653 1746 mactato
2685 1706 2795 1746 non
2865 1698 3137 1757 rest-ator,
3169 1692 3418 1759 religioni
3453 1691 3708 1746 christia-

451 1770 515 1818 ιιι
557 1766 666 1818 hoc
700 1773 859 1833 parto
885 1765 1134 1818 carnium
1167 1780 1262 1819 esu
1316 1769 1471 1822 irrita
1519 1767 1843 1825 redderetur
1872 1769 2020 1839 ipso-

2136 1800 2209 1841 [ιω
2231 1784 2574 1842 contradicat
2609 1795 2665 1840 et
2717 1783 3140 1839 Manicha'orum
3195 1794 3404 1841 sectam
3468 1795 3706 1847 astruas.

447 1872 568 1909 rum
622 1857 814 1925 religio
846 1865 900 1908 et
939 1857 1288 1912 solverentur
1337 1858 1506 1930 leges.
1562 1858 1843 1916 Ilanicbasi
1878 1861 2026 1917 enim

448 1963 550 2002 nec
581 1957 821 2002 mactare
857 1948 1060 2002 animal
1119 1949 1332 2005 licitum
1394 1954 1624 2019 ducunt.
1677 1966 1782 2008 nec
1837 1966 2029 2019 carne,

447 2040 534 2093 vel
571 2039 681 2094 alio
711 2041 969 2111 quopiam
1003 2039 1151 2110 quod
1189 2043 1258 2097 ab
1291 2043 1571 2100 animante
1626 2045 1903 2116 provenit,
1941 2045 2027 2100 nl-

453 2136 669 2189 latenns
696 2141 1018 2188 vescuntur.
1052 2131 1415 2202 Iletropolitae
1467 2147 1647 2192 autem
1688 2149 1743 2194 et
1770 2139 2022 2211 episcopi

446 2226 689 2300 Egyptii
734 2229 981 2299 plerique
1009 2227 1292 2286 Maniclizei
1323 2239 1504 2287 erant.
1539 2230 1872 2291 l'atriarcha
1895 2251 2029 2309 ergo

446 2321 761 2388 orthodoxi,
798 2336 923 2377 eum
955 2323 1231 2392 episcopis
1251 2332 1308 2380 et
1341 2324 1650 2389 monachis.
1677 2340 1847 2385 carne
1878 2331 2020 2396 suis,

460 2411 616 2468 festis
648 2411 969 2478 Dominicis,
1005 2413 1414 2484 vescebantur;
1473 2415 1899 2476 llanicbaorum
1929 2435 2029 2476 au-

450 2514 561 2559 tem
595 2507 981 2576 metropolitae.
1015 2523 1140 2561 cum
1173 2507 1452 2579 episcopis
1481 2517 1537 2566 et
1571 2511 1861 2568 monachis
1881 2511 2026 2580 suis,

451 2597 523 2652 iis
554 2588 928 2663 abstinebant,
962 2608 1125 2670 atque
1160 2613 1351 2655 earnm
1401 2603 1522 2657 vice
1569 2602 1812 2672 piscibus
1839 2619 2031 2660 vesce-

455 2689 678 2753 bantur.
710 2704 808 2746 eos
837 2690 1024 2746 carnis
1059 2691 1179 2745 loco
1226 2700 1522 2762 ponentes.
1577 2709 1704 2750 cum
1755 2697 1936 2765 pisces
1969 2697 2026 2755 in

451 2781 813 2838 animantium
850 2798 1079 2839 numero
1109 2785 1242 2840 sint.
1304 2783 1418 2840 Hoc
1453 2789 1852 2845 observabatur
1885 2800 2029 2844 tem-

452 2892 585 2944 pore
615 2873 789 2931 Manis
821 2874 988 2948 516
1047 2877 1286 2933 lueretici
1349 2878 1600 2936 inllllelis.
1631 2880 1751 2950 Ipso
1798 2898 1928 2936 vero
1976 2892 2032 2938 et

451 2969 572 3036 eius
637 2968 864 3022 asseclis
905 2985 937 3022 e.
999 2970 1177 3025 medio
1216 2971 1468 3036 sublatis,
1514 2977 1721 3029 reversi
1758 2984 1887 3030 sunt
1931 2992 2031 3043 pa-

2128 1881 2377 1946 esceptis
2409 1878 2740 1946 patriarehis
2773 1887 2829 1934 et
2867 1878 3144 1947 epismpis
3171 1886 3226 1932 et
3264 1879 3355 1945 qui
3383 1878 3550 1932 vitam
3586 1893 3707 1931 mo-

2133 1968 2400 2024 nasticam
2441 1970 2676 2039 professi
2731 1969 2976 2035 fuerint;
3023 1985 3149 2022 eum
3209 1970 3260 2020 hi
3319 1969 3504 2023 carnis
3551 1983 3708 2022 esum

2131 2075 2238 2115 non
2267 2069 2532 2130 respuant
2565 2061 2709 2129 quod
2747 2075 2876 2114 eum
2927 2058 3178 2112 illicitum
3216 2065 3425 2125 putent.
3454 2056 3549 2111 sed
3580 2057 3710 2110 abs-

2132 2152 2374 2208 tinentiae
2396 2160 2451 2208 et
2474 2151 2788 2207 reverentia:
2807 2151 3004 2213 gratia.
3025 2149 3168 2216 Quin
3191 2160 3247 2204 et
3261 2147 3435 2203 Graeci
3469 2163 3555 2205 res
3577 2163 3710 2202 suas

2128 2260 2269 2314 aqua
2301 2244 2465 2317 530
2514 2244 2739 2300 abluere
2769 2244 3087 2305 noluerunt.
3121 2257 3244 2296 cum
3275 2241 3525 2312 plerique
3552 2241 3708 2309 ipso-

2129 2351 2250 2393 rnm
2307 2335 2586 2392 Manichal
2637 2344 2862 2392 essent:
2897 2333 3173 2389 Ilanichmi
3214 2341 3395 2388 autem
3449 2332 3708 2389 lationem

2126 2442 2265 2497 aqua
2290 2425 2650 2498 peragendam
2670 2441 2778 2482 non
2798 2425 3054 2496 probant.
3074 2425 3251 2495 Atque
3275 2422 3362 2480 bis
3379 2423 3541 2496 longe
3567 2431 3714 2477 tem-

2136 2518 2288 2589 poris
2319 2518 2556 2574 decursu
2581 2517 2940 2581 conﬁrmatis,
2970 2515 3149 2572 adhuc
3174 2515 3408 2570 instituti
3438 2514 3526 2570 sui
3555 2522 3714 2570 ter-

2129 2624 2223 2665 ces
2284 2615 2524 2672 manent.
2580 2623 2648 2662 ne
2692 2621 2891 2675 aquam
2943 2604 3010 2658 ad
3051 2603 3341 2660 lavandum
3398 2602 3709 2659 adhibeant.

2130 2700 2214 2756 Ab
2231 2713 2371 2772 aqua
2391 2697 2570 2754 autem
2587 2696 2652 2753 ad
2681 2697 2971 2753 lavandum
2992 2694 3297 2751 adhibenda
3321 2709 3416 2752 eos
3441 2693 3716 2751 abstinere

2127 2789 2323 2848 dicunt
2358 2789 2628 2853 nonnulli.
2658 2789 2730 2844 ob
2763 2790 3037 2845 intonsum
3076 2787 3317 2855 regionis
3339 2803 3474 2856 sua.
3500 2801 3716 2852 unaun

2127 2898 2285 2954 aqua
2315 2883 2372 2940 in
2416 2898 2479 2938 ea
2515 2881 2711 2953 frigus.
2738 2881 2873 2936 adeo
2895 2890 2955 2935 ut
2983 2881 3117 2948 ipsis
3147 2880 3343 2951 frigida
3374 2894 3434 2936 se
3461 2880 3713 2944 abluere,

2129 2984 2323 3048 hyeme
2381 2977 2709 3047 prasertim.
2746 2973 3172 3046 haudquaquam
3237 2971 3512 3042 expediat,
3563 2971 3715 3026 ideo-

454 3059 710 3115 triarcha-
761 3061 1077 3129 orthodoxi,
1127 3078 1252 3117 eum
1310 3064 1583 3134 episcopis
1638 3075 1693 3121 et
1750 3067 2032 3123 IIIOIlat‘lliS
2055 3111 2102 3170 ο
2132 3084 2240 3134 que
2261 3083 2363 3124 nec
2389 3068 2560 3138 ipsam
2589 3068 2662 3123 ob
2684 3065 2900 3138 frigoris
2929 3065 3327 3122 vehementiam
3348 3071 3715 3122 contrectant.

453 3155 596 3216 suis.
629 3155 696 3208 ad
731 3154 1049 3209 institutum
1090 3169 1252 3210 suum
1308 3156 1594 3228 antiquum
1622 3167 1681 3212 et
1710 3172 1742 3213 a
1783 3161 2030 3216 carnium

453 3261 554 3300 esu
594 3244 753 3303 festis
788 3245 1087 3302 Dominicis
1119 3246 1493 3303 abstinebant.
1527 3247 1710 3318 lnquit
1745 3249 1878 3305 Said
1910 3251 2029 3305 Ebu

455 3338 643 3393 ﬂatrik
699 3338 988 3394 medicina:
1023 3339 1333 3405 studiosus,
1395 3356 1502 3401 non
1543 3343 1797 3413 permisit
1848 3343 2034 3397 Timo-

457 3432 619 3487 theus
651 3431 962 3502 patriarcha
996 3431 1404 3487 Alexandrinus
1432 3430 1557 3487 ideo
1586 3435 1851 3492 carnibus
1883 3434 2031 3491 vesci

457 3522 616 3580 festis
666 3522 992 3586 Dominicis.
1043 3524 1192 3593 quod
1249 3522 1534 3580 Manichtei
1572 3525 1835 3597 appellati
1876 3526 2035 3583 Satti-

456 3613 558 3672 Ita:i
592 3630 782 3674 carum
813 3615 930 3669 vice
959 3615 1202 3683 piscibus
1231 3625 1479 3679 utantur.
1506 3632 1698 3672 verum
1730 3620 1882 3690 quod
1913 3635 2036 3676 car-

457 3709 610 3764 nium
642 3721 740 3764 esu
772 3707 1116 3763 immolatum
1171 3706 1472 3774 innuebat;
1502 3709 1684 3778 pisces
1717 3717 1900 3765 autem
1939 3728 2038 3781 pro

458 3801 739 3857 immolato
771 3816 876 3854 non
907 3800 1199 3855 habentur.
1253 3800 1373 3855 Atia
1430 3815 1564 3856 vero
1611 3799 2035 3859 Manlchaorum

458 3902 610 3949 secta
641 3907 765 3963 qua
794 3891 1148 3954 Sainmaenn,
1189 3891 1238 3945 id
1271 3899 1356 3947 est
1415 3892 1636 3962 piscaril
1668 3892 2034 3963 appellantur,

461 3987 648 4053 pisces
701 3980 1086 4043 coincdebant,
1137 3981 1287 4052 quod
1349 3982 1385 4035 ii
1440 3997 1539 4052 pro
1583 3983 1868 4038 immolato
1927 4001 2034 4039 non

465 4076 802 4139 habeantur;
836 4085 892 4129 at
923 4074 992 4128 ab
1016 4089 1116 4128 esu
1146 4075 1353 4133 carnis.
1389 4076 1534 4146 quod
1596 4075 1879 4132 immolata
1915 4078 2038 4130 l’ne-

463 4167 537 4222 rit
571 4163 1087 4223 abstinentJ‘ermu
1133 4173 1338 4221 errant
1387 4167 1554 4224 etiam
1603 4167 1892 4224 hlanichzi
1938 4185 2038 4237 ap-

464 4259 648 4329 pellati
668 4257 925 4324 Sadilizei,
954 4259 1048 4328 qui
1082 4257 1260 4328 pisces
1291 4258 1410 4314 loco
1430 4259 1623 4315 carnis
1650 4260 1877 4320 habent.
1908 4275 2034 4315 cum

467 4350 734 4405 Dominus
763 4349 1017 4404 Christus
1051 4363 1247 4404 carnes
1273 4347 1614 4414 comederit;
1669 4350 1814 4408 unde
1845 4366 2039 4409 mecs-

2203 3158 2624 3216 Manichasornin
2653 3173 2784 3214 vero
2809 3157 2920 3213 duo
2945 3158 3182 3221 suut.uti
3213 3157 3328 3228 iam
3360 3157 3567 3214 dictum
3601 3165 3711 3223 est,

2132 3266 2354 3323 genera.
2405 3249 2500 3304 alii
2533 3248 2812 3305 Samakini
2847 3249 2934 3318 (id
2964 3252 3080 3321 est)
3109 3249 3329 3316 piscarii
3366 3264 3383 3313 ;
3415 3247 3508 3303 alii
3554 3246 3718 3302 8³(ιὶ-

2134 3343 2274 3400 ltini.
2353 3341 2635 3398 Samakini
2711 3342 3036 3409 przestitutis
3095 3342 3306 3411 aliquot
3368 3339 3714 3413 singulorum

2136 3437 2405 3492 mensium
2481 3435 2678 3491 diebus
2727 3433 3018 3504 jejunant;
3079 3432 3330 3490 Sadiltini
3387 3441 3572 3489 autem
3623 3445 3716 3501 per

2135 3534 2305 3582 totam
2358 3526 2521 3581 vitam
2577 3525 2854 3596 jejunant.
2913 3524 3050 3580 nihil
3092 3539 3320 3593 prorsus
3371 3523 3517 3578 aliud
3552 3536 3717 3592 quam

2135 3619 2283 3689 quod
2315 3617 2636 3690 produxerit
2673 3627 2816 3672 terra
2845 3616 3218 3673 comedentes.
3260 3613 3398 3668 Cum
3433 3629 3566 3683 ergo
3593 3611 3717 3668 ildei

2137 3711 2456 3767 christiana:
2487 3707 2890 3780 professionem
2949 3709 3006 3764 in
3034 3722 3096 3764 se
3158 3708 3504 3776 susciperent
3557 3705 3714 3761 Satti-

2138 3801 2273 3864 ltini.
2305 3809 2606 3858 metuentes
2658 3816 2727 3855 ne
2755 3800 2800 3854 si
2855 3815 2886 3854 a
2941 3797 3191 3856 carnium
3227 3813 3329 3854 esu
3357 3797 3721 3862 abstinerent.

2139 3896 2362 3966 quinam
2397 3901 2587 3950 essent
2622 3900 2938 3964 perspecto,
2995 3900 3172 3948 morte
3205 3890 3572 3956 aﬂicereutur.
3614 3890 3719 3946 sibi

2139 3988 2276 4058 ipsis
2308 3986 2517 4054 jejunia
2552 3985 2980 4051 constituentes,
3032 3984 3105 4040 ob
3139 3982 3280 4041 festa
3310 3981 3635 4040 Nativitatis
3667 3992 3723 4038 et

2141 4077 2200 4135 Β.
2232 4077 2475 4150 Virginis
2527 4085 2583 4132 et
2618 4076 2990 4148 apostolorum
3046 4076 3390 4149 jejunarunt.
3427 4090 3458 4131 a
3487 4076 3722 4144 piscium

2139 4187 2236 4227 esu
2273 4171 2396 4226 istis
2447 4169 2678 4238 ieiuniis
2714 4183 2775 4226 se
2807 4169 3178 4232 continentes.
3231 4168 3380 4237 quod
3421 4167 3546 4222 ideo
3585 4167 3723 4222 fece-

2143 4272 2271 4318 runt
2310 4271 2370 4318 ut
2415 4261 2536 4318 dies
2562 4261 2692 4317 anni
2739 4259 3052 4330 jejunantes
3115 4259 3485 4322 absolverent.
3546 4273 3723 4328 neque

2141 4354 2305 4409 aliam
2359 4353 2432 4411 ob
2463 4367 2691 4406 causam
2731 4351 2964 4420 piscium
3021 4365 3117 4404 esu
3170 4349 3317 4403 inter
3361 4349 3722 4418 ieiunandum

463 4443 613 4497 sario
649 4441 906 4496 omnilms
952 4440 1045 4512 qui
1083 4441 1242 4494 Iidem
1286 4439 1649 4496 christianam
1709 4442 2040 4511 proﬁtentur
2072 4447 2118 4504 ο
2146 4444 2494 4500 abstinebant
2546 4457 2710 4512 quam
2770 4458 2837 4496 ne
2891 4441 3369 4509 dignoscerentur.
3448 4437 3722 4494 Successu

467 4532 755 4600 incumbit,
790 4541 849 4586 ut
877 4547 1046 4587 carne
1078 4541 1400 4596 vescantur,
1429 4532 1642 4586 Domini
1675 4535 1851 4588 nostri
1880 4534 2042 4588 Chri-

466 4626 541 4682 sti
594 4623 868 4697 esemplo.
918 4641 1030 4681 ιιιιο
1075 4624 1270 4680 saltem
1327 4624 1628 4695 quotannis
1689 4627 1799 4686 die.
1836 4641 1944 4696 quo
1977 4627 2046 4682 ab

469 4716 670 4774 animis
701 4716 819 4773 suis
866 4716 1186 4786 scrupulum
1240 4725 1553 4779 amoveant.
1584 4724 1753 4788 atque
1783 4716 2041 4774 omnibus

471 4820 665 4865 notum
701 4807 908 4864 faciant
934 4808 1246 4864 emitrarios
1309 4810 1408 4864 ire-
1445 4823 1507 4865 se
1560 4809 1824 4880 improbas
1872 4808 2046 4864 Diani-

471 4901 745 4955 ehmorum
762 4909 944 4954 seetse.
971 4899 1026 4954 ln
1053 4899 1204 4954 Actis
1222 4913 1352 4953 vero
1379 4898 2045 4968 seriptnmcst“,Petrum.

471 5009 600 5049 cum
635 4993 688 5048 in
744 4994 879 5064 urbi-
905 4989 1074 5062 Joppe
1097 5000 1247 5047 esset
1288 4991 1438 5045 domi
1470 4992 1694 5048 coriarii
1730 4991 2048 5061 cujusdam.

475 5087 566 5141 cui
596 5100 796 5141 nomen
834 5085 1056 5147 Simon.
1089 5096 1254 5153 ablue
1288 5084 1488 5138 mdium
1523 5093 1726 5139 tectum
1769 5084 1904 5138 hora
1939 5081 2047 5135 diei

474 5186 629 5233 sexta
659 5185 879 5232 oratum
913 5175 1348 5241 conscendisset,
1385 5190 1590 5231 somno
1630 5174 1779 5246 gravi
1831 5189 2052 5241 correp-

478 5278 593 5320 tum
622 5264 969 5328 dormirisse.
998 5276 1161 5336 atque
1195 5262 1562 5338 ξιτ-519
1589 5264 1792 5319 interea
1847 5263 2049 5316 emlum

476 5365 726 5428 apertum
766 5357 994 5422 vidisse,
1049 5357 1192 5413 unde
1224 5357 1513 5413 descendit
1543 5356 1774 5411 linteum
1807 5354 1950 5424 quod
1981 5354 2048 5407 ad

478 5459 684 5504 terram
721 5463 900 5519 usque
930 5449 1280 5520 pertingeret.
1311 5450 1363 5504 in
1401 5465 1509 5516 quo
1532 5446 1782 5519 cujusvis
1807 5446 2052 5515 quadrn-

483 5539 704 5611 pediuln
740 5542 960 5611 generis
995 5557 1117 5612 qnze
1172 5540 1227 5594 in
1261 5549 1406 5595 terra
1460 5549 1585 5594 sunt
1641 5539 1821 5608 aliqua
1873 5547 2052 5596 erant.

484 5631 839 5703 ferarumque
896 5640 952 5686 et
1007 5634 1290 5704 rcptilium
1352 5641 1406 5686 ct
1459 5632 1784 5690 volucrium,
1841 5643 2055 5697 unaque

483 5722 1231 5791 vocemaudiisscdicen'em,
1274 5726 1435 5786 Heus,
1465 5721 1616 5777 Pclrc
1670 5738 1837 5792 surge,
1881 5731 2052 5772 murta

597 5839 639 5872 ”
669 5838 788 5892 Act.
817 5855 873 5902 ι,
914 5839 977 5892 l5
1011 5855 1072 5907 sq

2148 4535 2345 4590 deinde
2395 4537 2656 4602 temporis
2710 4533 2974 4587 diuturno
3015 4529 3372 4604 511.523
3429 4531 3612 4585 evenit
3665 4537 3724 4582 ut

2149 4628 2391 4696 ipsorum
2427 4624 2631 4679 factum
2687 4625 2793 4681 hoe
2833 4624 3190 4678 imitarentur
3230 4620 3579 4679 Nestoriani.
3616 4618 3724 4675 Ja—

2146 4716 2411 4771 cobita-et
2439 4712 2736 4776 Maronitae.
2777 4717 2920 4784 apud
2954 4729 3093 4784 quos
3116 4712 3218 4768 hoc
3243 4714 3294 4766 iu
3327 4728 3535 4768 morem
3569 4713 3720 4767 abiit.

2149 4805 2286 4863 Tum
2317 4816 2372 4861 et
2403 4805 2718 4861 Graecorum
2754 4803 3134 4860 Melchltarum
3167 4804 3420 4860 nonnulli
3467 4805 3571 4859 hoc
3601 4818 3724 4874 pm-

2148 4897 2364 4962 bautes,
2403 4896 2544 4952 idem
2575 4895 2738 4951 etiam
2790 4897 2892 4964 ipsi
2937 4911 3131 4951 eorum
3164 4895 3417 4966 exemplo
3453 4894 3723 4957 fecerunt.

2151 4990 2378 5057 piscium
2412 5003 2568 5041 esum
2602 4986 2944 5058 ieiuniorum
2989 4988 3225 5042 istorum
3278 5002 3403 5057 quin
3439 4987 3722 5043 recensui-

2153 5094 2274 5132 nms
2305 5086 2547 5146 tempore
2573 5076 2926 5145 amittentes;
2973 5075 3049 5129 illi
3087 5060 3359 5144 praecipue
3393 5091 3590 5131 eorum
3631 5075 3718 5145 qui

2153 5171 2207 5225 in
2247 5170 2562 5236 regionibus
2618 5169 2821 5240 degunt
2856 5171 2908 5223 in
2943 5169 3146 5240 quibus
3204 5166 3603 5225 Holianimcdis
3644 5185 3723 5221 re-

2153 5263 2279 5333 ligio
2337 5262 2530 5316 ﬂoret:
2591 5261 2737 5331 quod
2797 5271 2978 5316 tamen
3041 5258 3726 5316 neoecousuetudinibus

2154 5348 2447 5402 traditione
2500 5349 2766 5413 acceptis.
2827 5363 2926 5403 nec
2961 5363 2991 5402 e
3029 5347 3192 5403 rebus
3248 5347 3506 5402 mandato
3543 5347 3727 5417 aliquo

2154 5439 2412 5496 stabilitis
2444 5441 2587 5507 apud
2621 5441 2769 5506 ipsos
2804 5445 2910 5495 est.
2945 5437 3122 5496 Graeci
3158 5440 3305 5495 enim
3353 5439 3621 5496 Ilelcliita:
3651 5438 3728 5508 pi-

2154 5532 2329 5585 scium
2387 5547 2487 5586 esu
2545 5531 2760 5586 duobus
2816 5531 3012 5586 diebus
3093 5532 3422 5602 insignibus,
3480 5530 3728 5586 tidelicet

2158 5623 2412 5678 Mercurii
2450 5631 2504 5678 et
2561 5621 2815 5686 Veneris.
2876 5638 2973 5693 per
3026 5632 3197 5677 totum
3259 5625 3387 5676 anni
3438 5623 3726 5676 decursum

2158 5718 2459 5780 abstinent,
2498 5723 2556 5768 ιιι
2594 5723 2645 5768 et
2681 5715 2770 5768 die
2804 5713 3130 5784 παραμονῆς
3182 5712 3423 5785 [vigilite]
3457 5728 3564 5783 quo
3606 5724 3726 5766 ante
