4070 6152
418 312 559 376 1025

1819 306 2190 369 ANNALES.

3542 298 3678 363 1026

415 421 661 479 Natalem
710 421 983 494 jejuuant,
1046 437 1147 479 nec
1201 437 1313 479 non
1371 421 1459 478 die
1516 421 1845 495 παραμονῆς
1891 422 1983 491 qui
2018 428 2061 483 Α
2092 418 2225 488 piat.
2255 414 2400 471 Dixit
2433 430 2562 487 ergo
2585 413 2965 486 Theophilus:
3001 412 3110 483 Ego
3134 412 3222 468 illa
3256 411 3681 484 interpretabor.

412 514 773 587 Epiphaniam
802 516 1097 585 praecedit;
1129 516 1331 585 quibus
1357 514 1550 571 diebus
1574 516 1718 570 inter
1738 513 1992 585 jejunan-

414 610 548 661 dum
576 607 823 676 piscibus
850 607 994 662 haud
1050 617 1371 668 vescuntur,
1403 607 1532 677 quia
1565 606 1656 662 die
1678 622 1705 661 s
1739 606 1875 661 istos
1903 619 1970 659 eo

412 698 538 753 dem
570 699 693 754 loco
731 700 933 756 habent
982 715 1093 770 quo
1122 698 1388 769 jejunium
1443 712 1725 767 magnum.
1780 699 1995 765 Quibus

410 807 545 865 ergo
570 808 601 848 e
626 790 835 849 Grtecis
866 794 1044 848 visum
1078 803 1162 847 est
1193 792 1403 847 Natalis
1446 791 1510 847 Β.
1536 790 1799 864 Virginis,
1830 799 1995 862 atque

417 888 793 957 apostolorum
825 887 999 955 gratia
1054 886 1327 957 jejunare.
1359 884 1461 940 tria
1494 884 1600 940 ista
1629 885 1839 956 jejunia
1888 887 1988 942 oh-

416 989 661 1043 servant,
694 980 877 1049 pisces
909 979 1129 1034 interim
1164 975 1544 1044 comedentes,
1600 991 1836 1047 quorum
1890 991 1990 1032 esu

417 1071 673 1126 Mercurii
702 1072 793 1125 cui
849 1079 1063 1126 tantum
1094 1078 1150 1126 et
1173 1067 1427 1140 .Veneris
1460 1068 1655 1125 diebus
1688 1071 1987 1126 abstinent.

420 1161 624 1217 Eodem
655 1160 890 1224 tnodo,si
918 1160 1005 1217 cui
1026 1163 1201 1217 visum
1222 1167 1311 1216 est
1339 1158 1534 1215 diebus
1547 1157 1799 1215 Mercurii
1829 1155 1992 1215 θιγο-

416 1251 571 1307 neris
610 1266 707 1323 per
736 1259 910 1306 totout
961 1265 1169 1305 annum
1223 1250 1499 1321 jcjunare,
1540 1250 1619 1306 illi
1656 1252 1991 1320 permissum

414 1351 502 1397 cst
528 1346 691 1400 etiarn
728 1340 797 1397 ad
825 1356 1027 1397 nonam
1048 1340 1299 1413 jejunare
1324 1350 1379 1397 et
1409 1342 1658 1412 piscibus
1687 1342 1989 1397 abstinere.

416 1429 611 1502 Neque
633 1432 780 1485 enim
813 1430 918 1486 hoc
940 1441 1177 1486 necesse
1209 1439 1318 1489 est.
1348 1447 1450 1486 nec
1484 1432 1721 1502 cuipiam
1760 1431 1993 1502 pennis-

415 1539 540 1578 sum
588 1518 753 1595 δη,
783 1532 845 1577 ιιι
872 1522 1083 1593 jejunio
1116 1524 1422 1578 observans
1454 1524 1686 1593 piscium
1716 1540 1872 1579 esum
1909 1526 1992 1576 in-

417 1626 502 1669 ter
533 1612 901 1684 jejunandum
938 1613 1166 1677 abnuat,
1224 1612 1327 1666 nisi
1382 1612 1576 1667 diebus
1631 1611 1889 1668 Mercurii
1938 1623 1989 1668 et

419 1704 647 1761 Veneris
683 1704 790 1778 {uti
815 1704 928 1774 jam
956 1702 1167 1758 dictum
1203 1704 1313 1776 est]
1364 1713 1420 1760 et
1449 1704 1503 1758 in
1532 1703 1741 1774 jejunio
1774 1720 1991 1776 magno,

2100 507 2274 563 Theta
2298 508 2532 578 primum
2560 516 2645 561 est
2674 502 2807 570 Θεὸς
2833 505 2979 573 quod
3011 515 3099 559 est
3132 504 3276 559 Deus
3300 521 3315 570 ;
3345 503 3680 571 secundum,

2102 596 2450 654 Theodosius
2504 612 2636 661 rex;
2667 595 2915 660 tertium,
2957 592 3294 664 'l'heOphilus
3343 595 3680 663 patriarcha.

2104 693 2243 747 Tum
2276 691 2495 747 sublato
2539 690 2861 760 pavimento
2901 702 3158 760 magnam
3196 690 3302 743 sub
3333 701 3400 742 eo
3436 690 3685 758 pecunias

2102 784 2211 838 vim
2243 784 2464 852 reperit,
2500 784 2661 853 cujus
2716 797 2839 837 cum
2895 796 2993 851 per
3043 783 3256 836 litteras
3314 781 3682 837 Theodosium

2099 889 2279 944 regem
2310 876 2601 929 certiorem
2658 873 2906 935 fecisset.
2941 875 3222 944 rescripsit
3259 874 3351 930 ille
3387 892 3401 928 :
3442 873 3682 930 Pecunia

2098 966 2203 1020 ista
2238 965 2503 1021 ecclesias
2530 974 2778 1021 exstrue.
2820 964 2989 1037 528
3022 967 3311 1023 Exstruxit
3339 981 3471 1037 ergo
3502 966 3686 1021 Theo—

2105 1059 2296 1130 philus
2350 1059 2681 1129 patriarcha
2758 1061 3048 1114 ecclesiam
3130 1074 3384 1130 magnam
3459 1058 3685 1114 nomine

2099 1148 2395 1207 Theodosii
2451 1153 2618 1219 regis,
2660 1167 2824 1222 quam
2863 1160 3031 1207 tutam
3084 1166 3222 1207 auro
3253 1157 3494 1208 obducto
3522 1167 3686 1206 orna-

2099 1242 2230 1309 vit,
2282 1243 2413 1313 quin
2466 1252 2523 1298 et
2581 1243 2720 1299 alias
2771 1243 2975 1299 multas
3026 1242 3374 1299 Alexandria:
3420 1245 3684 1299 ecclesias

2101 1333 2324 1397 struxit,
2369 1348 2401 1389 e
2455 1349 2689 1403 quarum
2741 1349 2971 1411 numero
3004 1344 3134 1388 sunt
3184 1334 3413 1391 ecclesia
3468 1336 3685 1392 Sancta:

2099 1423 2283 1481 Maria:
2315 1435 2369 1481 et
2398 1426 2629 1481 ecclesia
2656 1424 2844 1481 Sancti
2872 1423 3124 1481 Joannis.

2198 1519 2369 1575 Porro
2398 1519 2510 1575 nati
2540 1530 2668 1575 sunt
2700 1517 3011 1574 Theodosio
3058 1520 3372 1590 imperatori
3412 1524 3520 1577 duo
3560 1520 3680 1585 lilii,

2101 1626 2334 1681 quorum
2387 1619 2517 1665 natu
2580 1611 2774 1680 majori
2833 1627 3034 1667 nomen
3095 1613 3294 1666 indidit
3351 1614 3680 1680 Arcadium;

2099 1705 2319 1769 minori,
2386 1702 2690 1759 Honorium
2759 1722 2773 1759 :
2826 1704 3049 1775 quibus,
3102 1718 3224 1758 cum
3282 1707 3681 1772 adolevissent,

419 1811 520 1852 nec
551 1812 660 1851 non
685 1763 842 1851 'binis
875 1794 1084 1863 vigiliis
1119 1810 1241 1866 qua
1291 1763 1438 1852 Testa
1491 1763 1700 1851 Natalis
1755 1806 1810 1851 et
1861 1763 1992 1867 ἑιιιλ
2030 1763 2073 1820 Β
2107 1763 2357 1868 quaesivit
2385 1795 2476 1865 qui
2528 1797 2680 1866 ipsos
2706 1763 2917 1850 litteras
2950 1763 3197 1852 doceret.
3223 1796 3358 1852 Cum
3398 1813 3529 1867 ergo
3567 1763 3680 1852 ιιοξ

422 1890 640 1961 phanite
679 1888 1017 1956 praecedunt.
1054 1888 1123 1941 At
1179 1888 1427 1941 nonnulli
1487 1886 1803 1944 Graecorum
1859 1888 1990 1943 Mel-

420 1981 698 2037 chitarum
732 1981 786 2035 in
811 1979 1062 2050 jejuniis,
1105 1979 1268 2033 etiam
1324 1978 1384 2033 Β.
1424 1977 1665 2050 Virginis
1695 1980 1866 2051 gratia
1896 1986 1992 2039 ob-

418 2074 726 2142 servandis,
763 2090 795 2131 s
828 2076 1063 2147 piscium
1095 2089 1195 2131 esu
1226 2089 1286 2130 se
1320 2076 1626 2130 continent.
1662 2075 1833 2143 Quem
1863 2090 1986 2132 mo-

420 2184 536 2226 rem
565 2168 871 2225 hauserunt
905 2183 936 2223 e
975 2166 1157 2238 typico
1187 2166 1363 2223 sancti
1398 2166 1513 2221 Mar
1539 2166 1732 2230 Saba;
1770 2181 1871 2223 nec
1904 2178 1989 2223 est

418 2263 477 2315 in
529 2274 721 2316 eorum
778 2259 1111 2315 abstinentia
1166 2259 1271 2314 ista
1324 2265 1632 2329 peccatum.
1695 2260 1800 2325 Qui
1852 2260 1991 2314 alias

416 2352 617 2408 statuit
651 2352 769 2429 ipse
808 2361 1014 2421 peccat.
1068 2350 1283 2421 legique
1314 2352 1649 2406 contradicit
1672 2360 1728 2405 et
1759 2352 1985 2406 manda-

419 2454 534 2499 tmu
569 2446 754 2500 solvit.
789 2444 862 2500 Ut
908 2453 1089 2498 autem
1128 2444 1195 2497 ad
1248 2444 1532 2497 historiam
1573 2443 1643 2497 de
1678 2443 1990 2499 Theodosio

414 2547 475 2593 ct
500 2535 825 2606 TheOphilo,
877 2537 934 2591 in
982 2552 1090 2605 qua
1150 2537 1458 2590 enarranda
1493 2535 1720 2601 fuimus,
1751 2549 1991 2591 reverta-

419 2644 566 2685 mur.
599 2626 941 2700 Theophilus
972 2626 1273 2683 Theodosii
1325 2630 1472 2698 regis
1502 2629 1714 2685 amicus
1749 2630 1820 2683 ad
1868 2644 1996 2698 por-

419 2733 532 2778 tam
559 2722 731 2795 ipsius
767 2722 1037 2795 integrum
1078 2738 1282 2777 annum
1320 2730 1566 2777 moratus
1611 2721 1791 2793 ipsum
1844 2722 1991 2777 haud

417 2823 792 2870 convenerat:
846 2812 1099 2884 quamvis
1155 2814 1301 2868 enim
1353 2812 1599 2880 quotidie
1658 2813 1727 2866 ad
1775 2822 1988 2883 portam

423 2905 570 2977 regis
597 2906 867 2962 accedens
893 2905 1168 2976 janitores
1218 2917 1437 2975 rogaret
1468 2913 1635 2975 atque
1671 2913 1991 2976 precaretur

423 3005 485 3049 ut
517 2998 586 3049 ab
625 2996 747 3066 ipso
785 2995 852 3049 ad
902 3010 1080 3064 regem
1117 2995 1365 3050 chartam
1420 2995 1721 3061 deferrent,
1771 2996 1840 3051 ab
1886 2997 1995 3051 illis

2116 1903 2260 1943 mam
2291 1887 2531 1943 misisset
2561 1888 2851 1957 quaesitum
2884 1888 3058 1942 virum
3082 1891 3384 1959 sapientem
3416 1891 3507 1961 qui
3542 1891 3680 1945 libe-

2108 1993 2195 2033 ros
2228 1992 2361 2035 suos
2416 1978 2757 2047 institueret,
2814 1978 2889 2034 ibi
2943 1980 3331 2051 philosophum
3386 1982 3678 2053 quemdam

2104 2072 2329 2125 nomine
2352 2071 2617 2125 Arsancm
2654 2079 3007 2139 repererunt,
3048 2086 3211 2141 quem
3247 2072 3317 2129 ad
3354 2073 3535 2143 ipsum
3573 2073 3679 2126 mi-

2103 2172 2315 2223 serunt.
2366 2164 2457 2232 qui
2492 2176 2625 2231 ergo
2680 2163 2809 2217 ﬁliis
2840 2163 2988 2234 regis
3023 2163 3347 2220 erudiendis
3399 2163 3677 2221 incubuit.

2106 2252 2219 2308 ltex
2244 2263 2425 2311 autem
2454 2255 2545 2309 die
2575 2252 2838 2325 quodam,
2894 2270 3022 2309 cum
3073 2257 3342 2312 Arsanem
3387 2257 3530 2311 inter
3573 2256 3679 2311 do-

2102 2348 2335 2403 ccndum
2365 2356 2536 2412 stare,
2572 2348 2699 2403 [iliis
2763 2348 2935 2420 ipsius
2974 2348 3314 2416 sedentibus,
3352 2350 3681 2421 conspexis-

2103 2447 2205 2502 set,
2241 2438 2373 2493 illud
2420 2438 2775 2509 improbans:
2807 2437 2887 2494 Ne
2927 2440 3153 2511 (inquit)
3182 2441 3287 2495 hoc
3334 2441 3503 2497 facias
3540 2456 3559 2494 :
3595 2455 3685 2495 rc-

2103 2529 2410 2598 spondente
2447 2528 2692 2585 Arsane:
2725 2529 2804 2584 Ita
2828 2531 2986 2586 decet
3017 2533 3074 2599 (ο
3119 2535 3239 2600 rex)
3277 2546 3361 2587 me
3390 2532 3529 2588 lilios
3555 2540 3679 2586 tuos

2103 2623 2338 2688 docere;
2363 2621 2532 2693 jussit
2559 2637 2657 2679 rex
2709 2624 2888 2693 ipsum
2939 2624 3150 2691 sedere,
3180 2624 3370 2695 illique
3396 2635 3455 2680 ut
3488 2641 3679 2681 coram

2104 2718 2222 2784 ipso
2265 2722 2477 2770 starent
2497 2714 2697 2772 facere.
2728 2714 2865 2771 Cum
2897 2726 3081 2773 autem
3109 2717 3222 2788 jam
3245 2729 3513 2789 quantum
3541 2734 3681 2789 opus

2111 2806 2394 2860 videretur
2422 2805 2837 2862 litterisimbuti
2870 2817 3076 2875 essent,
3109 2809 3350 2865 Arsanes
3381 2809 3678 2865 Arcadium

2105 2897 2430 2956 verberibus
2459 2896 2653 2955 durius
2692 2901 2929 2970 excepit,
2958 2899 3099 2955 adeo
3143 2909 3203 2954 ut
3232 2902 3478 2971 ipsorum
3511 2901 3679 2956 vestio

2106 2990 2252 3060 gium
2292 2990 2409 3045 cuti
2458 2990 2634 3059 ipsius
2675 2990 3054 3061 imprimeret;
3109 2992 3182 3047 ob
3221 2993 3366 3061 quod
3412 2994 3678 3049 Arcadius

420 3088 671 3157 repulsus
705 3100 771 3142 ac
800 3089 1113 3159 prohibitus
1161 3085 1365 3143 fuerat.
1398 3090 1556 3144 Anno
1587 3097 1767 3143 autem
1798 3088 1990 3160 elapso
2020 3125 2066 3184 α
2105 3097 2233 3154 erga
2266 3081 2443 3154 ἱρωω
2484 3083 2622 3137 inm
2660 3081 2849 3138 animo
2878 3086 3153 3155 concepit.
3204 3085 3331 3140 Ideo
3352 3098 3530 3140 autem
3560 3087 3675 3157 pla-

421 3192 556 3235 ecce
586 3178 884 3248 imperator
920 3175 1266 3232 Theodosius
1320 3177 1462 3232 inter
1497 3176 1769 3233 orandum
1806 3193 1992 3233 vocem

420 3269 632 3325 audivit
650 3285 770 3339 qute
801 3270 902 3339 ipsi
934 3270 1137 3324 diceret
1164 3285 1182 3323 :
1206 3268 1249 3323 0
1275 3267 1572 3334 Theodosi,
1598 3270 1757 3325 amici
1779 3283 1833 3326 et
1857 3273 1995 3327 socii

419 3364 503 3419 tui
542 3362 831 3433 Theophili
883 3363 1085 3419 oblitus
1133 3375 1214 3418 es.
1266 3360 1603 3433 Dicenteque
1630 3362 1984 3418 Theodosio:

421 3454 652 3509 Domine
680 3454 776 3519 mi,
817 3462 874 3509 tu
905 3455 1030 3523 quis
1078 3454 1182 3509 es?
1237 3453 1339 3523 ipsi
1405 3454 1757 3525 responderet
1814 3470 1828 3507 :
1880 3454 1995 3526 Ego

424 3563 509 3600 vtr
538 3560 660 3601 sunt
693 3546 788 3615 qui
822 3555 1001 3601 tecum
1034 3546 1089 3599 in
1118 3546 1336 3599 deserto
1367 3544 1446 3599 fui
1479 3564 1491 3600 :
1551 3554 1606 3599 et
1637 3549 1990 3614 quemadmo-

420 3641 551 3695 dum
582 3647 635 3693 te
666 3652 847 3708 regem
876 3638 1157 3703 constitui,
1210 3638 1283 3690 ita
1318 3645 1374 3691 ct
1424 3635 1797 3707 Theophilum:
1818 3639 1987 3707 patri-

424 3731 650 3786 archam
678 3734 979 3785 constituo.
1031 3728 1228 3784 Statim
1266 3743 1402 3800 ergo
1456 3728 1604 3784 misit
1652 3728 1993 3784 Theodosius

423 3821 749 3876 accersitum
772 3818 1158 3890 Theophilum,
1185 3834 1348 3889 quem
1377 3820 1429 3871 in
1458 3819 1806 3885 praesentiam
1836 3834 1992 3874 suam

425 3914 727 3968 admissum
764 3920 1054 3985 postquam
1086 3908 1438 3982 525-527
1462 3912 1638 3979 ipsum
1669 3910 1993 3976 salutasset,

425 4008 500 4060 ita
525 4004 719 4059 allatus
755 4013 841 4060 est
872 4019 966 4059 rex
998 4022 1012 4058 :
1050 4002 1223 4058 Crede
1279 4003 1438 4065 mihi,
1472 4003 1540 4056 mi
1576 4000 1764 4066 frater,
1802 4018 1888 4056 me
1916 4001 1994 4056 tui

423 4099 655 4154 oblitum
692 4098 885 4163 luisse,
917 4108 1079 4167 teque
1113 4097 1244 4149 mihi
1277 4111 1309 4149 ιι
1343 4096 1603 4149 memoria
1642 4094 1859 4163 penitus
1890 4109 1990 4149 cx-

424 4190 647 4249 cidissc,
671 4187 847 4241 donec
881 4187 997 4240 heri
1024 4188 1168 4239 inter
1206 4186 1500 4246 orandum,
1553 4198 1702 4245 ecce,
1767 4198 1853 4237 me
1906 4187 1992 4236 in.

424 4282 694 4345 clamans,
726 4279 809 4333 vir
833 4277 923 4331 ille
957 4293 1118 4347 quem
1180 4276 1233 4328 in
1277 4289 1471 4329 somno
1527 4273 1634 4326 vidi
1696 4285 1747 4327 te
1777 4274 1911 4327 mihi
1938 4274 1992 4326 in

428 4372 747 4429 memoriam
782 4373 1077 4426 revocavit.
1126 4365 1428 4435 Respoiidit
1462 4363 1798 4434 Theophilus
1827 4384 1838 4419 :
1878 4366 1993 4435 Ego

2101 3177 2186 3246 gis
2244 3176 2419 3245 ipsum
2454 3172 2673 3230 allicere
2718 3175 2892 3230 voluit
2948 3175 3212 3241 Arsanes,
3244 3187 3325 3240 ut,
3383 3191 3509 3234 cum
3552 3185 3677 3244 post

2098 3276 2309 3339 patrem
2347 3283 2509 3323 suum
2562 3271 2791 3340 imperio
2826 3268 3115 3339 potiretur,
3153 3272 3199 3327 si
3236 3270 3401 3326 alicui
3447 3272 3673 3327 verbera

2098 3358 2266 3431 indigi
2301 3359 2482 3423 vellet,
2536 3363 2823 3416 verberum
2870 3361 3027 3421 dolor
3066 3363 3166 3431 ipsi
3227 3363 3514 3417 monitoris
3560 3364 3676 3417 vice

2104 3459 2268 3505 esset.
2322 3451 2496 3507 Porro
2544 3464 2692 3506 anno
2742 3451 2953 3521 imperii
2993 3452 3285 3507 Theodosii
3322 3452 3485 3523 529
3513 3452 3671 3526 531

2096 3533 2273 3611 Magni
2302 3549 2512 3606 octavo,
2537 3551 2906 3612 apparuerunt
2950 3543 3101 3611 pueri
3165 3544 3242 3597 illi
3275 3546 3390 3614 qui,
3426 3558 3458 3599 a
3505 3544 3677 3601 Dacio

2097 3648 2225 3703 rege
2282 3632 2410 3703 iuga
2469 3648 2528 3688 se
2584 3632 2977 3704 proripientes.
3029 3635 3081 3688 in
3130 3637 3388 3705 spelunca
3427 3638 3482 3689 in
3536 3636 3673 3692 urbe

2099 3726 2313 3798 Epheso
2370 3727 2749 3782 delituerant:
2792 3726 2958 3796 idque
3012 3728 3157 3797 quod
3204 3726 3372 3798 longo
3408 3731 3674 3799 temporis

2099 3819 2388 3874 intervallo
2444 3834 2570 3873 cum
2606 3830 2851 3887 pastores
2905 3820 3045 3873 inter
3106 3818 3500 3874 transeundum
3536 3823 3675 3876 late-

2100 3928 2209 3978 res,
2251 3913 2453 3982 quibus
2512 3911 2782 3982 spelunca:
2842 3911 3023 3965 aditus
3080 3911 3401 3968 obstructus
3464 3911 3671 3978 fuerat,

2099 4006 2215 4060 loco
2262 4018 2479 4058 movere
2514 4002 2661 4057 soliti
2701 4009 2905 4069 essent,
2948 4004 3088 4057 facta
3137 4011 3283 4059 esset
3320 4004 3498 4060 instar
3546 4008 3675 4062 cstii

2097 4107 2335 4165 apertus.
2391 4093 2705 4164 Expcrrecti
2757 4110 2887 4165 ergo
2916 4096 3092 4165 pueri,
3143 4111 3204 4151 se
3240 4112 3402 4151 unam
3456 4108 3669 4152 tantum

2098 4196 2309 4241 noctem
2340 4186 2668 4241 dormivisse
2699 4194 2975 4254 putantes,
3010 4186 3158 4239 socio
3185 4200 3305 4247 suo,
3349 4188 3445 4255 qui
3482 4188 3668 4240 cilium

2098 4276 2233 4346 ipsis
2284 4288 2465 4328 emere
2511 4272 2766 4329 solebat:
2807 4273 3128 4339 Proiectus,
3188 4276 3459 4342 inquiunt,
3488 4276 3672 4331 cibum

2097 4364 2258 4420 nobis
2280 4378 2557 4433 compara,
2603 4374 2657 4417 et
2692 4361 2823 4432 quid
2864 4371 2986 4432 agat
3015 4364 3311 4432 imperator
3355 4364 3548 4419 Dacius
3585 4368 3675 4419 in-

426 4470 590 4522 etiam
623 4465 743 4520 beri
796 4464 851 4519 in
880 4463 1095 4517 somnio
1131 4461 1239 4515 vidi
1274 4463 1560 4529 quemdam
1609 4461 1704 4529 qui
1747 4459 1876 4512 mihi
1906 4459 1991 4513 di-
2031 4469 2071 4523 ι)
2103 4456 2277 4524 quire.
2319 4454 2411 4508 ille
2454 4454 2521 4507 ad
2556 4463 2765 4524 portam
2798 4454 3075 4523 spelunca:
3114 4470 3370 4522 egressus
3404 4458 3497 4510 ubi
3536 4461 3669 4510 :edi-

431 4567 581 4616 ceret
617 4575 631 4611 :
670 4556 824 4611 Sicut
855 4554 1225 4609 Theodosium
1264 4566 1447 4621 regem
1484 4551 1769 4615 constitui,
1827 4553 1899 4605 ita
1936 4560 1992 4607 et

432 4662 483 4706 tc
514 4647 886 4720 patriarcbam
914 4648 1213 4700 constituo.
1266 4640 1402 4695 Ecce
1441 4650 1620 4695 autem
1676 4643 1997 4716 colloquen-
2032 4680 2035 4681 ν

432 4744 581 4797 tibus
610 4742 769 4812 ipsis,
807 4740 1091 4809 ingressus
1130 4734 1337 4805 janitot‘
1393 4733 1505 4804 regi
1556 4734 1849 4797 nuntiavit,
1898 4735 1990 4785 ad-

432 4830 649 4886 venisse
707 4826 1052 4882 Alexandriae
1105 4823 1337 4887 incolas,
1388 4823 1483 4890 qui
1555 4823 1800 4878 dicerent
1853 4839 1998 4877 mor-

432 4933 586 4978 tuum
614 4936 740 4977 esse
793 4917 1145 4973 Timotheum
1178 4917 1566 4983 patriarcham,
1599 4930 1660 4969 ac
1696 4917 1869 4969 virum
1905 4930 2000 4985 pe-

433 5022 611 5070 terent
643 5028 805 5080 quem
841 5008 1209 5080 patriarcbam
1259 5007 1657 5061 constituerent
1681 5021 1699 5058 :
1734 5021 1828 5059 rex
1868 5020 1999 5077 ergo

434 5103 619 5157 statim
646 5098 1014 5169 Theophilum
1055 5096 1425 5168 patriarcbam
1449 5096 1790 5150 constituens
1818 5096 1996 5165 ipsum

433 5192 817 5248 Alexandriam
859 5189 1025 5251 misit,
1052 5187 1143 5254 qui
1178 5185 1251 5239 ibi
1277 5200 1451 5239 annos
1473 5185 1660 5253 viginti
1686 5196 1808 5237 oeto
1836 5184 1996 5249 sedit,

432 5285 557 5339 dein
593 5290 847 5335 mortuus
881 5286 985 5332 cst.
1023 5275 1361 5343 Theophilus
1415 5286 1593 5327 autem
1634 5274 1723 5328 ub'
1762 5276 1999 5327 Alexan-

435 5378 613 5431 driam
644 5374 1011 5445 pervenisset,
1050 5372 1193 5424 idola
1230 5376 1499 5437 quotquot
1540 5368 1594 5419 in
1651 5382 1712 5419 ea
1752 5368 1999 5430 luerunt,

433 5470 721 5536 conlregit.
765 5463 997 5530 Fuitque
1057 5460 1401 5515 Alexandria:
1457 5458 1825 5527 pavimentum
1884 5472 1999 5512 ma-

435 5575 599 5629 gnum
636 5568 999 5612 marmoreum
1032 5553 1120 5608 cui
1174 5551 1437 5619 inscripta
1470 5559 1625 5602 erant
1680 5550 1783 5600 tria
1826 5545 1998 5600 Theta

438 5654 481 5704 θ
515 5650 556 5702 Θ
590 5651 635 5701 Θ
680 5659 736 5702 et
788 5649 843 5700 in
891 5646 1125 5700 circuitu
1178 5643 1473 5711 ascriptum
1513 5658 1526 5692 :
1573 5639 1673 5705 Qui
1734 5640 1833 5692 tria
1884 5640 1998 5694 hinc

438 5742 605 5797 Theta
651 5740 1037 5806 interpretatus
1068 5733 1249 5801 fuerit,
1300 5730 1446 5803 quod
1503 5730 1606 5788 sub
1636 5730 1703 5786 iis
1735 5742 1818 5787 est
1851 5734 1997 5789 acci-

2104 4546 2212 4601 licii
2241 4547 2312 4600 ibi
2353 4550 2654 4602 cunstructi
2690 4547 2873 4601 ruinas
2909 4556 3182 4609 cerneret,
3226 4547 3358 4617 quid
3391 4548 3492 4603 hoc
3524 4558 3673 4603 esset

2100 4638 2404 4711 ignoravit;
2439 4653 2669 4707 surgens
2708 4648 2888 4692 tamen
2920 4638 3195 4708 profectus
3220 4646 3305 4695 est
3336 4656 3505 4709 usque
3539 4642 3670 4699 dum

2102 4734 2169 4786 ad
2203 4733 2353 4786 urbis
2396 4730 2590 4800 Ephesi
2630 4738 2838 4799 poz-taiu
2872 4732 3231 4799 pervenisset,
3295 4748 3461 4802 supra
3509 4750 3668 4801 quam

2100 4836 2315 4875 crucem
2350 4836 2595 4891 magnam
2628 4821 2949 4874 collocatam
2981 4836 3351 4890 conspicatus,
3377 4825 3478 4877 huc
3504 4835 3671 4879 etiam

2101 4914 2242 4981 apud
2301 4929 2360 4968 se
2419 4915 2783 4983 improbans:
2829 4913 2932 4976 Me,
2978 4916 3177 4984 inquit,
3221 4917 3461 4971 dormire
3500 4929 3669 4986 puto;

2098 5009 2287 5063 oculos
2326 5022 2455 5075 ergo
2509 5014 2720 5074 tergere
2760 5007 2926 5074 cmpit
2967 5022 3032 5061 ac
3072 5009 3418 5063 dextrorsum
3452 5020 3507 5063 ct
3538 5013 3674 5066 siui-

2102 5103 2372 5150 strorsum
2407 5096 2859 5162 circumspicere,
2904 5110 3033 5147 num
3086 5097 3292 5167 aliquid
3335 5100 3443 5153 sibi
3481 5111 3668 5153 nutum

2099 5188 2281 5239 videre
2313 5195 2514 5254 posset,
2545 5186 2705 5253 quale
2740 5200 2863 5238 cum
2901 5186 3038 5239 nihil
3086 5198 3357 5249 cerneret.
3408 5188 3671 5244 confusus

2101 5278 2371 5341 substitit,
2407 5276 2519 5330 han:
2551 5278 2693 5345 apud
2730 5292 2788 5331 se
2837 5284 3019 5333 annuo
3053 5290 3308 5350 reputans
3331 5278 3608 5335 :Forsitan
3640 5301 3671 5335 ει

2102 5368 2187 5420 via
2221 5370 2490 5432 alierravi,
2532 5370 2613 5421 vel
2647 5368 2871 5423 forsitan
2912 5386 3018 5425 non
3051 5381 3134 5425 cst
3170 5373 3299 5427 urbs
3347 5373 3449 5427 ista
3494 5374 3671 5441 Ephe-

2102 5476 2213 5513 sus.
2252 5456 2450 5512 Urbem
2487 5474 2617 5513 vero
2650 5460 2930 5529 ingressus
2964 5478 3244 5516 nummum
3275 5478 3435 5533 quem
3474 5464 3666 5519 habuit

2104 5552 2294 5617 pistori
2339 5552 2562 5604 tradidit
2614 5569 2722 5621 quo
2760 5569 2953 5619 partem
3010 5565 3237 5619 eniteret,
3277 5560 3447 5624 pistor
3491 5558 3666 5610 virum

2103 5642 2292 5695 habitu
2350 5644 2634 5711 peregrino
2689 5646 3045 5713 conspicatus
3095 5646 3353 5714 pavidum
3410 5656 3670 5715 metuth

2102 5741 2541 5801 consternatum,
2573 5750 2827 5792 nummos
2859 5737 3146 5794 habentem
3169 5737 3367 5809 quibus
3391 5735 3542 5794 Dacii
3566 5737 3668 5793 ιω.
