4070 6152
190 322 345 389 1029

1632 326 2013 390 ANNALES.

3356 340 3505 404 1030

182 452 279 497 ret
334 440 730 516 Theophilus,
786 443 906 499 sine
936 442 1114 515 ipsius
1165 444 1441 516 permissu
1501 443 1804 507 abierunt;
1836 448 1877 502 Α
1909 447 2022 496 tem
2053 440 2477 515 Chrysostomus
2523 443 2593 499 ad
2638 445 3013 517 Epiphanium
3061 446 3227 519 Cypri
3275 452 3496 521 episco-

183 548 368 602 qnam
398 534 480 590 oh
515 549 743 592 causam
774 534 909 605 ipsis
965 532 1313 590 Encharistia
1358 538 1423 589 ad
1472 542 1587 589 tres
1630 546 1806 587 annos

188 624 533 681 interdixit.
623 625 706 680 Illi
781 641 916 696 ergo
990 625 1261 683 Joannem
1346 624 1806 698 Chrysostomnm

188 714 485 773 adeuntes
541 718 722 789 ipsum
779 725 1041 789 rogarunt
1072 727 1132 772 ut
1186 717 1255 773 ad
1287 715 1656 788 Theophilum
1711 731 1808 786 pa-

185 812 359 866 triari
384 810 526 865 ham
561 811 996 866 Alexandrinum
1044 812 1257 867 litteras
1302 811 1572 866 scriberet
1602 809 1805 879 quibus

190 904 267 958 ali
302 901 409 958 illo
438 913 657 975 peteret
690 911 749 959 ut
777 903 910 975 ipsis
937 901 1296 959 Eucharistiie
1327 905 1542 974 copiam
1578 903 1806 959 faceret.

186 995 459 1054 Joannes
486 1015 621 1068 ergo
654 998 1087 1071 Cbrysostomus
1123 997 1309 1056 missis
1344 1014 1442 1070 per
1474 999 1626 1068 ipsos
1659 999 1806 1055 litte-

192 1095 280 1150 ris
315 1093 393 1150 ad
433 1091 810 1164 Theophilum
844 1089 1215 1162 patriarcham
1241 1088 1684 1147 Alexandrinum
1711 1106 1804 1147 ro-

187 1184 349 1257 gavit
430 1186 595 1240 illuni
666 1192 726 1240 ut
784 1198 911 1240 cum
971 1182 1107 1254 ipsis
1156 1184 1210 1239 in
1268 1183 1501 1254 gratiam
1571 1180 1801 1239 rediret.

185 1274 358 1341 Quod
413 1291 553 1331 cum
598 1277 692 1331 ille
721 1272 901 1330 facere
948 1276 1141 1342 nollet,
1181 1274 1388 1331 reversi
1432 1276 1632 1331 iterum
1674 1281 1806 1330 sunt

186 1371 261 1422 ad
319 1367 612 1425 Joannem
667 1365 1157 1441 Chrysostomutn,
1207 1367 1301 1438 qui
1353 1366 1507 1439 ipsos
1554 1365 1623 1423 ad
1695 1365 1803 1421 Eu-

187 1461 546 1518 charistiarn
597 1461 864 1519 accedere
907 1459 1101 1533 jussit.
1155 1459 1290 1517 Orta
1336 1471 1423 1517 est
1473 1472 1609 1531 ergo
1658 1458 1806 1515 inter

187 1554 586 1628 TlteOphiluin
610 1555 980 1629 patriarcham
1005 1554 1437 1611 Alexandrinum
1458 1561 1513 1609 et
1532 1549 1802 1609 Joannem

187 1648 681 1721 Chrysostomum
715 1645 994 1703 simultas.
1039 1647 1218 1701 Porro
1257 1644 1364 1700 fuit
1403 1656 1652 1716 tempore
1696 1642 1803 1697 Ar-

1917 549 2048 606 pum
2099 535 2347 594 scribens
2373 552 2389 591 :
2412 537 2519 598 Tu.
2548 538 2774 611 (inquit)
2809 539 3105 613 Epiphani,
3137 544 3192 597 in
3238 545 3494 602 exsilium

1913 641 2097 682 meum
2123 630 2459 687 consensisti
2494 646 2559 686 ac
2582 634 2920 689 contrariam
2956 635 3089 691 mihi
3116 652 3338 707 operam
3382 653 3487 693 n.1-

1914 718 2079 785 vasti,
2109 718 2306 776 dicens
2349 719 2419 778 de
2456 737 2542 779 ine
2567 724 2716 795 quod
2738 725 2968 782 minime
3007 739 3060 784 te
3090 729 3302 784 decuit.
3338 728 3495 786 Scias

1912 825 2045 885 ergo
2072 819 2129 870 te
2146 828 2497 887 nequaquam
2525 816 2593 872 ad
2627 820 2970 889 provinciam
3016 831 3165 887 tuam
3197 835 3496 893 perventu-

1913 921 2035 961 rum
2068 916 2363 978 antequam
2400 923 2433 963 e
2474 908 2681 966 mundo
2726 913 3050 970 excesseris.
3095 915 3198 971 Cui
3262 918 3368 972 hoc
3417 934 3505 973 re-

1919 1014 2186 1069 sponsum
2224 999 2464 1057 reddidit
2518 999 2867 1075 Epiphanius
2908 1008 3003 1062 :0
3050 1004 3318 1076 Joannes,
3358 1008 3502 1063 nihil

1920 1092 2071 1149 aliud
2101 1108 2263 1164 quani
2293 1094 2477 1149 omnia
2502 1094 2647 1152 bona
2685 1099 2755 1154 de
2789 1106 2846 1156 te
2868 1099 3011 1166 dixi,
3049 1115 3117 1157 ac
3147 1110 3318 1157 totam
3360 1118 3497 1173 ope-

1913 1200 2029 1239 ram
2059 1200 2259 1250 meam,
2292 1198 2563 1256 quantum
2611 1188 2766 1260 potui
2810 1190 3111 1249 maximam
3145 1191 3500 1269 555.557

1912 1276 2015 1332 tibi
2065 1277 2307 1348 impendi
2350 1288 2407 1335 et
2448 1279 2517 1335 ad
2566 1282 2769 1339 malum
2812 1297 2847 1339 a
2885 1293 2939 1342 te
2983 1288 3341 1343 avertendum
3378 1288 3505 1343 diii-

1912 1365 2154 1437 gentiam
2182 1369 2437 1436 adhibui,
2475 1386 2600 1443 quae
2630 1378 2817 1431 tamen
2858 1372 3072 1432 frustra
3115 1377 3237 1433 fuit.
3261 1377 3366 1445 Qui
3403 1394 3500 1433 au-

1912 1467 2019 1516 tern
2048 1474 2291 1532 praesens
2309 1470 2398 1519 est
2419 1464 2566 1519 videt
2584 1479 2706 1536 qua
2744 1478 2853 1523 non
2874 1466 3022 1523 videt
3050 1468 3274 1526 absens.
3294 1468 3502 1539 Quem-

1910 1550 2206 1608 admodum
2259 1566 2445 1611 autem
2492 1565 2551 1610 tn
2601 1555 2735 1613 mihi
2792 1558 3052 1631 intpingis
3097 1573 3162 1618 ea
3216 1575 3341 1634 qua:
3398 1576 3502 1619 nec

1912 1644 2066 1712 novi,
2124 1660 2227 1703 nec
2272 1645 2413 1715 dixi,
2444 1647 2523 1704 ita
2558 1650 2704 1706 scias
2747 1660 2802 1707 te
2848 1666 2965 1708 non
3007 1662 3403 1722 perventurum
3430 1654 3505 1711 ad

188 1742 344 1797 cadit
386 1739 776 1796 Romanorum
804 1740 1179 1811 imperatoris,
1202 1737 1286 1795 vir
1308 1738 1533 1811 quidam
1575 1736 1803 1793 nomine
1833 1813 1859 1816 _
1913 1736 2093 1794 locum
2117 1740 2296 1796 exsilii
2330 1741 2409 1796 tui
2434 1754 2544 1811 quo
2562 1740 2839 1814 relegatus
2868 1757 2955 1812 es,
2978 1756 3272 1816 antequam
3296 1759 3331 1803 e
3368 1744 3507 1802 vivis

190 1833 600 1905 Theognostes
623 1874 640 1900 ,
701 1832 904 1905 opibus
964 1831 1258 1889 abundans
1278 1871 1294 1898 ,
1343 1831 1437 1887 cui
1492 1829 1803 1887 invidentes
1831 1813 1878 1875 Β
1909 1830 2252 1890 discesseris.
2273 1830 2394 1889 Jam
2419 1848 2547 1890 vero
2569 1813 2905 1906 Epiphanius
2919 1813 3156 1909 Cyprum
3185 1835 3425 1894 tendens
3447 1838 3506 1893 in

192 1923 577 1999 διιοδω
607 1924 857 1982 nonnulli
879 1936 1069 1981 contra
1098 1926 1276 1994 ipsum
1311 1922 1456 1996 apud
1500 1934 1681 1995 regem
1718 1932 1801 1977 ιθ.

191 2017 539 2074 stimonium
570 2016 747 2074 tulere
787 2018 969 2089 ipsum
1008 2017 1168 2073 tidem
1198 2019 1527 2088 abnegasse,
1578 2005 1803 2089 regique

195 2112 591 2168 conviciatum
658 2110 881 2168 fuisse:
937 2125 1103 2182 quam
1166 2110 1239 2168 ob
1274 2124 1501 2168 causam
1553 2125 1650 2166 rex
1682 2111 1803 2183 ipso

195 2202 254 2259 in
310 2204 589 2261 exsilium
637 2203 799 2276 pulso
852 2204 995 2261 bona
1052 2205 1179 2277 ejus
1235 2205 1486 2276 diripuit.
1541 2203 1802 2277 Ejusdem

202 2298 363 2351 uxori
398 2296 567 2352 vinea
619 2295 724 2352 fuit
753 2312 852 2369 per
882 2311 1049 2370 quam
1097 2299 1374 2355 transiens
1410 2295 1657 2355 Eudoxia
1710 2312 1804 2354 re-

198 2383 355 2454 gina,
392 2383 473 2441 ob
526 2385 699 2455 ipsius
747 2385 1219 2456 pulchritudinem
1257 2387 1602 2461 concupivit.
1632 2385 1805 2461 Cujus

197 2482 354 2530 esset
406 2490 553 2546 ergo
601 2490 727 2531 cum
777 2485 1048 2549 rogasset,
1079 2476 1289 2532 dictum
1337 2487 1423 2535 est
1468 2479 1572 2549 ipsi
1613 2480 1805 2534 uxoris

198 2582 329 2622 esse
357 2567 658 2637 cujusdam
708 2584 739 2624 a
775 2585 900 2641 rege
928 2570 984 2625 in
1012 2570 1269 2627 exsilium
1295 2570 1462 2642 pulsi.
1482 2568 1623 2627 Tutn
1663 2573 1754 2627 illa
1786 2589 1803 2628 :

201 2662 383 2727 Quarti
416 2662 617 2718 vellem
654 2660 880 2735 (inquit)
914 2671 974 2718 ut
1002 2662 1138 2717 mihi
1170 2672 1338 2729 esset,
1368 2678 1480 2733 quo
1520 2663 1579 2721 in
1625 2666 1803 2735 ipsam

205 2769 296 2807 me
337 2753 738 2812 oblectationis
771 2768 940 2809 causa
973 2754 1275 2826 reciperem
1308 2756 1324 2810 l
1374 2756 1801 2827 Responderunt

200 2861 235 2901 e
261 2846 553 2917 praefectis
585 2846 858 2903 nonnulli:
894 2847 1044 2915 ltegii
1071 2848 1213 2919 juris
1240 2857 1325 2906 est
1350 2860 1409 2904 ut
1435 2849 1806 2921 quodcunque

202 2941 523 2996 calcaverit
567 2957 661 3012 pes
706 2944 914 3014 regius,
954 2941 1093 2997 illud
1129 2943 1235 3012 ipsi
1260 2946 1350 3000 sit.
1388 2942 1604 3010 Quibus
1633 2946 1798 3000 audi-

204 3033 281 3088 tis
336 3034 562 3089 vinearn
620 3035 727 3091 sibi
774 3036 1071 3107 occupavit
1118 3038 1333 3106 regina.
1386 3035 1584 3095 Mulier
1615 3048 1799 3094 autem

1907 1923 2031 1981 navi
2054 1935 2304 1982 mortuus
2326 1925 2675 1995 est,dimidio
2693 1926 2828 1996 diei,
2850 1937 3143 2002 antequam
3169 1942 3236 1986 eo
3253 1930 3509 2003 perveni-

1906 2024 2012 2085 ret,
2048 2019 2246 2087 spatio.
2277 2016 2518 2077 Joannes
2542 2026 2724 2075 autem
2756 2020 3191 2094 Chrysostomus
3209 2032 3502 2095 antequam

1903 2123 1973 2166 eo
2005 2109 2099 2166 ubi
2136 2112 2391 2168 exsulare
2405 2113 2598 2184 jussus
2621 2123 2728 2183 est,
2757 2100 3127 2188 pertingeretj,
3156 2118 3329 2171 etiam
3358 2116 3504 2174 diem

1906 2201 2065 2260 obiit.
2106 2205 2280 2259 Porro
2333 2201 2435 2260 fuit
2480 2203 2957 2280 Constantinopoli
3014 2218 3171 2264 terrai
3210 2217 3397 2265 motus
3420 2207 3507 2265 in-

1908 2306 2065 2363 gens.
2100 2306 2200 2348 nec
2238 2306 2347 2348 non
2374 2293 2583 2349 tonitru
2614 2310 2781 2367 grave
2812 2311 2937 2351 cuin
2974 2295 3218 2369 fulgure,
3250 2295 3499 2353 fulmini-

1906 2384 2034 2451 bus.
2075 2392 2131 2439 et
2166 2383 2370 2457 pluria.
2420 2382 2569 2442 Dixit
2610 2402 2743 2458 ergo
2773 2404 2868 2444 rex
2904 2406 2921 2446 :
2969 2386 3099 2446 Ideo
3150 2389 3268 2447 haec
3314 2387 3499 2445 omnia

1904 2476 2169 2533 eveniunt
2195 2478 2343 2549 quod
2371 2477 2638 2536 Joannem
2673 2480 3131 2554 Chrysostontum
3164 2481 3502 2554 in,exsilium

1908 2570 2185 2625 misimus.
2230 2566 2525 2640 Jussitque
2553 2587 2760 2643 corpus
2806 2572 2985 2647 ipsius
3032 2572 3505 2641 Constantinopoo

1906 2661 2001 2718 lim
2031 2661 2243 2729 all‘erri,
2313 2663 2502 2732 ibique
2535 2665 2792 2735 sepeliri;
2834 2664 2998 2738 idque
3027 2680 3174 2722 anno
3223 2677 3381 2722 sexto
3410 2679 3503 2722 re-

1907 2755 1997 2827 gni
2029 2754 2276 2812 Arcadii.
2321 2756 2457 2813 ideo
2496 2766 2681 2812 autem
2731 2759 3041 2831 appellatus
3083 2768 3170 2818 est
3211 2757 3503 2826 Joannes.

1905 2847 2357 2920 Chrysostonius,
2399 2851 2548 2921 quod
2599 2848 2800 2906 mulier
2830 2856 3081 2922 quadam
3140 2853 3322 2924 ipsum
3371 2866 3499 2908 cum

1907 2948 2161 2998 mortuus
2205 2949 2353 2999 esset
2382 2940 2671 3012 plangens,
2702 2942 2908 2999 dixerit
2948 2958 2965 2998 :
2997 2941 3043 3000 ο
3069 2940 3337 3010 Joannes,
3366 2955 3401 2997 ο
3436 2954 3503 2998 os

1909 3047 2164 3100 aureum,
2187 3034 2318 3090 hinc
2357 3032 2487 3090 Oris
2516 3036 2673 3092 aurei
2713 3047 3020 3107 cognomen
3048 3033 3267 3090 habuit.

210 3126 315 3181 ista
380 3142 413 3183 a
472 3124 690 3183 Joanne
725 3126 1126 3200 Clirysostomo
1174 3144 1336 3200 opem
1386 3132 1565 3201 petiit,
1608 3132 1703 3202 qui
1729 3135 1797 3187 ad
1828 3161 1874 3225 α
1985 3124 2117 3183 Post
2148 3125 2330 3195 ipsum
2360 3128 2698 3183 constitutus
2724 3132 2809 3181 est
2832 3123 2977 3180 alius
3004 3125 3226 3196 quidam
3264 3120 3506 3181 Joannes

209 3217 460 3290 reginam
486 3218 716 3275 mittens
732 3218 902 3290 jussit
929 3227 987 3275 ut
1008 3219 1223 3275 vineam
1254 3221 1489 3277 dominas
1514 3236 1629 3279 sua:
1672 3222 1801 3280 red-

208 3311 385 3379 deret,
422 3313 517 3367 illa
551 3328 683 3368 vero
717 3312 939 3381 noluit;
969 3329 1211 3384 eumque
1236 3313 1400 3375 de.ca
1433 3330 1493 3371 re
1515 3316 1690 3387 ipsam
1720 3315 1801 3371 al-

212 3407 541 3474 loqueretur
596 3402 1020 3476 haudquaquam
1066 3407 1371 3477 respondit.
1418 3406 1563 3464 Tum
1607 3407 1702 3465 Dei
1734 3386 1824 3465 ti;

211 3512 424 3553 rnorem
487 3498 596 3568 ipsi
657 3498 927 3554 incutiens
954 3516 968 3553 :
994 3500 1139 3556 Cave
1171 3500 1397 3571 (inquit)
1430 3518 1497 3558 ne
1522 3501 1620 3557 tibi
1651 3503 1802 3560 accio

209 3590 303 3644 dat
325 3593 478 3662 quod
532 3592 731 3649 hebeti
773 3593 951 3650 Ahabi
984 3596 1132 3665 regis
1159 3594 1381 3651 lsraeli-t
1414 3597 1571 3650 uxori
1623 3598 1801 3652 conti-

210 3683 330 3752 git;
372 3695 431 3738 at
475 3685 571 3739 illa
605 3684 752 3739 utilia
789 3683 985 3739 horum
1033 3686 1248 3743 ratione
1285 3688 1487 3745 habita
1532 3687 1798 3746 Joannem

214 3776 422 3845 palatio
448 3794 554 3833 suo
586 3777 711 3848 pelli
738 3778 928 3845 jussit,
959 3775 1204 3834 Joannes
1229 3793 1363 3849 ergo
1396 3783 1574 3837 tristis
1616 3796 1802 3837 rever-

214 3884 331 3931 sus,
362 3869 637 3925 diaconos
666 3869 859 3939 jussit,
899 3883 1026 3924 cum
1063 3869 1355 3927 accederet
1393 3873 1580 3942 regina
1624 3873 1803 3929 eccle-

214 3965 353 4015 siain
389 3965 683 4017 introitura
706 4002 723 4026 ,
756 3971 947 4033 portas
988 3962 1091 4032 ipsi
1120 3962 1451 4030 occludere;
1491 3964 1639 4036 quod
1670 3981 1795 4020 eum

220 4052 511 4122 fecissent,
540 4054 704 4111 rediit
727 4056 918 4124 regina
944 4056 1024 4109 ira
1066 4066 1359 4111 commota.
1394 4056 1498 4127 [Eo
1527 4055 1801 4132 tempore]

217 4156 332 4201 erat
360 4146 731 4218 Epiphanius,
750 4146 913 4221 Cypri
959 4150 1277 4219 episcopus,
1299 4146 1797 4220 Constantinopoli,

220 4242 571 4310 negotiorum
600 4240 809 4309 aliquot
839 4242 985 4311 apud
1018 4254 1202 4312 regem
1234 4235 1401 4313 δα
1432 4238 1803 4310 perﬁciendae

222 4341 341 4384 rant
376 4331 576 4403 gratia.
603 4327 707 4401 Ipsi
734 4344 867 4403 ergo
896 4332 1167 4389 accersito
1199 4331 1339 4387 dixit
1368 4332 1555 4403 regina
1583 4346 1600 4385 :
1633 4329 1803 4387 Joan-

223 4433 319 4476 nes
358 4421 791 4495 Chrysostonius
836 4424 1056 4480 veritati
1100 4424 1437 4482 contradicit
1464 4466 1482 4491 ,
1525 4426 1805 4495 rebusque

1909 3218 2218 3291 patriarcha
2254 3219 2541 3276 Constant.
2564 3222 2657 3290 qui
2707 3231 2832 3274 cum
2881 3232 3088 3273 annum
3136 3217 3209 3275 ibi
3269 3217 3505 3273 sedisset

1905 3321 2156 3368 tnortuus
2174 3322 2275 3368 cst.
2301 3312 2407 3383 Ipsi
2436 3312 2601 3368 etiam
2639 3310 2911 3367 successit
2944 3308 3265 3367 Gennadius
3303 3311 3357 3366 in
3400 3326 3500 3383 pa‘

1905 3404 2158 3459 triarcbzn
2197 3401 2485 3459 Constant.
2525 3417 2754 3458 munere
2790 3401 2887 3472 qui
2937 3408 3049 3458 tres
3086 3417 3262 3459 annos
3319 3403 3487 3468 sedit,

1903 3501 2028 3557 dein
2069 3508 2323 3555 mortuus
2349 3507 2453 3556 est.
2496 3497 2627 3554 Post
2661 3498 2839 3569 ipsont
2892 3496 3075 3554 factus
3113 3505 3197 3553 est
3250 3495 3505 3553 Atticinus

1903 3591 2211 3662 patriarcha
2231 3590 2871 3661 Censtantinopolitauus
2896 3590 2991 3661 qui
3038 3602 3218 3645 annos
3265 3588 3502 3659 quinde-

1904 3683 2010 3739 cim
2036 3684 2201 3750 sedit,
2220 3683 2345 3738 dein
2374 3695 2624 3739 mortuus
2650 3691 2754 3738 est.
2798 3678 2962 3754 548
2992 3679 3158 3753 quue
3180 3694 3325 3736 anno
3348 3662 3507 3752 regn‘

1902 3776 2123 3831 Arcadii
2161 3777 2512 3831 duodecimo.
2555 3774 2716 3830 Anno
2770 3775 2987 3846 imperii
3017 3775 3261 3844 ejusdem
3290 3783 3499 3829 octavo

1902 3868 2238 3923 coustitutns
2292 3876 2379 3922 est
2437 3867 2766 3921 Anastasius
2835 3867 3145 3936 patriarcha
3210 3864 3502 3933 Romanus

1903 3962 1996 4031 qui
2024 3960 2198 4016 tribus
2222 3961 2383 4014 annis
2414 3962 2572 4028 sedit,
2608 3959 2734 4016 dein
2758 3969 3005 4014 mortuus
3032 3967 3137 4014 est.
3168 3960 3324 4012 Anno
3344 3956 3488 4026 ejus-

1909 4053 2036 4108 dem
2069 4050 2366 4107 undecimo
2417 4051 2596 4106 factus
2642 4060 2727 4107 est
2750 4051 3101 4106 innocentius
3131 4049 3280 4105 Patr.
3301 4045 3501 4105 Roman

1906 4158 2033 4208 nus,
2072 4143 2167 4212 qui
2200 4158 2328 4197 cum
2361 4141 2675 4213 quindecim
2721 4156 2896 4197 annos
2938 4141 3202 4205 sedisset,
3248 4150 3500 4197 mortuus

1908 4248 2016 4297 est.
2041 4239 2199 4293 Anno
2226 4237 2438 4307 imperii
2476 4235 2649 4304 ipsius
2681 4245 2878 4291 octavo
2906 4236 3243 4291 constitutus
3275 4245 3360 4289 est
3388 4232 3490 4290 Be—

1912 4331 2067 4386 rillus
2107 4329 2415 4401 patriarcha
2466 4324 3020 4399 Hierosolymitanus,
3072 4340 3249 4382 annos
3282 4325 3496 4381 duode-

1908 4422 2013 4478 cim
2048 4423 2211 4483 sedit,
2243 4420 2369 4475 dein
2405 4428 2654 4474 mortuus
2680 4428 2783 4475 est.
2830 4420 2989 4474 Anno
3020 4417 3263 4487 ejusdem
3306 4419 3500 4489 quinto

223 4514 355 4570 nihil
402 4516 472 4572 ad
515 4518 693 4587 ipsum
726 4515 1111 4587 spectantibus
1160 4530 1220 4572 se
1260 4517 1580 4583 immiscuit,
1608 4518 1679 4574 de
1702 4532 1801 4574 ea-
1835 4503 1881 4561 ο
1918 4513 2099 4570 factus
2145 4523 2231 4569 est
2272 4512 2538 4568 Paulinus
2585 4512 2896 4582 patriarcha
2950 4512 3349 4576 Antiochenus,
3405 4511 3498 4579 qui

223 4591 417 4665 tried}.
458 4625 596 4680 ergo
658 4612 838 4683 ipsum
892 4612 1136 4683 tleiicito.
1186 4610 1491 4681 Despondit
1538 4611 1616 4667 nu
1666 4609 1798 4683 ενι-

218 4700 482 4767 phanius,
511 4703 571 4760 Si
597 4705 671 4759 ita
701 4712 761 4758 ut
793 4716 852 4759 tu
887 4703 1032 4759 dicis
1062 4718 1124 4760 se
1155 4718 1243 4758 res
1277 4703 1498 4767 habent,
1526 4703 1592 4758 ad
1627 4703 1803 4771 pinni-

225 4796 451 4849 teutiant
478 4796 661 4865 ipsum
691 4794 998 4860 hortabor;
1038 4792 1184 4864 quod
1216 4795 1261 4849 si
1292 4793 1536 4860 redierit,
1561 4791 1800 4865 [lieneﬂ

227 4881 309 4935 sin
338 4886 538 4949 minus,
566 4884 744 4953 ipsum
774 4885 1038 4955 dignitate
1094 4899 1194 4940 sua
1226 4883 1625 4939 amovebinius.
1654 4882 1803 4938 Dixit

229 4977 449 5046 reginai
480 4977 593 5034 Nisi
630 4982 807 5049 ipsum
836 4979 1221 5033 abdicaret-itis
1249 4986 1502 5049 apertura
1530 4992 1654 5034 sum
1682 4978 1801 5033 ido-

230 5064 403 5123 lorum
445 5072 670 5141 templa,
699 5070 1063 5139 hominesque
1093 5070 1159 5123 ad
1195 5085 1259 5124 ea
1285 5069 1518 5124 colenda
1558 5068 1797 5141 adigam.

234 5156 421 5230 Adi-git
464 5161 663 5216 deinde
689 5175 751 5216 ex
784 5160 1059 5232 episcopis
1098 5171 1153 5215 et
1196 5158 1450 5214 diaconis
1506 5158 1802 5215 nonnullos

236 5260 293 5302 ut
317 5254 379 5307 ad
410 5268 592 5326 regem
622 5254 972 5320 accedentes,
1021 5266 1205 5307 coram
1233 5252 1353 5324 ipso
1379 5261 1574 5308 contra
1634 5249 1802 5307 Joan-

238 5355 355 5398 nem
392 5347 764 5403 testimonium
822 5346 1193 5417 perhiberent,
1220 5348 1397 5416 ipsum
1439 5346 1541 5416 legi
1575 5353 1800 5401 contra-

237 5434 428 5504 dicere,
458 5440 747 5511 ipsumque
773 5442 1007 5495 moleste
1033 5438 1179 5494 lerre
1198 5439 1350 5493 urbis
1374 5438 1606 5501 incolas,
1638 5448 1802 5508 atque

239 5529 357 5585 odio
381 5535 658 5603 prosequi.
692 5532 951 5606 Episcopi
976 5544 1187 5597 autem,
1209 5531 1409 5587 Joanni
1440 5533 1513 5586 oh
1548 5546 1799 5603 magnam

242 5623 405 5692 ipsius
460 5629 746 5684 scientiam
811 5627 1126 5682 inviderunt
1162 5664 1177 5686 ,
1238 5624 1596 5695 feceruntque
1655 5628 1799 5696 quod

245 5719 370 5784 ipsis
396 5720 571 5776 innuit
601 5720 811 5790 regina.
844 5716 960 5775 [lex
991 5732 1124 5789 ergo
1155 5718 1431 5775 Arcadius
1458 5714 1728 5772 Joannem
1763 5733 1793 5773 a

246 5811 487 5869 cathedra
520 5812 878 5886 patriarchali
924 5811 1167 5870 amoveri
1196 5810 1386 5884 jussit.
1428 5808 1669 5870 Joannes
1698 5828 1799 5869 au-

1903 4625 2078 4665 annos
2114 4616 2352 4679 quatuor
2372 4606 2538 4672 sedit,
2572 4606 2695 4661 dein
2736 4615 2990 4660 mortuus
3028 4619 3131 4661 est.
3155 4606 3311 4659 Anno
3344 4604 3499 4673 ejus-

1901 4703 2024 4758 dem
2086 4717 2232 4757 nono
2309 4700 2647 4757 constitutus
2699 4706 2787 4753 est
2845 4697 3110 4769 Evagrius
3183 4700 3491 4767 patriarcha

1904 4796 2304 4861 Antiochenus,
2322 4795 2482 4849 annis
2500 4793 2746 4865 quinque
2766 4792 2931 4857 sedit,
2954 4793 3074 4846 dein
3112 4801 3359 4845 mortuus
3388 4803 3496 4845 εει.

1900 4888 2311 4955 Annaniperii
2350 4884 2594 4956 ejusdem
2639 4894 2856 4955 quarto,
2892 4884 3108 4939 Arcadii
3159 4899 3355 4954 nempe
3392 4880 3497 4935 Ro-

1904 4994 2190 5035 manorum
2216 4975 2589 5047 imperatoris,
2611 4989 2781 5046 regno
2806 4975 3013 5045 potitus
3040 4972 3497 5043 estYazdejerdus

1902 5072 2160 5128 Bahratni
2192 5070 2356 5131 illius,
2379 5069 2443 5123 AI
2471 5068 2691 5123 Aitham
2716 5068 3164 5138 cognominatus,
3192 5067 3248 5125 in
3270 5066 3489 5130 Persas,

1903 5178 2081 5219 annos
2109 5161 2321 5233 viginti.
2347 5158 2520 5215 Porro
2545 5153 2881 5225 Theophilus
2911 5158 3219 5229 patriarcha
3260 5155 3498 5213 Alexan-

1902 5259 2093 5314 drinus
2118 5254 2408 5311 ecclesiam
2454 5266 2707 5325 magnam
2740 5251 3086 5309 Alexandria:
3130 5254 3356 5317 struxit,
3392 5254 3493 5304 Ar-

1902 5350 2045 5407 cadit
2104 5347 2474 5403 Romanorum
2541 5344 2891 5415 imperatoris
2951 5343 3161 5399 nomini
3225 5343 3489 5397 dicatam.

1902 5442 2157 5511 Obiitqne
2191 5438 2455 5494 Art-adius
2490 5436 2866 5492 Romanorum
2897 5450 2993 5491 rex
3014 5450 3141 5490 cum
3188 5433 3487 5505 imperium

1905 5551 2081 5590 annos
2110 5534 2369 5590 tredecim
2406 5540 2774 5603 occupasset;
2824 5539 3089 5591 regnante
3144 5538 3267 5601 post
3312 5528 3492 5597 ipsum

1907 5630 2018 5683 lilio
2047 5627 2219 5698 ipsius
2250 5624 2581 5689 TitEttths‘lt),
2614 5625 2709 5694 qui
2730 5621 3276 5691 Theodosiusjnnior
3300 5622 3489 5691 appr-l-

1906 5722 2052 5776 latus
2080 5727 2187 5784 est,
2234 5718 2289 5773 in
2333 5715 2639 5784 Romanos,
2699 5730 2874 5772 annos
2914 5713 3280 5785 quadraginta
3328 5713 3490 5781 duos,

1907 5813 2075 5883 idque
2107 5825 2252 5871 anno
2276 5809 2607 5881 Yaxdejcrdi
2650 5807 3029 5870 Babramitliii
3068 5804 3357 5867 Persarum
3403 5821 3490 5863 re-
