4070 6152
564 309 696 374 1031

1588 304 1960 370 EUTrcutt
2008 297 2551 363 ALEXANDRINI
2596 266 2817 366 pm.

3688 302 3814 366 1032

545 427 631 496 gis
670 424 983 480 undecimo.
1026 423 1184 478 Anno
1221 421 1435 493 imperii
1464 422 1641 493 Ipsius
1676 435 1821 474 nono
1850 416 2143 473 invadente
2169 416 2216 473 Α
2251 424 2428 480 neret,
2465 428 2629 487 atque
2658 429 2717 473 tit
2754 418 2819 471 ad
2855 420 3138 473 veritatem
3167 416 3301 488 5-7
3340 417 3546 471 reditet
3576 418 3816 472 hortare-

545 518 724 587 ipsum
777 513 1116 585 Yazdejerdo
1154 512 1410 569 Bahrami
1465 516 1575 569 lilio
1621 513 1818 568 bellum
1869 512 2012 564 inter
2037 522 2133 562 eos

544 622 710 679 grave
752 610 1111 663 commissum
1156 615 1263 672 est,
1310 620 1630 678 magnaeque
1688 613 1905 672 strages
1949 600 2131 668 edite,

543 700 681 754 adeo
723 707 782 754 ut
832 699 1049 768 utrique
1070 699 1302 769 ,tandetn
1359 699 1494 751 alter
1533 696 1603 752 ab
1630 697 1805 750 altero
1843 695 1897 747 in
1946 693 2130 761 fugam

543 799 910 847 verterentur.
945 790 1108 846 Anno
1153 790 1367 859 imperii
1418 789 1664 856 ejusdem
1709 786 1929 841 decimo
1967 782 2132 838 tertio

546 880 903 954 549⁸551.
931 884 1263 939 constitutus
1300 888 1383 937 est
1400 879 1655 935 Zosimns
1677 876 1993 949 patriarcha
2018 872 2132 927 Ro-

546 991 763 1040 manus,
798 978 889 1046 qui
921 989 1044 1027 cum
1079 988 1281 1028 annum
1310 989 1476 1030 unum
1508 973 1739 1029 sedisset
1762 978 2005 1024 mortuus
2024 976 2131 1029 est,

545 1067 610 1119 ad
664 1081 784 1120 eam
821 1066 1142 1134 dignitatem
1202 1074 1324 1135 post
1371 1066 1551 1134 ipsum
1596 1071 1788 1118 erecto
1827 1058 2131 1120 Bonifacio,

543 1158 636 1226 qui
670 1170 783 1213 tres
827 1172 1004 1211 annos
1044 1157 1209 1222 sedit,
1244 1156 1371 1210 dein
1407 1165 1655 1210 mortuus
1691 1165 1799 1210 est.
1826 1151 2133 1221 Factusque

544 1262 626 1301 est
681 1257 802 1318 post
847 1250 1024 1320 ipsum
1069 1249 1379 1319 patriarcha
1426 1248 1626 1303 ibidem
1676 1245 2005 1311 CeleStinus,
2037 1244 2132 1313 qui

546 1356 720 1396 annos
747 1341 938 1395 decem
987 1342 1151 1404 sedit,
1181 1341 1306 1393 dein
1344 1347 1595 1393 mortuus
1621 1344 1729 1393 est.
1774 1335 1909 1405 Ejus
1942 1333 2134 1405 praefe-

546 1443 714 1487 ctura:
752 1447 895 1486 anno
938 1432 1131 1501 quinto
1170 1428 1273 1485 fuit
1324 1431 1621 1485 cancilium
1668 1428 1889 1484 tertium
1938 1434 2131 1482 contra

544 1521 873 1589 Nestorium,
907 1522 1125 1592 Ephesi.
1150 1522 1308 1575 Anno
1331 1521 1542 1591 imperii
1572 1519 1838 1590 ejusdem,
1880 1518 2133 1574 videlicet

543 1612 838 1669 Theodosii
879 1614 1149 1678 Juniorts,
1194 1614 1392 1682 primo,
1422 1611 1755 1666 constitutus
1782 1622 1865 1664 est
1894 1607 2131 1681 Cyrillus

544 1708 848 1777 patriarcha
907 1705 1339 1769 Alexandrinus;
1367 1717 1545 1758 annos
1570 1702 1795 1772 triginta
1826 1712 1939 1756 tres
1961 1703 2127 1768 sedit,

2242 518 2352 565 tur.
2390 509 2623 579 Scripsit
2655 526 2785 580 ergo
2816 508 3399 578 Joannes'patriarcha
3438 510 3810 563 Antiochenus

2240 601 2307 654 ad
2337 600 2678 669 Nestorium,
2712 618 2792 665 se.
2841 604 2947 656 nisi
2994 602 3062 655 ad
3105 602 3390 655 veritatem
3435 602 3666 659 rediret.
3697 614 3815 655 con.

2240 703 2545 757 venturos,
2617 694 2831 765 ipsique
2896 691 3310 749 utaledicturos.
3376 692 3811 748 lntercesserunt

2240 786 2408 841 etiam
2459 788 2604 843 inter
2650 804 2745 843 eos
2790 787 3036 859 epistolae
3090 802 3197 839 non
3252 799 3438 854 pauca:
3476 802 3492 852 ;
3530 784 3815 841 Nestorius

2242 893 2369 933 vero
2396 894 2425 931 a
2460 880 2729 935 sententia
2755 895 2855 936 sua
2887 879 3310 952 haudquaquam
3355 882 3608 946 recessit,
3637 882 3729 936 sed
3765 882 3814 934 in

2240 985 2428 1026 errore
2466 987 2590 1036 suo,
2622 976 2975 1044 caecitateque
3006 989 3069 1028 ac
3097 975 3376 1044 opinionis
3398 975 3665 1043 pravitate
3696 989 3816 1043 per-

2240 1065 2465 1119 mansit.
2499 1064 2741 1121 Joannes
2764 1082 2895 1135 ergo
2925 1067 3235 1137 patriarcha
3276 1068 3650 1123 Antiocheuus
3686 1069 3817 1122 scri-

2241 1158 2347 1225 ptis
2381 1158 2447 1212 ad
2499 1158 2764 1229 Cyrillum
2818 1158 3255 1214 Alexandrinum
3295 1160 3496 1215 litteris
3529 1162 3814 1216 certiorem

2240 1251 2421 1319 ipsum
2455 1248 2586 1305 fecit
2628 1249 2937 1306 Nestorium
2968 1253 3024 1306 in
3068 1256 3356 1308 sententiae
3402 1268 3517 1309 suae
3554 1254 3817 1323 pravitate

2240 1355 2614 1410 perseverare.
2640 1343 2885 1413 Scripsit
2911 1344 3075 1415 igitur
3099 1343 3337 1416 Cyrillus
3371 1346 3436 1398 ad
3462 1345 3815 1400 Caelestinum

2240 1434 2606 1502 patriarcham
2634 1435 2963 1501 Romanum,
2988 1447 3043 1492 et
3077 1437 3145 1491 ad
3179 1435 3544 1491 Bu-Flavium
3577 1438 3812 1507 patriar-

2240 1527 2402 1579 cham
2435 1525 3021 1598 llierosolymitanum,
3065 1543 3168 1585 nec
3200 1544 3309 1583 non
3344 1528 3615 1584 Joannem
3646 1530 3816 1598 patri-

2239 1617 2460 1673 archam
2488 1621 2913 1685 Antiochenum,
2939 1636 3144 1692 rogans
3171 1634 3230 1676 ut
3258 1624 3312 1678 in
3345 1625 3482 1679 urbe
3512 1622 3731 1693 Epheso
3752 1624 3815 1678 ad

2237 1711 2636 1782 dispiciendum
2670 1717 2739 1769 de
2771 1716 3041 1770 sententia
3076 1714 3317 1771 Nestorii
3355 1710 3743 1778 cunvenirent.
3772 1726 3813 1771 si

542 1776 668 1854 dein
726 1810 980 1869 mortuus
1006 1806 1115 1852 est.
1186 1798 1347 1851 Anno
1384 1793 1722 1869 praefecturae
1764 1795 1936 1865 ipsius
1980 1796 2127 1849 vice-
2163 1776 2205 1835 Β
2233 1802 2420 1858 forsan
2472 1806 2651 1860 redire
2680 1808 2874 1870 vellet;
2914 1808 2999 1861 sin
3039 1807 3243 1870 minus,
3291 1823 3350 1863 se
3392 1809 3461 1861 ab
3490 1823 3557 1863 eo
3603 1810 3811 1864 stilidu-

536 1895 680 1948 simo
722 1896 925 1964 primu.
982 1892 1322 1945 celebratum
1379 1897 1464 1944 est
1506 1887 1821 1951 ,conciliutn
1877 1887 2125 1949 tertium,

538 1992 729 2038 contra
800 1981 1145 2038 Nestorium.
1204 1982 1364 2034 Anno
1430 1980 1593 2036 etiam
1662 1979 1840 2049 primo
1914 1976 2127 2047 imperii

537 2076 831 2138 Theodosii
875 2068 1120 2128 Junioris
1149 2074 1490 2128 constitutus
1532 2080 1616 2129 est
1667 2071 1975 2127 Alexander
2030 2085 2125 2140 pa-

534 2169 773 2223 triarcha
802 2166 1200 2230 Antiochctttts,
1253 2167 1348 2236 qui
1379 2182 1516 2234 cum
1564 2166 1723 2221 annis
1755 2174 1992 2234 quatuor
2033 2181 2125 2219 se-

533 2260 729 2319 disset.
764 2267 1012 2329 mortuus
1055 2267 1161 2315 est.
1199 2258 1331 2315 Post
1384 2274 1544 2329 quem
1579 2262 1756 2315 factus
1790 2267 1875 2315 est
1922 2259 2122 2313 ibidem

533 2328 843 2415 patriarcha
900 2348 1201 2404 Barodotus
1254 2328 1617 2420 (Theodotus)
1668 2349 1762 2420 qui
1810 2365 1906 2405 sex
1949 2365 2122 2404 annos

534 2445 697 2509 sedit,
732 2444 858 2497 dein
886 2455 1135 2498 mortuus
1169 2453 1273 2498 est.
1305 2444 1435 2499 Post
1464 2444 1641 2513 ipsum
1668 2444 1977 2512 patriarcha
2010 2446 2124 2497 Au-

532 2538 752 2592 tiochiae
783 2537 1076 2607 praefectus
1099 2535 1362 2603 Joannes,
1397 2538 1790 2608 septemdecim
1832 2552 2007 2592 annos
2026 2554 2117 2592 se-

529 2632 629 2695 dit,
663 2632 787 2685 dein
823 2641 1071 2686 mortuus
1099 2640 1205 2686 est.
1238 2636 1397 2685 Anno
1425 2630 1779 2701 episcopatus
1800 2632 1923 2697 ejus
1948 2634 2119 2687 unde-

528 2724 673 2779 cimo
730 2724 832 2778 fuit
900 2722 1194 2779 concilium
1256 2724 1474 2778 tertium
1528 2737 1717 2778 contra
1782 2723 2113 2780 Nestorium.

526 2815 686 2868 Anno
712 2814 942 2885 scptimo
968 2817 1181 2883 imperii
1218 2814 1515 2870 Theodosii
1550 2814 1798 2871 Junioris
1828 2818 2104 2871 constitu-

533 2915 619 2959 tus
650 2918 735 2961 est
775 2905 999 2961 Flavius
1046 2908 1357 2976 patriarcha
1410 2906 1959 2978 Hierosolymitanus,
2014 2912 2109 2978 qui

529 3013 703 3053 annos
743 2999 974 3069 triginta
1004 3008 1130 3053 octo
1154 3000 1313 3065 sedit,
1352 3000 1476 3055 dein
1524 3011 1775 3056 mortuus
1811 3012 1919 3058 est.
1954 3002 2115 3057 Anno

2230 1905 2435 1958 centes,
2479 1898 2582 1967 ipsi
2634 1899 3063 1963 maledicerent,
3118 1911 3283 1970 atque
3338 1900 3458 1957 loco
3508 1913 3809 1960 moverent.

2226 1986 2612 2043 Convenerunt
2642 2005 2771 2061 ergo
2794 1990 2849 2044 in
2882 1992 3017 2045 urhe
3043 1992 3259 2060 Epheso
3294 1994 3538 2064 episcopi
3563 1994 3811 2051 ducenti.

2226 2077 2453 2133 Concilii
2487 2081 2747 2149 praesides
2768 2090 2926 2135 erant
2951 2081 3193 2152 Cyrillus
3224 2082 3539 2152 patriarcha
3576 2085 3812 2140 Alexan-

2224 2169 2440 2235 drinus,
2489 2170 2816 2227 Ctelestinus
2876 2174 3185 2243 patriarcha
3240 2174 3557 2243 Romanus,
3608 2188 3667 2233 et
3720 2178 3816 2234 Bu-

2230 2261 2451 2318 Flavius
2475 2266 2791 2334 patriarcha
2821 2267 3370 2341 llierosolytnitanus.
3397 2268 3659 2326 Promisit
3681 2273 3813 2342 ipsis

2222 2357 2460 2412 Joannes
2498 2372 2558 2413 se
2587 2358 2929 2427 adfuturum,
2966 2370 3021 2414 at
3051 2375 3175 2415 cum
3213 2376 3423 2417 moram
3453 2365 3682 2421 trahens
3708 2381 3811 2419 non

2226 2453 2476 2518 veniret,
2514 2454 2662 2508 haud
2705 2457 2933 2510 ulterius
2983 2458 3160 2525 ipsum
3195 2469 3525 2527 exspectans
3570 2457 3812 2531 Cyrillus

2222 2545 2538 2612 patriarcha
2586 2548 3013 2616 Alexandrinus,
3047 2553 3387 2616 convocatis,
3416 2553 3509 2622 qui
3557 2554 3811 2623 aderant,

2218 2636 2523 2707 episcopis,
2558 2638 2627 2693 ad
2674 2637 2988 2694 Nestorium
3039 2642 3189 2696 misit
3223 2652 3284 2697 ttt
3323 2658 3384 2698 se
3417 2659 3522 2699 una
3562 2646 3809 2708 sisteret,

2218 2730 2313 2801 qui
2364 2730 2568 2799 Ephesi
2618 2740 2749 2786 tunc
2801 2741 2936 2785 erat.
2996 2732 3280 2790 Renueute
3329 2744 3511 2791 autem
3551 2734 3810 2793 Nestorio

2216 2826 2502 2889 accedere,
2522 2839 2647 2879 cum
2672 2834 2756 2881 ter
2782 2828 2849 2881 ad
2880 2829 3056 2897 ipsum
3087 2828 3146 2898 8
3173 2828 3439 2893 misisset,
3465 2844 3568 2885 nec
3590 2829 3690 2886 ille
3726 2839 3809 2886 ta-

2219 2933 2343 2970 men
2374 2917 2607 2983 veniret,
2644 2918 2976 2974 sententiam
3017 2919 3190 2989 ipsius
3222 2920 3289 2975 ad
3321 2935 3549 2975 examen
3585 2936 3813 2978 revoca-

2220 3020 2370 3073 runt,
2418 3012 2710 3082 ipsumque
2762 3014 3148 3069 maledictione
3205 3016 3434 3087 dignum
3471 3018 3807 3090 judicantes,

527 3089 863 3159 praefectura
887 3092 1007 3159 ejus
1040 3092 1255 3147 decimo
1288 3100 1490 3161 quarto
1533 3091 1635 3146 fuit
1657 3094 1951 3147 concilium
1993 3104 2107 3148 ter-
2140 3135 2184 3192 C
2222 3103 2569 3160 anathemate
2598 3106 2958 3172 devoverunt,
2990 3123 3054 3163 ac
3079 3107 3198 3163 loco
3235 3119 3549 3178 moverunt,
3582 3121 3808 3169 statue-

527 3183 664 3236 tium
692 3194 882 3237 contra
928 3181 1273 3242 Nestorium;
1303 3197 1520 3238 necnon
1573 3198 1721 3236 anno
1767 3183 2106 3252 praefectura:

523 3273 772 3343 ejusdem
790 3276 1077 3330 tricesimo
1097 3276 1329 3344 septimo
1351 3276 1643 3331 concilium
1668 3286 1923 3344 quartum
1945 3275 2109 3331 Chal-

525 3366 737 3423 cedone
762 3380 956 3422 contra
983 3368 1330 3425 Dioscorum.

598 3456 733 3531 1-4
765 3459 787 3477 ‘
826 3461 986 3513 Anno
1040 3460 1332 3516 Theodosii
1386 3461 1633 3517 Junioris
1663 3463 1886 3518 decimo
1914 3474 2111 3532 quarto

524 3552 865 3607 constitutus
895 3561 983 3608 est
1016 3552 1256 3607 Sisinins
1290 3557 1601 3624 patriarcha
1636 3558 2108 3626 Constantinopo-

524 3646 750 3711 litanus,
798 3648 891 3714 qui
937 3657 1048 3701 tres
1085 3662 1260 3701 annos
1303 3651 1465 3713 sedit,
1510 3650 1635 3703 dein
1678 3658 1929 3706 mortuus
1963 3661 2049 3704 est
2090 3668 2105 3704 :

527 3738 735 3808 fuitque
770 3749 895 3808 post
922 3741 1101 3807 ipsum
1140 3741 1453 3807 patriarcha
1481 3741 1959 3809 ConstantinOpoli
1998 3740 2105 3795 Ne-

524 3833 752 3895 storius,
783 3834 878 3903 qui
921 3849 1047 3887 cum
1089 3845 1325 3902 quatuor
1357 3834 1517 3889 anuis
1551 3850 1613 3888 ac
1649 3834 1869 3888 duobus
1904 3835 2106 3888 mensi-

528 3924 629 3978 hus
664 3926 918 3985 sedisset.
952 3926 1300 3979 anathemate
1326 3926 1556 3981 devotus
1589 3941 1652 3979 ac
1683 3930 1803 3979 loco
1826 3928 2105 3983 abdicatus

525 4022 629 4069 est.
659 4017 955 4071 Asserehat
977 4017 1248 4087 siquidem
1274 4016 1557 4072 Nestorius
1580 4020 1808 4072 Mariam
1835 4020 2103 4089 virginem

524 4124 710 4162 revera
746 4110 1029 4180 Dciparam
1061 4127 1171 4164 non
1206 4110 1376 4165 fuisse
1406 4127 1420 4175 ;
1447 4127 1570 4167 esse
1600 4114 1739 4169 duos
1769 4113 1931 4175 filios,
1966 4126 2105 4183 quo-

526 4216 647 4254 rum
677 4201 817 4255 alter
846 4202 919 4255 sit
948 4204 1112 4264 Deus,
1142 4218 1377 4271 euntque
1407 4219 1436 4255 a
1471 4205 1635 4259 Patre
1666 4207 1932 4275 genitura,
1968 4206 2103 4260 alter

522 4301 701 4348 autem
733 4295 922 4359 Immo,
952 4296 1043 4364 qui
1076 4311 1106 4348 a
1139 4296 1306 4352 Maria
1339 4307 1503 4353 natus
1538 4300 1637 4352 fuit
1676 4316 1689 4353 :
1721 4311 1889 4369 atque
1929 4300 2102 4353 Immi-

521 4400 643 4440 ttem
672 4387 839 4440 istum
867 4388 960 4456 qui
996 4403 1055 4441 se
1082 4387 1363 4443 Christum
1396 4391 1617 4454 dixerit,
1650 4407 1837 4445 amore
1882 4395 2097 4447 unitum

518 4490 641 4531 esse
683 4492 809 4530 cum
855 4476 988 4542 filio,
1039 4478 1320 4548 Deumque
1357 4481 1624 4548 appellari
1657 4493 1711 4537 et
1744 4481 1939 4536 Filium
1980 4481 2097 4550 Dei,

2222 3207 2460 3268 ruutque
2504 3198 2729 3254 Mariam
2781 3201 3047 3272 virginem
3085 3204 3177 3259 Dei
3214 3203 3442 3259 Matrem
3474 3219 3615 3267 esse,
3649 3204 3811 3261 Chri-

2217 3295 2475 3357 stumque
2506 3289 2673 3346 Deutn
2707 3307 2892 3348 verum
2922 3304 3088 3363 atque
3113 3295 3391 3349 hominem
3426 3296 3645 3351 duabus
3676 3312 3810 3351 con‘

2213 3388 2453 3436 stantem
2507 3386 2759 3448 naturis.
2821 3395 2877 3442 at
2930 3403 3165 3457 persona
3230 3405 3401 3443 unum
3457 3406 3603 3453 esse.
3656 3391 3806 3461 quod

2213 3471 2491 3527 diversum
2523 3485 2605 3528 est
2637 3475 2705 3529 ab
2750 3492 2958 3532 arnore.
3003 3480 3296 3536 Nest‘orius
3328 3483 3476 3537 enim
3517 3484 3807 3539 asserebat

2214 3564 2477 3618 unitatem
2536 3582 2657 3621 esse
2710 3568 2946 3624 duarum
3000 3587 3367 3640 personarum
3425 3588 3801 3641 consensum;

2210 3670 2334 3709 cum
2384 3656 2567 3713 unitas
2622 3675 2749 3714 vera
2808 3663 2879 3716 sit
2918 3675 2975 3717 ut
3028 3666 3100 3718 sit
3143 3682 3377 3735 persona
3424 3684 3532 3723 una
3584 3670 3802 3726 duabus

2210 3755 2425 3807 naturis
2476 3753 2812 3828 [constans].
2846 3760 2978 3815 Cum
3016 3773 3195 3818 autem
3238 3764 3352 3833 jam
3392 3764 3648 3823 Nestorio
3686 3785 3803 3828 nia-

2209 3844 2551 3911 ledixissent,
2600 3853 2833 3905 accessit
2862 3850 3103 3910 Joannes
3141 3858 3453 3925 patriarcha
3497 3861 3801 3919 Antioche-

2210 3955 2332 4001 nus,
2364 3943 2455 4007 qtti
2485 3956 2610 3994 cum
2640 3943 2751 4011 jam
2784 3946 2905 3999 illos
2928 3954 3054 4001 ante
3084 3948 3377 4004 adventum
3415 3967 3572 4006 suum
3604 3952 3800 4011 Nestoo

2207 4030 2289 4083 rio
2357 4029 2704 4087 tnaledixisse
2776 4038 3170 4103 comperisset,
3241 4040 3324 4094 ira
3393 4055 3712 4101 commotus
3776 4064 3791 4099 :

2205 4118 2435 4191 Injuria,
2504 4126 2713 4192 inquit,
2782 4128 3099 4186 Nestorium
3157 4132 3452 4202 achcistis,
3501 4139 3797 4212 ipsumque

2207 4212 2685 4273 maledictionibus
2725 4219 3003 4277 immerito
3053 4224 3375 4283 devovistis.
3426 4228 3794 4301 Nestorioqne

2203 4315 2264 4355 se
2295 4301 2618 4372 adjungens,
2650 4312 2975 4368 convocatis
3008 4316 3102 4383 qui
3150 4330 3275 4370 cum
3312 4320 3431 4389 ipso
3469 4332 3630 4377 erant
3670 4327 3794 4396 epl-

2205 4391 2410 4460 scopis,
2463 4393 2725 4465 Cyrillum
2783 4402 3152 4469 patriarcbam
3202 4408 3654 4479 Alexandrinum,
3693 4391 3791 4472 nec

2207 4497 2313 4535 non
2348 4484 2625 4542 Simonem
2655 4491 2973 4561 episcOpum
3011 4496 3367 4565 Ephesinum,
3405 4508 3779 4561 excommuni.

521 4582 631 4622 non
667 4583 877 4633 revera,
923 4568 1017 4623 sed
1066 4586 1159 4637 per
1209 4576 1647 4637 concessionem,
1700 4582 1754 4627 et
1810 4576 2093 4629 nominum
2130 4586 2173 4640 υ
2210 4577 2377 4631 cavit.
2407 4577 2544 4635 Cum
2572 4597 2702 4651 ergo
2734 4584 2983 4641 viderent
3012 4590 3145 4644 socii
3176 4591 3363 4662 Cyrilli
3394 4595 3783 4653 absurditatem

518 4662 982 4725 communionem,
1032 4673 1088 4717 et
1135 4664 1361 4718 honoris
1410 4680 1600 4729 causa,
1661 4665 1807 4721 sicut
1854 4683 1996 4721 unus
2026 4682 2091 4722 ex

517 4751 821 4821 prophetis.
849 4752 981 4819 Quae
1008 4754 1243 4810 Nestorii
1273 4759 1546 4811 sententia
1578 4774 1702 4811 cum
1734 4759 1801 4812 ad
1831 4758 2093 4827 Cyrillum

516 4845 881 4910 ρτιιτὶςιτειιειηι
931 4846 1357 4901 Alexandrinum
1408 4850 1763 4917 pervenisset,
1818 4851 1933 4919 ipse
1972 4867 2092 4906 eam

518 4938 831 5003 improbans
880 4940 945 4994 ad
992 4956 1117 4994 eum
1164 4942 1653 5014 Iitterassrripsit,
1688 4943 1739 4997 in
1776 4945 1978 5013 quibus
2015 4947 2095 4999 fa-

513 5039 659 5081 ctum
700 5027 815 5098 ejus
845 5040 903 5083 ut
949 5037 1107 5097 turpe
1144 5031 1439 5098 incusavit,
1475 5048 1540 5088 ac
1570 5036 1898 5089 sententiam
1926 5051 2087 5091 coar-

513 5125 629 5189 guit
681 5121 893 5189 ipsique
930 5124 1028 5175 viae
1062 5138 1176 5179 suae
1222 5125 1635 5193 perversitatem
1686 5129 1947 5195 ostendit,
1999 5146 2088 5183 ro-

510 5227 643 5281 gans
678 5222 735 5266 ut
772 5216 837 5267 ad
869 5219 1151 5269 veritatem
1196 5216 1417 5271 rediret.
1449 5219 1697 5284 Cumque
1728 5222 1911 5276 multa:
1944 5223 2088 5277 inter

510 5308 660 5374 ipsos
708 5308 901 5362 litterte
956 5310 1408 5375 intercesserant,
1458 5326 1556 5364 nec
1603 5328 1630 5363 a
1675 5315 1946 5369 sententia
1984 5330 2084 5370 sua

509 5407 874 5453 reverteretur
907 5397 1213 5464 Nestorius,
1244 5402 1468 5469 scripsit
1501 5402 1741 5472 Cyt'illus
1772 5405 2083 5471 patriarcha

506 5490 850 5543 Alexandria:
884 5491 946 5542 ad
974 5489 1237 5547 Joannem
1270 5493 1634 5559 patriarchani
1659 5497 2082 5563 Antiochenam,

509 5580 684 5646 ipsum
715 5584 879 5633 etiam
917 5596 1117 5649 mgnus
1160 5590 1219 5635 ut
1251 5582 1451 5636 litteris
1484 5582 1551 5636 ad
1586 5583 1900 5638 Nestorium
1940 5588 2085 5643 datis

508 5670 661 5726 illum
695 5673 984 5727 sententia:
1021 5687 1133 5729 sua:
1187 5673 1454 5729 fteditatis
1482 5684 1537 5729 et
1587 5675 1945 5734 absurditatis
1972 5694 2086 5736 mo-

572 5789 645 5852 (α)
678 5786 770 5840 llic
793 5789 843 5840 lu
866 5787 1089 5843 editione
1111 5791 1387 5847 Oxoniensl
1411 5792 1585 5857 incipit
1607 5802 1769 5847 tomus
1796 5796 1942 5850 alter.

2202 4684 2390 4723 eorum
2410 4687 2530 4741 qum
2550 4675 3055 4745 patravitiJaannes,
3072 4689 3193 4736 orto
3223 4685 3375 4737 inter
3390 4685 3539 4755 ipsos
3556 4690 3784 4747 dissidio

2203 4758 2417 4830 Epheso
2448 4766 2839 4822 discesserunt.
2875 4770 3136 4841 Factique
3169 4786 3296 4829 sunt
3320 4780 3454 4832 socii
3490 4777 3705 4850 Cyrilli.
3730 4793 3783 4837 et

2198 4853 2505 4911 Orientales
2520 4868 2701 4928 partes
2717 4864 2857 4927 duae,
2881 4864 3024 4919 inter
3036 4882 3171 4936 quas
3192 4868 3615 4929 intercesserunt
3634 4877 3779 4933 rixa.

2273 4949 2339 5001 At
2372 4966 2481 5005 non
2516 4952 2728 5008 destitit
2769 4953 3114 5014 Theodosius
3148 4976 3240 5015 rex
3278 4962 3453 5019 donec
3485 4965 3631 5022 inter
3646 4968 3773 5028 illos

2200 5056 2387 5109 pacem
2422 5046 2760 5103 conciliaret.
2798 5049 3155 5118 Scripserunt
3177 5068 3311 5123 ergo
3340 5057 3654 5116 Urientales
3706 5063 3768 5117 li-

2194 5130 2394 5186 bellum
2422 5132 2476 5185 in
2513 5148 2623 5203 quo
2644 5136 2960 5190 asserebant
2991 5150 3237 5195 sanctam
3258 5141 3480 5198 Mariam
3501 5144 3773 5218 Virginem

2195 5223 2360 5277 Deum
2385 5235 2439 5279 et
2459 5224 2746 5281 Dominum
2777 5238 3024 5285 nostrum
3048 5232 3232 5288 Jesum
3257 5235 3448 5308 9-11
3488 5239 3768 5296 Christum

2196 5317 2490 5385 peperisse,
2527 5320 2618 5387 qui
2656 5319 2902 5385 ejusdem
2942 5333 3027 5379 est
3060 5339 3181 5379 cuni
3214 5324 3374 5381 Patre
3405 5344 3507 5383 suo
3539 5339 3763 5393 naturae,

2192 5408 2555 5478 ejusdemque
2609 5426 2734 5465 cum
2788 5414 3103 5471 hominibus
3145 5418 3324 5485 quoad
3377 5420 3764 5476 humanitatem

2196 5507 2439 5561 naturai;
2472 5500 2611 5555 duas
2651 5502 2811 5555 etiam
2859 5514 3083 5557 naturas
3116 5504 3357 5561 confessi
3405 5516 3554 5572 sunt,
3590 5519 3641 5563 et
3672 5512 3767 5580 hy-

2194 5592 2437 5658 pustasin
2484 5607 2668 5656 unam,
2709 5608 2982 5663 unamque
3029 5608 3344 5664 personam,
3392 5606 3446 5651 et
3479 5599 3762 5655 anathema

2195 5685 2247 5738 in
2295 5679 2616 5739 Nestorium
2668 5683 3085 5741 denuntiarunt.
3122 5688 3368 5757 Eumque
3398 5687 3638 5745 libellum
3674 5704 3763 5761 per
