4070 6152
372 351 510 412 1033

1799 336 2163 399 ANNALES.

3475 329 3612 394 1034

368 461 597 516 Paulum
627 459 1022 529 metropolitani
1054 458 1420 512 llamcsanum
1449 455 1516 508 ad
1548 454 1807 525 Cyrillum
1839 466 1937 520 pa-
1971 459 2011 506 Α
2045 457 2229 518 utpote
2262 463 2386 502 cum
2427 444 2610 508 Pater,
2652 446 2808 516 juxta
2841 446 3015 514 ipsos,
3043 445 3291 514 genuerit
3335 445 3527 511 Deum,
3558 460 3613 503 at

370 552 667 606 triarcham
718 550 1148 605 Alexandrinum
1214 548 1483 603 miserunt
1535 563 1550 599 :
1594 561 1756 616 quem
1811 558 1933 597 cum

374 641 677 712 accepisset
707 651 866 711 atque
901 641 1219 711 perlegissct
1251 638 1506 710 Cyr-illus,
1544 654 1668 690 cum
1704 636 1840 706 ipsis
1870 635 1937 687 de

370 732 539 788 rebus
571 733 623 786 in
649 747 715 787 eo
746 734 1017 786 contentis
1047 731 1399 786 consentiens
1424 730 1525 784 hoc
1557 729 1661 783 illis
1693 727 1837 797 quod
1872 725 1938 779 ad

365 840 499 879 eum
533 841 857 896 responsum
886 825 1124 880 reddidit
1157 844 1170 879 :

446 918 707 973 Eamdem
739 932 839 987 ego
868 932 1028 985 quam
1064 933 1162 972 vos
1197 917 1251 971 in
1278 916 1486 971 libello
1526 923 1707 969 vestro
1739 912 1945 967 descri-

372 1009 565 1077 psistis
596 1010 755 1065 tidem
785 1012 1117 1079 amplemor;
1150 1020 1313 1079 atque
1352 1009 1454 1064 hoc
1480 1015 1638 1076 pacto
1669 1004 1770 1059 fuit
1806 1004 1946 1057 inter

374 1099 640 1169 Cyrillum
687 1110 740 1153 et
781 1099 1083 1153 Orientales
1111 1097 1426 1154 concordia.
1456 1097 1611 1163 Quod
1656 1104 1834 1149 autem
1867 1093 1947 1146 di-

376 1204 515 1246 cunt
561 1194 806 1246 nonnulli
837 1192 1100 1263 Cyrillum
1141 1206 1267 1246 cum
1300 1190 1542 1246 libellum
1581 1188 1945 1243 Orientalium

374 1285 686 1354 accepisset
710 1288 885 1354 ipsum
915 1284 1272 1354 improbasse,
1302 1298 1403 1338 nec
1429 1282 1635 1337 dixisse
1668 1282 1804 1333 duas
1847 1295 1949 1334 na-

378 1385 532 1429 turas
561 1384 612 1429 et
649 1374 983 1445 hypostasim
1018 1374 1279 1438 unam,in
1313 1386 1380 1429 eo
1409 1371 1529 1425 falsi
1566 1379 1713 1425 sunt.
1748 1369 1952 1422 Omnes

379 1468 525 1522 enim
573 1466 760 1535 Cyrilli
812 1467 935 1521 libri
1008 1466 1138 1521 illud
1193 1466 1398 1522 diserte
1454 1471 1727 1518 asserunt.
1786 1463 1954 1516 Porro

377 1559 689 1613 transmisit
727 1558 970 1629 Cyrillus
999 1558 1274 1627 cat-mplar
1301 1554 1468 1610 libelli
1494 1555 1853 1610 Orientalium
1888 1551 1952 1605 ad

377 1649 667 1715 Hilarium,
694 1654 1011 1721 episcopum
1032 1649 1182 1704 urbis
1210 1649 1479 1714 Corinthi,
1505 1656 1556 1703 et
1579 1649 1643 1701 ad
1672 1647 1953 1707 Acacium,

2044 556 2153 595 non
2188 541 2460 594 hominem
2492 556 2506 605 ;
2533 538 2699 593 Maria
2719 554 2848 594 vero
2879 539 3152 595 hominem
3179 542 3474 611 pepererit,
3504 560 3613 596 non

2044 642 2223 685 autem
2258 630 2444 685 Deum.

2120 721 2342 779 Dicetur
2390 740 2523 795 ergo
2570 725 2679 779 illis
2737 744 2753 780 :
2796 725 2853 781 Si
2885 726 2958 780 ita
2984 740 3072 781 res
3097 726 3379 784 sehaheat
3417 728 3494 783 nti
3524 744 3622 784 vos

2048 816 2251 883 dicitis,
2293 819 2400 872 erit
2442 817 2696 874 Christus
2762 820 2873 873 duo
2914 818 3153 884 Christi,
3204 819 3426 890 duoque
3473 817 3618 875 Filii.

2050 909 2166 963 Erit
2212 924 2341 978 ergo
2386 908 2640 965 Christus
2691 908 2836 964 Deus
2888 925 3071 975 verus,
3134 916 3188 964 et
3238 911 3413 965 Filius
3460 926 3623 966 vetus

2054 1000 2219 1067 Deus,
2268 1009 2322 1056 et
2368 1000 2620 1056 Christus
2678 1017 2840 1055 verus
2894 1002 3080 1065 homo,
3134 1010 3189 1056 et
3238 1002 3412 1057 Filius
3459 1018 3623 1058 verus

2054 1093 2241 1157 homo,
2276 1109 2401 1147 cum
2454 1094 2765 1148 necessario
2806 1093 3094 1148 dicendum
3144 1095 3214 1149 sit
3266 1096 3348 1148 vel
3396 1093 3621 1149 Mariam

2057 1187 2333 1256 peperisse
2364 1185 2660 1250 Christum,
2692 1188 2772 1242 vel
2814 1202 2919 1241 non
2956 1187 3252 1258 peperisse.
3287 1187 3346 1242 Si
3392 1189 3624 1259 peperit,

2058 1282 2373 1335 necessario
2399 1280 2506 1333 erit
2533 1291 2723 1350 partus
2746 1281 2830 1335 vel
2862 1280 3166 1349 spiritualis
3190 1280 3275 1337 vel
3299 1283 3624 1351 corporalis;

2058 1374 2104 1429 si
2136 1372 2467 1441 corpOralis,
2500 1373 2643 1427 alius
2676 1373 2778 1427 erit
2810 1371 2881 1425 ab
2919 1386 2985 1425 eo
3016 1386 3179 1439 quem
3217 1373 3408 1442 genuit
3445 1373 3626 1438 Pater,

2060 1466 2205 1522 unde
2233 1468 2548 1523 necessario
2575 1474 2835 1536 sequetur
2856 1467 2994 1519 duos
3021 1481 3144 1521 esse
3168 1464 3417 1521 Christus
3442 1483 3459 1531 ;
3482 1468 3629 1535 quod

2060 1560 2104 1613 si
2155 1559 2458 1630 spiritualis
2506 1558 2698 1625 fuerit,
2746 1561 2851 1615 erit
2892 1558 3147 1615 Christus
3193 1560 3366 1615 Filius
3402 1574 3545 1614 unus
3576 1572 3632 1616 et

2058 1652 2301 1706 Persona
2353 1665 2501 1717 una,
2559 1658 2615 1705 et
2667 1649 2922 1705 Christus
2985 1668 3148 1707 unus.
3212 1652 3481 1708 Probatur
3530 1655 3634 1708 hoc

380 1746 701 1813 episcopum
746 1743 1117 1803 Malatensem,
1153 1748 1207 1796 et
1242 1742 1309 1794 ad
1344 1740 1483 1795 alios
1514 1739 1800 1809 episcopos
1832 1739 1951 1807 plu«
1990 1779 2034 1835 Β
2062 1740 2360 1814 [exemplo]
2405 1742 2621 1799 laminae
2655 1741 2844 1798 ferrea:
2893 1744 2981 1797 cui
3017 1746 3204 1800 unitur
3248 1746 3410 1814 ignis,
3446 1756 3635 1817 utpote

380 1852 496 1899 res,
547 1838 811 1892 certiores
864 1838 986 1890 illos
1044 1836 1248 1889 faciens
1298 1834 1600 1889 Orientales
1658 1832 1724 1885 ad
1776 1846 1955 1884 veram

386 1926 546 1982 fidem
582 1929 834 1990 rediisse,
865 1944 1041 1997 neque
1073 1928 1331 1982 Nestorio
1364 1940 1653 1981 assensum
1695 1922 1958 1993 praebere,

387 2034 580 2074 verum
631 2019 961 2074 sententiam
996 2018 1251 2087 amplecti
1304 2016 1521 2072 concilii
1574 2014 1799 2068 sccumli
1846 2014 1963 2081 epi-

386 2126 685 2181 scoporum
717 2120 934 2165 centum
971 2109 1389 2178 quinquaginta,
1435 2107 1527 2178 qui
1564 2104 1964 2163 Constantino-

388 2204 503 2275 poli
534 2202 923 2258 convenientes
960 2201 1281 2256 Macedonio
1324 2201 1748 2255 maledixerunt.
1782 2197 1899 2251 Jam
1934 2212 1963 2249 a

386 2296 628 2349 concilio
671 2295 935 2356 secundo,
979 2295 1123 2363 quod
1176 2292 1438 2356 diximus,
1485 2291 1552 2345 ad
1602 2293 1824 2346 tertium
1863 2290 1966 2345 hoc

389 2387 683 2441 concilium
747 2386 852 2455 12
904 2387 1287 2456 episcoporum
1341 2384 1708 2440 ducentorum
1760 2384 1850 2452 qui
1911 2382 1966 2434 in

392 2480 532 2534 urbe
563 2479 764 2546 Ephesi
798 2479 1110 2548 congregati
1148 2486 1279 2531 sunt
1307 2486 1360 2530 et
1387 2474 1701 2531 Nestorium
1742 2476 1969 2529 anathe-

395 2573 529 2627 mati
590 2574 950 2634 devoverunt,
1003 2569 1132 2623 anni
1172 2580 1303 2624 sunt
1348 2568 1745 2640 quinquaginta
1800 2581 1966 2631 unus,

396 2665 562 2733 idque
593 2679 738 2718 anno
778 2663 929 2733 regni
960 2662 1256 2717 Theodosii
1296 2660 1569 2727 Junioris,
1619 2660 1969 2731 imperatoris

398 2756 772 2811 Romanorum
805 2757 1069 2811 vicesimo
1105 2757 1306 2823 primo.
1342 2754 1632 2809 Nestorius
1662 2764 1847 2806 autem
1879 2751 1970 2806 ubi

394 2853 589 2921 pulsus
621 2850 798 2906 fuerat
840 2847 1136 2918 Egyptum
1171 2851 1423 2912 tendens,
1466 2848 1521 2902 in
1570 2862 1633 2901 ea
1663 2847 1783 2919 eius
1818 2854 1973 2917 parte

396 2960 523 3012 qua:
558 2942 688 2998 Said
719 2942 947 3005 dicitur,
989 2942 1112 2996 loco
1146 2942 1395 2995 Echmim
1428 2941 1718 3009 appellato,
1765 2948 1971 3006 septem

400 3052 576 3091 annos
621 3037 883 3097 substitit,
925 3036 1051 3090 dein
1096 3042 1347 3087 mortuus
1394 3045 1500 3095 ρει,
1541 3048 1605 3084 ac
1638 3032 1885 3100 sepultus
1915 3030 1971 3084 in

398 3131 522 3182 vico
567 3128 770 3184 Saklan
817 3129 990 3193 dicto,
1023 3130 1077 3181 in
1120 3140 1231 3199 quo
1263 3136 1428 3180 aestus
1479 3125 1670 3195 ingens
1718 3124 1972 3193 contigit,
1998 3115 2045 3175 (Ξ

401 3239 469 3278 ac
503 3223 774 3293 prtecipue
808 3224 861 3275 in
899 3220 1035 3274 valle
1080 3220 1135 3275 in
1170 3235 1279 3291 qua
1323 3220 1438 3289 ipse
1474 3222 1719 3287 sepultus
1774 3217 1973 3282 fuerat,

401 3321 542 3371 adeo
574 3325 633 3369 ut
665 3330 827 3369 nemo
873 3314 926 3368 in
958 3330 1019 3368 ea
1058 3313 1313 3367 incedere
1345 3312 1425 3367 vel
1456 3328 1551 3381 per
1584 3327 1703 3364 eam
1741 3312 1976 3365 transire

406 3418 654 3479 tempore
704 3408 896 3462 aestivo
942 3415 1148 3477 posset.
1184 3408 1360 3474 Atque
1419 3406 1491 3457 ita
1540 3405 1848 3459 oblitterata
1895 3415 1979 3458 est

412 3503 686 3555 sententia
732 3499 969 3554 Nestorii
1016 3500 1191 3553 donec
1238 3497 1387 3551 illuni
1436 3499 1599 3567 longo
1646 3503 1768 3566 post
1800 3496 1978 3566 ipsum

408 3595 673 3666 temporis
705 3594 883 3665 spatio
912 3594 1265 3647 resuscitaret
1318 3588 1579 3643 Barsuma
1634 3589 1981 3659 metropolita

407 3689 777 3745 Nisibinensis
816 3697 1063 3756 tempore
1094 3684 1295 3739 Justini
1324 3681 1698 3737 Romanorum
1744 3683 1984 3751 impera-

409 3783 549 3840 toris
575 3790 631 3837 et
659 3781 866 3836 Kohadi
888 3778 1111 3835 Phiruzi
1146 3776 1239 3833 filii
1275 3776 1421 3847 regis
1467 3772 1758 3831 Persarum
1790 3818 1805 3839 ,
1834 3791 1985 3829 cam-

411 3891 522 3946 que
544 3877 598 3930 in
621 3876 867 3935 Oriente.
896 3888 960 3929 ac
988 3874 1259 3943 praecipue
1285 3872 1425 3939 apud
1454 3871 1747 3925 Persarum
1778 3869 1987 3924 incolas

412 3972 685 4020 astrueret
714 3981 729 4030 ;
758 3963 903 4018 unde
934 3971 1019 4017 est
1048 3962 1197 4032 quod
1241 3963 1397 4016 multi
1433 3963 1547 4016 sint
1586 3959 1902 4015 Nestoriani
1935 3962 1987 4013 in

412 4059 660 4122 Oriente,
687 4054 897 4110 scilicet
925 4055 1097 4120 lraco,
1125 4054 1187 4108 Al
1221 4054 1416 4122 Musal,
1450 4054 1596 4107 circa
1630 4052 1986 4124 Euphratem,

418 4159 476 4205 et
520 4149 574 4203 in
606 4146 1021 4217 IesOpotamia,
1053 4144 1149 4214 qui
1195 4144 1508 4200 Nestoriani
1546 4144 1803 4213 appellati
1836 4153 1989 4208 sunt,

418 4241 583 4297 titulo
612 4254 641 4295 a
670 4238 910 4295 Nestorii
953 4237 1175 4291 nomine
1211 4238 1470 4292 deducto.
1518 4236 1648 4291 Post
1677 4236 1991 4293 Nestorium

422 4336 761 4391 constitutus
808 4339 895 4385 est
927 4330 1201 4384 Maximus
1256 4329 1568 4399 patriarcha
1602 4328 1995 4385 Constantino-

2061 1846 2183 1901 qme
2229 1832 2301 1886 sit
2334 1832 2547 1903 gladius
2596 1850 2740 1889 unus
2780 1836 2874 1905 qui
2922 1843 2976 1890 et
3010 1844 3148 1902 urat,
3198 1847 3252 1891 et
3298 1839 3533 1903 scindat,
3580 1852 3634 1892 et

2063 1924 2263 1991 luceat,
2288 1934 2341 1981 et
2377 1935 2666 1991 coruscet;
2703 1942 2801 1981 nec
2829 1929 3055 1984 concedi
3088 1930 3194 2002 ιϐ
3219 1939 3396 2001 potest
3424 1940 3634 1999 partem

2065 2017 2300 2073 ferream
2341 2032 2460 2072 eam
2490 2032 2614 2073 esse
2657 2033 2775 2088 quae
2812 2021 2940 2084 urit,
2980 2029 3036 2075 et
3070 2022 3235 2085 lucet,
3268 2037 3391 2077 cum
3425 2023 3631 2077 ferrum

2066 2110 2152 2163 cui
2188 2126 2294 2164 non
2335 2110 2476 2166 inest
2522 2109 2664 2179 ignis
2708 2127 2817 2166 non
2867 2120 3027 2179 urat;
3059 2127 3236 2182 neque
3268 2124 3476 2182 partem
3504 2132 3634 2169 can-

2068 2206 2283 2256 dentem
2313 2217 2435 2273 quae
2470 2211 2621 2258 secat
2663 2204 2841 2271 ignem
2888 2219 3035 2271 esse,
3085 2221 3210 2260 cum
3259 2208 3404 2276 ignis
3440 2218 3635 2263 natura

2070 2310 2167 2347 sua
2214 2293 2391 2348 luceat
2437 2305 2491 2349 et
2529 2301 2674 2348 urat.
2724 2297 2902 2365 Atque
2950 2296 3056 2350 hoc
3105 2294 3405 2371 [exemplo]
3445 2316 3637 2355 verum

2069 2403 2192 2441 esse
2242 2397 2461 2441 constat
2506 2395 2560 2440 et
2608 2387 2965 2443 confirmatur
3005 2390 3151 2459 quod
3190 2394 3509 2460 protitemur
3536 2407 3640 2449 nos

2072 2477 2363 2542 Melchitze,
2411 2477 2690 2533 Christum
2737 2493 2863 2533 esse
2902 2494 3063 2532 unam
3114 2494 3428 2548 personam,
3472 2481 3640 2537 Deum

2070 2569 2393 2640 perfectum,
2437 2570 2827 2640 hominemque
2876 2570 3203 2641 perfectum,
3242 2582 3296 2627 et
3329 2574 3643 2631 confutatur

2076 2664 2221 2733 quod
2255 2674 2505 2718 asserunt
2543 2664 2875 2728 Nestoriani,
2905 2679 3030 2720 esse
3072 2666 3350 2722 Christum
3379 2683 3643 2739 personas

2074 2758 2232 2811 duas.
2267 2756 2410 2823 Quin
2448 2758 2616 2810 etiam
2652 2758 2760 2810 dici
2792 2758 2899 2811 illis
2927 2758 3145 2828 poterit,
3186 2760 3353 2814 dicite
3388 2761 3545 2815 nobis
3575 2763 3644 2815 de

2076 2848 2415 2904 humanitate
2436 2851 2525 2904 cui
2556 2851 2707 2903 unita
2738 2859 2825 2905 est
2859 2850 3139 2915 divinitas,
3172 2860 3335 2921 atque
3361 2853 3643 2907 nominata

2074 2954 2159 2998 est
2199 2944 2460 3000 Christus
2502 2943 2633 3017 [An]
2685 2960 2791 3000 non
2840 2945 3069 3000 desierit
3113 2960 3233 3001 esse
3274 2948 3550 3002 Christum
3580 2965 3647 3003 ex

2075 3053 2188 3108 quo
2229 3038 2393 3093 fuerit
2420 3039 2474 3092 in
2516 3047 2673 3094 utero
2710 3039 2901 3092 matris
2934 3054 3049 3094 sua:
3089 3037 3270 3094 Mariae
3304 3056 3476 3110 usque
3518 3042 3647 3095 dum

2082 3134 2265 3200 ipsum
2300 3139 2517 3201 pareret
2559 3137 2612 3185 et
2650 3131 2901 3195 lactaret,
2936 3141 2993 3185 et
3035 3130 3353 3198 adoleverit,
3390 3140 3445 3187 et
3473 3136 3651 3193 cruci-

2083 3226 2242 3285 fixus,
2284 3232 2337 3277 et
2393 3237 2587 3291 passus
2627 3222 2831 3276 fuerit?
2864 3223 2944 3275 An
2993 3222 3169 3277 donec
3210 3225 3434 3297 triginta
3478 3240 3653 3282 annos

2084 3318 2403 3385 compleret,
2441 3315 2606 3369 fuerit
2655 3331 2798 3369 unus
2847 3329 2912 3371 ex
2969 3332 3198 3370 immero
3249 3318 3553 3383 hominum,
3587 3334 3655 3373 ac

2087 3420 2199 3463 tum
2233 3410 2451 3462 demum
2484 3408 2672 3461 unitus
2705 3406 2869 3461 fuerit
2898 3407 3250 3475 humanitati,
3284 3423 3346 3463 ac
3376 3409 3555 3464 factus
3581 3413 3655 3466 sit

2085 3500 2357 3556 Messias?
2410 3498 2567 3565 Quod
2618 3499 2663 3553 si
2718 3498 2951 3553 dixerint
3001 3513 3109 3553 non
3159 3500 3328 3556 fuisse
3376 3502 3653 3559 Christum

2086 3590 2328 3662 quandiu
2368 3587 2469 3642 fuit
2521 3590 2575 3643 in
2613 3600 2772 3643 utero
2821 3588 3015 3643 matris
3055 3604 3169 3644 suae
3216 3589 3419 3656 Mariae,
3470 3606 3654 3644 verum

2084 3684 2311 3738 Mariam
2354 3684 2628 3751 peperisse
2674 3680 2974 3743 hominem,
3020 3696 3085 3735 ac
3127 3680 3306 3751 ipsum
3353 3681 3526 3735 donec
3556 3684 3659 3737 tri-

2086 3778 2236 3847 ginta
2271 3788 2444 3828 annos
2469 3772 2768 3842 compleret
2796 3787 2963 3826 unum
3006 3771 3182 3827 fuisse
3209 3787 3273 3825 ex
3314 3773 3653 3834 hominibus.

2090 3869 2288 3924 deinde
2322 3868 2529 3922 unitam
2563 3864 2733 3920 fuisse
2764 3864 3110 3919 divinitatem
3144 3879 3271 3919 cum
3300 3866 3660 3927 humanitate,

2092 3976 2155 4015 ac
2187 3960 2387 4014 factum
2427 3959 2596 4012 fuisse
2629 3957 2928 4023 Christum,
2964 3966 3109 4011 certe
3150 3957 3475 4011 sententiam
3506 3973 3662 4011 suam

2092 4060 2471 4114 astruxerunt,
2505 4058 2559 4105 at
2588 4047 2883 4119 Evangelia
2913 4048 3257 4105 mendacium
3296 4052 3659 4120 impegernnt.

2094 4161 2195 4203 nec
2240 4160 2347 4200 non
2390 4142 2592 4208 Paulo,
2647 4142 3016 4213 omnibusque
3058 4157 3199 4213 quos
3243 4141 3486 4199 Ecclesia
3528 4147 3660 4198 reci-

2095 4242 2176 4310 pit
2230 4238 2410 4298 libris,
2440 4245 2495 4290 et
2547 4250 2576 4289 a
2625 4235 2898 4290 sententia
2946 4236 3255 4291 Christiana
3299 4246 3666 4292 recesserunt.

2100 4331 2196 4384 Sin
2245 4328 2487 4384 dixerint
2530 4327 2873 4381 divinitatem
2927 4328 3251 4381 hmnanitati
3296 4328 3503 4382 unitam
3538 4330 3671 4399 17-

424 4428 724 4499 politanus,
751 4423 844 4495 qui
876 4435 988 4478 tres
1030 4438 1205 4477 annos
1235 4422 1395 4486 sedit,
1424 4421 1552 4475 dein
1595 4430 1844 4475 mortuus
1875 4431 1993 4486 est;
2022 4464 2076 4525 Β
2106 4422 2212 4492 19
2242 4420 2411 4473 fuisse
2439 4418 2568 4473 dum
2605 4417 2786 4472 adhuc
2820 4418 2874 4471 in
2912 4426 3068 4474 utero
3100 4427 3433 4501 gestaretur,
3472 4422 3673 4490 ipsum-

422 4521 655 4591 ipsoque
682 4516 924 4572 nondum
956 4515 1172 4584 sepulto
1207 4513 1385 4569 fat-tus
1412 4522 1496 4567 est
1525 4514 1759 4568 Proclus
1792 4513 1994 4567 ibidem

426 4611 763 4684 patriarcha,
803 4610 897 4679 qui
930 4622 1097 4677 super
1125 4604 1360 4660 Maximo
1392 4607 1595 4673 oravit,
1643 4622 1879 4677 eumque
1914 4624 2000 4662 se-

427 4705 614 4777 pelivit
638 4721 653 4768 ;
681 4718 919 4772 eumque
950 4708 1072 4768 post
1110 4700 1286 4769 ipsum
1330 4698 1594 4753 tredecim
1624 4712 1800 4753 annos
1828 4700 2003 4754 sedis-

426 4809 535 4862 set,
564 4802 812 4849 mortuus
846 4801 949 4846 est.

502 4886 684 4955 lnquit
725 4881 879 4947 Said,
927 4877 1142 4951 patricii
1197 4875 1440 4949 13-15
1487 4876 1657 4944 Illius,
1694 4878 1938 4933 medico.
1986 4895 2001 4932 ε

431 4978 626 5034 Visum
659 4986 742 5031 cat
776 4974 908 5029 mihi
945 4972 1049 5025 hoc
1080 4970 1202 5025 libri
1238 4972 1341 5023 mei
1375 4970 1537 5024 istius
1576 4970 1697 5024 loco
1729 4968 2008 5025 Nestoria-

430 5072 519 5127 nis
550 5080 878 5139 responsum
904 5063 1155 5126 reddere,
1182 5071 1235 5114 et
1262 5064 1550 5116 sententiae
1580 5063 1823 5133 ipsorum
1854 5066 2009 5119 falsi-

429 5169 605 5219 tatem
638 5169 803 5229 atque
834 5154 1228 5209 absurditatem
1268 5152 1667 5215 demonstrare,
1700 5168 1826 5208 cum
1854 5172 2009 5209 error

430 5255 528 5319 sit,
555 5250 771 5323 ipsique
807 5257 1049 5316 tempore
1090 5245 1195 5300 hoc
1240 5254 1432 5299 nostro
1466 5260 1494 5296 a
1525 5245 1764 5300 Nestorii
1796 5248 2009 5315 antiqui

431 5346 599 5401 dictis
624 5344 679 5399 in
707 5341 986 5395 diversum
1018 5337 1292 5400 abierunt,
1322 5346 1671 5391 autumantcs
1696 5336 2010 5393 Nestorium

437 5436 745 5493 asseruisse
782 5430 1065 5487 Christum
1096 5430 1233 5485 duas
1255 5430 1596 5483 substantias
1626 5444 1688 5483 ac
1718 5430 1858 5486 duas
1892 5448 2014 5499 per-

438 5547 608 5587 sonas
636 5544 785 5592 esse,
812 5525 980 5581 Deum
1007 5523 1303 5594 perfectum
1335 5523 1388 5578 in
1422 5539 1658 5592 persona
1682 5534 1733 5579 et
1757 5526 2015 5579 substan-

440 5629 515 5678 tia
553 5638 675 5688 sua,
715 5631 879 5690 atque
924 5619 1201 5673 hominem
1253 5617 1553 5684 perfectum
1599 5619 1653 5672 in
1695 5635 1929 5688 persona
1962 5629 2015 5673 t-t

440 5717 751 5773 substantia
783 5728 905 5776 sua,
946 5726 1010 5765 ac
1055 5709 1278 5764 Mariam
1315 5711 1591 5777 peperisse
1623 5712 1904 5766 Christum
1948 5731 2013 5769 ex

446 5822 601 5883 parte
634 5807 1018 5870 humanitatis,
1069 5819 1173 5857 non
1220 5820 1285 5857 ex
1328 5813 1487 5879 parte
1518 5804 1822 5866 divinitatis
1866 5826 2009 5881 sum,

804 5908 1075 5969 PATROL.
1125 5906 1241 5967 Ca.
1288 5904 1443 5965 CXI.

2103 4531 2207 4583 que
2238 4509 2402 4585 [tum]
2443 4510 2721 4565 Christum
2774 4508 2969 4574 fuisse,
3015 4523 3081 4563 ac
3115 4509 3170 4564 la
3201 4517 3359 4566 utero
3398 4510 3671 4580 gestatum

2105 4610 2296 4677 fuisse;
2330 4624 2394 4661 ac
2425 4615 2611 4661 natum
2646 4614 2701 4661 et
2733 4607 3022 4660 educatum
3056 4605 3230 4660 donec
3263 4604 3675 4675 crucifigeretur

2104 4712 2160 4757 et
2190 4701 2610 4761 interficeretur,
2634 4707 2746 4753 tum
2778 4696 3109 4753 confitentur
3134 4696 3360 4754 Ilariam
3397 4696 3673 4768 Virginem

2107 4797 2390 4868 peperisse
2454 4793 2647 4857 Deum,
2701 4789 2982 4845 Christum
3029 4802 3222 4855 unum,
3280 4796 3336 4842 ct
3385 4804 3675 4860 personam

2180 4980 2401 5036 Dicetur
2422 4990 2616 5031 rursus
2648 4974 2758 5028 illia
2784 4992 2797 5027 :
2830 4972 3063 5039 Quando
3089 4973 3302 5029 unitum
3334 4982 3418 5029 cst
3448 4978 3675 5032 verbum

2112 5072 2367 5130 homini?
2396 5080 2522 5125 ante
2550 5077 2791 5138 partum,
2832 5073 2924 5120 aut
2950 5075 3243 5137 antequam
3273 5068 3679 5138 conciperetur,

2115 5179 2183 5218 an
2218 5171 2495 5217 momento
2544 5156 2961 5229 partus‘lQuod
3000 5157 3046 5212 si
3083 5158 3345 5225 dixerint,
3384 5171 3509 5215 ante
3555 5147 3683 5233 par-

2114 5267 2231 5312 tum
2261 5270 2278 5310 :
2312 5267 2643 5325 reponemus
2675 5250 2785 5305 illis
2817 5266 2832 5303 :
2860 5249 3000 5305 Num
3032 5261 3159 5307 ante
3199 5260 3439 5320 partum,
3470 5264 3525 5309 et
3557 5263 3685 5307 anu:

2114 5345 2569 5418 conceptionem?
2599 5351 2694 5399 aut
2740 5352 2868 5398 ante
2912 5351 3130 5412 partum
3163 5354 3449 5414 postquam
3483 5362 3683 5400 concp-

2117 5453 2238 5512 plus
2265 5440 2395 5494 est?
2426 5437 2581 5503 Quod
2618 5438 2663 5492 si
2715 5436 2973 5498 dixerint,
3021 5443 3137 5489 tum
3175 5443 3302 5491 ante
3346 5437 3684 5493 nativitatem

2116 5550 2242 5589 cum
2297 5542 2422 5587 ante
2454 5529 2888 5599 conceptionem,
2935 5535 3221 5583 autumant
3268 5529 3480 5583 unitum
3517 5530 3685 5585 fuisse

2120 5629 2297 5696 ipsum
2338 5633 2631 5692 antequam
2666 5630 2814 5676 esset
2846 5621 3027 5683 homo,
3058 5630 3108 5674 et
3144 5628 3435 5690 antequam
3484 5622 3688 5676 forma-

2121 5732 2294 5784 ι-ι-ιιιι,
2350 5732 2399 5773 et
2464 5724 2753 5784 antequam
2808 5726 3179 5778 nasceretur;
3229 5731 3353 5785 quae
3408 5716 3453 5770 si
3502 5717 3575 5771 ita
3630 5731 3689 5771 se

2126 5816 2361 5868 habeant
2382 5808 2742 5867 ahsurditatis
2763 5809 3009 5879 arguitur
3041 5814 3315 5862 sententia
3338 5805 3693 5865 Neatoriauo-

3157 5904 3235 5964 33
