4068 6160
529 358 672 425 1035

1543 352 1913 418 EUTYCHll
1941 352 2475 415 ALEXANDRINI
2519 357 2718 418 PATR

3632 345 3764 415 1036

525 492 668 539 rum,
705 486 815 542 quo
878 470 1140 528 Aiternus
1191 471 1381 527 unitus
1444 468 1614 525 fuerit
1663 468 1869 525 homini
1922 482 1983 522 se
2031 481 2095 521 ex
2127 473 2174 529 Α
2203 477 2255 522 rt
2292 471 2614 526 conﬁrmata
2669 471 2872 527 veritas
2916 471 3037 541 ejus
3077 468 3222 539 quod
3271 466 3596 538 prolitentur
3636 460 3765 514 Hel-

525 574 675 637 partc
705 574 913 620 tantum
962 564 1038 618 ita
1093 563 1337 617 habenti.
1421 559 1595 616 llumo
1638 561 1787 616 enim
1822 576 1889 615 ex
1940 569 2092 630 parte

522 658 601 711 sic
631 670 690 711 se
731 638 1090 709 habens'talis
1120 653 1225 705 fuit
1253 668 1377 706 cum
1419 652 1591 707 forma
1625 652 1865 705 humana
1902 648 2095 702 induc-

522 760 705 812 retur;
740 749 883 801 unde
915 759 1142 800 necesse
1170 754 1253 799 est
1276 743 1383 798 illis
1416 752 1477 798 ut
1506 750 1795 796 autument
1833 739 2092 797 divinita-

524 851 634 893 tem
674 843 872 902 solum,
913 852 1037 890 eum
1066 835 1408 889 humanitate
1435 831 1608 887 hiisse
1637 846 1834 886 novem
1875 842 2095 885 nienses

519 943 614 986 aut
648 932 869 985 circiter
902 930 971 984 ab
989 929 1158 983 initio
1185 926 1581 995 coiicoptionis,
1610 939 1719 980 una
1748 924 2092 979 cumeadem

520 1037 748 1076 mancus
790 1025 842 1074 in
890 1020 1011 1074 loco
1045 1033 1153 1088 quo
1184 1018 1388 1087 gestari
1437 1015 1580 1070 solet
1623 1013 1856 1080 infans;
1894 1011 2095 1067 deinde

517 1121 677 1174 simul
716 1128 869 1170 natas
905 1115 1118 1180 fuisse;
1152 1112 1297 1182 quod
1330 1108 1663 1165 contradicit
1709 1108 1788 1162 illi
1827 1105 1975 1178 quod
2011 1105 2097 1160 di-

514 1223 665 1273 cunt,
712 1209 937 1262 Mariam
967 1208 1246 1277 peperisse
1274 1206 1562 1261 Christum
1604 1218 1670 1256 ex
1718 1210 1873 1269 parte
1902 1201 2097 1254 huma-

517 1303 703 1355 nitatis
760 1317 893 1364 siue,
956 1314 1065 1352 non
1124 1312 1192 1352 ex
1240 1306 1397 1367 parte
1450 1294 1757 1350 divinitatis
1800 1306 1935 1348 sum.
1998 1290 2095 1345 Sin

514 1393 770 1455 dixerint,
824 1389 1033 1444 unitam
1082 1387 1255 1443 fuisse
1297 1400 1424 1441 cum
1463 1399 1532 1440 eo
1572 1392 1862 1454 postquam
1899 1395 2097 1437 conce-

514 1496 642 1555 ptus
672 1493 817 1538 esset
856 1496 923 1536 ac
972 1480 1146 1536 lorma
1190 1478 1303 1550 20
1347 1476 1592 1550 perlecta
1632 1477 1900 1541 indutus;
1937 1489 2096 1543 rege-

515 1593 703 1633 remus
730 1578 864 1647 ipsis
896 1594 911 1630 :
944 1573 1085 1629 Tum
1115 1576 1259 1629 Deus
1289 1575 1343 1626 in
1382 1581 1542 1628 utero
1576 1578 1825 1643 gestatus
1853 1576 1939 1625 est
1970 1577 2098 1622 ante

514 1680 778 1741 partum;
819 1666 966 1739 quod
1018 1667 1067 1723 si
1121 1664 1349 1721 concedi
1399 1664 1577 1734 possit
1622 1670 1778 1719 utero
1821 1670 2097 1733 gestatum

514 1765 715 1827 fuisse,
772 1761 1003 1817 concedi
1050 1759 1216 1814 etiam
1267 1766 1474 1829 potest,
1519 1755 1674 1812 nasci
1727 1756 1991 1825 potuisse.
2039 1750 2098 1807 Si

2195 561 2377 624 cliitzc,
2407 563 2617 617 scilicet
2636 562 2858 618 Mariam
2891 563 3166 633 peperisse
3193 561 3384 624 Deum,
3407 570 3462 612 et
3486 556 3762 611 Christum

2199 668 2390 721 unum,
2423 666 2478 711 et
2517 656 2688 711 lilium
2721 670 2920 721 unum,
2945 667 2999 709 et
3034 669 3325 724 personam
3353 664 3541 706 unam.
3588 648 3765 715 inquit

2196 747 2327 803 Said
2364 747 2586 803 Patricii
2617 749 2783 812 lilius,
2816 746 3095 803 medicina:
3125 746 3405 801 studiosus
3434 759 3449 797 :
3477 743 3765 797 Antistites

2194 838 2438 905 erroris,.
2457 839 2712 894 videlicet
2739 836 3050 901 Nestorius,
3089 834 3413 905 Eutychius,
3446 832 3764 892 Dioscorus,

2198 932 2455 998 Severus,
2490 940 2545 986 et
2571 929 2813 987 Jacobus
2843 929 3212 993 Baradicusis,
3239 925 3351 999 24
3371 942 3493 981 eum
3523 926 3765 994 ipsorum

2196 1024 2528 1094 sequacibus
2562 1024 2798 1095 aliisque
2836 1021 3213 1086 heterodosis,
3240 1024 3337 1090 qui
3398 1026 3650 1073 astruere
3676 1030 3767 1070 vo-

2198 1111 2419 1169 luerunt
2471 1112 2894 1183 imaginationes
2925 1126 3057 1169 suas
3087 1126 3118 1166 a
3151 1112 3344 1166 timore
3395 1106 3489 1163 Dei
3540 1106 3768 1169 alienas,

2199 1216 2364 1278 atque
2414 1224 2444 1262 a
2504 1209 2586 1263 via
2625 1207 2715 1262 Dei
2759 1206 3105 1263 declinarunt
3142 1204 3297 1275 juxta
3340 1201 3627 1258 sententia:
3661 1216 3770 1255 sua:

2199 1301 2544 1373 pravitatem.
2579 1301 2634 1355 in
2662 1300 2835 1356 Deum
2859 1298 3118 1364 audaces,
3138 1310 3388 1367 quosque
3418 1296 3575 1350 mala:
3605 1294 3771 1349 inten-

2199 1394 2379 1449 tiones
2408 1408 2522 1447 sua:
2555 1398 2610 1449 et
2652 1399 2926 1461 corrupta:
2969 1383 3333 1460 cogitationes
3378 1386 3515 1441 mari
3567 1383 3769 1440 erroris

2202 1484 2635 1556 ingurgitarunt,
2666 1484 2742 1540 illi
2776 1484 3048 1553 (inquam)
3093 1496 3290 1539 omnes
3320 1481 3447 1535 illos
3475 1478 3681 1550 quibus
3710 1492 3767 1532 se

2199 1580 2618 1634 immiscuerunt
2663 1592 2881 1633 errores
2935 1574 3215 1631 mordicus
3264 1575 3654 1638 retinuerunt,
3705 1584 3771 1625 eo

2199 1669 2345 1739 quod
2380 1670 2695 1741 ignorarent
2719 1670 2974 1723 unionem
3006 1665 3314 1722 divinitatis
3344 1662 3565 1718 Domini
3602 1663 3769 1717 nostri

2198 1761 2399 1817 tlhristi
2432 1761 2572 1817 cum’
2593 1762 2934 1817 humanitate
2982 1760 3157 1830 ipsius
3184 1799 3200 1824 ,
3234 1760 3363 1813 dum
3397 1757 3773 1827 unusquisque

514 1856 754 1911 dixerint
802 1854 1062 1907 unionem
1106 1851 1312 1906 iactam
1357 1857 1605 1919 tempore
1648 1849 1976 1909 nativitatis,
2006 1845 2089 1900 di-

2200 1855 2445 1922 ipsorum
2473 1855 2526 1909 in
2560 1855 2796 1925 aliquem
2828 1870 2859 1909 e
2893 1853 3129 1908 diversis
3160 1850 3436 1907 mistionis
3468 1849 3647 1906 modis
3676 1850 3773 1903 im-

514 1949 691 2001 cimus
721 1962 734 1998 :
776 1943 819 1998 Τ
827 1960 915 1998 um
951 1957 1082 2014 ergo
1107 1941 1321 2012 peperit
1358 1938 1526 1996 Maria
1556 1938 1795 1996 Verbum
1829 1953 1937 1991 una
1969 1951 2094 1990 cum

514 2037 774 2101 homine;
810 2033 1045 2089 Verbqu
1091 2042 1275 2086 autem
1309 2039 1432 2085 tum
1467 2030 1613 2099 apud
1663 2045 1767 2084 nos
1796 2038 1911 2083 tum
1952 2025 2096 2095 apud

516 2146 613 2184 vos
645 2130 785 2182 Deus
820 2136 926 2182 est.
966 2125 1182 2195 Peperit
1215 2140 1347 2195 ergo
1376 2124 1550 2178 Maria
1604 2121 1797 2177 Deum.
1844 2120 1901 2176 Si
1941 2120 2097 2175 dixe-

512 2225 646 2284 rint,
694 2221 775 2273 lta
833 2230 960 2283 est;
1011 2232 1340 2287 reponemus
1395 2216 1595 2271 :.Cum
1648 2213 1876 2269 concedi
1927 2210 2099 2283 possit

514 2315 667 2370 nasci
697 2313 967 2383 potuisse,
984 2327 1085 2367 cur
1106 2324 1219 2365 non
1242 2311 1599 2372 concedatur,
1626 2307 1680 2361 in
1708 2314 1864 2362 utero
1890 2304 2094 2375 gestari

518 2409 761 2464 potuisse
790 2406 815 2460 ἳ
839 2404 995 2471 Quod
1028 2405 1074 2458 si
1100 2399 1497 2465 concesserint,
1524 2398 1637 2467 jam
1668 2396 1956 2453 sententia:
1984 2407 2098 2447 suae

513 2502 931 2562 valodixerunt-,
993 2499 1078 2550 sin
1135 2495 1281 2550 haud
1341 2491 1739 2555 concesserint,
1792 2488 2030 2543 dicimus
2058 2487 2094 2539 ':

502 2593 774 2658 Quantam
822 2602 906 2645 est
954 2591 1097 2641 inter
1140 2581 1682 2649 haee.discrepautia.
1744 2589 1802 2634 ut
1850 2579 1905 2632 in
1940 2586 2097 2632 utero

512 2694 776 2752 gestetur,
806 2690 862 2736 et
897 2688 957 2733 ut
996 2692 1258 2733 nascatur
1284 2676 1307 2729 ?
1344 2676 1402 2731 Si
1434 2673 1677 2730 dixerint
1702 2671 1871 2727 Deum
1903 2682 2095 2725 natum

513 2794 620 2832 non
646 2792 791 2838 esse,
826 2790 925 2828 nec
953 2774 1123 2827 luisse
1150 2770 1406 2825 unionem
1438 2774 1566 2825 ante
1592 2764 1962 2831 nativitatem,
1993 2775 2095 2817 nec

512 2879 662 2925 statu
700 2868 808 2921 isto
846 2865 1103 2929 durante,
1138 2861 1235 2919 sed
1276 2860 1450 2915 fuisse
1480 2870 1728 2928 tempore
1766 2854 2091 2919 nativitatis,

512 2960 752 3016 dicimus
780 2957 1018 3012 destruit
1051 2953 1155 3008 hoc
1196 2953 1330 3007 illud
1375 2951 1518 3023 quod
1550 2948 1823 3012 asseritis,
1865 2944 2093 3001 “ariam

514 3054 790 3125 peperisse
819 3050 1120 3104 Christum.
1164 3044 1444 3115 Siquidem
1481 3057 1589 3098 non
1624 3048 1709 3097 est
1738 3039 1896 3095 vobis
1926 3036 2091 3093 Chri-

512 3162 630 3205 stus
656 3147 816 3199 homo
852 3144 1023 3196 solus.
1058 3137 1191 3193 Cum
1227 3152 1360 3208 ergo
1394 3135 1652 3191 Christus
1686 3146 1793 3187 non
1827 3136 1901 3189 sit
1928 3130 2094 3187 homo

513 3244 686 3302 solus.
724 3238 891 3293 Maria
937 3245 1123 3290 autem
1168 3248 1234 3289 ex
1278 3231 1555 3287 sordentia
1587 3240 1770 3285 vestra
1812 3229 2089 3286 hominem

518 3335 725 3390 nudum
781 3331 1055 3402 pepererit
1105 3334 1232 3382 ante
1283 3325 1582 3387 unionem.
1623 3322 1877 3394 sequitur
1916 3323 2089 3395 ipsam

516 3427 794 3500 peperisse
829 3425 962 3479 illud
998 3421 1145 3491 quod
1186 3433 1294 3475 non
1327 3427 1447 3474 erat
1476 3417 1759 3485 Christus,
1799 3425 2090 3487 postquam

513 3530 699 3575 autem
736 3517 915 3580 fuerit,
952 3513 1155 3567 factum
1194 3524 1320 3566 esse
1355 3508 1636 3566 Christum
1675 3523 1775 3579 per
1810 3508 2090 3572 unionem,

512 3628 579 3669 ac
626 3613 799 3667 fuisse
835 3610 1093 3663 unionem
1147 3609 1270 3676 post
1323 3603 1690 3666 nativitatem,
1739 3615 1807 3656 ac
1859 3598 2093 3671 proinde

518 3704 798 3759 Christum
829 3700 1078 3755 evasisse
1126 3704 1252 3767 post
1284 3694 1651 3749 nativitatem.
1695 3691 1854 3758 Quod
1897 3689 1946 3745 si
1988 3690 2091 3743 hoc

520 3796 675 3850 vobis
714 3791 1015 3849 absurdum
1059 3787 1334 3850 videatur,
1367 3800 1434 3840 ac
1466 3782 1638 3839 Maria
1666 3784 1950 3839 Christum
1996 3796 2095 3850 pe-

510 3888 735 3957 pererit,
772 3887 887 3956 ipsa
910 3878 1394 3954 ergojnonpcperit
1419 3878 1692 3933 hominem
1723 3877 1926 3941 solum.
1957 3875 2096 3945 21-

514 3981 621 4050 23
670 3987 837 4048 atque
884 3978 990 4031 hoc
1024 3974 1345 4030 necessario
1388 3972 1558 4027 inlert
1592 3970 1869 4042 peperisse
1917 3969 2093 4039 ipsam

516 4070 683 4122 Deum
713 4083 839 4121 cum
884 4067 1127 4131 homine,
1165 4077 1269 4119 nec
1302 4076 1423 4119 non
1467 4063 1640 4119 fuisse
1671 4061 1930 4117 unionem
1967 4068 2096 4117 ante

514 4162 854 4216 nativitatem
889 4176 907 4216 :
939 4165 1103 4227 atque
1136 4156 1208 4213 ita
1237 4154 1527 4211 manifesta
1559 4152 1703 4210 facta
1726 4165 1813 4210 est
1844 4154 2099 4210 absurdi-

514 4267 600 4309 tas
626 4254 749 4323 eius
779 4253 924 4321 quod
957 4258 1212 4313 asserunt
1249 4248 1590 4312 Nestorlani.
1616 4247 1827 4304 scilicet
1867 4246 2093 4302 ﬂariam

514 4346 794 4417 peperisse
827 4342 1110 4399 Christum
1135 4354 1205 4397 ex
1238 4347 1392 4410 parte
1423 4336 1786 4393 humanitatis
1816 4351 1951 4401 sua,
1984 4352 2093 4391 non

510 4455 582 4493 ex
616 4446 770 4507 parte
798 4433 1137 4500 divinitatis;
1172 4441 1228 4487 et
1268 4432 1469 4487 veritas
1499 4429 1620 4500 eius
1645 4429 1794 4501 quod
1824 4430 2094 4485 conﬁten-

2200 1946 2430 2014 pingens
2456 1948 2504 2001 ei
2536 1945 2856 2002 adlimserit.
2882 1945 3068 2000 Visum
3092 1952 3178 2001 est
3206 1952 3389 1997 autem
3424 1941 3559 1995 mihi
3592 1950 3777 1995 osten-

2198 2038 2327 2093 derc
2362 2037 2661 2111 [diversos]
2693 2038 2961 2094 inistionis
2993 2038 3211 2099 modos.
3244 2050 3449 2105 eosque
3478 2034 3773 2104 explicare,

2201 2140 2259 2187 ut
2300 2132 2372 2186 ita
2404 2134 2799 2187 absurnlitatem
2848 2146 3039 2186 eorum
3090 2145 3211 2201 qua;
3250 2130 3438 2185 dicunt
3483 2125 3772 2199 percipias.

2200 2223 2309 2280 Deo
2331 2234 2509 2279 autem
2538 2224 2777 2292 potentia
2802 2232 2904 2277 est.
2932 2222 3038 2275 Pro
3065 2235 3259 2289 magna
3284 2218 3379 2273 Dei
3403 2216 3772 2287 providentia,

2195 2320 2410 2387 iustitia
2442 2320 2707 2388 perfecta,
2739 2326 2798 2372 et
2828 2316 3207 2373 misericordia
3238 2312 3463 2380 eximia,
3484 2311 3637 2367 misit
3660 2313 3775 2381 ipse

2203 2411 2440 2467 Verbum
2474 2427 2635 2467 suum
2667 2425 2892 2470 creans.
2945 2423 3057 2478 quo
3102 2407 3284 2461 omnia
3339 2404 3549 2460 creavit
3602 2404 3775 2475 iisque

2201 2517 2325 2557 esse
2362 2500 2536 2565 dedit,
2568 2499 2714 2570 quod
2743 2515 2775 2555 e
2814 2498 3126 2555 substantia
3159 2505 3245 2552 est
3276 2496 3517 2552 increata
3543 2535 3561 2561 ,
3588 2508 3774 2551 verum

2198 2607 2227 2643 a
2257 2588 2419 2645 Patre
2450 2599 2575 2644 ante
2604 2590 2790 2643 omnia
2818 2590 3018 2643 saecula
3048 2587 3317 2659 genitum,
3339 2602 3466 2643 cum
3496 2601 3606 2640 non
3632 2593 3776 2640 esset

2197 2694 2439 2750 unquam
2474 2679 2617 2735 Deus
2651 2680 2774 2736 sine
2804 2679 2983 2735 Verbo
3010 2688 3065 2734 et
3092 2679 3323 2746 Spiritu,
3355 2676 3773 2747 nequeVerbum

2198 2787 2439 2843 unquam
2471 2773 2541 2828 ab
2572 2773 2691 2844 ipso
2717 2783 3053 2843 separatum,
3079 2786 3258 2842 neque
3291 2786 3322 2824 a
3351 2769 3562 2840 Spiritu
3599 2772 3774 2840 ipsius

2196 2872 2445 2930 creante,
2475 2875 2571 2921 aut
2598 2880 2629 2919 a
2655 2864 2967 2920 substantia
2996 2866 3190 2933 ipsius;
3216 2878 3282 2918 ac
3311 2863 3605 2919 descendit
3636 2861 3774 2917 Ver-

2197 2960 2327 3017 bum
2362 2962 2455 3016 Dei
2495 2977 2691 3016 creans
2722 2977 2846 3015 cum
2874 2959 3236 3014 subsistentia
3261 2972 3360 3013 sua
3398 2967 3772 3028 permanente,

2197 3061 2457 3121 perpetua
2480 3091 2494 3115 ,
2525 3052 2761 3105 durabili
2790 3092 2805 3115 ,
2841 3065 2961 3120 qua:
2995 3060 3275 3117 nunquam
3327 3066 3437 3105 non
3485 3048 3624 3114 fuit,
3676 3062 3775 3103 nec

2197 3157 2323 3201 esse
2354 3142 2581 3208 desinit,
2612 3153 2668 3199 et
2716 3145 3063 3198 incarnatutn
3104 3155 3185 3197 est
3236 3158 3267 3195 a
3311 3142 3477 3197 Maria
3530 3141 3772 3214 Virgine,

2196 3236 2376 3308 puella
2411 3249 2621 3302 sancta,
2647 3238 2892 3308 25-27
2922 3238 3096 3293 electa
3125 3277 3140 3301 ,
3173 3253 3203 3293 e
3234 3242 3406 3308 stirpe
3452 3237 3734 3293 benedicta
3756 3276 3776 3301 ,

2192 3344 2225 3386 e
2266 3332 2529 3402 progenie
2574 3333 2909 3399 Aliralianii;
2946 3332 3099 3401 prole
3130 3332 3374 3396 lsraelis,
3406 3331 3549 3386 tribu
3581 3330 3734 3385 inde
3754 3370 3773 3394 .

2195 3420 2401 3476 laniilia
2439 3421 2683 3486 Davidis,
2717 3438 2885 3493 quam
2919 3421 2986 3477 ad
3022 3422 3161 3477 hanc
3211 3422 3579 3477 meonomiam
3614 3420 3777 3491 elegit

2193 3513 2459 3572 Dominus
2504 3530 2572 3571 ex
2627 3515 2886 3571 omnibus
2926 3514 3115 3570 mundi
3166 3514 3429 3580 (caninis,
3482 3515 3769 3586 ipsamque

2194 3606 2403 3677 Spiritu
2435 3619 2629 3663 saneto
2656 3609 2960 3675 niundavit,
2985 3607 3194 3677 Spiritu
3215 3605 3487 3681 [inquam]
3508 3622 3617 3664 suo
3645 3606 3773 3664 sub-

2192 3699 2459 3765 stantiali,
2488 3701 2624 3758 adeo
2658 3710 2716 3755 ut
2743 3704 2914 3772 ipsam
2948 3702 3198 3757 idoneam
3242 3701 3497 3757 redderet
3524 3702 3578 3756 in
3608 3714 3769 3773 quam

2194 3794 2557 3850 descenderet
2619 3794 2859 3850 Verbum
2920 3792 3014 3849 Dei
3064 3796 3455 3863 substantiale,
3497 3805 3665 3866 atque
3700 3796 3773 3851 ita

2188 3883 2503 3941 ohvelatum
2527 3893 2610 3940 est
2636 3882 2876 3940 Verbum
2905 3900 3100 3941 creans
3134 3886 3355 3941 homine
3382 3895 3588 3954 creato,
3614 3902 3771 3959 quem

2191 3977 2299 4033 sibi
2331 3978 2612 4033 voluntate
2646 3975 2737 4031 Dei
2766 3977 2964 4043 Patris,
2987 3988 3044 4034 et
3069 3979 3305 4034 consilio
3329 3979 3571 4051 Spiritus
3591 3982 3769 4039 sancti

2194 4081 2436 4137 crearit,
2456 4077 2766 4125 creaturam
2797 4085 2993 4124 novam
3026 4071 3237 4141 absque
3264 4072 3475 4128 semine
3522 4074 3690 4140 virili,
3715 4083 3770 4126 at

2194 4175 2297 4216 nec
2330 4159 2384 4213 in
2414 4161 2586 4232 ipsam
2614 4161 2839 4216 caderet
2873 4171 3153 4231 peccatum
3182 4201 3199 4228 ,
3228 4177 3331 4218 nec
3362 4176 3488 4217 cum
3545 4163 3767 4220 homine

2196 4254 2912 4309 consuetudinemhaberet
2938 4262 3033 4309 aut
3054 4270 3410 4327 congressum
3435 4296 3451 4320 ,
3486 4266 3579 4312 aut
3607 4258 3772 4313 viola-

2200 4350 2350 4397 retur
2379 4343 2571 4413 puellte
2596 4344 2963 4399 sanctissimae
2987 4345 3274 4416 virginitas
3296 4388 3310 4411 ,
3341 4347 3615 4403 hominem
3652 4363 3771 4421 per-

2196 4433 2398 4491 lectum
2435 4450 2561 4492 cum
2604 4451 2838 4509 corpore
2865 4452 2969 4491 suo
3002 4446 3058 4492 ct
3088 4440 3271 4492 anima
3319 4439 3629 4511 sanguinali
3658 4484 3674 4511 ,
3719 4450 3770 4499 et

516 4546 605 4589 tur
647 4531 939 4597 Ilelchitaa,
977 4528 1205 4585 Iariam
1240 4525 1520 4599 peperisse
1568 4524 1767 4590 Deum,
1813 4524 2094 4581 Christum
2128 4540 2173 4596 ι)
2205 4527 2403 4597 spiritu
2424 4526 2787 4594 intellectivo,
2818 4528 3075 4582 rationali
3097 4567 3114 4594 ,
3143 4532 3237 4599 qui
3268 4537 3354 4584 est
3385 4532 3564 4602 imago
3595 4532 3690 4588 Dei
3717 4534 3767 4588 in

518 4640 709 4689 unum,
755 4632 811 4679 et
856 4635 1145 4691 personam
1190 4634 1380 4682 unam,
1420 4629 1475 4673 et
1519 4617 1887 4673 substantiam
1934 4627 2092 4673 teter-

514 4734 665 4782 nam,
697 4726 752 4771 et
779 4714 1144 4770 substantiam
1176 4710 1247 4767 de
1278 4725 1423 4764 novo
1460 4709 1805 4780 productam.

589 4812 811 4866 Dicetur
846 4808 1016 4863 etiam
1060 4804 1207 4861 illis:
1240 4802 1300 4856 Si
1345 4803 1609 4857 asseratis
1641 4800 1922 4857 Christum
1952 4800 2091 4856 duas

514 4920 637 4961 esse
668 4901 1028 4964 substantias,
1057 4910 1224 4952 unam
1258 4902 1544 4956 mternam,
1582 4894 1808 4949 alteram
1842 4895 1909 4951 de
1946 4909 2091 4949 novo

515 4994 858 5067 productam,
884 4990 1011 5049 dein
1042 4986 1271 5048 Iariam
1312 4986 1591 5055 peperisse
1624 4984 1904 5039 Christum
1930 5021 1946 5047 ,
1975 4980 2089 5052 jam

514 5085 853 5144 conﬁtemini
906 5081 1133 5137 Mariam
1186 5080 1324 5134 duas
1388 5078 1489 5133 has
1548 5076 1912 5141 substantias,
1970 5089 2093 5145 quae

514 5190 646 5235 sunt
690 5178 969 5241 Christus,
1034 5172 1351 5243 peperisse;
1396 5168 1649 5225 Christus
1699 5183 1835 5239 ergo
1878 5173 2094 5223 constat

516 5274 727 5327 duabus
749 5267 986 5331 naturis,
1010 5279 1149 5335 quas
1174 5276 1297 5318 cum
1328 5260 1563 5331 peperit,
1590 5274 1698 5313 una
1730 5274 1917 5320 earum
1947 5255 2092 5310 Deus

514 5372 618 5423 est,
652 5360 863 5431 peperit
900 5371 1030 5425 ergo
1068 5354 1239 5409 Deum
1272 5362 1561 5407 aeternum.
1593 5348 1818 5413 Deinde,
1858 5361 1965 5401 non
1996 5362 2091 5417 po-

515 5463 619 5511 test
647 5449 874 5509 concedi
904 5449 1180 5519 peperisse
1210 5445 1313 5499 nisi
1354 5443 1499 5512 quod
1532 5441 1586 5495 in
1620 5450 1777 5495 utero
1814 5449 2086 5511 gestatum

518 5551 716 5612 fuerat,
745 5545 874 5599 hinc
899 5557 1029 5612 ergo
1059 5536 1369 5595 necessario
1415 5536 1666 5603 sequitur
1699 5533 1871 5601 ipsam
1911 5534 2080 5586 Deum

515 5643 665 5697 illum
694 5640 748 5691 in
774 5646 933 5693 utero
963 5640 1228 5703 gestasse.
1254 5632 1431 5698 Atque
1466 5627 1538 5682 ita
1568 5634 1787 5683 ostensa
1813 5636 1897 5679 est
1924 5631 2087 5681 etiam

518 5733 826 5789 absurditas
856 5727 1140 5785 sententia:
1188 5724 1641 5778 Nesmrianorum
1694 5720 2086 5785 asserentium,

515 5824 738 5879 Mariam
770 5836 866 5877 nec
900 5822 953 5875 in
983 5830 1137 5874 utero
1175 5818 1387 5882 tulisse,
1422 5830 1522 5872 nuc
1558 5814 1840 5886 peperisse
1872 5814 2037 5870 Detun
2071 5854 2085 5879 ,

2198 4622 2444 4687 homine,
2477 4629 2534 4677 et
2571 4620 2881 4676 similitudo
2910 4622 3106 4691 ipsius.
3139 4624 3279 4678 Cum
3311 4622 3472 4678 fuerit
3500 4625 3616 4693 ipse
3638 4626 3771 4681 inter

2193 4722 2477 4769 creaturas
2514 4713 2607 4767 Dei
2660 4714 2895 4768 maxime
2942 4716 3175 4771 idoneus
3230 4716 3284 4770 in
3334 4732 3445 4787 quo
3506 4719 3769 4775 habitaret

2203 4802 2372 4870 Deus,
2411 4819 2480 4861 ac
2507 4804 2904 4871 descenderet,
2951 4808 3167 4877 sibique
3203 4809 3255 4863 in
3295 4810 3479 4866 velum.
3506 4822 3766 4876 sumeret,

2194 4912 2296 4965 pro
2322 4912 2384 4951 ea
2414 4912 2521 4967 qua
2547 4908 2775 4954 caeteras
2797 4908 3061 4969 quotquot
3088 4910 3217 4955 sunt
3235 4912 3514 4958 creaturas
3532 4906 3767 4962 antecel-

2197 4989 2257 5041 lit
2294 4988 2556 5057 puritate.
2601 4987 2760 5042 Scias
2808 4988 2953 5043 enim
2991 5004 3104 5044 rem
3157 5001 3370 5045 naturae
3422 5008 3573 5063 purae
3631 4994 3771 5050 Ιηιὰ

2195 5080 2368 5146 cerni,
2400 5079 2509 5137 nisi
2540 5081 2593 5135 in
2624 5097 2691 5136 eo
2723 5082 2869 5152 quod
2898 5082 2970 5138 sit
3004 5093 3215 5139 natura:
3245 5084 3560 5150 crassioris;
3599 5102 3771 5157 neque

2194 5172 2348 5227 cerni
2388 5186 2550 5241 posse
2581 5173 2729 5242 quod
2763 5175 3012 5229 omnium
3041 5176 3278 5229 maxime
3308 5192 3505 5246 purum
3535 5187 3644 5245 est,
3673 5180 3770 5234 nisi

2196 5277 2319 5314 cum
2347 5276 2415 5316 eo
2454 5263 2599 5332 quod
2637 5264 2757 5333 ipso
2792 5265 3040 5319 crassius
3069 5265 3141 5319 sit
3168 5263 3575 5338 [coniunctum]
3603 5269 3659 5322 in
3686 5282 3769 5331 eo.

2195 5359 2339 5424 quod
2371 5362 2633 5425 appareat
2652 5372 2682 5411 e
2705 5358 2931 5411 materia
2952 5358 3358 5423 constantibus,
3381 5366 3594 5412 natura
3622 5372 3768 5414 cras-

2194 5448 2376 5502 sioris.
2412 5447 2725 5502 invenimus
2777 5457 2959 5501 autem
3008 5450 3257 5519 spiritum
3296 5449 3531 5505 hominis
3566 5453 3768 5507 intclle

2195 5539 2419 5600 ctivum,
2454 5538 2773 5592 rationalem
2797 5538 2909 5608 28
2939 5539 3211 5608 puriorem
3250 5555 3370 5593 esse
3400 5555 3465 5594 co
3492 5540 3643 5609 quod
3673 5559 3763 5609 pu-

2198 5630 2478 5683 iissimutn
2506 5638 2587 5683 est
2624 5630 2678 5683 in
2715 5632 2933 5685 cancris
2962 5632 3252 5693 creaturis,
3292 5631 3522 5699 ideoque
3556 5647 3622 5685 ex
3654 5650 3764 5688 oui-

2196 5724 2357 5777 nihus
2389 5721 2479 5778 Dei
2524 5723 2796 5797 creaturis
2840 5722 3075 5777 maxime
3124 5724 3356 5778 idoneus
3391 5723 3487 5778 fitil
3521 5724 3615 5794 qui
3660 5724 3764 5780 Deo

2197 5816 2373 5873 velum
2411 5824 2575 5882 esset,
2611 5814 2843 5885 ideoque
2876 5814 3080 5871 factum
3106 5822 3190 5871 est
3222 5814 3294 5870 illi
3330 5814 3530 5883 velum;
3557 5816 3763 5889 ipsique
