4070 6152
408 341 545 408 ιοῖΠ

1851 342 2217 406 ANNALES.

3531 346 3668 413 1038

403 459 626 516 interim
654 457 858 525 anima,
892 458 945 515 in
981 459 1249 533 sanguine
1279 456 1465 517 sedem
1501 457 1731 523 habens,
1760 456 1978 522 velum;
2010 458 2057 515 Δ
2086 455 2161 508 tia
2195 452 2558 511 humanitatis
2589 455 2908 526 coniunctio
2934 496 2949 521 ,
2991 456 3075 513 vel
3103 456 3396 515 translatio
3423 458 3507 515 vel
3541 462 3670 516 alte-

404 560 544 607 utet
570 565 773 622 corpus
821 565 1074 607 crassum
1103 592 1119 617 ,
1160 552 1340 608 velum
1372 550 1425 608 ei
1453 550 1600 624 quod
1638 550 1756 621 ipso
1788 546 1985 621 purius

403 645 478 702 sit
520 662 537 700 :
586 652 753 713 atque
805 644 909 698 hac
967 644 1182 699 ratione
1234 644 1536 714 assumpsit
1588 638 1829 697 Verbum
1889 635 1982 693 Dei

404 752 606 791 crcans
632 736 994 791 substantiam
1025 734 1268 791 hominis
1300 734 1571 805 integram
1593 748 1718 789 cum
1753 744 1986 803 corpore

406 829 583 898 ipsius
610 837 665 884 et
698 830 989 897 sanguine,
1009 828 1317 898 spirituque
1348 825 1685 882 intellectivo
1704 820 1984 886 rationali,

405 923 620 993 finitque
658 918 892 978 Verbum
926 920 1020 975 Dei
1051 935 1175 975 cum
1205 919 1567 976 subsistentia
1597 933 1698 974 sua
1720 956 1736 983 ,
1801 913 1988 971 subsi-

401 1016 604 1072 stentia
619 1012 977 1069 humanitatis
1004 1013 1189 1079 istius,
1219 1011 1379 1081 cujus
1402 1010 1715 1067 substantia
1746 1007 1988 1078 perfecta

404 1106 532 1168 fuit.
559 1121 627 1162 eo
662 1104 807 1175 quod
835 1105 1197 1161 subsistentia
1223 1101 1389 1160 Verbi
1434 1102 1531 1158 Dei
1563 1102 1737 1175 ipsam
1804 1097 1990 1157 subsi-

407 1211 558 1256 stere
581 1200 734 1255 fecit.
765 1197 952 1269 Neque
976 1198 1122 1253 enim
1156 1198 1273 1269 ipsa
1291 1204 1476 1253 creata
1496 1195 1623 1262 iuit,
1650 1194 1738 1250 vel
1763 1192 1991 1248 omnino

402 1292 709 1363 quidquam
748 1289 1012 1358 fuit,'nisi
1055 1305 1152 1361 per
1200 1285 1616 1345 subsistentiam
1651 1282 1817 1341 Verbi
1845 1283 1986 1349 Dei,

402 1384 552 1455 quod
590 1386 763 1455 ipsam
805 1382 1050 1451 creavit,
1081 1391 1138 1437 et
1174 1381 1481 1438 subsistere
1527 1379 1660 1436 fecit
1696 1380 1766 1435 de
1815 1377 1988 1434 nihilo

403 1478 640 1550 quodin
672 1486 828 1533 utero
859 1474 1104 1549 Virginis
1147 1483 1310 1531 antea
1358 1474 1724 1540 subsisteret,
1779 1479 1836 1529 et
1868 1472 1990 1528 sine

406 1584 579 1627 causa
615 1569 797 1641 aliqua
838 1587 867 1623 a
896 1584 1003 1641 qua
1034 1570 1148 1641 ipsa
1184 1568 1516 1640 principium
1538 1574 1708 1633 esset,
1748 1566 1865 1621 sive
1901 1581 1990 1621 se-

405 1662 556 1719 mine
582 1661 750 1729 virili,
777 1661 895 1719 sive
921 1662 1107 1732 aliquo
1137 1661 1396 1733 qquiam
1424 1700 1441 1728 ,
1474 1667 1699 1730 excepta
1731 1659 1989 1714 substan-

398 1754 485 1811 tia
513 1752 678 1810 Verbi
708 1753 949 1810 creantis
984 1768 1107 1827 qua
1149 1768 1258 1809 una
1285 1761 1374 1809 est
1399 1767 1430 1809 e
1460 1749 1733 1809 Trinitate
1762 1750 1984 1817 divina;

398 1859 571 1920 atque
597 1848 688 1904 illa
720 1846 1084 1903 subsistentia
1115 1861 1242 1903 cum
1284 1845 1608 1903 hominibus
1656 1850 1941 1899 numerata
1968 1885 1985 1911 ,

400 1950 463 2000 et
505 1954 632 1999 nota
673 1949 758 1997 est
790 1943 864 1998 ob
917 1956 1038 1998 eam
1086 1941 1179 1998 cui
1217 1940 1511 2010 conjuncta
1558 1946 1667 2005 est,
1711 1952 1989 2010 quamque

402 2037 613 2091 creavit
642 2037 803 2107 eique
836 2035 1093 2107 copulata
1127 2042 1236 2099 est,
1267 2034 1633 2090 substantiam
1662 2032 1987 2096 humanam,

405 2136 571 2198 atque
603 2128 722 2197 ipse
757 2127 971 2180 unitate
1015 2124 1388 2181 subsistentia:
1422 2125 1589 2179 istius
1626 2123 1816 2188 unius,
1849 2122 1985 2177 sub-

405 2221 673 2276 sistcutite
699 2220 969 2294 (inquam)
996 2220 1159 2275 Verbi
1188 2220 1282 2273 Dei
1305 2218 1597 2281 creatoris,
1627 2233 1773 2274 unus
1803 2206 1891 2271 est
1928 2216 1987 2272 in

405 2312 679 2370 Trinitate
709 2315 1017 2371 substantia
1045 2312 1355 2369 divinitatis
1385 2324 1534 2377 suae,
1570 2319 1626 2367 et
1660 2324 1806 2365 unus
1837 2308 1986 2363 inter

405 2409 660 2465 homines
695 2407 1002 2465 substantia
1034 2405 1407 2463 humanitatis
1436 2420 1571 2469 suae,
1602 2421 1709 2461 non
1741 2400 1983 2474 29—31

404 2500 541 2569 duo,
569 2518 760 2559 verum
790 2517 934 2557 unus
958 2515 1083 2555 cum
1120 2497 1283 2553 Patre
1310 2508 1365 2552 et
1399 2496 1632 2568 Spiritu,
1670 2506 1835 2566 atque
1866 2494 1984 2565 ipse

403 2595 554 2651 idem
584 2609 731 2650 unus
770 2594 936 2650 simul
962 2606 1087 2649 cum
1137 2590 1479 2657 hominibus,
1512 2590 1989 2661 comprehenderis

405 2687 547 2743 duas
578 2685 920 2743 substantias
954 2684 1206 2740 diversas
1230 2724 1250 2751 ,
1295 2696 1327 2738 α
1379 2681 1685 2738 substantia
1736 2679 1992 2753 {nempe}

406 2779 717 2835 divinitatis
739 2787 988 2841 creante,
1018 2784 1076 2831 et
1104 2773 1413 2831 substantia
1449 2774 1810 2831 humanitatis
1837 2787 1994 2828 crea-

407 2878 491 2935 ta,
526 2870 585 2925 in
619 2870 829 2925 unitate
860 2868 1238 2926 subsistentia
1256 2870 1441 2928 unius.
1474 2866 1850 2923 subsistentia
1873 2863 1993 2937 [in-

406 2960 601 3036 quam]
637 2961 827 3025 Verbi,
854 2960 1001 3031 quod
1033 2968 1119 3016 est
1145 2957 1319 3014 Filius
1346 2960 1565 3030 genitus
1607 2972 1637 3010 a
1668 2955 1830 3012 Patre
1864 2963 1995 3013 ante

408 3064 658 3127 tempora
684 3063 741 3110 et
770 3052 970 3110 secula
1009 3055 1217 3119 omnia,
1251 3052 1509 3123 idemque
1537 3057 1703 3105 natus
1731 3065 1798 3105 es
1820 3047 1993 3105 Maria

2092 547 2255 611 ratio,
2284 546 2367 602 vel
2402 547 2636 604 mutatio
2668 549 2830 605 unius
2856 566 2887 605 e
2915 549 3130 606 duabus
3159 550 3487 608 substantiis
3514 568 3546 607 a
3574 568 3673 607 na-

2091 648 2215 694 tura
2243 653 2368 696 sna.
2404 636 2523 695 Non
2544 648 2627 696 est
2649 651 2855 698 mutata
2902 651 3095 698 natura
3131 643 3342 708 divina,
3372 654 3434 699 ut
3457 643 3672 717 [cessa-

2094 741 2180 787 ret
2204 730 2354 805 esse]
2385 731 2598 798 divina,
2625 735 2867 789 creatrix
2890 773 2908 799 ,
2945 751 3120 806 neque
3150 736 3392 791 humana
3433 748 3492 790 ut
3524 739 3670 793 haud

2090 822 2328 895 amplius
2368 826 2442 881 sit
2486 823 2731 882 humana
2754 836 2941 881 creata
2976 843 2990 881 :
3024 837 3188 898 atque
3226 828 3330 883 hoc
3360 829 3671 885 istiusmodi

2091 924 2177 973 est
2214 915 2361 988 quod
2389 933 2503 975 non
2535 918 2832 974 absurdum
2874 918 3130 974 videatur
3170 920 3515 988 intelligenti.
3544 921 3669 977 Jam

2092 1008 2349 1065 alteratio
2374 1020 2431 1066 et
2456 1014 2690 1067 mutatio
2724 1013 3038 1068 necessario
3069 1014 3302 1083 requirit
3335 1014 3670 1081 mistionem,

2092 1114 2215 1155 cum
2247 1099 2415 1158 fuerit
2455 1116 2488 1158 e
2521 1101 2741 1161 duabus
2788 1107 3005 1163 naturis
3032 1122 3063 1162 e
3092 1110 3318 1165 materia
3353 1112 3671 1166 constanti-

2092 1196 2216 1261 bus,
2242 1197 2467 1259 crassis,
2498 1196 2676 1254 instar
2709 1213 2867 1269 aquae
2892 1210 2949 1256 et
2978 1202 3091 1256 vini
3120 1242 3137 1267 ,
3186 1203 3367 1259 mellis
3402 1210 3457 1261 et
3487 1205 3672 1269 aceti,

2092 1288 2210 1343 auri
2239 1298 2299 1343 et
2325 1290 2571 1360 argenti,
2600 1291 2729 1348 atris
2756 1300 2812 1349 et
2846 1294 3082 1364 plumbi,
3109 1303 3205 1349 aut
3244 1296 3332 1352 his
3361 1297 3625 1370 similium
3654 1315 3670 1365 ;

2092 1392 2215 1447 qua:
2240 1380 2425 1435 omnia
2450 1384 2721 1440 emateria
2748 1394 3010 1441 constant
3029 1393 3084 1441 et
3107 1402 3295 1444 crassa
3322 1395 3473 1446 sunt.
3495 1388 3675 1445 Omne

2093 1478 2276 1527 autem
2312 1473 2594 1531 materiale
2614 1477 2760 1546 quod
2794 1491 2917 1533 cum
2942 1479 3054 1534 alio
3084 1481 3351 1536 materiali
3381 1483 3672 1548 miscetur,

2094 1563 2410 1622 necessario
2442 1565 2606 1623 infert
2626 1568 2981 1628 mutationem
3000 1585 3107 1642 qua
3126 1571 3273 1627 aliud
3293 1573 3486 1629 evadat
3507 1590 3675 1645 quam

2092 1665 2328 1726 utraque
2361 1658 2464 1715 ista
2502 1672 2534 1715 e
2569 1662 2804 1717 materia
2845 1663 3158 1719 constantia
3212 1664 3366 1735 prius
3414 1665 3674 1734 fuerant,

2093 1762 2274 1818 neque
2295 1748 2558 1826 [maneat]
2582 1753 2770 1810 vinum
2795 1756 3010 1823 viuum,
3038 1771 3140 1813 nec
3161 1771 3302 1830 aqua
3329 1773 3497 1830 aqua,
3522 1768 3676 1830 post-

2091 1857 2254 1914 quam
2287 1846 2575 1903 commista
2614 1847 2839 1915 fuerint,
2867 1845 3119 1922 33-35
3139 1866 3318 1922 neque
3347 1866 3542 1908 aurum
3576 1868 3678 1908 au-

2091 1952 2237 2004 rum,
2292 1953 2394 1995 nec
2440 1946 2726 2013 argentum
2775 1951 3103 2012 argentum,
3138 1959 3243 2001 nec
3298 1960 3373 2000 tes
3421 1960 3520 2011 ars,
3573 1960 3677 2001 nec

2092 2031 2376 2101 plumbum
2440 2031 2726 2103 plumbum
2752 2074 2771 2101 ,
2804 2045 2928 2107 post
2947 2034 3168 2092 ‘factam
3208 2038 3546 2105 mixtionem,
3577 2040 3676 2096 sed

2096 2134 2326 2196 utraque
2357 2126 2590 2183 alterata
2625 2127 2741 2185 sint
2776 2143 2809 2184 a
2842 2130 3156 2186 substantia
3186 2145 3287 2187 sua
3331 2140 3389 2187 et
3434 2147 3528 2189 res
3565 2133 3675 2187 alia

2090 2217 2308 2273 diversa
2345 2219 2625 2275 evaserint
2650 2258 2667 2285 ,
2694 2235 2816 2291 qua!
2845 2229 3037 2276 neutra
3090 2225 3312 2293 penitus
3337 2238 3529 2279 earum
3560 2226 3632 2280 sit
3656 2266 3673 2289 ,

2090 2327 2195 2368 nec
2228 2312 2436 2369 utravis
2468 2316 2709 2382 ipsarum
2760 2314 3020 2369 immunis
3051 2316 3125 2371 sit
3155 2332 3187 2372 a
3216 2318 3591 2387 corruptione,
3617 2332 3680 2373 et

2094 2404 2424 2461 alteratione
2453 2404 2525 2459 ab
2572 2420 2641 2461 eo
2685 2419 2797 2475 quo
2826 2404 3004 2461 fuerat
3039 2415 3206 2462 statu.
3237 2407 3395 2474 Quod
3431 2410 3479 2465 si
3511 2409 3681 2465 fuerit

2094 2497 2279 2553 mistio
2313 2516 2345 2553 e
2373 2505 2565 2553 natura
2593 2498 2805 2561 subtili,
2842 2505 2900 2552 et
2931 2509 3124 2553 natura
3167 2515 3356 2556 crassa
3386 2543 3401 2567 ,
3434 2505 3546 2557 non
3591 2502 3677 2556 in-

2094 2589 2198 2645 fert
2227 2590 2413 2646 mistio
2438 2589 2537 2644 ista
2552 2590 2932 2646 alterationem
2962 2570 3061 2648 aut
3095 2595 3542 2657 conversionem,
3576 2608 3680 2650 es-

2092 2679 2258 2749 empli
2302 2680 2477 2750 gratia
2512 2698 2527 2735 :
2561 2682 2620 2735 In
2676 2681 2937 2739 mistione
2975 2684 3175 2739 auium:
3219 2693 3273 2738 et
3313 2684 3561 2755 corporis
3585 2682 3681 2759 [ex

2092 2772 2294 2842 quibus
2319 2772 2557 2844 constat]
2589 2776 2931 2841 homounus,
2960 2778 3146 2831 unitur
3174 2777 3404 2832 alterum
3438 2779 3595 2834 alteri
3618 2787 3681 2834 ut

2094 2878 2199 2919 nec
2228 2870 2464 2919 mutetur
2490 2865 2572 2918 vel
2601 2865 2865 2921 alteretur
2896 2867 3081 2921 anima
3146 2881 3178 2921 a
3222 2868 3529 2925 substantia
3578 2883 3680 2925 sua

2095 2971 2164 3011 ne
2230 2955 2305 3012 sit
2381 2958 2567 3012 anima
2647 2972 2771 3029 qua:
2826 2958 3132 3017 actionibus
3201 2961 3321 3017 suis
3387 2961 3683 3033 dignoscao

2092 3058 2205 3114 tur,
2241 3064 2418 3121 neque
2442 3065 2646 3122 corpus
2678 3064 2709 3107 a
2737 3061 2886 3108 statu
2920 3062 2976 3109 et
3009 3054 3323 3111 actionibus
3354 3056 3471 3112 suis
3500 3040 3680 3113 mute?

409 3138 639 3236 Yirgiue
665 3143 723 3199 in
755 3140 865 3197 iine
880 3142 1175 3236 temporis,
1208 3140 1280 3196 ita
1307 3150 1368 3195 ut
1400 3157 1509 3198 non
1530 3151 1885 3211 separaretur
1908 3139 1992 3197 vel
2017 3177 2063 3236 ε
2098 3152 2186 3198 tur
2206 3151 2263 3199 et
2283 3142 2566 3211 alteretur;
2594 3152 2690 3200 aut
2715 3146 3183 3216 quemadmodum
3210 3148 3301 3203 ubi
3328 3147 3516 3204 unitur
3534 3149 3679 3220 ignis

406 3249 443 3293 a
467 3233 653 3301 Patre,
680 3233 770 3290 vel
802 3249 834 3289 a
876 3230 1082 3305 Spiritu
1117 3241 1330 3290 sancto.

480 3328 687 3388 Verum
712 3329 856 3386 sicut
879 3329 1064 3385 radius
1083 3328 1281 3385 solaris
1302 3327 1395 3398 qui
1428 3326 1647 3398 genitus
1675 3336 1757 3383 est
1780 3328 1848 3383 ah
1872 3327 1993 3397 ipso

411 3426 551 3492 sole,
580 3424 746 3496 cuius
777 3424 870 3482 lux
898 3432 1074 3482 totum
1117 3422 1254 3479 illud
1286 3422 1431 3479 inter
1462 3422 1666 3478 crelum
1704 3430 1759 3476 et
1784 3432 1987 3477 terram

404 3516 700 3596 [spatium]
727 3516 939 3573 lumine
980 3517 1172 3587 implet
1196 3559 1212 3583 ,
1241 3514 1581 3583 conspicitur
1613 3516 1667 3568 in
1694 3513 1860 3569 donm
1892 3515 1993 3569 ali-

413 3626 548 3682 qua,
575 3618 744 3683 atque
774 3611 832 3664 in
874 3608 993 3680 ipsa
1020 3622 1153 3664 vere
1176 3615 1265 3662 est
1292 3608 1417 3661 luce
1447 3614 1503 3660 et
1531 3606 1714 3661 calore
1753 3618 1879 3665 suo,
1915 3604 1994 3659 ita

411 3714 595 3760 tamen
635 3714 697 3757 ut
722 3715 916 3758 revera
950 3698 1174 3755 minime
1203 3705 1490 3770 separetur
1519 3710 1551 3751 a
1583 3695 1734 3752 fonte
1766 3710 1877 3766 quo
1900 3710 1996 3765 ge-

412 3798 565 3853 nitus
590 3804 697 3861 est,
726 3808 852 3850 cum
882 3808 986 3851 nec
1017 3793 1087 3849 ab
1118 3792 1292 3865 ipsius
1316 3805 1548 3859 corpore
1576 3806 1679 3846 nee
1722 3789 1846 3846 luce
1890 3789 1990 3844 ab.

410 3889 715 3951 scindatur,
753 3887 827 3941 ita
866 3886 1033 3941 etiam
1063 3884 1330 3939 habitavit
1356 3880 1530 3938 Filius
1565 3880 1665 3937 Dei
1702 3880 1761 3936 in
1793 3880 1992 3935 buma-

411 3984 605 4045 nitate,
634 3980 709 4035 ita
748 3987 808 4034 ut
847 3978 1072 4033 minime
1102 3990 1134 4031 a
1164 3976 1329 4030 Patre
1355 3986 1708 4047 separaretur
1731 4013 1747 4037 ,
1779 3971 1994 4045 fuitque

412 4074 471 4128 in
504 4072 848 4127 humanitate
886 4085 1034 4137 vere,
1086 4068 1344 4138 idemque
1387 4082 1516 4123 vere
1560 4082 1683 4121 cum
1726 4066 1890 4122 Patre
1938 4074 1997 4121 et

411 4162 622 4233 Spiritu
672 4172 889 4217 sancto.
932 4162 1012 4216 Ac
1066 4158 1214 4214 sicut
1256 4157 1483 4213 verbum
1519 4157 1762 4211 hominis
1794 4157 1889 4227 qui
1924 4155 1993 4210 ab

414 4255 698 4314 intellectu
732 4239 905 4323 ipsius
936 4249 1180 4322 gignitur
1209 4249 1420 4304 charte
1450 4236 1797 4314 inscribitur,
1827 4248 1995 4302 adeo-

413 4363 523 4418 que
554 4355 733 4401 t0tum
765 4359 891 4400 vere
928 4343 1094 4398 estin
1132 4342 1325 4398 charta
1354 4340 1430 4395 ita
1460 4350 1520 4395 ut
1553 4341 1771 4395 interim
1800 4341 1871 4396 ab
1911 4340 1995 4394 in-

413 4438 640 4493 tellectu
664 4450 696 4491 a
718 4452 828 4508 quo
849 4437 1090 4507 genitum
1114 4443 1202 4490 est
1229 4434 1654 4505 haudquaquam
1686 4441 1995 4503 separetur,

2101 3251 2224 3292 cum
2252 3236 2399 3293 ferro
2429 3237 2714 3309 ipsumque
2737 3237 3043 3295 subtilitate
3063 3255 3160 3295 sua
3190 3252 3454 3313 penetrat.
3485 3243 3684 3298 sitnat-

2099 3343 2208 3398 que
2240 3328 2542 3397 conjuncta
2573 3344 2678 3385 uua
2709 3330 2848 3385 (lunt
2872 3346 3071 3399 pruna,
3098 3334 3171 3386 ita
3203 3340 3262 3388 ut
3293 3347 3393 3388 nec
3415 3336 3684 3391 alteretur

2103 3419 2245 3490 ignis
2279 3421 2361 3477 vel
2399 3431 2637 3477 mutetur
2660 3435 2698 3477 a
2728 3422 3039 3477 substantia
3072 3438 3176 3478 sua
3214 3440 3282 3480 ne
3305 3426 3380 3480 sit
3425 3425 3568 3497 ignis
3598 3425 3685 3481 lu-

2098 3526 2253 3578 cens,
2290 3526 2495 3578 urens;
2532 3498 2708 3584 neque
2734 3515 2998 3569 aiteretur
3043 3514 3249 3571 ferrum
3281 3527 3376 3571 aut
3408 3528 3678 3581 mutetur,

2103 3621 2174 3661 ne
2206 3605 2282 3661 sit
2311 3606 2514 3659 ferrum
2558 3605 2915 3661 materiatum
2962 3607 3112 3677 quod
3158 3607 3406 3664 vulneret
3441 3619 3498 3665 et
3526 3610 3680 3667 sein-

2100 3699 2199 3752 dat
2233 3713 2250 3751 :
2284 3698 2479 3753 eodem
2508 3696 2671 3752 modo
2717 3697 2779 3752 iit
2823 3698 2879 3754 in
2910 3700 3062 3754 omni
3113 3702 3340 3756 mistura
3368 3717 3490 3771 qua:
3522 3716 3683 3758 com-

2103 3790 2282 3861 posita
2312 3800 2399 3846 est
2432 3804 2466 3847 e
2492 3790 2661 3847 rebus
2686 3791 2898 3847 duabus
2930 3793 3187 3857 diversis,
3222 3809 3459 3862 quarum
3512 3796 3684 3852 altera

2105 3886 2175 3941 sit
2202 3882 2505 3955 spiritualis
2529 3920 2547 3947 ,
2572 3882 2814 3947 subtilis,
2841 3884 3014 3939 altera
3042 3886 3345 3942 materialis
3375 3898 3430 3942 et
3455 3901 3682 3954 crassa;

2104 3976 2273 4032 veluti
2307 3976 2490 4031 anima
2542 3984 2597 4030 et
2641 3990 2875 4046 corpus;
2912 3976 3058 4046 ignis
3107 3986 3163 4031 et
3208 3977 3453 4046 ferrum;
3499 3980 3583 4034 vel
3627 3990 3689 4034 ut

2103 4070 2209 4135 sol,
2238 4068 2331 4140 qui
2358 4084 2421 4125 se
2450 4067 2725 4123 immiscet
2754 4084 2931 4137 aquae,
2963 4072 3099 4136 luto,
3144 4071 3411 4142 omnique
3436 4073 3688 4129 materiai

2104 4161 2375 4225 humida,
2413 4169 2471 4215 et
2496 4160 2699 4232 putida
2720 4199 2739 4225 ,
2772 4177 2946 4233 neque
2985 4172 3229 4219 mutatur
3249 4167 3333 4220 vel
3362 4166 3627 4223 alteratur
3652 4180 3688 4222 a

2105 4255 2227 4310 luce
2259 4251 2529 4307 munditie
2556 4260 2614 4307 et
2644 4253 2879 4322 puritate
2918 4270 3015 4308 sua
3036 4295 3055 4319 ,
3094 4255 3225 4311 licet
3253 4272 3379 4312 cum
3426 4259 3575 4313 omni
3626 4274 3689 4315 re

2106 4347 2284 4417 nigra,
2318 4354 2374 4400 et
2410 4342 2634 4401 sordida
2664 4345 2777 4417 36
2805 4346 3015 4413 putida,
3044 4355 3102 4401 et
3133 4348 3417 4403 immunda
3446 4351 3687 4407 miscea-

2110 4447 2236 4503 tur;
2268 4436 2394 4507 quia
2428 4451 2537 4492 non
2567 4436 2628 4489 iit
2665 4451 2909 4506 unquam
2942 4438 3171 4493 mistura
3206 4440 3311 4494 nisi
3356 4442 3532 4497 tribus
3564 4458 3689 4497 mo-

420 4546 598 4601 ueque
634 4529 707 4585 ab
730 4544 800 4586 eo
847 4536 1134 4598 separetur
1183 4527 1497 4585 intellectus
1536 4541 1567 4580 a
1597 4542 1709 4596 quo
1753 4528 1999 4598 genitum
2037 4538 2083 4594 ῐ)
2111 4530 2220 4594 dis,
2256 4544 2491 4600 quorum
2524 4543 2668 4584 unus
2695 4537 2785 4584 est
2818 4545 2943 4584 cum
2991 4530 3293 4587 miscentur
3321 4534 3444 4588 dum
3477 4543 3689 4593 natura:

421 4631 530 4686 est,
560 4622 821 4693 quoniam
872 4621 1184 4675 intellectus
1217 4634 1313 4691 per
1356 4618 1583 4674 verbum
1634 4617 2001 4689 dignoscitur,

419 4729 545 4769 cum
579 4712 630 4768 ci
660 4711 817 4780 insit,
848 4723 1014 4783 atque
1044 4710 1273 4765 verbum
1305 4719 1483 4765 totum
1520 4710 1591 4765 sit
1626 4710 1684 4764 in
1714 4710 1999 4765 intellectu

422 4805 517 4874 qui
544 4804 720 4874 ipsum
752 4802 962 4875 genuit,
994 4810 1281 4872 totumque
1310 4800 1368 4855 in
1398 4799 1606 4870 seipse,
1633 4814 1699 4855 ac
1725 4810 1898 4857 totum
1944 4800 2002 4855 in

400 4894 617 4948 .charta
644 4894 733 4949 cui
771 4891 881 4961 32
909 4891 1125 4946 unitum
1158 4899 1245 4945 est
1279 4907 1295 4943 :
1341 4889 1595 4946 similiter
1622 4887 1866 4944 Verbum
1903 4888 1999 4943 Dei

421 4966 595 5044 totum
624 4994 711 5042 est
742 4986 797 5041 in
821 4985 984 5040 Patre
1012 4998 1041 5035 a
1065 4998 1175 5051 quo
1205 4983 1449 5051 genitum
1480 4991 1563 5037 est
1590 5024 1607 5050 ,
1640 4991 1696 5037 et
1734 4991 1910 5037 totum
1947 4984 2004 5037 in

420 5079 627 5149 seipse,
655 5083 942 5146 totumque
972 5076 1027 5129 in
1059 5074 1265 5144 Spiritu
1295 5112 1311 5139 ,
1334 5089 1400 5130 ac
1443 5082 1623 5129 totum
1654 5074 1706 5128 iu
1744 5073 2003 5129 humani-

422 5183 560 5240 tate,
592 5170 649 5225 in
687 5185 796 5242 qua
844 5168 1090 5231 resedit,
1120 5168 1322 5236 cuique
1353 5167 1563 5220 unitum
1596 5173 1703 5221 est.
1736 5165 2004 5230 Quamvis

418 5266 569 5321 enim
594 5263 776 5319 omnis
809 5259 1115 5316 similitudo
1144 5266 1329 5314 creata
1371 5259 1531 5328 longe
1576 5258 1720 5311 absit
1755 5257 1824 5311 ab
1853 5271 1919 5311 eo
1948 5268 2007 5311 ut

420 5361 732 5411 creatorem
760 5350 987 5412 referat.
1016 5366 1123 5405 non
1151 5350 1315 5405 desiit
1338 5356 1527 5404 tanien
1562 5347 1706 5404 Deus
1744 5348 2006 5403 similitu-

418 5450 579 5502 dines
626 5443 804 5501 servis
827 5444 943 5499 suis
968 5444 1023 5498 in
1057 5443 1314 5497 omnibus
1337 5441 1496 5496 libris
1521 5440 1640 5495 suis
1670 5452 2001 5511 proponere,

426 5552 486 5593 ut
516 5553 581 5593 ea
609 5552 734 5607 qua:
762 5550 869 5591 non
901 5546 1136 5590 cernunt
1180 5548 1248 5589 es
1280 5532 1351 5589 iis
1384 5548 1508 5601 qua:
1541 5541 1778 5587 cernunt
1804 5530 2008 5588 intelli-

425 5641 638 5701 gerent,
674 5643 851 5699 eaque
875 5641 1001 5698 qua:
1029 5627 1162 5696 ipsis
1194 5640 1305 5680 non
1337 5633 1466 5679 sunt
1496 5623 1811 5688 manifesta,
1842 5637 1909 5678 es
1938 5624 2006 5677 iis

426 5736 548 5792 quze
582 5718 871 5775 manifesta
903 5726 1034 5773 sunt
1074 5716 1481 5789 dignuscerent.
1532 5714 1651 5771 Non
1694 5725 1780 5771 est
1824 5726 2007 5770 autem

426 5813 690 5872 habitatio
717 5811 880 5870 Verbi
910 5809 1005 5870 Dei
1034 5812 1322 5879 creatoris,
1349 5811 1578 5883 ejusque
1598 5824 1722 5866 cum
1750 5810 2008 5867 substan-

2108 4624 2453 4686 materiales,
2480 4636 2607 4692 qua
2646 4630 2926 4677 mutantur
2954 4630 3008 4677 et
3033 4636 3504 4694 corrumpuntur;
3532 4634 3594 4682 ut
3627 4629 3685 4684 in

2109 4715 2337 4767 mistura
2360 4727 2517 4783 aquae
2548 4722 2603 4768 et
2634 4714 2745 4768 vini
2775 4755 2792 4777 ,
2820 4716 2961 4769 aceti
2997 4724 3054 4768 et
3104 4715 3323 4780 mellis;
3351 4718 3474 4771 auri
3510 4726 3567 4772 et
3597 4734 3691 4772 ar.

2104 4802 2294 4872 genti;
2322 4802 2451 4858 aris
2477 4811 2532 4858 et
2562 4802 2805 4872 plumbi;
2844 4802 2929 4857 ba:
2985 4802 3133 4858 enim
3188 4818 3405 4865 omnes.
3453 4821 3583 4862 cum
3634 4812 3688 4864 iit

2107 4907 2284 4962 genus
2321 4892 2472 4958 aliis,
2502 4892 2759 4948 alteratio
2794 4901 2925 4948 sunt
2950 4903 3007 4947 et
3030 4895 3345 4964 corruptio;
3378 4898 3507 4967 quia
3540 4903 3689 4968 quod

2106 5001 2175 5040 ea
2214 4984 2345 5038 vino
2370 4992 2427 5038 et
2459 4983 2600 5054 aqua
2645 4986 2872 5038 mis-tum
2920 4994 3030 5049 est,
3085 5000 3184 5041 nec
3236 4987 3423 5041 vinum
3467 4998 3556 5045 est
3588 5005 3690 5045 nec

2108 5091 2275 5148 aqua,
2301 5076 2448 5145 quod
2479 5084 2768 5144 utrumque
2789 5090 2981 5133 eorum
3013 5091 3045 5130 a
3072 5086 3268 5133 natura
3290 5095 3388 5135 sua
3420 5088 3687 5137 mutatum

2111 5168 2207 5233 sit,
2234 5180 2299 5221 ac
2325 5166 2641 5220 commistio
2666 5164 2913 5233 ipsorum
2948 5163 3093 5220 facta
3123 5167 3345 5223 sitcum
3375 5172 3687 5240 corruptiu-

2109 5273 2181 5314 ne
2217 5258 2462 5327 ipsorum
2496 5265 2552 5310 et
2596 5257 2898 5311 mutatione
2940 5271 2971 5310 a
3018 5267 3166 5313 statu
3214 5275 3361 5315 suo:
3394 5268 3559 5333 atque
3612 5262 3687 5317 ita

2111 5350 2255 5421 quod
2280 5349 2506 5403 mistum
2531 5355 2622 5404 est
2647 5360 2717 5401 ex
2748 5356 2902 5403 aceto
2935 5358 2988 5402 st
3018 5350 3201 5415 melle,
3237 5351 3441 5407 factum
3471 5363 3553 5407 est
3590 5367 3687 5410 ne-

2109 5455 2217 5510 que
2246 5448 2461 5494 acetum
2490 5474 2508 5501 ,
2532 5450 2715 5507 neque
2743 5437 2872 5507 mel,
2912 5439 3060 5506 quod
3097 5454 3390 5512 utrumque
3422 5457 3614 5499 eorum
3654 5462 3685 5498 a

2110 5539 2258 5589 statu
2292 5544 2395 5585 suo
2431 5535 2698 5582 mutatum
2738 5529 2813 5583 sit
2847 5548 2861 5583 :
2894 5530 2969 5583 ita
3013 5538 3071 5586 et
3119 5532 3175 5588 iu
3208 5533 3441 5589 mistura
3468 5534 3589 5590 auri
3632 5546 3688 5593 et

2112 5622 2370 5694 argenti,
2415 5620 2622 5691 plumbi
2675 5628 2731 5675 et
2786 5621 2946 5686 aeris,
3014 5624 3156 5679 haud
3231 5641 3431 5695 purum
3502 5636 3688 5683 manet

2112 5713 2434 5771 utrumlibet
2456 5726 2669 5767 eorum.
2706 5714 2881 5783 Atque
2915 5715 3001 5771 hic
3039 5733 3181 5773 unus
3206 5728 3287 5774 est
3313 5736 3343 5775 e
3375 5719 3551 5774 tribus
3582 5720 3687 5775 mi-

2114 5806 2311 5866 stionis
2350 5803 2549 5862 modis.
2576 5802 2864 5864 Secundus
2890 5815 2977 5864 est
3006 5809 3192 5869 mistio
3220 5826 3341 5885 quae
3371 5810 3429 5867 tit
3452 5810 3685 5870 seorsint
