  <div class='ocr_page' id='page_1' title='image "/cluster/home/n/w/nwhite01/storage/ocr_20150623/111/mdp.39015009379887/527.png"; bbox 0 0 4070 6152; ppageno 0'>
   <div class='ocr_carea' id='block_1_1' title="bbox 536 302 674 365">
    <p class='ocr_par' dir='ltr' id='par_1_1' title="bbox 536 302 674 365">
     <span class='ocr_line' id='line_1_1' title="bbox 536 302 674 365; baseline 0 -1"><span class='ocrx_word' id='word_1_1' title='bbox 536 302 674 365; x_wconf 81' lang='lat'><strong>1039</strong></span> 
     </span>
    </p>
   </div>
   <div class='ocr_carea' id='block_1_2' title="bbox 1563 266 2768 369">
    <p class='ocr_par' dir='ltr' id='par_1_2' title="bbox 1563 266 2768 369">
     <span class='ocr_line' id='line_1_2' title="bbox 1563 266 2768 369; baseline 0.003 -5"><span class='ocrx_word' id='word_1_2' title='bbox 1563 302 1937 366; x_wconf 81' lang='lat' dir='ltr'><strong>EUTYClill</strong></span> <span class='ocrx_word' id='word_1_3' title='bbox 1966 301 2507 363; x_wconf 75' lang='lat' dir='ltr'><strong>ALEXANDRINI</strong></span> <span class='ocrx_word' id='word_1_4' title='bbox 2544 266 2768 369; x_wconf 74' lang='lat' dir='ltr'><strong>pm.</strong></span> 
     </span>
    </p>
   </div>
   <div class='ocr_carea' id='block_1_3' title="bbox 3674 301 3799 366">
    <p class='ocr_par' dir='ltr' id='par_1_3' title="bbox 3674 301 3799 366">
     <span class='ocr_line' id='line_1_3' title="bbox 3674 301 3799 366; baseline -0.008 0"><span class='ocrx_word' id='word_1_5' title='bbox 3674 301 3799 366; x_wconf 66' lang='grc'><strong>1040</strong></span> 
     </span>
    </p>
   </div>
   <div class='ocr_carea' id='block_1_4' title="bbox 531 408 3795 484">
    <p class='ocr_par' dir='ltr' id='par_1_4' title="bbox 531 408 3795 484">
     <span class='ocr_line' id='line_1_4' title="bbox 531 408 3795 484; baseline -0.001 -17"><span class='ocrx_word' id='word_1_6' title='bbox 531 412 881 469; x_wconf 87' lang='lat' dir='ltr'><strong>manentibus</strong></span> <span class='ocrx_word' id='word_1_7' title='bbox 914 413 1129 468; x_wconf 85' lang='lat' dir='ltr'><strong>duabus</strong></span> <span class='ocrx_word' id='word_1_8' title='bbox 1164 414 1372 470; x_wconf 88' lang='lat' dir='ltr'><strong>naturis</strong></span> <span class='ocrx_word' id='word_1_9' title='bbox 1405 416 1795 479; x_wconf 87' lang='lat' dir='ltr'><strong>materialibus,</strong></span> <span class='ocrx_word' id='word_1_10' title='bbox 1829 417 1901 470; x_wconf 86' lang='lat' dir='ltr'><strong>ita</strong></span> <span class='ocrx_word' id='word_1_11' title='bbox 1935 425 1992 469; x_wconf 93' lang='lat' dir='ltr'><strong>ut</strong></span> <span class='ocrx_word' id='word_1_12' title='bbox 2014 431 2109 468; x_wconf 83' lang='lat' dir='ltr'><strong>ea-</strong></span> <span class='ocrx_word' id='word_1_13' title='bbox 2135 413 2183 473; x_wconf 86' lang='grc' dir='ltr'><strong>Α</strong></span> <span class='ocrx_word' id='word_1_14' title='bbox 2211 412 2501 477; x_wconf 86' lang='lat' dir='ltr'><strong>Christus.</strong></span> <span class='ocrx_word' id='word_1_15' title='bbox 2547 417 2657 469; x_wconf 87' lang='lat' dir='ltr'><strong>duo</strong></span> <span class='ocrx_word' id='word_1_16' title='bbox 2702 411 2909 468; x_wconf 75' lang='lat' dir='ltr'><strong>Christi</strong></span> <span class='ocrx_word' id='word_1_17' title='bbox 2933 451 2947 476; x_wconf 91' lang='lat'><strong>,</strong></span> <span class='ocrx_word' id='word_1_18' title='bbox 2994 408 3285 484; x_wconf 85' lang='lat' dir='ltr'><strong>[quorum]</strong></span> <span class='ocrx_word' id='word_1_19' title='bbox 3334 427 3482 467; x_wconf 92' lang='lat' dir='ltr'><strong>unus</strong></span> <span class='ocrx_word' id='word_1_20' title='bbox 3524 423 3723 468; x_wconf 87' lang='lat' dir='ltr'><strong>natura</strong></span> <span class='ocrx_word' id='word_1_21' title='bbox 3753 430 3795 468; x_wconf 74' lang='lat' dir='ltr'><strong>ei</strong></span> 
     </span>
    </p>
   </div>
   <div class='ocr_carea' id='block_1_5' title="bbox 530 505 2108 576">
    <p class='ocr_par' dir='ltr' id='par_1_5' title="bbox 530 505 2108 576">
     <span class='ocr_line' id='line_1_5' title="bbox 530 505 2108 576; baseline 0.001 -18"><span class='ocrx_word' id='word_1_22' title='bbox 530 520 649 558; x_wconf 90' lang='lat' dir='ltr'><strong>rum</strong></span> <span class='ocrx_word' id='word_1_23' title='bbox 701 506 1060 560; x_wconf 75' lang='lat' dir='ltr'><strong>subsistentia</strong></span> <span class='ocrx_word' id='word_1_24' title='bbox 1098 506 1475 576; x_wconf 78' lang='lat' dir='ltr'><strong>dignoscatur.</strong></span> <span class='ocrx_word' id='word_1_25' title='bbox 1529 505 1586 560; x_wconf 90' lang='lat' dir='ltr'><strong>In</strong></span> <span class='ocrx_word' id='word_1_26' title='bbox 1644 505 1954 561; x_wconf 68' lang='lat' dir='ltr'><strong>istiusmodi</strong></span> <span class='ocrx_word' id='word_1_27' title='bbox 2001 507 2108 559; x_wconf 83' lang='lat' dir='ltr'><strong>mi-</strong></span> 
     </span>
    </p>
   </div>
   <div class='ocr_carea' id='block_1_6' title="bbox 528 596 2107 667">
    <p class='ocr_par' dir='ltr' id='par_1_6' title="bbox 528 596 2107 667">
     <span class='ocr_line' id='line_1_6' title="bbox 528 596 2107 667; baseline 0 -16"><span class='ocrx_word' id='word_1_28' title='bbox 528 606 680 651; x_wconf 85' lang='lat' dir='ltr'><strong>stura</strong></span> <span class='ocrx_word' id='word_1_29' title='bbox 712 608 943 667; x_wconf 84' lang='lat' dir='ltr'><strong>utraque</strong></span> <span class='ocrx_word' id='word_1_30' title='bbox 982 596 1215 651; x_wconf 89' lang='lat' dir='ltr'><strong>duarum</strong></span> <span class='ocrx_word' id='word_1_31' title='bbox 1244 608 1565 653; x_wconf 81' lang='lat' dir='ltr'><strong>naturarum</strong></span> <span class='ocrx_word' id='word_1_32' title='bbox 1599 599 1668 653; x_wconf 88' lang='lat' dir='ltr'><strong>ab</strong></span> <span class='ocrx_word' id='word_1_33' title='bbox 1698 600 1870 654; x_wconf 85' lang='lat' dir='ltr'><strong>altera</strong></span> <span class='ocrx_word' id='word_1_34' title='bbox 1907 598 2107 653; x_wconf 87' lang='lat' dir='ltr'><strong>distin-</strong></span> 
     </span>
    </p>
   </div>
   <div class='ocr_carea' id='block_1_7' title="bbox 525 691 2108 761">
    <p class='ocr_par' dir='ltr' id='par_1_7' title="bbox 525 691 2108 761">
     <span class='ocr_line' id='line_1_7' title="bbox 525 691 2108 761; baseline 0.004 -21"><span class='ocrx_word' id='word_1_35' title='bbox 525 693 716 757; x_wconf 72' lang='lat' dir='ltr'><strong>guttur</strong></span> <span class='ocrx_word' id='word_1_36' title='bbox 741 691 1101 747; x_wconf 74' lang='lat' dir='ltr'><strong>subsistentia</strong></span> <span class='ocrx_word' id='word_1_37' title='bbox 1145 708 1266 758; x_wconf 85' lang='lat' dir='ltr'><strong>sua,</strong></span> <span class='ocrx_word' id='word_1_38' title='bbox 1298 703 1353 746; x_wconf 92' lang='lat' dir='ltr'><strong>et</strong></span> <span class='ocrx_word' id='word_1_39' title='bbox 1401 693 1615 747; x_wconf 82' lang='lat' dir='ltr'><strong>ratione</strong></span> <span class='ocrx_word' id='word_1_40' title='bbox 1657 707 1792 758; x_wconf 85' lang='lat' dir='ltr'><strong>sua;</strong></span> <span class='ocrx_word' id='word_1_41' title='bbox 1822 702 1989 761; x_wconf 88' lang='lat' dir='ltr'><strong>atque</strong></span> <span class='ocrx_word' id='word_1_42' title='bbox 2035 692 2108 746; x_wconf 87' lang='lat' dir='ltr'><strong>ita</strong></span> 
     </span>
    </p>
   </div>
   <div class='ocr_carea' id='block_1_8' title="bbox 525 782 2109 855">
    <p class='ocr_par' dir='ltr' id='par_1_8' title="bbox 525 782 2109 855">
     <span class='ocr_line' id='line_1_8' title="bbox 525 782 2109 855; baseline 0.003 -21"><span class='ocrx_word' id='word_1_43' title='bbox 525 798 584 834; x_wconf 75' lang='lat' dir='ltr'><strong>se</strong></span> <span class='ocrx_word' id='word_1_44' title='bbox 625 782 790 837; x_wconf 84' lang='lat' dir='ltr'><strong>habet</strong></span> <span class='ocrx_word' id='word_1_45' title='bbox 816 794 874 836; x_wconf 91' lang='lat' dir='ltr'><strong>ut</strong></span> <span class='ocrx_word' id='word_1_46' title='bbox 919 786 1102 839; x_wconf 89' lang='lat' dir='ltr'><strong>oleum</strong></span> <span class='ocrx_word' id='word_1_47' title='bbox 1131 795 1185 839; x_wconf 89' lang='lat' dir='ltr'><strong>et</strong></span> <span class='ocrx_word' id='word_1_48' title='bbox 1216 800 1354 855; x_wconf 85' lang='lat' dir='ltr'><strong>aqua</strong></span> <span class='ocrx_word' id='word_1_49' title='bbox 1390 786 1444 839; x_wconf 89' lang='lat' dir='ltr'><strong>in</strong></span> <span class='ocrx_word' id='word_1_50' title='bbox 1475 784 1665 840; x_wconf 88' lang='lat' dir='ltr'><strong>eadem</strong></span> <span class='ocrx_word' id='word_1_51' title='bbox 1700 786 1972 855; x_wconf 75' lang='lat' dir='ltr'><strong>lampade,</strong></span> <span class='ocrx_word' id='word_1_52' title='bbox 2013 794 2109 839; x_wconf 89' lang='lat' dir='ltr'><strong>aut</strong></span> 
     </span>
    </p>
   </div>
   <div class='ocr_carea' id='block_1_9' title="bbox 523 875 2109 947">
    <p class='ocr_par' dir='ltr' id='par_1_9' title="bbox 523 875 2109 947">
     <span class='ocr_line' id='line_1_9' title="bbox 523 875 2109 947; baseline 0.003 -22"><span class='ocrx_word' id='word_1_53' title='bbox 523 875 696 926; x_wconf 87' lang='lat' dir='ltr'><strong>linum</strong></span> <span class='ocrx_word' id='word_1_54' title='bbox 726 882 780 928; x_wconf 91' lang='lat' dir='ltr'><strong>et</strong></span> <span class='ocrx_word' id='word_1_55' title='bbox 817 876 1054 931; x_wconf 85' lang='lat' dir='ltr'><strong>sericum</strong></span> <span class='ocrx_word' id='word_1_56' title='bbox 1085 878 1137 929; x_wconf 91' lang='lat' dir='ltr'><strong>in</strong></span> <span class='ocrx_word' id='word_1_57' title='bbox 1163 879 1351 931; x_wconf 82' lang='lat' dir='ltr'><strong>eadem</strong></span> <span class='ocrx_word' id='word_1_58' title='bbox 1377 886 1547 939; x_wconf 86' lang='lat' dir='ltr'><strong>veste,</strong></span> <span class='ocrx_word' id='word_1_59' title='bbox 1578 884 1765 945; x_wconf 78' lang='lat' dir='ltr'><strong>utpote</strong></span> <span class='ocrx_word' id='word_1_60' title='bbox 1794 893 1915 947; x_wconf 70' lang='lat' dir='ltr'><strong>quae</strong></span> <span class='ocrx_word' id='word_1_61' title='bbox 1939 892 1971 931; x_wconf 89' lang='lat' dir='ltr'><strong>e</strong></span> <span class='ocrx_word' id='word_1_62' title='bbox 1995 877 2109 930; x_wconf 89' lang='lat' dir='ltr'><strong>lino</strong></span> 
     </span>
    </p>
   </div>
   <div class='ocr_carea' id='block_1_10' title="bbox 524 971 2109 1035">
    <p class='ocr_par' dir='ltr' id='par_1_10' title="bbox 524 971 2109 1035">
     <span class='ocr_line' id='line_1_10' title="bbox 524 971 2109 1035; baseline 0.004 -18"><span class='ocrx_word' id='word_1_63' title='bbox 524 977 802 1035; x_wconf 78' lang='lat' dir='ltr'><strong>contexta,</strong></span> <span class='ocrx_word' id='word_1_64' title='bbox 838 973 1018 1024; x_wconf 84' lang='lat' dir='ltr'><strong>serico</strong></span> <span class='ocrx_word' id='word_1_65' title='bbox 1052 972 1243 1026; x_wconf 86' lang='lat' dir='ltr'><strong>striata</strong></span> <span class='ocrx_word' id='word_1_66' title='bbox 1271 973 1381 1035; x_wconf 91' lang='lat' dir='ltr'><strong>sit;</strong></span> <span class='ocrx_word' id='word_1_67' title='bbox 1415 981 1509 1025; x_wconf 86' lang='lat' dir='ltr'><strong>aut</strong></span> <span class='ocrx_word' id='word_1_68' title='bbox 1540 971 1715 1024; x_wconf 88' lang='lat' dir='ltr'><strong>instar</strong></span> <span class='ocrx_word' id='word_1_69' title='bbox 1735 979 1927 1025; x_wconf 66' lang='lat' dir='ltr'><strong>statua:</strong></span> <span class='ocrx_word' id='word_1_70' title='bbox 1945 985 2109 1024; x_wconf 69' lang='lat' dir='ltr'><strong>aeneas</strong></span> 
     </span>
    </p>
   </div>
   <div class='ocr_carea' id='block_1_11' title="bbox 522 1060 2105 1136">
    <p class='ocr_par' dir='ltr' id='par_1_11' title="bbox 522 1060 2105 1136">
     <span class='ocr_line' id='line_1_11' title="bbox 522 1060 2105 1136; baseline 0.004 -25"><span class='ocrx_word' id='word_1_71' title='bbox 522 1060 614 1112; x_wconf 91' lang='lat' dir='ltr'><strong>cui</strong></span> <span class='ocrx_word' id='word_1_72' title='bbox 649 1072 814 1132; x_wconf 78' lang='lat' dir='ltr'><strong>caput</strong></span> <span class='ocrx_word' id='word_1_73' title='bbox 851 1065 927 1119; x_wconf 91' lang='lat' dir='ltr'><strong>sit</strong></span> <span class='ocrx_word' id='word_1_74' title='bbox 960 1081 1209 1131; x_wconf 88' lang='lat' dir='ltr'><strong>aureum,</strong></span> <span class='ocrx_word' id='word_1_75' title='bbox 1241 1066 1581 1134; x_wconf 89' lang='lat' dir='ltr'><strong>aliorumque</strong></span> <span class='ocrx_word' id='word_1_76' title='bbox 1604 1064 1876 1132; x_wconf 79' lang='lat' dir='ltr'><strong>ejusmodi</strong></span> <span class='ocrx_word' id='word_1_77' title='bbox 1898 1080 1914 1129; x_wconf 94' lang='lat'><strong>;</strong></span> <span class='ocrx_word' id='word_1_78' title='bbox 1939 1079 2105 1136; x_wconf 88' lang='lat' dir='ltr'><strong>quam</strong></span> 
     </span>
    </p>
   </div>
   <div class='ocr_carea' id='block_1_12' title="bbox 525 1156 2108 1226">
    <p class='ocr_par' dir='ltr' id='par_1_12' title="bbox 525 1156 2108 1226">
     <span class='ocr_line' id='line_1_12' title="bbox 525 1156 2108 1226; baseline 0.002 -19"><span class='ocrx_word' id='word_1_79' title='bbox 525 1171 633 1207; x_wconf 85' lang='lat' dir='ltr'><strong>non</strong></span> <span class='ocrx_word' id='word_1_80' title='bbox 668 1157 822 1209; x_wconf 79' lang='lat' dir='ltr'><strong>decet</strong></span> <span class='ocrx_word' id='word_1_81' title='bbox 852 1157 1129 1226; x_wconf 86' lang='lat' dir='ltr'><strong>appellare</strong></span> <span class='ocrx_word' id='word_1_82' title='bbox 1156 1160 1444 1212; x_wconf 87' lang='lat' dir='ltr'><strong>misturam</strong></span> <span class='ocrx_word' id='word_1_83' title='bbox 1470 1198 1486 1223; x_wconf 93' lang='lat'><strong>,</strong></span> <span class='ocrx_word' id='word_1_84' title='bbox 1520 1171 1645 1211; x_wconf 89' lang='lat' dir='ltr'><strong>cum</strong></span> <span class='ocrx_word' id='word_1_85' title='bbox 1677 1156 1956 1211; x_wconf 72' lang='lat' dir='ltr'><strong>distincta:</strong></span> <span class='ocrx_word' id='word_1_86' title='bbox 1988 1171 2108 1210; x_wconf 89' lang='lat' dir='ltr'><strong>ma-</strong></span> 
     </span>
    </p>
   </div>
   <div class='ocr_carea' id='block_1_13' title="bbox 526 1246 2108 1318">
    <p class='ocr_par' dir='ltr' id='par_1_13' title="bbox 526 1246 2108 1318">
     <span class='ocr_line' id='line_1_13' title="bbox 526 1246 2108 1318; baseline 0.004 -22"><span class='ocrx_word' id='word_1_87' title='bbox 526 1255 695 1298; x_wconf 88' lang='lat' dir='ltr'><strong>neant</strong></span> <span class='ocrx_word' id='word_1_88' title='bbox 725 1248 845 1299; x_wconf 70' lang='lat' dir='ltr'><strong>duae</strong></span> <span class='ocrx_word' id='word_1_89' title='bbox 893 1255 1102 1301; x_wconf 66' lang='lat' dir='ltr'><strong>natura:</strong></span> <span class='ocrx_word' id='word_1_90' title='bbox 1141 1257 1199 1303; x_wconf 86' lang='lat' dir='ltr'><strong>et</strong></span> <span class='ocrx_word' id='word_1_91' title='bbox 1247 1249 1644 1312; x_wconf 74' lang='lat' dir='ltr'><strong>cousistcntim,</strong></span> <span class='ocrx_word' id='word_1_92' title='bbox 1675 1246 1921 1318; x_wconf 78' lang='lat'><strong>37—39</strong></span> <span class='ocrx_word' id='word_1_93' title='bbox 1962 1247 2108 1302; x_wconf 83' lang='lat' dir='ltr'><strong>sicut</strong></span> 
     </span>
    </p>
   </div>
   <div class='ocr_carea' id='block_1_14' title="bbox 525 1339 2105 1411">
    <p class='ocr_par' dir='ltr' id='par_1_14' title="bbox 525 1339 2105 1411">
     <span class='ocr_line' id='line_1_14' title="bbox 525 1339 2105 1411; baseline 0.001 -21"><span class='ocrx_word' id='word_1_94' title='bbox 525 1354 636 1392; x_wconf 89' lang='lat' dir='ltr'><strong>non</strong></span> <span class='ocrx_word' id='word_1_95' title='bbox 665 1348 883 1408; x_wconf 79' lang='lat' dir='ltr'><strong>oportet</strong></span> <span class='ocrx_word' id='word_1_96' title='bbox 917 1348 974 1393; x_wconf 94' lang='lat' dir='ltr'><strong>ut</strong></span> <span class='ocrx_word' id='word_1_97' title='bbox 1004 1340 1077 1394; x_wconf 86' lang='lat' dir='ltr'><strong>sit</strong></span> <span class='ocrx_word' id='word_1_98' title='bbox 1124 1339 1267 1395; x_wconf 89' lang='lat' dir='ltr'><strong>inter</strong></span> <span class='ocrx_word' id='word_1_99' title='bbox 1316 1355 1517 1411; x_wconf 88' lang='lat' dir='ltr'><strong>aquam</strong></span> <span class='ocrx_word' id='word_1_100' title='bbox 1572 1352 1628 1394; x_wconf 90' lang='lat' dir='ltr'><strong>et</strong></span> <span class='ocrx_word' id='word_1_101' title='bbox 1671 1345 1996 1410; x_wconf 77' lang='lat' dir='ltr'><strong>amphoram</strong></span> <span class='ocrx_word' id='word_1_102' title='bbox 2049 1339 2105 1392; x_wconf 90' lang='lat' dir='ltr'><strong>in</strong></span> 
     </span>
    </p>
   </div>
   <div class='ocr_carea' id='block_1_15' title="bbox 525 1432 2103 1498">
    <p class='ocr_par' dir='ltr' id='par_1_15' title="bbox 525 1432 2103 1498">
     <span class='ocr_line' id='line_1_15' title="bbox 525 1432 2103 1498; baseline 0.002 -17"><span class='ocrx_word' id='word_1_103' title='bbox 525 1444 633 1497; x_wconf 89' lang='lat' dir='ltr'><strong>qua</strong></span> <span class='ocrx_word' id='word_1_104' title='bbox 668 1441 773 1491; x_wconf 85' lang='lat' dir='ltr'><strong>est,</strong></span> <span class='ocrx_word' id='word_1_105' title='bbox 803 1433 1026 1496; x_wconf 88' lang='lat' dir='ltr'><strong>mistio;</strong></span> <span class='ocrx_word' id='word_1_106' title='bbox 1057 1447 1186 1486; x_wconf 88' lang='lat' dir='ltr'><strong>cum</strong></span> <span class='ocrx_word' id='word_1_107' title='bbox 1218 1440 1417 1487; x_wconf 88' lang='lat' dir='ltr'><strong>natura</strong></span> <span class='ocrx_word' id='word_1_108' title='bbox 1449 1432 1595 1487; x_wconf 85' lang='lat' dir='ltr'><strong>vasis</strong></span> <span class='ocrx_word' id='word_1_109' title='bbox 1625 1432 1773 1485; x_wconf 86' lang='lat' dir='ltr'><strong>illius</strong></span> <span class='ocrx_word' id='word_1_110' title='bbox 1801 1433 1899 1493; x_wconf 80' lang='lat' dir='ltr'><strong>sit,</strong></span> <span class='ocrx_word' id='word_1_111' title='bbox 1928 1441 2103 1498; x_wconf 86' lang='lat' dir='ltr'><strong>testa;</strong></span> 
     </span>
    </p>
   </div>
   <div class='ocr_carea' id='block_1_16' title="bbox 522 1521 2107 1595">
    <p class='ocr_par' dir='ltr' id='par_1_16' title="bbox 522 1521 2107 1595">
     <span class='ocr_line' id='line_1_16' title="bbox 522 1521 2107 1595; baseline 0.002 -22"><span class='ocrx_word' id='word_1_112' title='bbox 522 1521 867 1587; x_wconf 83' lang='lat' dir='ltr'><strong>constitutio,</strong></span> <span class='ocrx_word' id='word_1_113' title='bbox 921 1521 1091 1595; x_wconf 84' lang='lat' dir='ltr'><strong>[quod</strong></span> <span class='ocrx_word' id='word_1_114' title='bbox 1135 1522 1230 1595; x_wconf 89' lang='lat' dir='ltr'><strong>sit]</strong></span> <span class='ocrx_word' id='word_1_115' title='bbox 1261 1522 1562 1592; x_wconf 84' lang='lat' dir='ltr'><strong>amphora;</strong></span> <span class='ocrx_word' id='word_1_116' title='bbox 1608 1522 1745 1576; x_wconf 86' lang='lat' dir='ltr'><strong>adeo</strong></span> <span class='ocrx_word' id='word_1_117' title='bbox 1796 1532 1855 1575; x_wconf 93' lang='lat' dir='ltr'><strong>ut</strong></span> <span class='ocrx_word' id='word_1_118' title='bbox 1892 1536 1999 1577; x_wconf 86' lang='lat' dir='ltr'><strong>non</strong></span> <span class='ocrx_word' id='word_1_119' title='bbox 2031 1521 2107 1576; x_wconf 88' lang='lat' dir='ltr'><strong>sit</strong></span> 
     </span>
    </p>
   </div>
   <div class='ocr_carea' id='block_1_17' title="bbox 522 1612 2103 1686">
    <p class='ocr_par' dir='ltr' id='par_1_17' title="bbox 522 1612 2103 1686">
     <span class='ocr_line' id='line_1_17' title="bbox 522 1612 2103 1686; baseline -0.001 -19"><span class='ocrx_word' id='word_1_120' title='bbox 522 1614 666 1668; x_wconf 87' lang='lat' dir='ltr'><strong>inter</strong></span> <span class='ocrx_word' id='word_1_121' title='bbox 702 1629 820 1668; x_wconf 87' lang='lat' dir='ltr'><strong>eam</strong></span> <span class='ocrx_word' id='word_1_122' title='bbox 855 1625 909 1669; x_wconf 90' lang='lat' dir='ltr'><strong>et</strong></span> <span class='ocrx_word' id='word_1_123' title='bbox 938 1631 1135 1686; x_wconf 87' lang='lat' dir='ltr'><strong>aquam</strong></span> <span class='ocrx_word' id='word_1_124' title='bbox 1170 1618 1355 1671; x_wconf 88' lang='lat' dir='ltr'><strong>mistio</strong></span> <span class='ocrx_word' id='word_1_125' title='bbox 1377 1655 1393 1682; x_wconf 92' lang='lat'><strong>,</strong></span> <span class='ocrx_word' id='word_1_126' title='bbox 1418 1617 1513 1670; x_wconf 85' lang='lat' dir='ltr'><strong>sed</strong></span> <span class='ocrx_word' id='word_1_127' title='bbox 1540 1623 1745 1686; x_wconf 88' lang='lat' dir='ltr'><strong>quanta</strong></span> <span class='ocrx_word' id='word_1_128' title='bbox 1777 1612 1892 1667; x_wconf 76' lang='lat' dir='ltr'><strong>ﬁeri</strong></span> <span class='ocrx_word' id='word_1_129' title='bbox 1924 1619 2103 1684; x_wconf 78' lang='lat' dir='ltr'><strong>potest</strong></span> 
     </span>
    </p>
   </div>
   <div class='ocr_carea' id='block_1_18' title="bbox 524 1707 2099 1781">
    <p class='ocr_par' dir='ltr' id='par_1_18' title="bbox 524 1707 2099 1781">
     <span class='ocr_line' id='line_1_18' title="bbox 524 1707 2099 1781; baseline 0.003 -20"><span class='ocrx_word' id='word_1_130' title='bbox 524 1709 765 1762; x_wconf 83' lang='lat' dir='ltr'><strong>maxima</strong></span> <span class='ocrx_word' id='word_1_131' title='bbox 792 1707 1191 1780; x_wconf 72' lang='lat' dir='ltr'><strong>discrepantia.</strong></span> <span class='ocrx_word' id='word_1_132' title='bbox 1228 1712 1307 1765; x_wconf 83' lang='lat' dir='ltr'><strong>ita</strong></span> <span class='ocrx_word' id='word_1_133' title='bbox 1346 1721 1402 1765; x_wconf 89' lang='lat' dir='ltr'><strong>et</strong></span> <span class='ocrx_word' id='word_1_134' title='bbox 1437 1725 1577 1781; x_wconf 83' lang='lat' dir='ltr'><strong>aqua</strong></span> <span class='ocrx_word' id='word_1_135' title='bbox 1609 1718 1667 1765; x_wconf 88' lang='lat' dir='ltr'><strong>et</strong></span> <span class='ocrx_word' id='word_1_136' title='bbox 1713 1712 1897 1765; x_wconf 88' lang='lat' dir='ltr'><strong>oleum</strong></span> <span class='ocrx_word' id='word_1_137' title='bbox 1923 1750 1939 1773; x_wconf 93' lang='lat'><strong>,</strong></span> <span class='ocrx_word' id='word_1_138' title='bbox 1992 1709 2099 1766; x_wconf 88' lang='lat' dir='ltr'><strong>nisi</strong></span> 
     </span>
    </p>
   </div>
   <div class='ocr_carea' id='block_1_19' title="bbox 2210 504 3797 570">
    <p class='ocr_par' dir='ltr' id='par_1_19' title="bbox 2210 504 3797 570">
     <span class='ocr_line' id='line_1_19' title="bbox 2210 504 3797 570; baseline -0.001 -12"><span class='ocrx_word' id='word_1_139' title='bbox 2210 505 2574 561; x_wconf 77' lang='lat' dir='ltr'><strong>subsistentia</strong></span> <span class='ocrx_word' id='word_1_140' title='bbox 2605 520 2705 561; x_wconf 85' lang='lat' dir='ltr'><strong>sua</strong></span> <span class='ocrx_word' id='word_1_141' title='bbox 2745 505 2963 560; x_wconf 87' lang='lat' dir='ltr'><strong>divinus</strong></span> <span class='ocrx_word' id='word_1_142' title='bbox 2998 515 3169 570; x_wconf 89' lang='lat' dir='ltr'><strong>esset,</strong></span> <span class='ocrx_word' id='word_1_143' title='bbox 3214 505 3396 560; x_wconf 85' lang='lat' dir='ltr'><strong>instar</strong></span> <span class='ocrx_word' id='word_1_144' title='bbox 3436 504 3513 559; x_wconf 84' lang='lat' dir='ltr'><strong>fili</strong></span> <span class='ocrx_word' id='word_1_145' title='bbox 3558 507 3710 560; x_wconf 90' lang='lat' dir='ltr'><strong>aurei</strong></span> <span class='ocrx_word' id='word_1_146' title='bbox 3751 510 3797 559; x_wconf 75' lang='lat' dir='ltr'><strong>in</strong></span> 
     </span>
    </p>
   </div>
   <div class='ocr_carea' id='block_1_20' title="bbox 2210 599 3796 670">
    <p class='ocr_par' dir='ltr' id='par_1_20' title="bbox 2210 599 3796 670">
     <span class='ocr_line' id='line_1_20' title="bbox 2210 599 3796 670; baseline 0.001 -20"><span class='ocrx_word' id='word_1_147' title='bbox 2210 606 2408 668; x_wconf 88' lang='lat' dir='ltr'><strong>torque</strong></span> <span class='ocrx_word' id='word_1_148' title='bbox 2464 599 2695 669; x_wconf 89' lang='lat' dir='ltr'><strong>plicatili</strong></span> <span class='ocrx_word' id='word_1_149' title='bbox 2724 639 2737 664; x_wconf 93' lang='lat'><strong>,</strong></span> <span class='ocrx_word' id='word_1_150' title='bbox 2799 611 2895 653; x_wconf 85' lang='lat' dir='ltr'><strong>aut</strong></span> <span class='ocrx_word' id='word_1_151' title='bbox 2940 600 3115 670; x_wconf 86' lang='lat' dir='ltr'><strong>partis</strong></span> <span class='ocrx_word' id='word_1_152' title='bbox 3162 600 3454 654; x_wconf 85' lang='lat' dir='ltr'><strong>exterioris</strong></span> <span class='ocrx_word' id='word_1_153' title='bbox 3508 600 3705 655; x_wconf 81' lang='lat' dir='ltr'><strong>serica:</strong></span> <span class='ocrx_word' id='word_1_154' title='bbox 3751 600 3796 652; x_wconf 87' lang='lat' dir='ltr'><strong>in</strong></span> 
     </span>
    </p>
   </div>
   <div class='ocr_carea' id='block_1_21' title="bbox 2211 693 3794 762">
    <p class='ocr_par' dir='ltr' id='par_1_21' title="bbox 2211 693 3794 762">
     <span class='ocr_line' id='line_1_21' title="bbox 2211 693 3794 762; baseline 0 -17"><span class='ocrx_word' id='word_1_155' title='bbox 2211 702 2361 746; x_wconf 85' lang='lat' dir='ltr'><strong>veste</strong></span> <span class='ocrx_word' id='word_1_156' title='bbox 2404 693 2649 762; x_wconf 82' lang='lat' dir='ltr'><strong>duplici;</strong></span> <span class='ocrx_word' id='word_1_157' title='bbox 2687 695 2824 748; x_wconf 83' lang='lat' dir='ltr'><strong>alter</strong></span> <span class='ocrx_word' id='word_1_158' title='bbox 2861 694 3173 757; x_wconf 83' lang='lat' dir='ltr'><strong>humanus,</strong></span> <span class='ocrx_word' id='word_1_159' title='bbox 3222 694 3395 747; x_wconf 85' lang='lat' dir='ltr'><strong>instar</strong></span> <span class='ocrx_word' id='word_1_160' title='bbox 3441 694 3517 747; x_wconf 84' lang='lat' dir='ltr'><strong>iiii</strong></span> <span class='ocrx_word' id='word_1_161' title='bbox 3563 696 3700 747; x_wconf 62' lang='lat' dir='ltr'><strong>iunci</strong></span> <span class='ocrx_word' id='word_1_162' title='bbox 3748 695 3794 746; x_wconf 88' lang='lat' dir='ltr'><strong>in</strong></span> 
     </span>
    </p>
   </div>
   <div class='ocr_carea' id='block_1_22' title="bbox 2208 783 3796 857">
    <p class='ocr_par' dir='ltr' id='par_1_22' title="bbox 2208 783 3796 857">
     <span class='ocr_line' id='line_1_22' title="bbox 2208 783 3796 857; baseline 0.001 -23"><span class='ocrx_word' id='word_1_163' title='bbox 2208 791 2441 851; x_wconf 86' lang='lat' dir='ltr'><strong>torque,</strong></span> <span class='ocrx_word' id='word_1_164' title='bbox 2486 783 2568 838; x_wconf 89' lang='lat' dir='ltr'><strong>vel</strong></span> <span class='ocrx_word' id='word_1_165' title='bbox 2615 786 2787 851; x_wconf 88' lang='lat' dir='ltr'><strong>partis</strong></span> <span class='ocrx_word' id='word_1_166' title='bbox 2833 783 3078 857; x_wconf 59' lang='lat'><strong>41-53</strong></span> <span class='ocrx_word' id='word_1_167' title='bbox 3125 783 3407 839; x_wconf 89' lang='lat' dir='ltr'><strong>interioris</strong></span> <span class='ocrx_word' id='word_1_168' title='bbox 3452 801 3484 839; x_wconf 90' lang='lat' dir='ltr'><strong>e</strong></span> <span class='ocrx_word' id='word_1_169' title='bbox 3544 785 3796 855; x_wconf 79' lang='lat' dir='ltr'><strong>gossypio</strong></span> 
     </span>
    </p>
   </div>
   <div class='ocr_carea' id='block_1_23' title="bbox 2209 873 3795 948">
    <p class='ocr_par' dir='ltr' id='par_1_23' title="bbox 2209 873 3795 948">
     <span class='ocr_line' id='line_1_23' title="bbox 2209 873 3795 948; baseline 0.001 -20"><span class='ocrx_word' id='word_1_170' title='bbox 2209 873 2264 928; x_wconf 91' lang='lat' dir='ltr'><strong>in</strong></span> <span class='ocrx_word' id='word_1_171' title='bbox 2311 886 2484 930; x_wconf 87' lang='lat' dir='ltr'><strong>veste.</strong></span> <span class='ocrx_word' id='word_1_172' title='bbox 2534 875 2900 948; x_wconf 85' lang='lat' dir='ltr'><strong>Summopere</strong></span> <span class='ocrx_word' id='word_1_173' title='bbox 2948 888 3135 931; x_wconf 78' lang='lat' dir='ltr'><strong>autem</strong></span> <span class='ocrx_word' id='word_1_174' title='bbox 3185 877 3497 932; x_wconf 88' lang='lat' dir='ltr'><strong>mirandum</strong></span> <span class='ocrx_word' id='word_1_175' title='bbox 3531 886 3620 932; x_wconf 87' lang='lat' dir='ltr'><strong>est</strong></span> <span class='ocrx_word' id='word_1_176' title='bbox 3662 893 3795 947; x_wconf 87' lang='lat' dir='ltr'><strong>quo-</strong></span> 
     </span>
    </p>
   </div>
   <div class='ocr_carea' id='block_1_24' title="bbox 2208 967 3792 1041">
    <p class='ocr_par' dir='ltr' id='par_1_24' title="bbox 2208 967 3792 1041">
     <span class='ocr_line' id='line_1_24' title="bbox 2208 967 3792 1041; baseline 0.002 -23"><span class='ocrx_word' id='word_1_177' title='bbox 2208 967 2377 1019; x_wconf 84' lang='lat' dir='ltr'><strong>modo</strong></span> <span class='ocrx_word' id='word_1_178' title='bbox 2430 984 2541 1022; x_wconf 92' lang='lat' dir='ltr'><strong>non</strong></span> <span class='ocrx_word' id='word_1_179' title='bbox 2600 969 2907 1039; x_wconf 79' lang='lat' dir='ltr'><strong>percipiant</strong></span> <span class='ocrx_word' id='word_1_180' title='bbox 2955 969 3246 1040; x_wconf 87' lang='lat' dir='ltr'><strong>utriusque</strong></span> <span class='ocrx_word' id='word_1_181' title='bbox 3309 972 3530 1041; x_wconf 77' lang='lat' dir='ltr'><strong>generis</strong></span> <span class='ocrx_word' id='word_1_182' title='bbox 3580 969 3792 1025; x_wconf 85' lang='lat' dir='ltr'><strong>dissen-</strong></span> 
     </span>
    </p>
   </div>
   <div class='ocr_carea' id='block_1_25' title="bbox 2209 1051 3794 1130">
    <p class='ocr_par' dir='ltr' id='par_1_25' title="bbox 2209 1051 3794 1130">
     <span class='ocr_line' id='line_1_25' title="bbox 2209 1051 3794 1130; baseline 0.006 -25"><span class='ocrx_word' id='word_1_183' title='bbox 2209 1051 2411 1108; x_wconf 84' lang='lat' dir='ltr'><strong>tientes</strong></span> <span class='ocrx_word' id='word_1_184' title='bbox 2441 1069 2504 1110; x_wconf 87' lang='lat' dir='ltr'><strong>ae</strong></span> <span class='ocrx_word' id='word_1_185' title='bbox 2534 1055 2939 1127; x_wconf 83' lang='lat' dir='ltr'><strong>discrepantes,</strong></span> <span class='ocrx_word' id='word_1_186' title='bbox 2972 1074 3155 1129; x_wconf 86' lang='lat' dir='ltr'><strong>neque</strong></span> <span class='ocrx_word' id='word_1_187' title='bbox 3195 1061 3505 1130; x_wconf 51' lang='lat' dir='ltr'><strong>intelligant</strong></span> <span class='ocrx_word' id='word_1_188' title='bbox 3537 1075 3665 1115; x_wconf 88' lang='lat' dir='ltr'><strong>esse</strong></span> <span class='ocrx_word' id='word_1_189' title='bbox 3692 1064 3794 1115; x_wconf 84' lang='lat' dir='ltr'><strong>duo</strong></span> 
     </span>
    </p>
   </div>
   <div class='ocr_carea' id='block_1_26' title="bbox 2207 1145 3788 1223">
    <p class='ocr_par' dir='ltr' id='par_1_26' title="bbox 2207 1145 3788 1223">
     <span class='ocr_line' id='line_1_26' title="bbox 2207 1145 3788 1223; baseline 0.009 -25"><span class='ocrx_word' id='word_1_190' title='bbox 2207 1145 2313 1198; x_wconf 83' lang='lat' dir='ltr'><strong>ista</strong></span> <span class='ocrx_word' id='word_1_191' title='bbox 2335 1146 2610 1205; x_wconf 88' lang='lat' dir='ltr'><strong>mistionis</strong></span> <span class='ocrx_word' id='word_1_192' title='bbox 2631 1147 2883 1223; x_wconf 77' lang='lat' dir='ltr'><strong>[getiera]</strong></span> <span class='ocrx_word' id='word_1_193' title='bbox 2921 1152 3184 1207; x_wconf 87' lang='lat' dir='ltr'><strong>misturas</strong></span> <span class='ocrx_word' id='word_1_194' title='bbox 3217 1154 3464 1207; x_wconf 67' lang='lat' dir='ltr'><strong>materiae</strong></span> <span class='ocrx_word' id='word_1_195' title='bbox 3491 1169 3788 1223; x_wconf 54' lang='lat' dir='ltr'><strong>corporea.</strong></span> 
     </span>
    </p>
   </div>
   <div class='ocr_carea' id='block_1_27' title="bbox 2206 1242 3790 1314">
    <p class='ocr_par' dir='ltr' id='par_1_27' title="bbox 2206 1242 3790 1314">
     <span class='ocr_line' id='line_1_27' title="bbox 2206 1242 3790 1314; baseline 0.005 -21"><span class='ocrx_word' id='word_1_196' title='bbox 2206 1252 2451 1307; x_wconf 65' lang='lat' dir='ltr'><strong>crassa;</strong></span> <span class='ocrx_word' id='word_1_197' title='bbox 2481 1242 2570 1297; x_wconf 88' lang='lat' dir='ltr'><strong>cui</strong></span> <span class='ocrx_word' id='word_1_198' title='bbox 2603 1243 2744 1298; x_wconf 90' lang='lat' dir='ltr'><strong>nihil</strong></span> <span class='ocrx_word' id='word_1_199' title='bbox 2774 1245 2920 1301; x_wconf 88' lang='lat' dir='ltr'><strong>inest</strong></span> <span class='ocrx_word' id='word_1_200' title='bbox 2951 1246 3248 1314; x_wconf 81' lang='lat' dir='ltr'><strong>spiritalis,</strong></span> <span class='ocrx_word' id='word_1_201' title='bbox 3280 1246 3527 1314; x_wconf 86' lang='lat' dir='ltr'><strong>subtilis,</strong></span> <span class='ocrx_word' id='word_1_202' title='bbox 3590 1249 3790 1314; x_wconf 79' lang='lat' dir='ltr'><strong>tenuis;</strong></span> 
     </span>
    </p>
   </div>
   <div class='ocr_carea' id='block_1_28' title="bbox 2205 1333 3792 1408">
    <p class='ocr_par' dir='ltr' id='par_1_28' title="bbox 2205 1333 3792 1408">
     <span class='ocr_line' id='line_1_28' title="bbox 2205 1333 3792 1408; baseline 0.005 -21"><span class='ocrx_word' id='word_1_203' title='bbox 2205 1333 2455 1404; x_wconf 85' lang='lat' dir='ltr'><strong>adeoque</strong></span> <span class='ocrx_word' id='word_1_204' title='bbox 2487 1350 2597 1391; x_wconf 90' lang='lat' dir='ltr'><strong>non</strong></span> <span class='ocrx_word' id='word_1_205' title='bbox 2626 1351 2791 1406; x_wconf 82' lang='lat' dir='ltr'><strong>posse</strong></span> <span class='ocrx_word' id='word_1_206' title='bbox 2822 1340 3112 1394; x_wconf 88' lang='lat' dir='ltr'><strong>materiam</strong></span> <span class='ocrx_word' id='word_1_207' title='bbox 3144 1355 3395 1395; x_wconf 85' lang='lat' dir='ltr'><strong>crassam</strong></span> <span class='ocrx_word' id='word_1_208' title='bbox 3420 1380 3438 1408; x_wconf 86' lang='lat'><strong>,</strong></span> <span class='ocrx_word' id='word_1_209' title='bbox 3472 1344 3613 1397; x_wconf 90' lang='lat' dir='ltr'><strong>duos</strong></span> <span class='ocrx_word' id='word_1_210' title='bbox 3664 1344 3792 1399; x_wconf 87' lang='lat' dir='ltr'><strong>istos</strong></span> 
     </span>
    </p>
   </div>
   <div class='ocr_carea' id='block_1_29' title="bbox 2205 1426 3795 1488">
    <p class='ocr_par' dir='ltr' id='par_1_29' title="bbox 2205 1426 3795 1488">
     <span class='ocr_line' id='line_1_29' title="bbox 2205 1426 3795 1488; baseline 0.004 -8"><span class='ocrx_word' id='word_1_211' title='bbox 2205 1426 2482 1482; x_wconf 86' lang='lat' dir='ltr'><strong>mistionis</strong></span> <span class='ocrx_word' id='word_1_212' title='bbox 2531 1428 2725 1485; x_wconf 85' lang='lat' dir='ltr'><strong>modos</strong></span> <span class='ocrx_word' id='word_1_213' title='bbox 2756 1431 2970 1487; x_wconf 87' lang='lat' dir='ltr'><strong>vitare:</strong></span> <span class='ocrx_word' id='word_1_214' title='bbox 3024 1431 3073 1485; x_wconf 88' lang='lat' dir='ltr'><strong>si</strong></span> <span class='ocrx_word' id='word_1_215' title='bbox 3109 1432 3256 1485; x_wconf 89' lang='lat' dir='ltr'><strong>enim</strong></span> <span class='ocrx_word' id='word_1_216' title='bbox 3294 1433 3458 1487; x_wconf 89' lang='lat' dir='ltr'><strong>mista</strong></span> <span class='ocrx_word' id='word_1_217' title='bbox 3489 1432 3659 1488; x_wconf 89' lang='lat' dir='ltr'><strong>fuerit</strong></span> <span class='ocrx_word' id='word_1_218' title='bbox 3700 1436 3795 1486; x_wconf 88' lang='lat' dir='ltr'><strong>mi-</strong></span> 
     </span>
    </p>
   </div>
   <div class='ocr_carea' id='block_1_30' title="bbox 2204 1519 3794 1593">
    <p class='ocr_par' dir='ltr' id='par_1_30' title="bbox 2204 1519 3794 1593">
     <span class='ocr_line' id='line_1_30' title="bbox 2204 1519 3794 1593; baseline 0.003 -21"><span class='ocrx_word' id='word_1_219' title='bbox 2204 1519 2386 1573; x_wconf 86' lang='lat' dir='ltr'><strong>stione</strong></span> <span class='ocrx_word' id='word_1_220' title='bbox 2416 1534 2539 1587; x_wconf 69' lang='lat' dir='ltr'><strong>quae</strong></span> <span class='ocrx_word' id='word_1_221' title='bbox 2572 1519 2926 1575; x_wconf 87' lang='lat' dir='ltr'><strong>coalitionem</strong></span> <span class='ocrx_word' id='word_1_222' title='bbox 2961 1535 3027 1577; x_wconf 85' lang='lat' dir='ltr'><strong>ac</strong></span> <span class='ocrx_word' id='word_1_223' title='bbox 3073 1521 3539 1590; x_wconf 86' lang='lat' dir='ltr'><strong>compositionem</strong></span> <span class='ocrx_word' id='word_1_224' title='bbox 3577 1519 3794 1593; x_wconf 86' lang='lat' dir='ltr'><strong>[infert]</strong></span> 
     </span>
    </p>
   </div>
   <div class='ocr_carea' id='block_1_31' title="bbox 2202 1610 3793 1685">
    <p class='ocr_par' dir='ltr' id='par_1_31' title="bbox 2202 1610 3793 1685">
     <span class='ocr_line' id='line_1_31' title="bbox 2202 1610 3793 1685; baseline 0.004 -21"><span class='ocrx_word' id='word_1_225' title='bbox 2202 1610 2273 1666; x_wconf 83' lang='lat' dir='ltr'><strong>ad</strong></span> <span class='ocrx_word' id='word_1_226' title='bbox 2305 1612 2665 1667; x_wconf 86' lang='lat' dir='ltr'><strong>mutationem</strong></span> <span class='ocrx_word' id='word_1_227' title='bbox 2692 1621 2748 1667; x_wconf 90' lang='lat' dir='ltr'><strong>et</strong></span> <span class='ocrx_word' id='word_1_228' title='bbox 2772 1614 3187 1683; x_wconf 85' lang='lat' dir='ltr'><strong>corruptionem</strong></span> <span class='ocrx_word' id='word_1_229' title='bbox 3214 1614 3421 1685; x_wconf 76' lang='lat' dir='ltr'><strong>vergit;</strong></span> <span class='ocrx_word' id='word_1_230' title='bbox 3465 1613 3553 1669; x_wconf 87' lang='lat' dir='ltr'><strong>sin</strong></span> <span class='ocrx_word' id='word_1_231' title='bbox 3604 1619 3793 1671; x_wconf 79' lang='lat' dir='ltr'><strong>eodem</strong></span> 
     </span>
    </p>
   </div>
   <div class='ocr_carea' id='block_1_32' title="bbox 2204 1702 3797 1777">
    <p class='ocr_par' dir='ltr' id='par_1_32' title="bbox 2204 1702 3797 1777">
     <span class='ocr_line' id='line_1_32' title="bbox 2204 1702 3797 1777; baseline 0.004 -22"><span class='ocrx_word' id='word_1_232' title='bbox 2204 1716 2315 1771; x_wconf 88' lang='lat' dir='ltr'><strong>quo</strong></span> <span class='ocrx_word' id='word_1_233' title='bbox 2339 1702 2521 1759; x_wconf 80' lang='lat' dir='ltr'><strong>fuerat</strong></span> <span class='ocrx_word' id='word_1_234' title='bbox 2536 1711 2681 1759; x_wconf 84' lang='lat' dir='ltr'><strong>statu</strong></span> <span class='ocrx_word' id='word_1_235' title='bbox 2709 1714 3051 1775; x_wconf 79' lang='lat' dir='ltr'><strong>permaneat,</strong></span> <span class='ocrx_word' id='word_1_236' title='bbox 3081 1720 3263 1775; x_wconf 87' lang='lat' dir='ltr'><strong>neque</strong></span> <span class='ocrx_word' id='word_1_237' title='bbox 3287 1708 3580 1774; x_wconf 80' lang='lat' dir='ltr'><strong>coalescit,</strong></span> <span class='ocrx_word' id='word_1_238' title='bbox 3613 1722 3797 1777; x_wconf 82' lang='lat' dir='ltr'><strong>neque</strong></span> 
     </span>
    </p>
   </div>
   <div class='ocr_carea' id='block_1_33' title="bbox 519 1773 2085 1877">
    <p class='ocr_par' dir='ltr' id='par_1_33' title="bbox 519 1803 2085 1877">
     <span class='ocr_line' id='line_1_33' title="bbox 519 1803 2085 1877; baseline 0.004 -25"><span class='ocrx_word' id='word_1_239' title='bbox 519 1815 619 1854; x_wconf 88' lang='lat' dir='ltr'><strong>vas</strong></span> <span class='ocrx_word' id='word_1_240' title='bbox 650 1803 917 1871; x_wconf 82' lang='lat' dir='ltr'><strong>lampadis</strong></span> <span class='ocrx_word' id='word_1_241' title='bbox 944 1803 998 1857; x_wconf 90' lang='lat' dir='ltr'><strong>in</strong></span> <span class='ocrx_word' id='word_1_242' title='bbox 1032 1820 1144 1874; x_wconf 91' lang='lat' dir='ltr'><strong>quo</strong></span> <span class='ocrx_word' id='word_1_243' title='bbox 1187 1815 1318 1859; x_wconf 90' lang='lat' dir='ltr'><strong>sunt</strong></span> <span class='ocrx_word' id='word_1_244' title='bbox 1363 1820 1427 1861; x_wconf 90' lang='lat' dir='ltr'><strong>ea</strong></span> <span class='ocrx_word' id='word_1_245' title='bbox 1460 1805 1819 1876; x_wconf 72' lang='lat' dir='ltr'><strong>coniungeret</strong></span> <span class='ocrx_word' id='word_1_246' title='bbox 1841 1845 1857 1868; x_wconf 94' lang='lat'><strong>,</strong></span> <span class='ocrx_word' id='word_1_247' title='bbox 1898 1820 2085 1877; x_wconf 90' lang='lat' dir='ltr'><strong>nequa-</strong></span> 
     </span>
    </p>
   </div>
   <div class='ocr_carea' id='block_1_34' title="bbox 2190 1773 3794 1877">
    <p class='ocr_par' dir='ltr' id='par_1_34' title="bbox 2204 1773 3794 1869">
     <span class='ocr_line' id='line_1_34' title="bbox 2204 1773 3794 1869; baseline 0.003 -21"><span class='ocrx_word' id='word_1_248' title='bbox 2204 1773 2929 1869; x_wconf 40' lang='lat' dir='ltr'><strong>contemperantur—partes</strong></span> <span class='ocrx_word' id='word_1_249' title='bbox 2980 1773 3193 1869; x_wconf 72' lang='lat' dir='ltr'><strong>ipsius,</strong></span> <span class='ocrx_word' id='word_1_250' title='bbox 3246 1797 3493 1868; x_wconf 80' lang='lat' dir='ltr'><strong>adeoque</strong></span> <span class='ocrx_word' id='word_1_251' title='bbox 3536 1773 3652 1854; x_wconf 87' lang='lat' dir='ltr'><strong>non</strong></span> <span class='ocrx_word' id='word_1_252' title='bbox 3693 1773 3794 1853; x_wconf 80' lang='lat' dir='ltr'><strong>alia</strong></span> 
     </span>
    </p>
   </div>
   <div class='ocr_carea' id='block_1_35' title="bbox 519 1896 2103 1970">
    <p class='ocr_par' dir='ltr' id='par_1_35' title="bbox 519 1896 2103 1970">
     <span class='ocr_line' id='line_1_35' title="bbox 519 1896 2103 1970; baseline 0.006 -25"><span class='ocrx_word' id='word_1_253' title='bbox 519 1908 687 1960; x_wconf 86' lang='lat' dir='ltr'><strong>quam</strong></span> <span class='ocrx_word' id='word_1_254' title='bbox 736 1896 1063 1964; x_wconf 89' lang='lat' dir='ltr'><strong>unirentur;</strong></span> <span class='ocrx_word' id='word_1_255' title='bbox 1103 1908 1157 1952; x_wconf 88' lang='lat' dir='ltr'><strong>at</strong></span> <span class='ocrx_word' id='word_1_256' title='bbox 1201 1914 1311 1953; x_wconf 90' lang='lat' dir='ltr'><strong>non</strong></span> <span class='ocrx_word' id='word_1_257' title='bbox 1360 1908 1447 1954; x_wconf 90' lang='lat' dir='ltr'><strong>est</strong></span> <span class='ocrx_word' id='word_1_258' title='bbox 1489 1898 1907 1970; x_wconf 83' lang='lat' dir='ltr'><strong>[communitas]</strong></span> <span class='ocrx_word' id='word_1_259' title='bbox 1954 1900 2103 1955; x_wconf 87' lang='lat' dir='ltr'><strong>vasis</strong></span> 
     </span>
    </p>
   </div>
   <div class='ocr_carea' id='block_1_36' title="bbox 522 1970 2104 2061">
    <p class='ocr_par' dir='ltr' id='par_1_36' title="bbox 522 1970 2104 2061">
     <span class='ocr_line' id='line_1_36' title="bbox 522 1970 2104 2061; baseline 0.007 -27"><span class='ocrx_word' id='word_1_260' title='bbox 522 1985 666 2039; x_wconf 85' lang='lat' dir='ltr'><strong>inter</strong></span> <span class='ocrx_word' id='word_1_261' title='bbox 699 2002 763 2040; x_wconf 83' lang='lat' dir='ltr'><strong>ea</strong></span> <span class='ocrx_word' id='word_1_262' title='bbox 794 1987 982 2042; x_wconf 89' lang='lat' dir='ltr'><strong>mistio</strong></span> <span class='ocrx_word' id='word_1_263' title='bbox 1016 1985 1368 2061; x_wconf 85' lang='lat' dir='ltr'><strong>[ceusenda.]</strong></span> <span class='ocrx_word' id='word_1_264' title='bbox 1415 1970 1683 2044; x_wconf 71' lang='lat' dir='ltr'><strong>Similiter</strong></span> <span class='ocrx_word' id='word_1_265' title='bbox 1722 2006 1823 2045; x_wconf 89' lang='lat' dir='ltr'><strong>nec</strong></span> <span class='ocrx_word' id='word_1_266' title='bbox 1858 1990 2005 2046; x_wconf 88' lang='lat' dir='ltr'><strong>inter</strong></span> <span class='ocrx_word' id='word_1_267' title='bbox 2034 1991 2104 2045; x_wconf 86' lang='lat' dir='ltr'><strong>li-</strong></span> 
     </span>
    </p>
   </div>
   <div class='ocr_carea' id='block_1_37' title="bbox 519 2077 2101 2147">
    <p class='ocr_par' dir='ltr' id='par_1_37' title="bbox 519 2077 2101 2147">
     <span class='ocr_line' id='line_1_37' title="bbox 519 2077 2101 2147; baseline 0.006 -21"><span class='ocrx_word' id='word_1_268' title='bbox 519 2090 647 2127; x_wconf 87' lang='lat' dir='ltr'><strong>num</strong></span> <span class='ocrx_word' id='word_1_269' title='bbox 691 2086 745 2131; x_wconf 85' lang='lat' dir='ltr'><strong>et</strong></span> <span class='ocrx_word' id='word_1_270' title='bbox 785 2077 1021 2132; x_wconf 88' lang='lat' dir='ltr'><strong>sericum</strong></span> <span class='ocrx_word' id='word_1_271' title='bbox 1052 2080 1279 2134; x_wconf 79' lang='lat' dir='ltr'><strong>mistura</strong></span> <span class='ocrx_word' id='word_1_272' title='bbox 1306 2088 1413 2147; x_wconf 91' lang='lat' dir='ltr'><strong>est,</strong></span> <span class='ocrx_word' id='word_1_273' title='bbox 1444 2094 1569 2133; x_wconf 90' lang='lat' dir='ltr'><strong>cum</strong></span> <span class='ocrx_word' id='word_1_274' title='bbox 1599 2096 1705 2135; x_wconf 89' lang='lat' dir='ltr'><strong>non</strong></span> <span class='ocrx_word' id='word_1_275' title='bbox 1739 2082 1973 2137; x_wconf 88' lang='lat' dir='ltr'><strong>invicem</strong></span> <span class='ocrx_word' id='word_1_276' title='bbox 2004 2083 2101 2136; x_wconf 87' lang='lat' dir='ltr'><strong>ad-</strong></span> 
     </span>
    </p>
   </div>
   <div class='ocr_carea' id='block_1_38' title="bbox 517 2168 2099 2238">
    <p class='ocr_par' dir='ltr' id='par_1_38' title="bbox 517 2168 2099 2238">
     <span class='ocr_line' id='line_1_38' title="bbox 517 2168 2099 2238; baseline 0.007 -19"><span class='ocrx_word' id='word_1_277' title='bbox 517 2168 784 2232; x_wconf 74' lang='lat' dir='ltr'><strong>lurcant,</strong></span> <span class='ocrx_word' id='word_1_278' title='bbox 811 2169 1027 2225; x_wconf 87' lang='lat' dir='ltr'><strong>etiamsi</strong></span> <span class='ocrx_word' id='word_1_279' title='bbox 1055 2170 1109 2224; x_wconf 90' lang='lat' dir='ltr'><strong>in</strong></span> <span class='ocrx_word' id='word_1_280' title='bbox 1137 2172 1332 2225; x_wconf 85' lang='lat' dir='ltr'><strong>eadem</strong></span> <span class='ocrx_word' id='word_1_281' title='bbox 1365 2174 1479 2227; x_wconf 84' lang='lat' dir='ltr'><strong>sint</strong></span> <span class='ocrx_word' id='word_1_282' title='bbox 1503 2182 1654 2227; x_wconf 88' lang='lat' dir='ltr'><strong>veste</strong></span> <span class='ocrx_word' id='word_1_283' title='bbox 1677 2188 1694 2238; x_wconf 89' lang='lat'><strong>;</strong></span> <span class='ocrx_word' id='word_1_284' title='bbox 1724 2188 1824 2229; x_wconf 89' lang='lat' dir='ltr'><strong>nec</strong></span> <span class='ocrx_word' id='word_1_285' title='bbox 1852 2176 1996 2229; x_wconf 88' lang='lat' dir='ltr'><strong>inter</strong></span> <span class='ocrx_word' id='word_1_286' title='bbox 2020 2188 2099 2230; x_wconf 66' lang='lat' dir='ltr'><strong>as</strong></span> 
     </span>
    </p>
   </div>
   <div class='ocr_carea' id='block_1_39' title="bbox 522 2261 2094 2331">
    <p class='ocr_par' dir='ltr' id='par_1_39' title="bbox 522 2261 2094 2331">
     <span class='ocr_line' id='line_1_39' title="bbox 522 2261 2094 2331; baseline 0.004 -18"><span class='ocrx_word' id='word_1_287' title='bbox 522 2268 577 2313; x_wconf 90' lang='lat' dir='ltr'><strong>ct</strong></span> <span class='ocrx_word' id='word_1_288' title='bbox 624 2272 818 2314; x_wconf 83' lang='lat' dir='ltr'><strong>aurum</strong></span> <span class='ocrx_word' id='word_1_289' title='bbox 870 2262 962 2316; x_wconf 88' lang='lat' dir='ltr'><strong>ubi</strong></span> <span class='ocrx_word' id='word_1_290' title='bbox 1011 2261 1248 2316; x_wconf 80' lang='lat' dir='ltr'><strong>conﬂata</strong></span> <span class='ocrx_word' id='word_1_291' title='bbox 1301 2278 1411 2318; x_wconf 92' lang='lat' dir='ltr'><strong>non</strong></span> <span class='ocrx_word' id='word_1_292' title='bbox 1463 2263 1689 2327; x_wconf 79' lang='lat' dir='ltr'><strong>fuerint,</strong></span> <span class='ocrx_word' id='word_1_293' title='bbox 1742 2265 2094 2331; x_wconf 88' lang='lat' dir='ltr'><strong>commistio,</strong></span> 
     </span>
    </p>
   </div>
   <div class='ocr_carea' id='block_1_40' title="bbox 514 2353 2097 2425">
    <p class='ocr_par' dir='ltr' id='par_1_40' title="bbox 514 2353 2097 2425">
     <span class='ocr_line' id='line_1_40' title="bbox 514 2353 2097 2425; baseline 0.004 -19"><span class='ocrx_word' id='word_1_294' title='bbox 514 2353 732 2407; x_wconf 82' lang='lat' dir='ltr'><strong>etiamsi</strong></span> <span class='ocrx_word' id='word_1_295' title='bbox 760 2368 824 2407; x_wconf 88' lang='lat' dir='ltr'><strong>ea</strong></span> <span class='ocrx_word' id='word_1_296' title='bbox 860 2353 1157 2425; x_wconf 70' lang='lat' dir='ltr'><strong>coniungat</strong></span> <span class='ocrx_word' id='word_1_297' title='bbox 1216 2371 1322 2410; x_wconf 88' lang='lat' dir='ltr'><strong>una</strong></span> <span class='ocrx_word' id='word_1_298' title='bbox 1371 2366 1573 2413; x_wconf 84' lang='lat' dir='ltr'><strong>statua.</strong></span> <span class='ocrx_word' id='word_1_299' title='bbox 1622 2356 1716 2412; x_wconf 77' lang='lat' dir='ltr'><strong>lla:</strong></span> <span class='ocrx_word' id='word_1_300' title='bbox 1750 2365 1933 2414; x_wconf 88' lang='lat' dir='ltr'><strong>autem</strong></span> <span class='ocrx_word' id='word_1_301' title='bbox 1989 2360 2097 2412; x_wconf 85' lang='lat' dir='ltr'><strong>mi-</strong></span> 
     </span>
    </p>
   </div>
   <div class='ocr_carea' id='block_1_41' title="bbox 510 2448 2091 2522">
    <p class='ocr_par' dir='ltr' id='par_1_41' title="bbox 510 2448 2091 2522">
     <span class='ocr_line' id='line_1_41' title="bbox 510 2448 2091 2522; baseline 0.005 -24"><span class='ocrx_word' id='word_1_302' title='bbox 510 2457 681 2501; x_wconf 73' lang='lat' dir='ltr'><strong>sturze</strong></span> <span class='ocrx_word' id='word_1_303' title='bbox 744 2462 1025 2516; x_wconf 80' lang='lat' dir='ltr'><strong>nunquam</strong></span> <span class='ocrx_word' id='word_1_304' title='bbox 1096 2456 1227 2503; x_wconf 88' lang='lat' dir='ltr'><strong>sunt</strong></span> <span class='ocrx_word' id='word_1_305' title='bbox 1297 2448 1398 2502; x_wconf 86' lang='lat' dir='ltr'><strong>nisi</strong></span> <span class='ocrx_word' id='word_1_306' title='bbox 1446 2465 1479 2504; x_wconf 86' lang='lat' dir='ltr'><strong>e</strong></span> <span class='ocrx_word' id='word_1_307' title='bbox 1531 2451 1761 2505; x_wconf 84' lang='lat' dir='ltr'><strong>materia</strong></span> <span class='ocrx_word' id='word_1_308' title='bbox 1827 2465 2091 2522; x_wconf 89' lang='lat' dir='ltr'><strong>corporea</strong></span> 
     </span>
    </p>
   </div>
   <div class='ocr_carea' id='block_1_42' title="bbox 506 2528 2090 2611">
    <p class='ocr_par' dir='ltr' id='par_1_42' title="bbox 506 2528 2090 2611">
     <span class='ocr_line' id='line_1_42' title="bbox 506 2528 2090 2611; baseline 0.003 -21"><span class='ocrx_word' id='word_1_309' title='bbox 506 2549 700 2591; x_wconf 82' lang='lat' dir='ltr'><strong>erassa</strong></span> <span class='ocrx_word' id='word_1_310' title='bbox 735 2553 750 2589; x_wconf 90' lang='lat'><strong>:</strong></span> <span class='ocrx_word' id='word_1_311' title='bbox 781 2539 943 2607; x_wconf 82' lang='lat' dir='ltr'><strong>cujus</strong></span> <span class='ocrx_word' id='word_1_312' title='bbox 978 2540 1027 2592; x_wconf 91' lang='lat' dir='ltr'><strong>si</strong></span> <span class='ocrx_word' id='word_1_313' title='bbox 1062 2555 1191 2609; x_wconf 89' lang='lat' dir='ltr'><strong>pars</strong></span> <span class='ocrx_word' id='word_1_314' title='bbox 1228 2540 1368 2609; x_wconf 84' lang='lat' dir='ltr'><strong>parti</strong></span> <span class='ocrx_word' id='word_1_315' title='bbox 1418 2528 1782 2609; x_wconf 53' lang='lat' dir='ltr'><strong>conju&#39;ngatur</strong></span> <span class='ocrx_word' id='word_1_316' title='bbox 1806 2579 1823 2607; x_wconf 89' lang='lat'><strong>,</strong></span> <span class='ocrx_word' id='word_1_317' title='bbox 1854 2542 2090 2611; x_wconf 70' lang='lat' dir='ltr'><strong>exempli</strong></span> 
     </span>
    </p>
   </div>
   <div class='ocr_carea' id='block_1_43' title="bbox 504 2630 2087 2702">
    <p class='ocr_par' dir='ltr' id='par_1_43' title="bbox 504 2630 2087 2702">
     <span class='ocr_line' id='line_1_43' title="bbox 504 2630 2087 2702; baseline 0.003 -21"><span class='ocrx_word' id='word_1_318' title='bbox 504 2631 682 2697; x_wconf 71' lang='lat' dir='ltr'><strong>gratia</strong></span> <span class='ocrx_word' id='word_1_319' title='bbox 712 2630 758 2685; x_wconf 97' lang='lat' dir='ltr'><strong>si</strong></span> <span class='ocrx_word' id='word_1_320' title='bbox 786 2631 1077 2702; x_wconf 83' lang='lat' dir='ltr'><strong>liquefacta</strong></span> <span class='ocrx_word' id='word_1_321' title='bbox 1107 2647 1184 2687; x_wconf 61' lang='lat' dir='ltr'><strong>res</strong></span> <span class='ocrx_word' id='word_1_322' title='bbox 1210 2642 1264 2686; x_wconf 90' lang='lat' dir='ltr'><strong>et</strong></span> <span class='ocrx_word' id='word_1_323' title='bbox 1292 2649 1485 2687; x_wconf 88' lang='lat' dir='ltr'><strong>aurum</strong></span> <span class='ocrx_word' id='word_1_324' title='bbox 1512 2636 1679 2689; x_wconf 82' lang='lat' dir='ltr'><strong>simul</strong></span> <span class='ocrx_word' id='word_1_325' title='bbox 1712 2634 2087 2697; x_wconf 75' lang='lat' dir='ltr'><strong>cﬂ‘undantur,</strong></span> 
     </span>
    </p>
   </div>
   <div class='ocr_carea' id='block_1_44' title="bbox 507 2720 2093 2796">
    <p class='ocr_par' dir='ltr' id='par_1_44' title="bbox 507 2720 2093 2796">
     <span class='ocr_line' id='line_1_44' title="bbox 507 2720 2093 2796; baseline 0.005 -25"><span class='ocrx_word' id='word_1_326' title='bbox 507 2720 721 2773; x_wconf 79' lang='lat' dir='ltr'><strong>eveniet</strong></span> <span class='ocrx_word' id='word_1_327' title='bbox 754 2723 961 2777; x_wconf 87' lang='lat' dir='ltr'><strong>ratione</strong></span> <span class='ocrx_word' id='word_1_328' title='bbox 996 2725 1275 2777; x_wconf 80' lang='lat' dir='ltr'><strong>niislionis</strong></span> <span class='ocrx_word' id='word_1_329' title='bbox 1311 2725 1540 2779; x_wconf 78' lang='lat' dir='ltr'><strong>mutatio</strong></span> <span class='ocrx_word' id='word_1_330' title='bbox 1567 2737 1622 2778; x_wconf 90' lang='lat' dir='ltr'><strong>et</strong></span> <span class='ocrx_word' id='word_1_331' title='bbox 1657 2727 1961 2796; x_wconf 87' lang='lat' dir='ltr'><strong>corruptio;</strong></span> <span class='ocrx_word' id='word_1_332' title='bbox 1994 2742 2093 2781; x_wconf 82' lang='lat' dir='ltr'><strong>ne—</strong></span> 
     </span>
    </p>
   </div>
   <div class='ocr_carea' id='block_1_45' title="bbox 505 2814 2087 2887">
    <p class='ocr_par' dir='ltr' id='par_1_45' title="bbox 505 2814 2087 2887">
     <span class='ocr_line' id='line_1_45' title="bbox 505 2814 2087 2887; baseline 0.005 -22"><span class='ocrx_word' id='word_1_333' title='bbox 505 2827 612 2881; x_wconf 87' lang='lat' dir='ltr'><strong>que</strong></span> <span class='ocrx_word' id='word_1_334' title='bbox 639 2814 786 2867; x_wconf 88' lang='lat' dir='ltr'><strong>enim</strong></span> <span class='ocrx_word' id='word_1_335' title='bbox 815 2826 901 2871; x_wconf 89' lang='lat' dir='ltr'><strong>est</strong></span> <span class='ocrx_word' id='word_1_336' title='bbox 932 2817 1177 2870; x_wconf 88' lang='lat' dir='ltr'><strong>massula</strong></span> <span class='ocrx_word' id='word_1_337' title='bbox 1218 2817 1323 2871; x_wconf 88' lang='lat' dir='ltr'><strong>ista</strong></span> <span class='ocrx_word' id='word_1_338' title='bbox 1364 2819 1449 2870; x_wconf 88' lang='lat' dir='ltr'><strong>vel</strong></span> <span class='ocrx_word' id='word_1_339' title='bbox 1500 2832 1690 2871; x_wconf 89' lang='lat' dir='ltr'><strong>aurum</strong></span> <span class='ocrx_word' id='word_1_340' title='bbox 1726 2833 1923 2887; x_wconf 87' lang='lat' dir='ltr'><strong>purum</strong></span> <span class='ocrx_word' id='word_1_341' title='bbox 1951 2860 1967 2883; x_wconf 91' lang='lat'><strong>,</strong></span> <span class='ocrx_word' id='word_1_342' title='bbox 2000 2821 2087 2873; x_wconf 88' lang='lat' dir='ltr'><strong>vel</strong></span> 
     </span>
    </p>
   </div>
   <div class='ocr_carea' id='block_1_46' title="bbox 504 2908 2086 2974">
    <p class='ocr_par' dir='ltr' id='par_1_46' title="bbox 504 2908 2086 2974">
     <span class='ocr_line' id='line_1_46' title="bbox 504 2908 2086 2974; baseline 0.005 -17"><span class='ocrx_word' id='word_1_343' title='bbox 504 2919 580 2958; x_wconf 72' lang='lat' dir='ltr'><strong>res</strong></span> <span class='ocrx_word' id='word_1_344' title='bbox 611 2918 809 2972; x_wconf 88' lang='lat' dir='ltr'><strong>purum</strong></span> <span class='ocrx_word' id='word_1_345' title='bbox 844 2921 859 2957; x_wconf 93' lang='lat'><strong>:</strong></span> <span class='ocrx_word' id='word_1_346' title='bbox 902 2921 969 2959; x_wconf 84' lang='lat' dir='ltr'><strong>ac</strong></span> <span class='ocrx_word' id='word_1_347' title='bbox 1013 2908 1118 2962; x_wconf 90' lang='lat' dir='ltr'><strong>nisi</strong></span> <span class='ocrx_word' id='word_1_348' title='bbox 1164 2908 1559 2974; x_wconf 88' lang='lat' dir='ltr'><strong>copularentur</strong></span> <span class='ocrx_word' id='word_1_349' title='bbox 1591 2922 1658 2961; x_wconf 90' lang='lat' dir='ltr'><strong>ac</strong></span> <span class='ocrx_word' id='word_1_350' title='bbox 1708 2924 1879 2963; x_wconf 87' lang='lat' dir='ltr'><strong>unum</strong></span> <span class='ocrx_word' id='word_1_351' title='bbox 1924 2908 2086 2964; x_wconf 86' lang='lat' dir='ltr'><strong>alteri</strong></span> 
     </span>
    </p>
   </div>
   <div class='ocr_carea' id='block_1_47' title="bbox 506 2996 2086 3068">
    <p class='ocr_par' dir='ltr' id='par_1_47' title="bbox 506 2996 2086 3068">
     <span class='ocr_line' id='line_1_47' title="bbox 506 2996 2086 3068; baseline 0.004 -21"><span class='ocrx_word' id='word_1_352' title='bbox 506 2996 919 3065; x_wconf 70' lang='lat' dir='ltr'><strong>adiungeretur,</strong></span> <span class='ocrx_word' id='word_1_353' title='bbox 956 3009 1015 3050; x_wconf 86' lang='lat' dir='ltr'><strong>ut</strong></span> <span class='ocrx_word' id='word_1_354' title='bbox 1039 3014 1161 3051; x_wconf 86' lang='lat' dir='ltr'><strong>cum</strong></span> <span class='ocrx_word' id='word_1_355' title='bbox 1190 2998 1408 3068; x_wconf 83' lang='lat' dir='ltr'><strong>torquis</strong></span> <span class='ocrx_word' id='word_1_356' title='bbox 1432 3013 1494 3050; x_wconf 85' lang='lat' dir='ltr'><strong>ex</strong></span> <span class='ocrx_word' id='word_1_357' title='bbox 1527 3012 1636 3052; x_wconf 72' lang='lat' dir='ltr'><strong>tere</strong></span> <span class='ocrx_word' id='word_1_358' title='bbox 1676 3012 1921 3067; x_wconf 86' lang='lat' dir='ltr'><strong>auroque</strong></span> <span class='ocrx_word' id='word_1_359' title='bbox 1945 3012 2086 3053; x_wconf 79' lang='lat' dir='ltr'><strong>coa-</strong></span> 
     </span>
    </p>
   </div>
   <div class='ocr_carea' id='block_1_48' title="bbox 2205 1890 3797 1963">
    <p class='ocr_par' dir='ltr' id='par_1_48' title="bbox 2205 1890 3797 1963">
     <span class='ocr_line' id='line_1_48' title="bbox 2205 1890 3797 1963; baseline 0.003 -22"><span class='ocrx_word' id='word_1_360' title='bbox 2205 1890 2415 1945; x_wconf 86' lang='lat' dir='ltr'><strong>ratioue</strong></span> <span class='ocrx_word' id='word_1_361' title='bbox 2448 1890 2749 1945; x_wconf 82' lang='lat' dir='ltr'><strong>miscentur</strong></span> <span class='ocrx_word' id='word_1_362' title='bbox 2781 1906 2946 1960; x_wconf 73' lang='lat' dir='ltr'><strong>(tuam</strong></span> <span class='ocrx_word' id='word_1_363' title='bbox 2999 1905 3064 1945; x_wconf 88' lang='lat' dir='ltr'><strong>ca</strong></span> <span class='ocrx_word' id='word_1_364' title='bbox 3098 1907 3221 1960; x_wconf 79' lang='lat' dir='ltr'><strong>qua:</strong></span> <span class='ocrx_word' id='word_1_365' title='bbox 3267 1890 3430 1946; x_wconf 81' lang='lat' dir='ltr'><strong>facile</strong></span> <span class='ocrx_word' id='word_1_366' title='bbox 3463 1903 3797 1963; x_wconf 84' lang='lat' dir='ltr'><strong>separantur</strong></span> 
     </span>
    </p>
   </div>
   <div class='ocr_carea' id='block_1_49' title="bbox 2204 1978 3794 2054">
    <p class='ocr_par' dir='ltr' id='par_1_49' title="bbox 2204 1978 3794 2054">
     <span class='ocr_line' id='line_1_49' title="bbox 2204 1978 3794 2054; baseline 0.005 -22"><span class='ocrx_word' id='word_1_367' title='bbox 2204 1986 2369 2046; x_wconf 87' lang='lat' dir='ltr'><strong>atque</strong></span> <span class='ocrx_word' id='word_1_368' title='bbox 2406 1978 2781 2045; x_wconf 87' lang='lat' dir='ltr'><strong>divetluntur,</strong></span> <span class='ocrx_word' id='word_1_369' title='bbox 2832 1981 3049 2035; x_wconf 87' lang='lat' dir='ltr'><strong>etiamsi</strong></span> <span class='ocrx_word' id='word_1_370' title='bbox 3092 1996 3156 2036; x_wconf 89' lang='lat' dir='ltr'><strong>ea</strong></span> <span class='ocrx_word' id='word_1_371' title='bbox 3209 1984 3562 2054; x_wconf 72' lang='lat' dir='ltr'><strong>coniunxerit</strong></span> <span class='ocrx_word' id='word_1_372' title='bbox 3617 1993 3794 2041; x_wconf 86' lang='lat' dir='ltr'><strong>statua</strong></span> 
     </span>
    </p>
   </div>
   <div class='ocr_carea' id='block_1_50' title="bbox 2205 2073 3796 2149">
    <p class='ocr_par' dir='ltr' id='par_1_50' title="bbox 2205 2073 3796 2149">
     <span class='ocr_line' id='line_1_50' title="bbox 2205 2073 3796 2149; baseline 0.004 -25"><span class='ocrx_word' id='word_1_373' title='bbox 2205 2088 2336 2136; x_wconf 86' lang='lat' dir='ltr'><strong>una,</strong></span> <span class='ocrx_word' id='word_1_374' title='bbox 2382 2073 2552 2129; x_wconf 84' lang='lat' dir='ltr'><strong>vestis</strong></span> <span class='ocrx_word' id='word_1_375' title='bbox 2596 2088 2734 2139; x_wconf 90' lang='lat' dir='ltr'><strong>uua,</strong></span> <span class='ocrx_word' id='word_1_376' title='bbox 2773 2075 2857 2129; x_wconf 77' lang='lat' dir='ltr'><strong>vel</strong></span> <span class='ocrx_word' id='word_1_377' title='bbox 2898 2090 2997 2130; x_wconf 87' lang='lat' dir='ltr'><strong>vas</strong></span> <span class='ocrx_word' id='word_1_378' title='bbox 3043 2091 3239 2129; x_wconf 89' lang='lat' dir='ltr'><strong>unum.</strong></span> <span class='ocrx_word' id='word_1_379' title='bbox 3283 2074 3475 2147; x_wconf 80' lang='lat' dir='ltr'><strong>Neque</strong></span> <span class='ocrx_word' id='word_1_380' title='bbox 3524 2079 3796 2149; x_wconf 85' lang='lat' dir='ltr'><strong>reperitur</strong></span> 
     </span>
    </p>
   </div>
   <div class='ocr_carea' id='block_1_51' title="bbox 2205 2167 3795 2242">
    <p class='ocr_par' dir='ltr' id='par_1_51' title="bbox 2205 2167 3795 2242">
     <span class='ocr_line' id='line_1_51' title="bbox 2205 2167 3795 2242; baseline 0.003 -21"><span class='ocrx_word' id='word_1_381' title='bbox 2205 2180 2448 2237; x_wconf 83' lang='lat' dir='ltr'><strong>unquam</strong></span> <span class='ocrx_word' id='word_1_382' title='bbox 2476 2167 2531 2222; x_wconf 90' lang='lat' dir='ltr'><strong>in</strong></span> <span class='ocrx_word' id='word_1_383' title='bbox 2563 2182 2624 2222; x_wconf 86' lang='lat' dir='ltr'><strong>re</strong></span> <span class='ocrx_word' id='word_1_384' title='bbox 2658 2170 2841 2239; x_wconf 90' lang='lat' dir='ltr'><strong>aliqua</strong></span> <span class='ocrx_word' id='word_1_385' title='bbox 2876 2168 3150 2223; x_wconf 87' lang='lat' dir='ltr'><strong>materiaii</strong></span> <span class='ocrx_word' id='word_1_386' title='bbox 3183 2183 3452 2239; x_wconf 80' lang='lat' dir='ltr'><strong>corporea</strong></span> <span class='ocrx_word' id='word_1_387' title='bbox 3489 2167 3636 2224; x_wconf 83' lang='lat' dir='ltr'><strong>alius</strong></span> <span class='ocrx_word' id='word_1_388' title='bbox 3671 2172 3795 2242; x_wconf 84' lang='lat' dir='ltr'><strong>quis</strong></span> 
     </span>
    </p>
   </div>
   <div class='ocr_carea' id='block_1_52' title="bbox 2201 2261 3795 2333">
    <p class='ocr_par' dir='ltr' id='par_1_52' title="bbox 2201 2261 3795 2333">
     <span class='ocr_line' id='line_1_52' title="bbox 2201 2261 3795 2333; baseline 0.003 -20"><span class='ocrx_word' id='word_1_389' title='bbox 2201 2261 2447 2316; x_wconf 78' lang='lat' dir='ltr'><strong>misturze</strong></span> <span class='ocrx_word' id='word_1_390' title='bbox 2481 2261 2678 2315; x_wconf 86' lang='lat' dir='ltr'><strong>modus</strong></span> <span class='ocrx_word' id='word_1_391' title='bbox 2717 2269 2912 2331; x_wconf 66' lang='lat' dir='ltr'><strong>praeter</strong></span> <span class='ocrx_word' id='word_1_392' title='bbox 2944 2262 3081 2317; x_wconf 85' lang='lat' dir='ltr'><strong>istos</strong></span> <span class='ocrx_word' id='word_1_393' title='bbox 3110 2262 3273 2327; x_wconf 90' lang='lat' dir='ltr'><strong>duos,</strong></span> <span class='ocrx_word' id='word_1_394' title='bbox 3345 2262 3430 2317; x_wconf 85' lang='lat' dir='ltr'><strong>rei</strong></span> <span class='ocrx_word' id='word_1_395' title='bbox 3459 2263 3554 2333; x_wconf 88' lang='lat' dir='ltr'><strong>qui</strong></span> <span class='ocrx_word' id='word_1_396' title='bbox 3597 2280 3795 2319; x_wconf 67' lang='grc' dir='ltr'><strong>θυι-ηις</strong></span> 
     </span>
    </p>
   </div>
   <div class='ocr_carea' id='block_1_53' title="bbox 2209 2351 3795 2426">
    <p class='ocr_par' dir='ltr' id='par_1_53' title="bbox 2209 2351 3795 2426">
     <span class='ocr_line' id='line_1_53' title="bbox 2209 2351 3795 2426; baseline 0.001 -19"><span class='ocrx_word' id='word_1_397' title='bbox 2209 2354 2452 2424; x_wconf 89' lang='lat' dir='ltr'><strong>ptionem</strong></span> <span class='ocrx_word' id='word_1_398' title='bbox 2484 2351 2701 2426; x_wconf 82' lang='lat' dir='ltr'><strong>[infert]</strong></span> <span class='ocrx_word' id='word_1_399' title='bbox 2723 2353 2805 2407; x_wconf 90' lang='lat' dir='ltr'><strong>vel</strong></span> <span class='ocrx_word' id='word_1_400' title='bbox 2847 2354 3273 2424; x_wconf 77' lang='lat' dir='ltr'><strong>scparationem,</strong></span> <span class='ocrx_word' id='word_1_401' title='bbox 3311 2354 3416 2410; x_wconf 86' lang='lat' dir='ltr'><strong>nisi</strong></span> <span class='ocrx_word' id='word_1_402' title='bbox 3436 2370 3563 2410; x_wconf 89' lang='lat' dir='ltr'><strong>cum</strong></span> <span class='ocrx_word' id='word_1_403' title='bbox 3606 2357 3795 2412; x_wconf 87' lang='lat' dir='ltr'><strong>mistio</strong></span> 
     </span>
    </p>
   </div>
   <div class='ocr_carea' id='block_1_54' title="bbox 2201 2446 3793 2517">
    <p class='ocr_par' dir='ltr' id='par_1_54' title="bbox 2201 2446 3793 2517">
     <span class='ocr_line' id='line_1_54' title="bbox 2201 2446 3793 2517; baseline -0.003 -16"><span class='ocrx_word' id='word_1_404' title='bbox 2201 2447 2442 2501; x_wconf 87' lang='lat' dir='ltr'><strong>duorum</strong></span> <span class='ocrx_word' id='word_1_405' title='bbox 2476 2446 2554 2501; x_wconf 88' lang='lat' dir='ltr'><strong>sit</strong></span> <span class='ocrx_word' id='word_1_406' title='bbox 2582 2462 2820 2517; x_wconf 88' lang='lat' dir='ltr'><strong>quorum</strong></span> <span class='ocrx_word' id='word_1_407' title='bbox 2859 2448 3091 2501; x_wconf 89' lang='lat' dir='ltr'><strong>alterum</strong></span> <span class='ocrx_word' id='word_1_408' title='bbox 3125 2447 3405 2502; x_wconf 87' lang='lat' dir='ltr'><strong>materiale</strong></span> <span class='ocrx_word' id='word_1_409' title='bbox 3435 2460 3793 2517; x_wconf 87' lang='lat' dir='ltr'><strong>corporeum,</strong></span> 
     </span>
    </p>
   </div>
   <div class='ocr_carea' id='block_1_55' title="bbox 2198 2539 3797 2611">
    <p class='ocr_par' dir='ltr' id='par_1_55' title="bbox 2198 2539 3797 2611">
     <span class='ocr_line' id='line_1_55' title="bbox 2198 2539 3797 2611; baseline 0.001 -18"><span class='ocrx_word' id='word_1_410' title='bbox 2198 2540 2435 2595; x_wconf 88' lang='lat' dir='ltr'><strong>alterum</strong></span> <span class='ocrx_word' id='word_1_411' title='bbox 2485 2548 2652 2595; x_wconf 88' lang='lat' dir='ltr'><strong>tenue</strong></span> <span class='ocrx_word' id='word_1_412' title='bbox 2688 2540 2761 2595; x_wconf 85' lang='lat' dir='ltr'><strong>sit</strong></span> <span class='ocrx_word' id='word_1_413' title='bbox 2805 2549 2862 2594; x_wconf 89' lang='lat' dir='ltr'><strong>et</strong></span> <span class='ocrx_word' id='word_1_414' title='bbox 2898 2540 3175 2611; x_wconf 86' lang='lat' dir='ltr'><strong>spiritale.</strong></span> <span class='ocrx_word' id='word_1_415' title='bbox 3227 2539 3327 2595; x_wconf 89' lang='lat' dir='ltr'><strong>llic</strong></span> <span class='ocrx_word' id='word_1_416' title='bbox 3362 2549 3548 2595; x_wconf 85' lang='lat' dir='ltr'><strong>autem</strong></span> <span class='ocrx_word' id='word_1_417' title='bbox 3591 2543 3797 2596; x_wconf 85' lang='lat' dir='ltr'><strong>tertius</strong></span> 
     </span>
    </p>
   </div>
   <div class='ocr_carea' id='block_1_56' title="bbox 2195 2626 3793 2704">
    <p class='ocr_par' dir='ltr' id='par_1_56' title="bbox 2195 2626 3793 2704">
     <span class='ocr_line' id='line_1_56' title="bbox 2195 2626 3793 2704; baseline 0.002 -21"><span class='ocrx_word' id='word_1_418' title='bbox 2195 2640 2282 2685; x_wconf 88' lang='lat' dir='ltr'><strong>est</strong></span> <span class='ocrx_word' id='word_1_419' title='bbox 2329 2631 2604 2686; x_wconf 87' lang='lat' dir='ltr'><strong>mistionis</strong></span> <span class='ocrx_word' id='word_1_420' title='bbox 2638 2626 2871 2693; x_wconf 84' lang='lat' dir='ltr'><strong>modus.</strong></span> <span class='ocrx_word' id='word_1_421' title='bbox 2914 2646 3036 2702; x_wconf 74' lang='lat' dir='ltr'><strong>quae</strong></span> <span class='ocrx_word' id='word_1_422' title='bbox 3078 2640 3134 2686; x_wconf 89' lang='lat' dir='ltr'><strong>et</strong></span> <span class='ocrx_word' id='word_1_423' title='bbox 3177 2648 3303 2687; x_wconf 76' lang='lat' dir='ltr'><strong>vere</strong></span> <span class='ocrx_word' id='word_1_424' title='bbox 3353 2634 3539 2688; x_wconf 68' lang='lat' dir='ltr'><strong>mistio</strong></span> <span class='ocrx_word' id='word_1_425' title='bbox 3590 2645 3678 2689; x_wconf 88' lang='lat' dir='ltr'><strong>est</strong></span> <span class='ocrx_word' id='word_1_426' title='bbox 3711 2632 3793 2704; x_wconf 81' lang='lat' dir='ltr'><strong>[in</strong></span> 
     </span>
    </p>
   </div>
   <div class='ocr_carea' id='block_1_57' title="bbox 2192 2724 3793 2797">
    <p class='ocr_par' dir='ltr' id='par_1_57' title="bbox 2192 2724 3793 2797">
     <span class='ocr_line' id='line_1_57' title="bbox 2192 2724 3793 2797; baseline 0.004 -19"><span class='ocrx_word' id='word_1_427' title='bbox 2192 2724 2301 2779; x_wconf 83' lang='lat' dir='ltr'><strong>alio</strong></span> <span class='ocrx_word' id='word_1_428' title='bbox 2349 2724 2647 2793; x_wconf 87' lang='lat' dir='ltr'><strong>exemplari</strong></span> <span class='ocrx_word' id='word_1_429' title='bbox 2699 2733 2805 2789; x_wconf 84' lang='lat' dir='ltr'><strong>est,</strong></span> <span class='ocrx_word' id='word_1_430' title='bbox 2838 2726 3023 2780; x_wconf 91' lang='lat' dir='ltr'><strong>mistio</strong></span> <span class='ocrx_word' id='word_1_431' title='bbox 3061 2725 3296 2797; x_wconf 77' lang='lat' dir='ltr'><strong>natura&#39;]</strong></span> <span class='ocrx_word' id='word_1_432' title='bbox 3345 2727 3553 2796; x_wconf 80' lang='lat' dir='ltr'><strong>absque</strong></span> <span class='ocrx_word' id='word_1_433' title='bbox 3586 2729 3793 2784; x_wconf 81' lang='lat' dir='ltr'><strong>confu-</strong></span> 
     </span>
    </p>
   </div>
   <div class='ocr_carea' id='block_1_58' title="bbox 2192 2819 3792 2888">
    <p class='ocr_par' dir='ltr' id='par_1_58' title="bbox 2192 2819 3792 2888">
     <span class='ocr_line' id='line_1_58' title="bbox 2192 2819 3792 2888; baseline -0.001 -14"><span class='ocrx_word' id='word_1_434' title='bbox 2192 2819 2370 2881; x_wconf 85' lang='lat' dir='ltr'><strong>sione,</strong></span> <span class='ocrx_word' id='word_1_435' title='bbox 2402 2819 2807 2881; x_wconf 79' lang='lat' dir='ltr'><strong>conversione,</strong></span> <span class='ocrx_word' id='word_1_436' title='bbox 2855 2819 3247 2888; x_wconf 87' lang='lat' dir='ltr'><strong>corruptione,</strong></span> <span class='ocrx_word' id='word_1_437' title='bbox 3294 2825 3389 2872; x_wconf 91' lang='lat' dir='ltr'><strong>aut</strong></span> <span class='ocrx_word' id='word_1_438' title='bbox 3437 2823 3792 2888; x_wconf 70' lang='lat' dir='ltr'><strong>separaliutte</strong></span> 
     </span>
    </p>
   </div>
   <div class='ocr_carea' id='block_1_59' title="bbox 2192 2910 3789 2980">
    <p class='ocr_par' dir='ltr' id='par_1_59' title="bbox 2192 2910 3789 2980">
     <span class='ocr_line' id='line_1_59' title="bbox 2192 2910 3789 2980; baseline 0.003 -15"><span class='ocrx_word' id='word_1_439' title='bbox 2192 2912 2549 2979; x_wconf 84' lang='lat' dir='ltr'><strong>partitionis;</strong></span> <span class='ocrx_word' id='word_1_440' title='bbox 2577 2927 2763 2965; x_wconf 89' lang='lat' dir='ltr'><strong>verum</strong></span> <span class='ocrx_word' id='word_1_441' title='bbox 2790 2917 2876 2964; x_wconf 91' lang='lat' dir='ltr'><strong>est</strong></span> <span class='ocrx_word' id='word_1_442' title='bbox 2902 2910 3131 2965; x_wconf 87' lang='lat' dir='ltr'><strong>mistura</strong></span> <span class='ocrx_word' id='word_1_443' title='bbox 3162 2926 3271 2980; x_wconf 87' lang='lat' dir='ltr'><strong>qua</strong></span> <span class='ocrx_word' id='word_1_444' title='bbox 3303 2918 3553 2980; x_wconf 87' lang='lat' dir='ltr'><strong>penetrat</strong></span> <span class='ocrx_word' id='word_1_445' title='bbox 3584 2922 3789 2969; x_wconf 81' lang='lat' dir='ltr'><strong>natura</strong></span> 
     </span>
    </p>
   </div>
   <div class='ocr_carea' id='block_1_60' title="bbox 2192 3002 3785 3074">
    <p class='ocr_par' dir='ltr' id='par_1_60' title="bbox 2192 3002 3785 3074">
     <span class='ocr_line' id='line_1_60' title="bbox 2192 3002 3785 3074; baseline -0.001 -17"><span class='ocrx_word' id='word_1_446' title='bbox 2192 3003 2486 3073; x_wconf 81' lang='lat' dir='ltr'><strong>spiritalis,</strong></span> <span class='ocrx_word' id='word_1_447' title='bbox 2507 3002 2749 3068; x_wconf 78' lang='lat' dir='ltr'><strong>subtilis,</strong></span> <span class='ocrx_word' id='word_1_448' title='bbox 2781 3012 3034 3056; x_wconf 87' lang='lat' dir='ltr'><strong>naturam</strong></span> <span class='ocrx_word' id='word_1_449' title='bbox 3059 3002 3400 3057; x_wconf 82' lang='lat' dir='ltr'><strong>materialem</strong></span> <span class='ocrx_word' id='word_1_450' title='bbox 3430 3018 3785 3074; x_wconf 83' lang='lat' dir='ltr'><strong>corpoream,</strong></span> 
     </span>
    </p>
   </div>
   <div class='ocr_carea' id='block_1_61' title="bbox 508 3087 3789 3165">
    <p class='ocr_par' dir='ltr' id='par_1_61' title="bbox 508 3087 3789 3165">
     <span class='ocr_line' id='line_1_61' title="bbox 508 3087 3789 3165; baseline 0.004 -27"><span class='ocrx_word' id='word_1_451' title='bbox 508 3088 730 3151; x_wconf 88' lang='lat' dir='ltr'><strong>ticitur,</strong></span> <span class='ocrx_word' id='word_1_452' title='bbox 767 3096 916 3143; x_wconf 87' lang='lat' dir='ltr'><strong>esset</strong></span> <span class='ocrx_word' id='word_1_453' title='bbox 970 3087 1243 3143; x_wconf 84' lang='lat' dir='ltr'><strong>mistionis</strong></span> <span class='ocrx_word' id='word_1_454' title='bbox 1300 3089 1496 3143; x_wconf 88' lang='lat' dir='ltr'><strong>modus</strong></span> <span class='ocrx_word' id='word_1_455' title='bbox 1534 3090 1869 3159; x_wconf 85' lang='lat' dir='ltr'><strong>separationi</strong></span> <span class='ocrx_word' id='word_1_456' title='bbox 1907 3090 2081 3148; x_wconf 87' lang='lat' dir='ltr'><strong>obno-</strong></span> <span class='ocrx_word' id='word_1_457' title='bbox 2108 3105 2154 3165; x_wconf 75' lang='grc' dir='ltr'><strong>ο</strong></span> <span class='ocrx_word' id='word_1_458' title='bbox 2187 3096 2367 3151; x_wconf 85' lang='lat' dir='ltr'><strong>donec</strong></span> <span class='ocrx_word' id='word_1_459' title='bbox 2404 3110 2503 3165; x_wconf 88' lang='lat' dir='ltr'><strong>per</strong></span> <span class='ocrx_word' id='word_1_460' title='bbox 2542 3095 2716 3165; x_wconf 86' lang='lat' dir='ltr'><strong>ipsam</strong></span> <span class='ocrx_word' id='word_1_461' title='bbox 2756 3103 2922 3149; x_wconf 85' lang='lat' dir='ltr'><strong>tutam</strong></span> <span class='ocrx_word' id='word_1_462' title='bbox 2971 3093 3335 3158; x_wconf 78' lang='lat' dir='ltr'><strong>diffundatur,</strong></span> <span class='ocrx_word' id='word_1_463' title='bbox 3363 3103 3596 3164; x_wconf 84' lang='lat' dir='ltr'><strong>totaque</strong></span> <span class='ocrx_word' id='word_1_464' title='bbox 3628 3113 3789 3152; x_wconf 81' lang='lat' dir='ltr'><strong>com-</strong></span> 
     </span>
    </p>
   </div>
   <div class='ocr_carea' id='block_1_62' title="bbox 504 3182 1759 3253">
    <p class='ocr_par' dir='ltr' id='par_1_62' title="bbox 504 3182 1759 3253">
     <span class='ocr_line' id='line_1_62' title="bbox 504 3182 1759 3253; baseline 0.003 -18"><span class='ocrx_word' id='word_1_465' title='bbox 504 3182 653 3247; x_wconf 88' lang='lat' dir='ltr'><strong>xius,</strong></span> <span class='ocrx_word' id='word_1_466' title='bbox 688 3182 781 3252; x_wconf 89' lang='lat' dir='ltr'><strong>qui</strong></span> <span class='ocrx_word' id='word_1_467' title='bbox 811 3182 1031 3237; x_wconf 88' lang='lat' dir='ltr'><strong>nomine</strong></span> <span class='ocrx_word' id='word_1_468' title='bbox 1056 3182 1334 3238; x_wconf 86' lang='lat' dir='ltr'><strong>mistionts</strong></span> <span class='ocrx_word' id='word_1_469' title='bbox 1364 3183 1624 3253; x_wconf 70' lang='lat' dir='ltr'><strong>indignus</strong></span> <span class='ocrx_word' id='word_1_470' title='bbox 1652 3195 1759 3240; x_wconf 91' lang='lat' dir='ltr'><strong>est.</strong></span> 
     </span>
    </p>
   </div>
   <div class='ocr_carea' id='block_1_63' title="bbox 573 3276 2085 3351">
    <p class='ocr_par' dir='ltr' id='par_1_63' title="bbox 573 3276 2085 3351">
     <span class='ocr_line' id='line_1_63' title="bbox 573 3276 2085 3351; baseline 0.007 -23"><span class='ocrx_word' id='word_1_471' title='bbox 573 3277 754 3345; x_wconf 80' lang='lat' dir='ltr'><strong>Atque</strong></span> <span class='ocrx_word' id='word_1_472' title='bbox 788 3277 842 3330; x_wconf 91' lang='lat' dir='ltr'><strong>in</strong></span> <span class='ocrx_word' id='word_1_473' title='bbox 878 3276 982 3333; x_wconf 89' lang='lat' dir='ltr'><strong>hos</strong></span> <span class='ocrx_word' id='word_1_474' title='bbox 1010 3278 1150 3333; x_wconf 87' lang='lat' dir='ltr'><strong>duos</strong></span> <span class='ocrx_word' id='word_1_475' title='bbox 1186 3278 1383 3334; x_wconf 89' lang='lat' dir='ltr'><strong>modos</strong></span> <span class='ocrx_word' id='word_1_476' title='bbox 1415 3280 1761 3351; x_wconf 72' lang='lat' dir='ltr'><strong>impegerunt</strong></span> <span class='ocrx_word' id='word_1_477' title='bbox 1787 3278 2085 3339; x_wconf 75' lang='lat' dir='ltr'><strong>Nestorius</strong></span> 
     </span>
    </p>
   </div>
   <div class='ocr_carea' id='block_1_64' title="bbox 500 3366 2086 3439">
    <p class='ocr_par' dir='ltr' id='par_1_64' title="bbox 500 3366 2086 3439">
     <span class='ocr_line' id='line_1_64' title="bbox 500 3366 2086 3439; baseline 0.004 -16"><span class='ocrx_word' id='word_1_478' title='bbox 500 3366 732 3439; x_wconf 76' lang='lat' dir='ltr'><strong>eiusque</strong></span> <span class='ocrx_word' id='word_1_479' title='bbox 779 3370 1025 3435; x_wconf 73' lang='lat' dir='ltr'><strong>asscche,</strong></span> <span class='ocrx_word' id='word_1_480' title='bbox 1067 3382 1122 3427; x_wconf 86' lang='lat' dir='ltr'><strong>et</strong></span> <span class='ocrx_word' id='word_1_481' title='bbox 1147 3370 1387 3428; x_wconf 82' lang='lat' dir='ltr'><strong>Jacobus</strong></span> <span class='ocrx_word' id='word_1_482' title='bbox 1425 3381 1482 3426; x_wconf 88' lang='lat' dir='ltr'><strong>et</strong></span> <span class='ocrx_word' id='word_1_483' title='bbox 1509 3372 1745 3427; x_wconf 76' lang='lat' dir='ltr'><strong>Severus</strong></span> <span class='ocrx_word' id='word_1_484' title='bbox 1777 3384 1834 3429; x_wconf 91' lang='lat' dir='ltr'><strong>et</strong></span> <span class='ocrx_word' id='word_1_485' title='bbox 1861 3374 2086 3430; x_wconf 81' lang='lat' dir='ltr'><strong>Diosco-</strong></span> 
     </span>
    </p>
   </div>
   <div class='ocr_carea' id='block_1_65' title="bbox 502 3460 2084 3534">
    <p class='ocr_par' dir='ltr' id='par_1_65' title="bbox 502 3460 2084 3534">
     <span class='ocr_line' id='line_1_65' title="bbox 502 3460 2084 3534; baseline 0.007 -23"><span class='ocrx_word' id='word_1_486' title='bbox 502 3473 637 3526; x_wconf 85' lang='lat' dir='ltr'><strong>rus,</strong></span> <span class='ocrx_word' id='word_1_487' title='bbox 682 3469 737 3515; x_wconf 90' lang='lat' dir='ltr'><strong>et</strong></span> <span class='ocrx_word' id='word_1_488' title='bbox 787 3460 1093 3533; x_wconf 78' lang='lat' dir='ltr'><strong>Eutychius</strong></span> <span class='ocrx_word' id='word_1_489' title='bbox 1146 3480 1453 3533; x_wconf 84' lang='lat' dir='ltr'><strong>eorumque</strong></span> <span class='ocrx_word' id='word_1_490' title='bbox 1500 3480 1789 3534; x_wconf 82' lang='lat' dir='ltr'><strong>sequaces.</strong></span> <span class='ocrx_word' id='word_1_491' title='bbox 1842 3463 2084 3522; x_wconf 72' lang='lat' dir='ltr'><strong>Iacobus</strong></span> 
     </span>
    </p>
   </div>
   <div class='ocr_carea' id='block_1_66' title="bbox 500 3555 2081 3626">
    <p class='ocr_par' dir='ltr' id='par_1_66' title="bbox 500 3555 2081 3626">
     <span class='ocr_line' id='line_1_66' title="bbox 500 3555 2081 3626; baseline 0.003 -17"><span class='ocrx_word' id='word_1_492' title='bbox 500 3555 727 3625; x_wconf 84' lang='lat' dir='ltr'><strong>quidem</strong></span> <span class='ocrx_word' id='word_1_493' title='bbox 751 3597 766 3620; x_wconf 93' lang='lat'><strong>,</strong></span> <span class='ocrx_word' id='word_1_494' title='bbox 803 3572 951 3625; x_wconf 88' lang='lat' dir='ltr'><strong>nque</strong></span> <span class='ocrx_word' id='word_1_495' title='bbox 984 3571 1221 3626; x_wconf 90' lang='lat' dir='ltr'><strong>quorum</strong></span> <span class='ocrx_word' id='word_1_496' title='bbox 1261 3560 1484 3612; x_wconf 88' lang='lat' dir='ltr'><strong>nomina</strong></span> <span class='ocrx_word' id='word_1_497' title='bbox 1533 3558 1789 3613; x_wconf 86' lang='lat' dir='ltr'><strong>reccnsui</strong></span> <span class='ocrx_word' id='word_1_498' title='bbox 1812 3599 1828 3622; x_wconf 89' lang='lat'><strong>,</strong></span> <span class='ocrx_word' id='word_1_499' title='bbox 1863 3560 2081 3617; x_wconf 43' lang='lat' dir='ltr'><strong>misti»</strong></span> 
     </span>
    </p>
   </div>
   <div class='ocr_carea' id='block_1_67' title="bbox 503 3648 2081 3721">
    <p class='ocr_par' dir='ltr' id='par_1_67' title="bbox 503 3648 2081 3721">
     <span class='ocr_line' id='line_1_67' title="bbox 503 3648 2081 3721; baseline 0.004 -19"><span class='ocrx_word' id='word_1_500' title='bbox 503 3662 633 3703; x_wconf 89' lang='lat' dir='ltr'><strong>nem</strong></span> <span class='ocrx_word' id='word_1_501' title='bbox 667 3648 989 3704; x_wconf 82' lang='lat' dir='ltr'><strong>mutationis</strong></span> <span class='ocrx_word' id='word_1_502' title='bbox 1018 3657 1074 3703; x_wconf 84' lang='lat' dir='ltr'><strong>et</strong></span> <span class='ocrx_word' id='word_1_503' title='bbox 1104 3649 1484 3720; x_wconf 87' lang='lat' dir='ltr'><strong>corruptionis</strong></span> <span class='ocrx_word' id='word_1_504' title='bbox 1512 3650 1787 3721; x_wconf 89' lang='lat' dir='ltr'><strong>amplexi,</strong></span> <span class='ocrx_word' id='word_1_505' title='bbox 1824 3667 2081 3709; x_wconf 83' lang='lat' dir='ltr'><strong>asserue-</strong></span> 
     </span>
    </p>
   </div>
   <div class='ocr_carea' id='block_1_68' title="bbox 496 3740 2081 3819">
    <p class='ocr_par' dir='ltr' id='par_1_68' title="bbox 496 3740 2081 3819">
     <span class='ocr_line' id='line_1_68' title="bbox 496 3740 2081 3819; baseline 0.005 -27"><span class='ocrx_word' id='word_1_506' title='bbox 496 3748 629 3793; x_wconf 86' lang='lat' dir='ltr'><strong>runt</strong></span> <span class='ocrx_word' id='word_1_507' title='bbox 674 3747 929 3794; x_wconf 87' lang='lat' dir='ltr'><strong>naturam</strong></span> <span class='ocrx_word' id='word_1_508' title='bbox 963 3740 1205 3795; x_wconf 76' lang='lat' dir='ltr'><strong>divinam</strong></span> <span class='ocrx_word' id='word_1_509' title='bbox 1249 3749 1307 3796; x_wconf 89' lang='lat' dir='ltr'><strong>et</strong></span> <span class='ocrx_word' id='word_1_510' title='bbox 1342 3751 1596 3796; x_wconf 87' lang='lat' dir='ltr'><strong>naturam</strong></span> <span class='ocrx_word' id='word_1_511' title='bbox 1636 3744 1933 3799; x_wconf 84' lang='lat' dir='ltr'><strong>humanam</strong></span> <span class='ocrx_word' id='word_1_512' title='bbox 1965 3745 2081 3819; x_wconf 71' lang='grc' dir='ltr'>ω</span> 
     </span>
    </p>
   </div>
   <div class='ocr_carea' id='block_1_69' title="bbox 496 3830 2080 3906">
    <p class='ocr_par' dir='ltr' id='par_1_69' title="bbox 496 3830 2080 3906">
     <span class='ocr_line' id='line_1_69' title="bbox 496 3830 2080 3906; baseline 0.004 -22"><span class='ocrx_word' id='word_1_513' title='bbox 496 3831 554 3884; x_wconf 90' lang='lat' dir='ltr'><strong>in</strong></span> <span class='ocrx_word' id='word_1_514' title='bbox 611 3845 724 3885; x_wconf 79' lang='lat' dir='ltr'><strong>uno</strong></span> <span class='ocrx_word' id='word_1_515' title='bbox 772 3830 996 3886; x_wconf 83' lang='lat' dir='ltr'><strong>Christo</strong></span> <span class='ocrx_word' id='word_1_516' title='bbox 1037 3832 1359 3886; x_wconf 87' lang='lat' dir='ltr'><strong>commistas</strong></span> <span class='ocrx_word' id='word_1_517' title='bbox 1404 3831 1610 3898; x_wconf 87' lang='lat' dir='ltr'><strong>fuisse,</strong></span> <span class='ocrx_word' id='word_1_518' title='bbox 1660 3835 1946 3906; x_wconf 86' lang='lat' dir='ltr'><strong>ipsumque</strong></span> <span class='ocrx_word' id='word_1_519' title='bbox 1977 3839 2080 3891; x_wconf 87' lang='lat' dir='ltr'><strong>ha-</strong></span> 
     </span>
    </p>
   </div>
   <div class='ocr_carea' id='block_1_70' title="bbox 495 3924 2076 3997">
    <p class='ocr_par' dir='ltr' id='par_1_70' title="bbox 495 3924 2076 3997">
     <span class='ocr_line' id='line_1_70' title="bbox 495 3924 2076 3997; baseline 0.003 -21"><span class='ocrx_word' id='word_1_520' title='bbox 495 3924 687 3978; x_wconf 84' lang='lat' dir='ltr'><strong>buisse</strong></span> <span class='ocrx_word' id='word_1_521' title='bbox 730 3924 1149 3979; x_wconf 82' lang='lat' dir='ltr'><strong>subsistentiam</strong></span> <span class='ocrx_word' id='word_1_522' title='bbox 1182 3937 1349 3978; x_wconf 88' lang='lat' dir='ltr'><strong>unam</strong></span> <span class='ocrx_word' id='word_1_523' title='bbox 1385 3924 1439 3977; x_wconf 88' lang='lat' dir='ltr'><strong>in</strong></span> <span class='ocrx_word' id='word_1_524' title='bbox 1474 3934 1669 3978; x_wconf 81' lang='lat' dir='ltr'><strong>natura</strong></span> <span class='ocrx_word' id='word_1_525' title='bbox 1707 3942 1814 3979; x_wconf 88' lang='lat' dir='ltr'><strong>una</strong></span> <span class='ocrx_word' id='word_1_526' title='bbox 1850 3943 2076 3997; x_wconf 85' lang='lat' dir='ltr'><strong>compo-</strong></span> 
     </span>
    </p>
   </div>
   <div class='ocr_carea' id='block_1_71' title="bbox 494 4016 2077 4081">
    <p class='ocr_par' dir='ltr' id='par_1_71' title="bbox 494 4016 2077 4081">
     <span class='ocr_line' id='line_1_71' title="bbox 494 4016 2077 4081; baseline 0.002 -10"><span class='ocrx_word' id='word_1_527' title='bbox 494 4018 657 4071; x_wconf 85' lang='lat' dir='ltr'><strong>sitam</strong></span> <span class='ocrx_word' id='word_1_528' title='bbox 701 4031 767 4071; x_wconf 73' lang='grc' dir='ltr'><strong>εις</strong></span> <span class='ocrx_word' id='word_1_529' title='bbox 809 4016 1029 4071; x_wconf 85' lang='lat' dir='ltr'><strong>duabus</strong></span> <span class='ocrx_word' id='word_1_530' title='bbox 1075 4016 1290 4071; x_wconf 85' lang='lat' dir='ltr'><strong>naturis</strong></span> <span class='ocrx_word' id='word_1_531' title='bbox 1330 4016 1607 4081; x_wconf 76' lang='lat' dir='ltr'><strong>diversis,</strong></span> <span class='ocrx_word' id='word_1_532' title='bbox 1638 4017 1828 4071; x_wconf 87' lang='lat' dir='ltr'><strong>divina</strong></span> <span class='ocrx_word' id='word_1_533' title='bbox 1861 4020 2077 4076; x_wconf 87' lang='lat' dir='ltr'><strong>scilicet</strong></span> 
     </span>
    </p>
   </div>
   <div class='ocr_carea' id='block_1_72' title="bbox 492 4108 2073 4180">
    <p class='ocr_par' dir='ltr' id='par_1_72' title="bbox 492 4108 2073 4180">
     <span class='ocr_line' id='line_1_72' title="bbox 492 4108 2073 4180; baseline 0.003 -17"><span class='ocrx_word' id='word_1_534' title='bbox 492 4119 548 4163; x_wconf 87' lang='lat' dir='ltr'><strong>et</strong></span> <span class='ocrx_word' id='word_1_535' title='bbox 577 4108 855 4175; x_wconf 86' lang='lat' dir='ltr'><strong>humana;</strong></span> <span class='ocrx_word' id='word_1_536' title='bbox 906 4108 1140 4180; x_wconf 80' lang='lat' dir='ltr'><strong>professi</strong></span> <span class='ocrx_word' id='word_1_537' title='bbox 1180 4124 1314 4176; x_wconf 76' lang='lat' dir='ltr'><strong>ergo</strong></span> <span class='ocrx_word' id='word_1_538' title='bbox 1348 4117 1480 4163; x_wconf 89' lang='lat' dir='ltr'><strong>sunt</strong></span> <span class='ocrx_word' id='word_1_539' title='bbox 1523 4124 1620 4162; x_wconf 86' lang='lat' dir='ltr'><strong>eas</strong></span> <span class='ocrx_word' id='word_1_540' title='bbox 1658 4119 1903 4169; x_wconf 85' lang='lat' dir='ltr'><strong>mutatas</strong></span> <span class='ocrx_word' id='word_1_541' title='bbox 1927 4128 2073 4168; x_wconf 86' lang='lat' dir='ltr'><strong>esse:</strong></span> 
     </span>
    </p>
   </div>
   <div class='ocr_carea' id='block_1_73' title="bbox 493 4201 2079 4270">
    <p class='ocr_par' dir='ltr' id='par_1_73' title="bbox 493 4201 2079 4270">
     <span class='ocr_line' id='line_1_73' title="bbox 493 4201 2079 4270; baseline 0.001 -14"><span class='ocrx_word' id='word_1_542' title='bbox 493 4201 733 4257; x_wconf 82' lang='lat' dir='ltr'><strong>mutatio</strong></span> <span class='ocrx_word' id='word_1_543' title='bbox 787 4208 972 4255; x_wconf 87' lang='lat' dir='ltr'><strong>autem</strong></span> <span class='ocrx_word' id='word_1_544' title='bbox 1023 4202 1312 4269; x_wconf 90' lang='lat' dir='ltr'><strong>corruptio</strong></span> <span class='ocrx_word' id='word_1_545' title='bbox 1365 4210 1472 4256; x_wconf 85' lang='lat' dir='ltr'><strong>est.</strong></span> <span class='ocrx_word' id='word_1_546' title='bbox 1532 4201 1711 4270; x_wconf 79' lang='lat' dir='ltr'><strong>Atque</strong></span> <span class='ocrx_word' id='word_1_547' title='bbox 1768 4201 1875 4257; x_wconf 88' lang='lat' dir='ltr'><strong>hoc</strong></span> <span class='ocrx_word' id='word_1_548' title='bbox 1929 4203 2079 4258; x_wconf 90' lang='lat' dir='ltr'><strong>dicto</strong></span> 
     </span>
    </p>
   </div>
   <div class='ocr_carea' id='block_1_74' title="bbox 492 4292 2076 4363">
    <p class='ocr_par' dir='ltr' id='par_1_74' title="bbox 492 4292 2076 4363">
     <span class='ocr_line' id='line_1_74' title="bbox 492 4292 2076 4363; baseline 0.001 -14"><span class='ocrx_word' id='word_1_549' title='bbox 492 4296 665 4363; x_wconf 89' lang='lat' dir='ltr'><strong>impio</strong></span> <span class='ocrx_word' id='word_1_550' title='bbox 690 4293 786 4350; x_wconf 87' lang='lat' dir='ltr'><strong>Dei</strong></span> <span class='ocrx_word' id='word_1_551' title='bbox 811 4303 1065 4352; x_wconf 88' lang='lat' dir='ltr'><strong>naturam</strong></span> <span class='ocrx_word' id='word_1_552' title='bbox 1089 4292 1468 4349; x_wconf 83' lang='lat' dir='ltr'><strong>accidentibus</strong></span> <span class='ocrx_word' id='word_1_553' title='bbox 1491 4300 1543 4347; x_wconf 91' lang='lat' dir='ltr'><strong>et</strong></span> <span class='ocrx_word' id='word_1_554' title='bbox 1568 4294 1732 4347; x_wconf 88' lang='lat' dir='ltr'><strong>morti</strong></span> <span class='ocrx_word' id='word_1_555' title='bbox 1758 4298 2076 4351; x_wconf 83' lang='lat' dir='ltr'><strong>necessario</strong></span> 
     </span>
    </p>
   </div>
   <div class='ocr_carea' id='block_1_75' title="bbox 2195 3186 3789 3260">
    <p class='ocr_par' dir='ltr' id='par_1_75' title="bbox 2195 3186 3789 3260">
     <span class='ocr_line' id='line_1_75' title="bbox 2195 3186 3789 3260; baseline 0.003 -19"><span class='ocrx_word' id='word_1_556' title='bbox 2195 3188 2514 3251; x_wconf 84' lang='lat' dir='ltr'><strong>misceatur,</strong></span> <span class='ocrx_word' id='word_1_557' title='bbox 2544 3201 2721 3255; x_wconf 81' lang='lat' dir='ltr'><strong>neque</strong></span> <span class='ocrx_word' id='word_1_558' title='bbox 2752 3198 3032 3243; x_wconf 87' lang='lat' dir='ltr'><strong>remaneat</strong></span> <span class='ocrx_word' id='word_1_559' title='bbox 3062 3191 3221 3242; x_wconf 88' lang='lat' dir='ltr'><strong>locus</strong></span> <span class='ocrx_word' id='word_1_560' title='bbox 3251 3186 3365 3260; x_wconf 64' lang='grc' dir='ltr'><strong>ω</strong></span> <span class='ocrx_word' id='word_1_561' title='bbox 3386 3190 3534 3244; x_wconf 83' lang='lat' dir='ltr'><strong>ullus</strong></span> <span class='ocrx_word' id='word_1_562' title='bbox 3566 3202 3789 3245; x_wconf 77' lang='lat' dir='ltr'><strong>natura:</strong></span> 
     </span>
    </p>
   </div>
   <div class='ocr_carea' id='block_1_76' title="bbox 2195 3278 3788 3349">
    <p class='ocr_par' dir='ltr' id='par_1_76' title="bbox 2195 3278 3788 3349">
     <span class='ocr_line' id='line_1_76' title="bbox 2195 3278 3788 3349; baseline 0.003 -18"><span class='ocrx_word' id='word_1_563' title='bbox 2195 3278 2497 3333; x_wconf 84' lang='lat' dir='ltr'><strong>niaterialis</strong></span> <span class='ocrx_word' id='word_1_564' title='bbox 2524 3292 2735 3333; x_wconf 78' lang='lat' dir='ltr'><strong>vacuus</strong></span> <span class='ocrx_word' id='word_1_565' title='bbox 2781 3288 2977 3334; x_wconf 89' lang='lat' dir='ltr'><strong>natura</strong></span> <span class='ocrx_word' id='word_1_566' title='bbox 3014 3280 3281 3349; x_wconf 89' lang='lat' dir='ltr'><strong>spiritali,</strong></span> <span class='ocrx_word' id='word_1_567' title='bbox 3317 3280 3439 3335; x_wconf 82' lang='lat' dir='ltr'><strong>sine</strong></span> <span class='ocrx_word' id='word_1_568' title='bbox 3472 3286 3788 3336; x_wconf 81' lang='lat' dir='ltr'><strong>mutatione</strong></span> 
     </span>
    </p>
   </div>
   <div class='ocr_carea' id='block_1_77' title="bbox 2195 3370 3787 3443">
    <p class='ocr_par' dir='ltr' id='par_1_77' title="bbox 2195 3370 3787 3443">
     <span class='ocr_line' id='line_1_77' title="bbox 2195 3370 3787 3443; baseline 0.003 -19"><span class='ocrx_word' id='word_1_569' title='bbox 2195 3386 2305 3439; x_wconf 85' lang='lat' dir='ltr'><strong>qua</strong></span> <span class='ocrx_word' id='word_1_570' title='bbox 2350 3379 2595 3426; x_wconf 84' lang='lat' dir='ltr'><strong>mutetur</strong></span> <span class='ocrx_word' id='word_1_571' title='bbox 2641 3370 2729 3426; x_wconf 88' lang='lat' dir='ltr'><strong>vel</strong></span> <span class='ocrx_word' id='word_1_572' title='bbox 2775 3371 3041 3440; x_wconf 86' lang='lat' dir='ltr'><strong>spiritalis</strong></span> <span class='ocrx_word' id='word_1_573' title='bbox 3080 3386 3111 3426; x_wconf 95' lang='lat' dir='ltr'><strong>a</strong></span> <span class='ocrx_word' id='word_1_574' title='bbox 3150 3381 3349 3427; x_wconf 90' lang='lat' dir='ltr'><strong>natura</strong></span> <span class='ocrx_word' id='word_1_575' title='bbox 3388 3386 3488 3426; x_wconf 89' lang='lat' dir='ltr'><strong>sua</strong></span> <span class='ocrx_word' id='word_1_576' title='bbox 3538 3374 3787 3443; x_wconf 86' lang='lat' dir='ltr'><strong>spiritali</strong></span> 
     </span>
    </p>
   </div>
   <div class='ocr_carea' id='block_1_78' title="bbox 2191 3464 3784 3535">
    <p class='ocr_par' dir='ltr' id='par_1_78' title="bbox 2191 3464 3784 3535">
     <span class='ocr_line' id='line_1_78' title="bbox 2191 3464 3784 3535; baseline -0.001 -16"><span class='ocrx_word' id='word_1_577' title='bbox 2191 3464 2405 3529; x_wconf 87' lang='lat' dir='ltr'><strong>subtili,</strong></span> <span class='ocrx_word' id='word_1_578' title='bbox 2424 3465 2511 3519; x_wconf 87' lang='lat' dir='ltr'><strong>vel</strong></span> <span class='ocrx_word' id='word_1_579' title='bbox 2535 3477 2801 3535; x_wconf 86' lang='lat' dir='ltr'><strong>corporea</strong></span> <span class='ocrx_word' id='word_1_580' title='bbox 2827 3464 3130 3519; x_wconf 87' lang='lat' dir='ltr'><strong>materialis</strong></span> <span class='ocrx_word' id='word_1_581' title='bbox 3151 3478 3182 3518; x_wconf 86' lang='lat' dir='ltr'><strong>a</strong></span> <span class='ocrx_word' id='word_1_582' title='bbox 3210 3473 3411 3520; x_wconf 87' lang='lat' dir='ltr'><strong>natura</strong></span> <span class='ocrx_word' id='word_1_583' title='bbox 3436 3480 3538 3520; x_wconf 87' lang='lat' dir='ltr'><strong>sua</strong></span> <span class='ocrx_word' id='word_1_584' title='bbox 3559 3481 3784 3530; x_wconf 80' lang='lat' dir='ltr'><strong>crassa,</strong></span> 
     </span>
    </p>
   </div>
   <div class='ocr_carea' id='block_1_79' title="bbox 2192 3554 3784 3628">
    <p class='ocr_par' dir='ltr' id='par_1_79' title="bbox 2192 3554 3784 3628">
     <span class='ocr_line' id='line_1_79' title="bbox 2192 3554 3784 3628; baseline 0.003 -19"><span class='ocrx_word' id='word_1_585' title='bbox 2192 3554 2500 3620; x_wconf 86' lang='lat' dir='ltr'><strong>materiali,</strong></span> <span class='ocrx_word' id='word_1_586' title='bbox 2569 3569 2636 3609; x_wconf 83' lang='lat' dir='ltr'><strong>ac</strong></span> <span class='ocrx_word' id='word_1_587' title='bbox 2702 3556 2824 3609; x_wconf 89' lang='lat' dir='ltr'><strong>sine</strong></span> <span class='ocrx_word' id='word_1_588' title='bbox 2878 3555 3206 3611; x_wconf 86' lang='lat' dir='ltr'><strong>alteratione</strong></span> <span class='ocrx_word' id='word_1_589' title='bbox 3262 3565 3357 3611; x_wconf 88' lang='lat' dir='ltr'><strong>aut</strong></span> <span class='ocrx_word' id='word_1_590' title='bbox 3419 3561 3784 3628; x_wconf 76' lang='lat' dir='ltr'><strong>corruptione</strong></span> 
     </span>
    </p>
   </div>
   <div class='ocr_carea' id='block_1_80' title="bbox 2192 3646 3781 3720">
    <p class='ocr_par' dir='ltr' id='par_1_80' title="bbox 2192 3646 3781 3720">
     <span class='ocr_line' id='line_1_80' title="bbox 2192 3646 3781 3720; baseline 0.004 -19"><span class='ocrx_word' id='word_1_591' title='bbox 2192 3648 2457 3703; x_wconf 87' lang='lat' dir='ltr'><strong>utriusvis</strong></span> <span class='ocrx_word' id='word_1_592' title='bbox 2482 3686 2501 3711; x_wconf 85' lang='lat'><strong><em>.</em></strong></span> <span class='ocrx_word' id='word_1_593' title='bbox 2540 3646 2719 3702; x_wconf 86' lang='lat' dir='ltr'><strong>instar</strong></span> <span class='ocrx_word' id='word_1_594' title='bbox 2752 3647 3029 3702; x_wconf 86' lang='lat' dir='ltr'><strong>mistionis</strong></span> <span class='ocrx_word' id='word_1_595' title='bbox 3072 3650 3271 3703; x_wconf 66' lang='lat' dir='ltr'><strong>anima</strong></span> <span class='ocrx_word' id='word_1_596' title='bbox 3301 3659 3356 3704; x_wconf 85' lang='lat' dir='ltr'><strong>et</strong></span> <span class='ocrx_word' id='word_1_597' title='bbox 3395 3654 3648 3720; x_wconf 87' lang='lat' dir='ltr'><strong>corporis</strong></span> <span class='ocrx_word' id='word_1_598' title='bbox 3684 3662 3781 3707; x_wconf 79' lang='lat' dir='ltr'><strong>aut</strong></span> 
     </span>
    </p>
   </div>
   <div class='ocr_carea' id='block_1_81' title="bbox 2188 3739 3779 3810">
    <p class='ocr_par' dir='ltr' id='par_1_81' title="bbox 2188 3739 3779 3810">
     <span class='ocr_line' id='line_1_81' title="bbox 2188 3739 3779 3810; baseline 0.003 -15"><span class='ocrx_word' id='word_1_599' title='bbox 2188 3742 2332 3809; x_wconf 79' lang='lat' dir='ltr'><strong>ignis</strong></span> <span class='ocrx_word' id='word_1_600' title='bbox 2363 3749 2417 3795; x_wconf 86' lang='lat' dir='ltr'><strong>et</strong></span> <span class='ocrx_word' id='word_1_601' title='bbox 2452 3739 2583 3795; x_wconf 89' lang='lat' dir='ltr'><strong>ferri</strong></span> <span class='ocrx_word' id='word_1_602' title='bbox 2620 3740 2675 3794; x_wconf 89' lang='lat' dir='ltr'><strong>in</strong></span> <span class='ocrx_word' id='word_1_603' title='bbox 2707 3739 2899 3794; x_wconf 83' lang='lat' dir='ltr'><strong>eadem</strong></span> <span class='ocrx_word' id='word_1_604' title='bbox 2935 3753 3132 3807; x_wconf 87' lang='lat' dir='ltr'><strong>pruna,</strong></span> <span class='ocrx_word' id='word_1_605' title='bbox 3170 3755 3293 3810; x_wconf 82' lang='lat' dir='ltr'><strong>quae</strong></span> <span class='ocrx_word' id='word_1_606' title='bbox 3327 3755 3435 3795; x_wconf 90' lang='lat' dir='ltr'><strong>una</strong></span> <span class='ocrx_word' id='word_1_607' title='bbox 3462 3750 3547 3795; x_wconf 89' lang='lat' dir='ltr'><strong>est</strong></span> <span class='ocrx_word' id='word_1_608' title='bbox 3585 3746 3779 3800; x_wconf 79' lang='lat' dir='ltr'><strong>subsi-</strong></span> 
     </span>
    </p>
   </div>
   <div class='ocr_carea' id='block_1_82' title="bbox 2186 3812 3777 3899">
    <p class='ocr_par' dir='ltr' id='par_1_82' title="bbox 2186 3812 3777 3899">
     <span class='ocr_line' id='line_1_82' title="bbox 2186 3812 3777 3899; baseline 0.003 -13"><span class='ocrx_word' id='word_1_609' title='bbox 2186 3812 2410 3898; x_wconf 79' lang='lat' dir='ltr'><strong>stentia,</strong></span> <span class='ocrx_word' id='word_1_610' title='bbox 2443 3844 2476 3886; x_wconf 87' lang='lat' dir='ltr'><strong>e</strong></span> <span class='ocrx_word' id='word_1_611' title='bbox 2504 3839 2700 3886; x_wconf 89' lang='lat' dir='ltr'><strong>natura</strong></span> <span class='ocrx_word' id='word_1_612' title='bbox 2736 3830 2884 3899; x_wconf 79' lang='lat' dir='ltr'><strong>ignis</strong></span> <span class='ocrx_word' id='word_1_613' title='bbox 2910 3831 3199 3897; x_wconf 87' lang='lat' dir='ltr'><strong>conjuncta</strong></span> <span class='ocrx_word' id='word_1_614' title='bbox 3231 3847 3296 3885; x_wconf 90' lang='lat' dir='ltr'><strong>ac</strong></span> <span class='ocrx_word' id='word_1_615' title='bbox 3333 3833 3618 3890; x_wconf 74' lang='lat' dir='ltr'><strong>commissa</strong></span> <span class='ocrx_word' id='word_1_616' title='bbox 3648 3851 3777 3891; x_wconf 81' lang='lat' dir='ltr'><strong>emi</strong></span> 
     </span>
    </p>
   </div>
   <div class='ocr_carea' id='block_1_83' title="bbox 2186 3923 3780 3993">
    <p class='ocr_par' dir='ltr' id='par_1_83' title="bbox 2186 3923 3780 3993">
     <span class='ocr_line' id='line_1_83' title="bbox 2186 3923 3780 3993; baseline 0.004 -14"><span class='ocrx_word' id='word_1_617' title='bbox 2186 3935 2383 3979; x_wconf 86' lang='lat' dir='ltr'><strong>natura</strong></span> <span class='ocrx_word' id='word_1_618' title='bbox 2412 3924 2545 3980; x_wconf 87' lang='lat' dir='ltr'><strong>ferri</strong></span> <span class='ocrx_word' id='word_1_619' title='bbox 2575 3925 2694 3979; x_wconf 86' lang='lat' dir='ltr'><strong>sine</strong></span> <span class='ocrx_word' id='word_1_620' title='bbox 2726 3923 3077 3993; x_wconf 85' lang='lat' dir='ltr'><strong>separatione</strong></span> <span class='ocrx_word' id='word_1_621' title='bbox 3106 3933 3202 3977; x_wconf 88' lang='lat' dir='ltr'><strong>aut</strong></span> <span class='ocrx_word' id='word_1_622' title='bbox 3229 3925 3521 3993; x_wconf 79' lang='lat' dir='ltr'><strong>divisione,</strong></span> <span class='ocrx_word' id='word_1_623' title='bbox 3558 3944 3625 3982; x_wconf 85' lang='lat' dir='ltr'><strong>ac</strong></span> <span class='ocrx_word' id='word_1_624' title='bbox 3656 3929 3780 3985; x_wconf 77' lang='lat' dir='ltr'><strong>sine</strong></span> 
     </span>
    </p>
   </div>
   <div class='ocr_carea' id='block_1_84' title="bbox 2187 4015 3776 4087">
    <p class='ocr_par' dir='ltr' id='par_1_84' title="bbox 2187 4015 3776 4087">
     <span class='ocr_line' id='line_1_84' title="bbox 2187 4015 3776 4087; baseline 0.004 -17"><span class='ocrx_word' id='word_1_625' title='bbox 2187 4015 2535 4079; x_wconf 85' lang='lat' dir='ltr'><strong>confusione,</strong></span> <span class='ocrx_word' id='word_1_626' title='bbox 2581 4015 2940 4071; x_wconf 80' lang='lat' dir='ltr'><strong>conversione</strong></span> <span class='ocrx_word' id='word_1_627' title='bbox 2972 4025 3066 4069; x_wconf 90' lang='lat' dir='ltr'><strong>aut</strong></span> <span class='ocrx_word' id='word_1_628' title='bbox 3104 4018 3487 4087; x_wconf 87' lang='lat' dir='ltr'><strong>corruptione,</strong></span> <span class='ocrx_word' id='word_1_629' title='bbox 3529 4020 3776 4077; x_wconf 85' lang='lat' dir='ltr'><strong>diffusus</strong></span> 
     </span>
    </p>
   </div>
   <div class='ocr_carea' id='block_1_85' title="bbox 2186 4108 3773 4187">
    <p class='ocr_par' dir='ltr' id='par_1_85' title="bbox 2186 4108 3773 4187">
     <span class='ocr_line' id='line_1_85' title="bbox 2186 4108 3773 4187; baseline 0.006 -24"><span class='ocrx_word' id='word_1_630' title='bbox 2186 4119 2271 4164; x_wconf 85' lang='lat' dir='ltr'><strong>est</strong></span> <span class='ocrx_word' id='word_1_631' title='bbox 2304 4109 2526 4163; x_wconf 86' lang='lat' dir='ltr'><strong>interim</strong></span> <span class='ocrx_word' id='word_1_632' title='bbox 2557 4108 2698 4178; x_wconf 76' lang='lat' dir='ltr'><strong>ignis</strong></span> <span class='ocrx_word' id='word_1_633' title='bbox 2731 4123 2829 4179; x_wconf 86' lang='lat' dir='ltr'><strong>per</strong></span> <span class='ocrx_word' id='word_1_634' title='bbox 2863 4108 3181 4163; x_wconf 90' lang='lat' dir='ltr'><strong>universum</strong></span> <span class='ocrx_word' id='word_1_635' title='bbox 3212 4110 3441 4177; x_wconf 88' lang='lat' dir='ltr'><strong>ferrum,</strong></span> <span class='ocrx_word' id='word_1_636' title='bbox 3478 4122 3773 4187; x_wconf 84' lang='lat' dir='ltr'><strong>totumque</strong></span> 
     </span>
    </p>
   </div>
   <div class='ocr_carea' id='block_1_86' title="bbox 2186 4199 3771 4273">
    <p class='ocr_par' dir='ltr' id='par_1_86' title="bbox 2186 4199 3771 4273">
     <span class='ocr_line' id='line_1_86' title="bbox 2186 4199 3771 4273; baseline 0.005 -17"><span class='ocrx_word' id='word_1_637' title='bbox 2186 4199 2405 4268; x_wconf 86' lang='lat' dir='ltr'><strong>induit;</strong></span> <span class='ocrx_word' id='word_1_638' title='bbox 2445 4201 2871 4257; x_wconf 86' lang='lat' dir='ltr'><strong>communicavit</strong></span> <span class='ocrx_word' id='word_1_639' title='bbox 2903 4201 3070 4257; x_wconf 90' lang='lat' dir='ltr'><strong>etiam</strong></span> <span class='ocrx_word' id='word_1_640' title='bbox 3101 4201 3247 4258; x_wconf 88' lang='lat' dir='ltr'><strong>ferro</strong></span> <span class='ocrx_word' id='word_1_641' title='bbox 3278 4207 3577 4273; x_wconf 85' lang='lat' dir='ltr'><strong>potentiam</strong></span> <span class='ocrx_word' id='word_1_642' title='bbox 3608 4224 3771 4265; x_wconf 84' lang='lat' dir='ltr'><strong>suam</strong></span> 
     </span>
    </p>
   </div>
   <div class='ocr_carea' id='block_1_87' title="bbox 2181 4295 3772 4360">
    <p class='ocr_par' dir='ltr' id='par_1_87' title="bbox 2181 4295 3772 4360">
     <span class='ocr_line' id='line_1_87' title="bbox 2181 4295 3772 4360; baseline 0.006 -11"><span class='ocrx_word' id='word_1_643' title='bbox 2181 4305 2232 4349; x_wconf 87' lang='lat' dir='ltr'><strong>ct</strong></span> <span class='ocrx_word' id='word_1_644' title='bbox 2284 4295 2457 4349; x_wconf 84' lang='lat' dir='ltr'><strong>lucem</strong></span> <span class='ocrx_word' id='word_1_645' title='bbox 2508 4310 2699 4358; x_wconf 89' lang='lat' dir='ltr'><strong>suam,</strong></span> <span class='ocrx_word' id='word_1_646' title='bbox 2746 4303 2802 4351; x_wconf 87' lang='lat' dir='ltr'><strong>et</strong></span> <span class='ocrx_word' id='word_1_647' title='bbox 2848 4296 2958 4350; x_wconf 90' lang='lat' dir='ltr'><strong>vim</strong></span> <span class='ocrx_word' id='word_1_648' title='bbox 3006 4297 3394 4360; x_wconf 88' lang='lat' dir='ltr'><strong>comburendi,</strong></span> <span class='ocrx_word' id='word_1_649' title='bbox 3443 4300 3581 4356; x_wconf 88' lang='lat' dir='ltr'><strong>adeo</strong></span> <span class='ocrx_word' id='word_1_650' title='bbox 3624 4313 3772 4358; x_wconf 89' lang='lat' dir='ltr'><strong>utet</strong></span> 
     </span>
    </p>
   </div>
   <div class='ocr_carea' id='block_1_88' title="bbox 491 4385 3767 4477">
    <p class='ocr_par' dir='ltr' id='par_1_88' title="bbox 491 4385 3767 4477">
     <span class='ocr_line' id='line_1_88' title="bbox 491 4385 3767 4477; baseline 0.001 -33"><span class='ocrx_word' id='word_1_651' title='bbox 491 4388 786 4445; x_wconf 79' lang='lat' dir='ltr'><strong>obnoxiam</strong></span> <span class='ocrx_word' id='word_1_652' title='bbox 816 4388 1075 4451; x_wconf 88' lang='lat' dir='ltr'><strong>reddunt,</strong></span> <span class='ocrx_word' id='word_1_653' title='bbox 1109 4402 1174 4443; x_wconf 91' lang='lat' dir='ltr'><strong>ac</strong></span> <span class='ocrx_word' id='word_1_654' title='bbox 1196 4385 1477 4443; x_wconf 85' lang='lat' dir='ltr'><strong>Christum</strong></span> <span class='ocrx_word' id='word_1_655' title='bbox 1515 4403 1617 4441; x_wconf 86' lang='lat' dir='ltr'><strong>nec</strong></span> <span class='ocrx_word' id='word_1_656' title='bbox 1654 4386 1824 4442; x_wconf 87' lang='lat' dir='ltr'><strong>Deum</strong></span> <span class='ocrx_word' id='word_1_657' title='bbox 1860 4405 2070 4458; x_wconf 87' lang='lat' dir='ltr'><strong>verum,</strong></span> <span class='ocrx_word' id='word_1_658' title='bbox 2106 4421 2150 4477; x_wconf 69' lang='grc' dir='ltr'><strong>υ</strong></span> <span class='ocrx_word' id='word_1_659' title='bbox 2182 4388 2363 4441; x_wconf 85' lang='lat' dir='ltr'><strong>luceat</strong></span> <span class='ocrx_word' id='word_1_660' title='bbox 2405 4385 2634 4450; x_wconf 84' lang='lat' dir='ltr'><strong>ferrum,</strong></span> <span class='ocrx_word' id='word_1_661' title='bbox 2671 4394 2726 4477; x_wconf 89' lang='lat' dir='ltr'><strong>et</strong></span> <span class='ocrx_word' id='word_1_662' title='bbox 2755 4396 2913 4453; x_wconf 86' lang='lat' dir='ltr'><strong>urat;</strong></span> <span class='ocrx_word' id='word_1_663' title='bbox 2955 4396 3013 4443; x_wconf 90' lang='lat' dir='ltr'><strong>at</strong></span> <span class='ocrx_word' id='word_1_664' title='bbox 3041 4389 3181 4444; x_wconf 84' lang='lat' dir='ltr'><strong>nihil</strong></span> <span class='ocrx_word' id='word_1_665' title='bbox 3209 4390 3313 4445; x_wconf 86' lang='lat' dir='ltr'><strong>sibi</strong></span> <span class='ocrx_word' id='word_1_666' title='bbox 3346 4392 3415 4447; x_wconf 90' lang='lat' dir='ltr'><strong>de</strong></span> <span class='ocrx_word' id='word_1_667' title='bbox 3446 4393 3767 4463; x_wconf 76' lang='lat' dir='ltr'><strong>impotentia</strong></span> 
     </span>
    </p>
   </div>
   <div class='ocr_carea' id='block_1_89' title="bbox 492 4479 2070 4545">
    <p class='ocr_par' dir='ltr' id='par_1_89' title="bbox 492 4479 2070 4545">
     <span class='ocr_line' id='line_1_89' title="bbox 492 4479 2070 4545; baseline -0.001 -7"><span class='ocrx_word' id='word_1_668' title='bbox 492 4497 596 4539; x_wconf 85' lang='lat' dir='ltr'><strong>nec</strong></span> <span class='ocrx_word' id='word_1_669' title='bbox 636 4496 825 4537; x_wconf 88' lang='lat' dir='ltr'><strong>verum</strong></span> <span class='ocrx_word' id='word_1_670' title='bbox 872 4482 1152 4537; x_wconf 83' lang='lat' dir='ltr'><strong>hominem</strong></span> <span class='ocrx_word' id='word_1_671' title='bbox 1192 4479 1560 4545; x_wconf 86' lang='lat' dir='ltr'><strong>constituunt,</strong></span> <span class='ocrx_word' id='word_1_672' title='bbox 1594 4480 1770 4536; x_wconf 89' lang='lat' dir='ltr'><strong>instar</strong></span> <span class='ocrx_word' id='word_1_673' title='bbox 1812 4484 2070 4538; x_wconf 76' lang='lat' dir='ltr'><strong>massulae</strong></span> 
     </span>
    </p>
   </div>
   <div class='ocr_carea' id='block_1_90' title="bbox 489 4567 2068 4643">
    <p class='ocr_par' dir='ltr' id='par_1_90' title="bbox 489 4567 2068 4643">
     <span class='ocr_line' id='line_1_90' title="bbox 489 4567 2068 4643; baseline -0.001 -14"><span class='ocrx_word' id='word_1_674' title='bbox 489 4590 558 4629; x_wconf 83' lang='lat' dir='ltr'><strong>ex</strong></span> <span class='ocrx_word' id='word_1_675' title='bbox 591 4587 734 4627; x_wconf 79' lang='lat' dir='ltr'><strong>auro</strong></span> <span class='ocrx_word' id='word_1_676' title='bbox 768 4582 827 4628; x_wconf 88' lang='lat' dir='ltr'><strong>et</strong></span> <span class='ocrx_word' id='word_1_677' title='bbox 853 4587 965 4628; x_wconf 71' lang='lat' dir='ltr'><strong>are</strong></span> <span class='ocrx_word' id='word_1_678' title='bbox 1009 4569 1275 4627; x_wconf 65' lang='lat' dir='ltr'><strong>conﬂata.</strong></span> <span class='ocrx_word' id='word_1_679' title='bbox 1322 4567 1613 4624; x_wconf 83' lang='lat' dir='ltr'><strong>Nestorius</strong></span> <span class='ocrx_word' id='word_1_680' title='bbox 1656 4585 1787 4625; x_wconf 86' lang='lat' dir='ltr'><strong>vero</strong></span> <span class='ocrx_word' id='word_1_681' title='bbox 1834 4572 2068 4643; x_wconf 86' lang='lat' dir='ltr'><strong>ejusque</strong></span> 
     </span>
    </p>
   </div>
   <div class='ocr_carea' id='block_1_91' title="bbox 490 4660 2066 4735">
    <p class='ocr_par' dir='ltr' id='par_1_91' title="bbox 490 4660 2066 4735">
     <span class='ocr_line' id='line_1_91' title="bbox 490 4660 2066 4735; baseline -0.003 -14"><span class='ocrx_word' id='word_1_682' title='bbox 490 4678 759 4735; x_wconf 85' lang='lat' dir='ltr'><strong>sequaces</strong></span> <span class='ocrx_word' id='word_1_683' title='bbox 806 4664 1123 4720; x_wconf 84' lang='lat' dir='ltr'><strong>mistionem</strong></span> <span class='ocrx_word' id='word_1_684' title='bbox 1176 4675 1325 4731; x_wconf 72' lang='lat' dir='ltr'><strong>quae.</strong></span> <span class='ocrx_word' id='word_1_685' title='bbox 1352 4660 1600 4729; x_wconf 87' lang='lat' dir='ltr'><strong>separari</strong></span> <span class='ocrx_word' id='word_1_686' title='bbox 1662 4669 1828 4730; x_wconf 83' lang='lat' dir='ltr'><strong>atque</strong></span> <span class='ocrx_word' id='word_1_687' title='bbox 1881 4660 2066 4716; x_wconf 85' lang='lat' dir='ltr'><strong>divelli</strong></span> 
     </span>
    </p>
   </div>
   <div class='ocr_carea' id='block_1_92' title="bbox 490 4753 2067 4829">
    <p class='ocr_par' dir='ltr' id='par_1_92' title="bbox 490 4753 2067 4829">
     <span class='ocr_line' id='line_1_92' title="bbox 490 4753 2067 4829; baseline -0.003 -15"><span class='ocrx_word' id='word_1_688' title='bbox 490 4760 669 4828; x_wconf 85' lang='lat' dir='ltr'><strong>possit</strong></span> <span class='ocrx_word' id='word_1_689' title='bbox 708 4755 1009 4829; x_wconf 71' lang='lat' dir='ltr'><strong>aﬂinguut,</strong></span> <span class='ocrx_word' id='word_1_690' title='bbox 1041 4761 1391 4809; x_wconf 84' lang='lat' dir='ltr'><strong>autumantes</strong></span> <span class='ocrx_word' id='word_1_691' title='bbox 1424 4753 1707 4809; x_wconf 83' lang='lat' dir='ltr'><strong>Christum</strong></span> <span class='ocrx_word' id='word_1_692' title='bbox 1744 4768 1913 4808; x_wconf 89' lang='lat' dir='ltr'><strong>unum</strong></span> <span class='ocrx_word' id='word_1_693' title='bbox 1941 4767 2067 4810; x_wconf 84' lang='lat' dir='ltr'><strong>esse</strong></span> 
     </span>
    </p>
   </div>
   <div class='ocr_carea' id='block_1_93' title="bbox 488 4844 2070 4910">
    <p class='ocr_par' dir='ltr' id='par_1_93' title="bbox 488 4844 2070 4910">
     <span class='ocr_line' id='line_1_93' title="bbox 488 4844 2070 4910; baseline -0.006 -2"><span class='ocrx_word' id='word_1_694' title='bbox 488 4854 708 4908; x_wconf 82' lang='lat' dir='ltr'><strong>duabus</strong></span> <span class='ocrx_word' id='word_1_695' title='bbox 768 4848 985 4904; x_wconf 88' lang='lat' dir='ltr'><strong>naturis</strong></span> <span class='ocrx_word' id='word_1_696' title='bbox 1046 4846 1284 4903; x_wconf 84' lang='lat' dir='ltr'><strong>diversis</strong></span> <span class='ocrx_word' id='word_1_697' title='bbox 1343 4853 1733 4910; x_wconf 82' lang='lat' dir='ltr'><strong>caustantem,</strong></span> <span class='ocrx_word' id='word_1_698' title='bbox 1783 4844 1969 4899; x_wconf 80' lang='lat' dir='ltr'><strong>divina</strong></span> <span class='ocrx_word' id='word_1_699' title='bbox 2015 4852 2070 4899; x_wconf 91' lang='lat' dir='ltr'><strong>et</strong></span> 
     </span>
    </p>
   </div>
   <div class='ocr_carea' id='block_1_94' title="bbox 487 4938 2064 5012">
    <p class='ocr_par' dir='ltr' id='par_1_94' title="bbox 487 4938 2064 5012">
     <span class='ocr_line' id='line_1_94' title="bbox 487 4938 2064 5012; baseline -0.006 -13"><span class='ocrx_word' id='word_1_700' title='bbox 487 4947 767 5009; x_wconf 87' lang='lat' dir='ltr'><strong>humana,</strong></span> <span class='ocrx_word' id='word_1_701' title='bbox 809 4943 1059 5012; x_wconf 75' lang='lat' dir='ltr'><strong>duasque</strong></span> <span class='ocrx_word' id='word_1_702' title='bbox 1113 4938 1401 4995; x_wconf 86' lang='lat' dir='ltr'><strong>habentem</strong></span> <span class='ocrx_word' id='word_1_703' title='bbox 1447 4938 1840 4993; x_wconf 83' lang='lat' dir='ltr'><strong>subsistentias</strong></span> <span class='ocrx_word' id='word_1_704' title='bbox 1883 4951 2064 5000; x_wconf 89' lang='lat' dir='ltr'><strong>notas,</strong></span> 
     </span>
    </p>
   </div>
   <div class='ocr_carea' id='block_1_95' title="bbox 487 5028 2067 5103">
    <p class='ocr_par' dir='ltr' id='par_1_95' title="bbox 487 5028 2067 5103">
     <span class='ocr_line' id='line_1_95' title="bbox 487 5028 2067 5103; baseline -0.005 -13"><span class='ocrx_word' id='word_1_705' title='bbox 487 5035 731 5090; x_wconf 83' lang='lat' dir='ltr'><strong>divinam</strong></span> <span class='ocrx_word' id='word_1_706' title='bbox 766 5043 929 5103; x_wconf 90' lang='lat' dir='ltr'><strong>atquc</strong></span> <span class='ocrx_word' id='word_1_707' title='bbox 955 5032 1280 5096; x_wconf 83' lang='lat' dir='ltr'><strong>humanam,</strong></span> <span class='ocrx_word' id='word_1_708' title='bbox 1311 5044 1376 5083; x_wconf 89' lang='lat' dir='ltr'><strong>ae</strong></span> <span class='ocrx_word' id='word_1_709' title='bbox 1407 5028 1721 5084; x_wconf 89' lang='lat' dir='ltr'><strong>mistionem</strong></span> <span class='ocrx_word' id='word_1_710' title='bbox 1750 5036 2067 5084; x_wconf 88' lang='lat' dir='ltr'><strong>statuerunt</strong></span> 
     </span>
    </p>
   </div>
   <div class='ocr_carea' id='block_1_96' title="bbox 486 5119 2064 5197">
    <p class='ocr_par' dir='ltr' id='par_1_96' title="bbox 486 5119 2064 5197">
     <span class='ocr_line' id='line_1_96' title="bbox 486 5119 2064 5197; baseline -0.004 -15"><span class='ocrx_word' id='word_1_711' title='bbox 486 5142 608 5197; x_wconf 74' lang='lat' dir='ltr'><strong>quae</strong></span> <span class='ocrx_word' id='word_1_712' title='bbox 654 5126 929 5194; x_wconf 87' lang='lat' dir='ltr'><strong>separatio</strong></span> <span class='ocrx_word' id='word_1_713' title='bbox 974 5126 1083 5189; x_wconf 91' lang='lat' dir='ltr'><strong>sit,</strong></span> <span class='ocrx_word' id='word_1_714' title='bbox 1134 5128 1313 5180; x_wconf 86' lang='lat' dir='ltr'><strong>instar</strong></span> <span class='ocrx_word' id='word_1_715' title='bbox 1355 5122 1569 5193; x_wconf 85' lang='lat' dir='ltr'><strong>torquis</strong></span> <span class='ocrx_word' id='word_1_716' title='bbox 1613 5138 1643 5175; x_wconf 88' lang='lat' dir='ltr'><strong>e</strong></span> <span class='ocrx_word' id='word_1_717' title='bbox 1696 5122 1910 5175; x_wconf 88' lang='lat' dir='ltr'><strong>duobus</strong></span> <span class='ocrx_word' id='word_1_718' title='bbox 1956 5119 2064 5175; x_wconf 83' lang='lat' dir='ltr'><strong>iiiis</strong></span> 
     </span>
    </p>
   </div>
   <div class='ocr_carea' id='block_1_97' title="bbox 484 5216 2065 5289">
    <p class='ocr_par' dir='ltr' id='par_1_97' title="bbox 484 5216 2065 5289">
     <span class='ocr_line' id='line_1_97' title="bbox 484 5216 2065 5289; baseline -0.003 -17"><span class='ocrx_word' id='word_1_719' title='bbox 484 5234 717 5289; x_wconf 88' lang='lat' dir='ltr'><strong>quorum</strong></span> <span class='ocrx_word' id='word_1_720' title='bbox 766 5220 999 5274; x_wconf 84' lang='lat' dir='ltr'><strong>alterum</strong></span> <span class='ocrx_word' id='word_1_721' title='bbox 1035 5233 1263 5271; x_wconf 86' lang='lat' dir='ltr'><strong>aureum</strong></span> <span class='ocrx_word' id='word_1_722' title='bbox 1295 5218 1373 5270; x_wconf 89' lang='lat' dir='ltr'><strong>sit</strong></span> <span class='ocrx_word' id='word_1_723' title='bbox 1413 5216 1648 5271; x_wconf 88' lang='lat' dir='ltr'><strong>alterum</strong></span> <span class='ocrx_word' id='word_1_724' title='bbox 1681 5229 1895 5270; x_wconf 72' lang='lat' dir='ltr'><strong>aeneum</strong></span> <span class='ocrx_word' id='word_1_725' title='bbox 1928 5228 2065 5268; x_wconf 83' lang='lat' dir='ltr'><strong>con-</strong></span> 
     </span>
    </p>
   </div>
   <div class='ocr_carea' id='block_1_98' title="bbox 484 5306 2063 5379">
    <p class='ocr_par' dir='ltr' id='par_1_98' title="bbox 484 5306 2063 5379">
     <span class='ocr_line' id='line_1_98' title="bbox 484 5306 2063 5379; baseline -0.004 -11"><span class='ocrx_word' id='word_1_726' title='bbox 484 5313 656 5378; x_wconf 78' lang='lat' dir='ltr'><strong>iecti;</strong></span> <span class='ocrx_word' id='word_1_727' title='bbox 693 5322 790 5367; x_wconf 91' lang='lat' dir='ltr'><strong>aut</strong></span> <span class='ocrx_word' id='word_1_728' title='bbox 831 5312 999 5368; x_wconf 84' lang='lat' dir='ltr'><strong>vestis</strong></span> <span class='ocrx_word' id='word_1_729' title='bbox 1045 5310 1318 5379; x_wconf 69' lang='lat' dir='ltr'><strong>duplicis,</strong></span> <span class='ocrx_word' id='word_1_730' title='bbox 1349 5308 1507 5378; x_wconf 83' lang='lat' dir='ltr'><strong>cujus</strong></span> <span class='ocrx_word' id='word_1_731' title='bbox 1543 5321 1674 5377; x_wconf 79' lang='lat' dir='ltr'><strong>pars</strong></span> <span class='ocrx_word' id='word_1_732' title='bbox 1713 5306 1956 5362; x_wconf 77' lang='lat' dir='ltr'><strong>exterior</strong></span> <span class='ocrx_word' id='word_1_733' title='bbox 1989 5308 2063 5362; x_wconf 93' lang='lat' dir='ltr'><strong>sit</strong></span> 
     </span>
    </p>
   </div>
   <div class='ocr_carea' id='block_1_99' title="bbox 482 5399 2060 5473">
    <p class='ocr_par' dir='ltr' id='par_1_99' title="bbox 482 5399 2060 5473">
     <span class='ocr_line' id='line_1_99' title="bbox 482 5399 2060 5473; baseline -0.004 -13"><span class='ocrx_word' id='word_1_734' title='bbox 482 5407 664 5466; x_wconf 85' lang='lat' dir='ltr'><strong>serica</strong></span> <span class='ocrx_word' id='word_1_735' title='bbox 716 5407 945 5460; x_wconf 85' lang='lat' dir='ltr'><strong>interior</strong></span> <span class='ocrx_word' id='word_1_736' title='bbox 994 5403 1285 5473; x_wconf 77' lang='lat' dir='ltr'><strong>gossypina</strong></span> <span class='ocrx_word' id='word_1_737' title='bbox 1315 5442 1330 5468; x_wconf 93' lang='lat'><strong>,</strong></span> <span class='ocrx_word' id='word_1_738' title='bbox 1385 5404 1532 5455; x_wconf 66' lang='lat' dir='ltr'><strong>inter</strong></span> <span class='ocrx_word' id='word_1_739' title='bbox 1584 5414 1721 5467; x_wconf 89' lang='lat' dir='ltr'><strong>quas</strong></span> <span class='ocrx_word' id='word_1_740' title='bbox 1776 5399 1927 5455; x_wconf 90' lang='lat' dir='ltr'><strong>nulla</strong></span> <span class='ocrx_word' id='word_1_741' title='bbox 1975 5408 2060 5455; x_wconf 86' lang='lat' dir='ltr'><strong>cst</strong></span> 
     </span>
    </p>
   </div>
   <div class='ocr_carea' id='block_1_100' title="bbox 483 5494 2058 5563">
    <p class='ocr_par' dir='ltr' id='par_1_100' title="bbox 483 5494 2058 5563">
     <span class='ocr_line' id='line_1_100' title="bbox 483 5494 2058 5563; baseline -0.004 -9"><span class='ocrx_word' id='word_1_742' title='bbox 483 5499 714 5554; x_wconf 90' lang='lat' dir='ltr'><strong>mistura</strong></span> <span class='ocrx_word' id='word_1_743' title='bbox 747 5498 863 5553; x_wconf 88' lang='lat' dir='ltr'><strong>sive</strong></span> <span class='ocrx_word' id='word_1_744' title='bbox 895 5506 1104 5551; x_wconf 74' lang='lat' dir='ltr'><strong>naturae</strong></span> <span class='ocrx_word' id='word_1_745' title='bbox 1137 5498 1252 5551; x_wconf 87' lang='lat' dir='ltr'><strong>sive</strong></span> <span class='ocrx_word' id='word_1_746' title='bbox 1285 5496 1660 5551; x_wconf 67' lang='lat' dir='ltr'><strong>subsistentia:</strong></span> <span class='ocrx_word' id='word_1_747' title='bbox 1691 5513 1707 5550; x_wconf 83' lang='lat'><strong>:</strong></span> <span class='ocrx_word' id='word_1_748' title='bbox 1748 5509 1926 5563; x_wconf 89' lang='lat' dir='ltr'><strong>neque</strong></span> <span class='ocrx_word' id='word_1_749' title='bbox 1958 5494 2058 5548; x_wconf 86' lang='lat' dir='ltr'><strong>hac</strong></span> 
     </span>
    </p>
   </div>
   <div class='ocr_carea' id='block_1_101' title="bbox 483 5582 2055 5657">
    <p class='ocr_par' dir='ltr' id='par_1_101' title="bbox 483 5582 2055 5657">
     <span class='ocr_line' id='line_1_101' title="bbox 483 5582 2055 5657; baseline -0.005 -13"><span class='ocrx_word' id='word_1_750' title='bbox 483 5589 697 5644; x_wconf 71' lang='lat' dir='ltr'><strong>ratione</strong></span> <span class='ocrx_word' id='word_1_751' title='bbox 729 5590 795 5643; x_wconf 84' lang='lat' dir='ltr'><strong>ad</strong></span> <span class='ocrx_word' id='word_1_752' title='bbox 839 5588 959 5643; x_wconf 82' lang='lat' dir='ltr'><strong>illos</strong></span> <span class='ocrx_word' id='word_1_753' title='bbox 1004 5596 1217 5657; x_wconf 71' lang='lat' dir='ltr'><strong>spei-tat</strong></span> <span class='ocrx_word' id='word_1_754' title='bbox 1258 5586 1539 5639; x_wconf 85' lang='lat' dir='ltr'><strong>Christum</strong></span> <span class='ocrx_word' id='word_1_755' title='bbox 1584 5599 1747 5637; x_wconf 90' lang='lat' dir='ltr'><strong>unum</strong></span> <span class='ocrx_word' id='word_1_756' title='bbox 1792 5582 2055 5647; x_wconf 86' lang='lat' dir='ltr'><strong>credere;</strong></span> 
     </span>
    </p>
   </div>
   <div class='ocr_carea' id='block_1_102' title="bbox 484 5675 2057 5751">
    <p class='ocr_par' dir='ltr' id='par_1_102' title="bbox 484 5675 2057 5751">
     <span class='ocr_line' id='line_1_102' title="bbox 484 5675 2057 5751; baseline -0.006 -16"><span class='ocrx_word' id='word_1_757' title='bbox 484 5683 757 5751; x_wconf 87' lang='lat' dir='ltr'><strong>siquidem</strong></span> <span class='ocrx_word' id='word_1_758' title='bbox 789 5688 874 5734; x_wconf 83' lang='lat' dir='ltr'><strong>cst</strong></span> <span class='ocrx_word' id='word_1_759' title='bbox 903 5680 1115 5748; x_wconf 88' lang='lat' dir='ltr'><strong>torquis</strong></span> <span class='ocrx_word' id='word_1_760' title='bbox 1145 5678 1528 5746; x_wconf 80' lang='lat' dir='ltr'><strong>complicatus,</strong></span> <span class='ocrx_word' id='word_1_761' title='bbox 1562 5686 1783 5743; x_wconf 86' lang='lat' dir='ltr'><strong>torques</strong></span> <span class='ocrx_word' id='word_1_762' title='bbox 1815 5675 1927 5728; x_wconf 87' lang='lat' dir='ltr'><strong>bini</strong></span> <span class='ocrx_word' id='word_1_763' title='bbox 1953 5715 1965 5736; x_wconf 87' lang='lat'><strong>,</strong></span> <span class='ocrx_word' id='word_1_764' title='bbox 2003 5684 2057 5725; x_wconf 79' lang='lat' dir='ltr'><strong>et</strong></span> 
     </span>
    </p>
   </div>
   <div class='ocr_carea' id='block_1_103' title="bbox 478 5764 2051 5837">
    <p class='ocr_par' dir='ltr' id='par_1_103' title="bbox 478 5764 2051 5837">
     <span class='ocr_line' id='line_1_103' title="bbox 478 5764 2051 5837; baseline -0.004 -10"><span class='ocrx_word' id='word_1_765' title='bbox 478 5773 649 5829; x_wconf 79' lang='lat' dir='ltr'><strong>vestis</strong></span> <span class='ocrx_word' id='word_1_766' title='bbox 672 5772 898 5832; x_wconf 73' lang='lat' dir='ltr'><strong>duplex,</strong></span> <span class='ocrx_word' id='word_1_767' title='bbox 924 5772 1064 5827; x_wconf 68' lang='lat' dir='ltr'><strong>bina:</strong></span> <span class='ocrx_word' id='word_1_768' title='bbox 1096 5782 1272 5828; x_wconf 87' lang='lat' dir='ltr'><strong>vestes</strong></span> <span class='ocrx_word' id='word_1_769' title='bbox 1299 5786 1311 5833; x_wconf 83' lang='lat'><strong>;</strong></span> <span class='ocrx_word' id='word_1_770' title='bbox 1343 5770 1643 5837; x_wconf 75' lang='lat' dir='ltr'><strong>eodemque</strong></span> <span class='ocrx_word' id='word_1_771' title='bbox 1670 5766 1832 5822; x_wconf 87' lang='lat' dir='ltr'><strong>modo</strong></span> <span class='ocrx_word' id='word_1_772' title='bbox 1862 5764 2051 5833; x_wconf 76' lang='lat' dir='ltr'><strong>[esset]</strong></span> 
     </span>
    </p>
   </div>
   <div class='ocr_carea' id='block_1_104' title="bbox 2178 4475 3766 4556">
    <p class='ocr_par' dir='ltr' id='par_1_104' title="bbox 2178 4475 3766 4556">
     <span class='ocr_line' id='line_1_104' title="bbox 2178 4475 3766 4556; baseline 0.007 -26"><span class='ocrx_word' id='word_1_773' title='bbox 2178 4475 2307 4530; x_wconf 86' lang='lat' dir='ltr'><strong>ferri</strong></span> <span class='ocrx_word' id='word_1_774' title='bbox 2330 4476 2653 4545; x_wconf 88' lang='lat' dir='ltr'><strong>assumpsit,</strong></span> <span class='ocrx_word' id='word_1_775' title='bbox 2683 4476 2798 4533; x_wconf 88' lang='lat' dir='ltr'><strong>sive</strong></span> <span class='ocrx_word' id='word_1_776' title='bbox 2822 4476 3190 4549; x_wconf 78' lang='lat' dir='ltr'><strong>nigredinem,</strong></span> <span class='ocrx_word' id='word_1_777' title='bbox 3215 4480 3329 4535; x_wconf 82' lang='lat' dir='ltr'><strong>sive</strong></span> <span class='ocrx_word' id='word_1_778' title='bbox 3356 4482 3551 4553; x_wconf 72' lang='lat' dir='ltr'><strong>frigus.</strong></span> <span class='ocrx_word' id='word_1_779' title='bbox 3585 4484 3766 4556; x_wconf 77' lang='lat' dir='ltr'><strong>Atque</strong></span> 
     </span>
    </p>
   </div>
   <div class='ocr_carea' id='block_1_105' title="bbox 2175 4566 3762 4643">
    <p class='ocr_par' dir='ltr' id='par_1_105' title="bbox 2175 4566 3762 4643">
     <span class='ocr_line' id='line_1_105' title="bbox 2175 4566 3762 4643; baseline 0.006 -22"><span class='ocrx_word' id='word_1_780' title='bbox 2175 4567 2478 4621; x_wconf 89' lang='lat' dir='ltr'><strong>secundum</strong></span> <span class='ocrx_word' id='word_1_781' title='bbox 2503 4566 2649 4621; x_wconf 88' lang='lat' dir='ltr'><strong>hunc</strong></span> <span class='ocrx_word' id='word_1_782' title='bbox 2677 4568 2950 4625; x_wconf 88' lang='lat' dir='ltr'><strong>mistionis</strong></span> <span class='ocrx_word' id='word_1_783' title='bbox 2974 4570 3200 4626; x_wconf 87' lang='lat' dir='ltr'><strong>modum</strong></span> <span class='ocrx_word' id='word_1_784' title='bbox 3226 4572 3497 4643; x_wconf 85' lang='lat' dir='ltr'><strong>disposuit</strong></span> <span class='ocrx_word' id='word_1_785' title='bbox 3521 4572 3762 4632; x_wconf 76' lang='lat' dir='ltr'><strong>Verbum</strong></span> 
     </span>
    </p>
   </div>
   <div class='ocr_carea' id='block_1_106' title="bbox 2176 4658 3757 4729">
    <p class='ocr_par' dir='ltr' id='par_1_106' title="bbox 2176 4658 3757 4729">
     <span class='ocr_line' id='line_1_106' title="bbox 2176 4658 3757 4729; baseline 0.007 -18"><span class='ocrx_word' id='word_1_786' title='bbox 2176 4658 2269 4712; x_wconf 88' lang='lat' dir='ltr'><strong>Dei</strong></span> <span class='ocrx_word' id='word_1_787' title='bbox 2307 4672 2526 4721; x_wconf 75' lang='lat' dir='ltr'><strong>errans,</strong></span> <span class='ocrx_word' id='word_1_788' title='bbox 2552 4659 2867 4714; x_wconf 88' lang='lat' dir='ltr'><strong>mistionem</strong></span> <span class='ocrx_word' id='word_1_789' title='bbox 2900 4674 3059 4716; x_wconf 87' lang='lat' dir='ltr'><strong>suam</strong></span> <span class='ocrx_word' id='word_1_790' title='bbox 3091 4677 3218 4716; x_wconf 88' lang='lat' dir='ltr'><strong>cum</strong></span> <span class='ocrx_word' id='word_1_791' title='bbox 3254 4673 3455 4719; x_wconf 87' lang='lat' dir='ltr'><strong>natura</strong></span> <span class='ocrx_word' id='word_1_792' title='bbox 3491 4666 3757 4729; x_wconf 88' lang='lat' dir='ltr'><strong>humana.</strong></span> 
     </span>
    </p>
   </div>
   <div class='ocr_carea' id='block_1_107' title="bbox 2171 4749 3760 4821">
    <p class='ocr_par' dir='ltr' id='par_1_107' title="bbox 2171 4749 3760 4821">
     <span class='ocr_line' id='line_1_107' title="bbox 2171 4749 3760 4821; baseline 0.007 -17"><span class='ocrx_word' id='word_1_793' title='bbox 2171 4760 2367 4821; x_wconf 89' lang='lat' dir='ltr'><strong>estque</strong></span> <span class='ocrx_word' id='word_1_794' title='bbox 2412 4751 2672 4807; x_wconf 86' lang='lat' dir='ltr'><strong>Christus</strong></span> <span class='ocrx_word' id='word_1_795' title='bbox 2722 4765 2898 4815; x_wconf 85' lang='lat' dir='ltr'><strong>unus.</strong></span> <span class='ocrx_word' id='word_1_796' title='bbox 2934 4749 3108 4808; x_wconf 83' lang='lat' dir='ltr'><strong>Filius</strong></span> <span class='ocrx_word' id='word_1_797' title='bbox 3140 4751 3236 4807; x_wconf 90' lang='lat' dir='ltr'><strong>Dei</strong></span> <span class='ocrx_word' id='word_1_798' title='bbox 3270 4754 3490 4821; x_wconf 86' lang='lat' dir='ltr'><strong>unicus,</strong></span> <span class='ocrx_word' id='word_1_799' title='bbox 3532 4772 3565 4811; x_wconf 89' lang='lat' dir='ltr'><strong>a</strong></span> <span class='ocrx_word' id='word_1_800' title='bbox 3596 4756 3760 4815; x_wconf 84' lang='lat' dir='ltr'><strong>Patre</strong></span> 
     </span>
    </p>
   </div>
   <div class='ocr_carea' id='block_1_108' title="bbox 2171 4843 3756 4913">
    <p class='ocr_par' dir='ltr' id='par_1_108' title="bbox 2171 4843 3756 4913">
     <span class='ocr_line' id='line_1_108' title="bbox 2171 4843 3756 4913; baseline 0.005 -18"><span class='ocrx_word' id='word_1_801' title='bbox 2171 4851 2301 4896; x_wconf 78' lang='lat' dir='ltr'><strong>ante</strong></span> <span class='ocrx_word' id='word_1_802' title='bbox 2335 4843 2520 4897; x_wconf 83' lang='lat' dir='ltr'><strong>omnia</strong></span> <span class='ocrx_word' id='word_1_803' title='bbox 2549 4843 2747 4898; x_wconf 64' lang='lat' dir='ltr'><strong>saecula</strong></span> <span class='ocrx_word' id='word_1_804' title='bbox 2775 4844 3017 4912; x_wconf 67' lang='lat' dir='ltr'><strong>genitus,</strong></span> <span class='ocrx_word' id='word_1_805' title='bbox 3047 4843 3230 4899; x_wconf 88' lang='lat' dir='ltr'><strong>lumen</strong></span> <span class='ocrx_word' id='word_1_806' title='bbox 3254 4845 3322 4901; x_wconf 91' lang='lat' dir='ltr'><strong>de</strong></span> <span class='ocrx_word' id='word_1_807' title='bbox 3346 4846 3581 4913; x_wconf 87' lang='lat' dir='ltr'><strong>lumine,</strong></span> <span class='ocrx_word' id='word_1_808' title='bbox 3613 4849 3756 4904; x_wconf 77' lang='lat' dir='ltr'><strong>Detts</strong></span> 
     </span>
    </p>
   </div>
   <div class='ocr_carea' id='block_1_109' title="bbox 2169 4932 3733 5002">
    <p class='ocr_par' dir='ltr' id='par_1_109' title="bbox 2169 4932 3733 5002">
     <span class='ocr_line' id='line_1_109' title="bbox 2169 4932 3733 5002; baseline 0.006 -19"><span class='ocrx_word' id='word_1_809' title='bbox 2169 4947 2332 4988; x_wconf 76' lang='lat' dir='ltr'><strong>verus</strong></span> <span class='ocrx_word' id='word_1_810' title='bbox 2352 4933 2421 4987; x_wconf 89' lang='lat' dir='ltr'><strong>de</strong></span> <span class='ocrx_word' id='word_1_811' title='bbox 2444 4932 2557 4989; x_wconf 84' lang='lat' dir='ltr'><strong>Deo</strong></span> <span class='ocrx_word' id='word_1_812' title='bbox 2582 4949 2734 4998; x_wconf 88' lang='lat' dir='ltr'><strong>vero,</strong></span> <span class='ocrx_word' id='word_1_813' title='bbox 2759 4936 2976 5002; x_wconf 74' lang='lat' dir='ltr'><strong>genitus</strong></span> <span class='ocrx_word' id='word_1_814' title='bbox 3002 4949 3111 4989; x_wconf 91' lang='lat' dir='ltr'><strong>non</strong></span> <span class='ocrx_word' id='word_1_815' title='bbox 3137 4949 3383 5001; x_wconf 86' lang='lat' dir='ltr'><strong>creatus,</strong></span> <span class='ocrx_word' id='word_1_816' title='bbox 3408 4936 3479 4993; x_wconf 88' lang='lat' dir='ltr'><strong>de</strong></span> <span class='ocrx_word' id='word_1_817' title='bbox 3502 4944 3733 4994; x_wconf 83' lang='lat' dir='ltr'><strong>substau</strong></span> 
     </span>
    </p>
   </div>
   <div class='ocr_carea' id='block_1_110' title="bbox 2170 5023 3749 5098">
    <p class='ocr_par' dir='ltr' id='par_1_110' title="bbox 2170 5023 3749 5098">
     <span class='ocr_line' id='line_1_110' title="bbox 2170 5023 3749 5098; baseline 0.007 -21"><span class='ocrx_word' id='word_1_818' title='bbox 2170 5027 2245 5079; x_wconf 91' lang='lat' dir='ltr'><strong>tia</strong></span> <span class='ocrx_word' id='word_1_819' title='bbox 2280 5036 2334 5079; x_wconf 90' lang='lat' dir='ltr'><strong>et</strong></span> <span class='ocrx_word' id='word_1_820' title='bbox 2368 5034 2563 5080; x_wconf 87' lang='lat' dir='ltr'><strong>natura</strong></span> <span class='ocrx_word' id='word_1_821' title='bbox 2596 5023 2775 5081; x_wconf 77' lang='lat' dir='ltr'><strong>Patris</strong></span> <span class='ocrx_word' id='word_1_822' title='bbox 2808 5026 2917 5091; x_wconf 87' lang='lat' dir='ltr'><strong>sui,</strong></span> <span class='ocrx_word' id='word_1_823' title='bbox 2958 5037 3122 5096; x_wconf 86' lang='lat' dir='ltr'><strong>atque</strong></span> <span class='ocrx_word' id='word_1_824' title='bbox 3158 5027 3274 5098; x_wconf 88' lang='lat' dir='ltr'><strong>ipse</strong></span> <span class='ocrx_word' id='word_1_825' title='bbox 3310 5027 3451 5083; x_wconf 82' lang='lat' dir='ltr'><strong>idem</strong></span> <span class='ocrx_word' id='word_1_826' title='bbox 3486 5039 3651 5087; x_wconf 89' lang='lat' dir='ltr'><strong>natus</strong></span> <span class='ocrx_word' id='word_1_827' title='bbox 3685 5052 3749 5088; x_wconf 67' lang='lat' dir='ltr'><strong>et</strong></span> 
     </span>
    </p>
   </div>
   <div class='ocr_carea' id='block_1_111' title="bbox 2166 5117 3749 5191">
    <p class='ocr_par' dir='ltr' id='par_1_111' title="bbox 2166 5117 3749 5191">
     <span class='ocr_line' id='line_1_111' title="bbox 2166 5117 3749 5191; baseline 0 -18"><span class='ocrx_word' id='word_1_828' title='bbox 2166 5117 2337 5173; x_wconf 67' lang='lat' dir='ltr'><strong>Maria</strong></span> <span class='ocrx_word' id='word_1_829' title='bbox 2369 5117 2591 5191; x_wconf 76' lang='lat' dir='ltr'><strong>Virgine</strong></span> <span class='ocrx_word' id='word_1_830' title='bbox 2625 5118 2681 5171; x_wconf 89' lang='lat' dir='ltr'><strong>in</strong></span> <span class='ocrx_word' id='word_1_831' title='bbox 2713 5119 2819 5173; x_wconf 81' lang='lat' dir='ltr'><strong>line</strong></span> <span class='ocrx_word' id='word_1_832' title='bbox 2852 5121 3138 5188; x_wconf 88' lang='lat' dir='ltr'><strong>temporis,</strong></span> <span class='ocrx_word' id='word_1_833' title='bbox 3158 5120 3213 5174; x_wconf 90' lang='lat' dir='ltr'><strong>in</strong></span> <span class='ocrx_word' id='word_1_834' title='bbox 3236 5121 3592 5177; x_wconf 80' lang='lat' dir='ltr'><strong>subsistentia</strong></span> <span class='ocrx_word' id='word_1_835' title='bbox 3621 5142 3749 5191; x_wconf 70' lang='grc' dir='ltr'>ιιηςρ,</span> 
     </span>
    </p>
   </div>
   <div class='ocr_carea' id='block_1_112' title="bbox 2165 5210 3750 5286">
    <p class='ocr_par' dir='ltr' id='par_1_112' title="bbox 2165 5210 3750 5286">
     <span class='ocr_line' id='line_1_112' title="bbox 2165 5210 3750 5286; baseline 0.003 -19"><span class='ocrx_word' id='word_1_836' title='bbox 2165 5212 2469 5285; x_wconf 87' lang='lat' dir='ltr'><strong>[videlicet]</strong></span> <span class='ocrx_word' id='word_1_837' title='bbox 2498 5213 2859 5268; x_wconf 84' lang='lat' dir='ltr'><strong>subsistentia</strong></span> <span class='ocrx_word' id='word_1_838' title='bbox 2894 5210 3016 5267; x_wconf 80' lang='lat' dir='ltr'><strong>Filii</strong></span> <span class='ocrx_word' id='word_1_839' title='bbox 3052 5213 3144 5268; x_wconf 82' lang='lat' dir='ltr'><strong>Dei</strong></span> <span class='ocrx_word' id='word_1_840' title='bbox 3178 5218 3323 5269; x_wconf 83' lang='lat' dir='ltr'><strong>unici</strong></span> <span class='ocrx_word' id='word_1_841' title='bbox 3347 5231 3469 5284; x_wconf 66' lang='lat' dir='ltr'><strong>qua:</strong></span> <span class='ocrx_word' id='word_1_842' title='bbox 3497 5233 3750 5286; x_wconf 66' lang='lat' dir='ltr'><strong>compre-</strong></span> 
     </span>
    </p>
   </div>
   <div class='ocr_carea' id='block_1_113' title="bbox 2165 5305 3745 5379">
    <p class='ocr_par' dir='ltr' id='par_1_113' title="bbox 2165 5305 3745 5379">
     <span class='ocr_line' id='line_1_113' title="bbox 2165 5305 3745 5379; baseline 0.003 -20"><span class='ocrx_word' id='word_1_843' title='bbox 2165 5305 2357 5360; x_wconf 88' lang='lat' dir='ltr'><strong>hendit</strong></span> <span class='ocrx_word' id='word_1_844' title='bbox 2380 5306 2517 5360; x_wconf 87' lang='lat' dir='ltr'><strong>duas</strong></span> <span class='ocrx_word' id='word_1_845' title='bbox 2546 5306 2709 5360; x_wconf 86' lang='lat' dir='ltr'><strong>simul</strong></span> <span class='ocrx_word' id='word_1_846' title='bbox 2738 5317 2967 5360; x_wconf 83' lang='lat' dir='ltr'><strong>naturas</strong></span> <span class='ocrx_word' id='word_1_847' title='bbox 2992 5324 3006 5369; x_wconf 94' lang='lat'><strong>;</strong></span> <span class='ocrx_word' id='word_1_848' title='bbox 3040 5307 3281 5361; x_wconf 79' lang='lat' dir='ltr'><strong>divinam</strong></span> <span class='ocrx_word' id='word_1_849' title='bbox 3314 5324 3437 5378; x_wconf 78' lang='lat' dir='ltr'><strong>qua:</strong></span> <span class='ocrx_word' id='word_1_850' title='bbox 3465 5323 3745 5379; x_wconf 78' lang='lat' dir='ltr'><strong>nunquam</strong></span> 
     </span>
    </p>
   </div>
   <div class='ocr_carea' id='block_1_114' title="bbox 2164 5397 3740 5470">
    <p class='ocr_par' dir='ltr' id='par_1_114' title="bbox 2164 5397 3740 5470">
     <span class='ocr_line' id='line_1_114' title="bbox 2164 5397 3740 5470; baseline 0.001 -18"><span class='ocrx_word' id='word_1_851' title='bbox 2164 5414 2271 5452; x_wconf 90' lang='lat' dir='ltr'><strong>non</strong></span> <span class='ocrx_word' id='word_1_852' title='bbox 2305 5397 2445 5464; x_wconf 90' lang='lat' dir='ltr'><strong>fuit,</strong></span> <span class='ocrx_word' id='word_1_853' title='bbox 2495 5398 2552 5452; x_wconf 90' lang='lat' dir='ltr'><strong>in</strong></span> <span class='ocrx_word' id='word_1_854' title='bbox 2600 5398 2902 5467; x_wconf 82' lang='lat' dir='ltr'><strong>principio,</strong></span> <span class='ocrx_word' id='word_1_855' title='bbox 2942 5405 2997 5452; x_wconf 86' lang='lat' dir='ltr'><strong>et</strong></span> <span class='ocrx_word' id='word_1_856' title='bbox 3030 5408 3157 5453; x_wconf 88' lang='lat' dir='ltr'><strong>ante</strong></span> <span class='ocrx_word' id='word_1_857' title='bbox 3180 5414 3342 5454; x_wconf 88' lang='lat' dir='ltr'><strong>omne</strong></span> <span class='ocrx_word' id='word_1_858' title='bbox 3380 5401 3740 5470; x_wconf 87' lang='lat' dir='ltr'><strong>principium;</strong></span> 
     </span>
    </p>
   </div>
   <div class='ocr_carea' id='block_1_115' title="bbox 2162 5489 3745 5560">
    <p class='ocr_par' dir='ltr' id='par_1_115' title="bbox 2162 5489 3745 5560">
     <span class='ocr_line' id='line_1_115' title="bbox 2162 5489 3745 5560; baseline 0.003 -19"><span class='ocrx_word' id='word_1_859' title='bbox 2162 5500 2215 5543; x_wconf 76' lang='lat' dir='ltr'><strong>et</strong></span> <span class='ocrx_word' id='word_1_860' title='bbox 2252 5490 2571 5552; x_wconf 80' lang='lat' dir='ltr'><strong>humanam,</strong></span> <span class='ocrx_word' id='word_1_861' title='bbox 2611 5505 2729 5558; x_wconf 73' lang='lat' dir='ltr'><strong>qum</strong></span> <span class='ocrx_word' id='word_1_862' title='bbox 2764 5489 2905 5543; x_wconf 86' lang='lat' dir='ltr'><strong>facta</strong></span> <span class='ocrx_word' id='word_1_863' title='bbox 2938 5498 3021 5544; x_wconf 86' lang='lat' dir='ltr'><strong>cst</strong></span> <span class='ocrx_word' id='word_1_864' title='bbox 3057 5490 3111 5543; x_wconf 88' lang='lat' dir='ltr'><strong>in</strong></span> <span class='ocrx_word' id='word_1_865' title='bbox 3155 5492 3261 5545; x_wconf 89' lang='lat' dir='ltr'><strong>line</strong></span> <span class='ocrx_word' id='word_1_866' title='bbox 3298 5494 3583 5560; x_wconf 80' lang='lat' dir='ltr'><strong>temporis,</strong></span> <span class='ocrx_word' id='word_1_867' title='bbox 3618 5494 3745 5548; x_wconf 86' lang='lat' dir='ltr'><strong>sub-</strong></span> 
     </span>
    </p>
   </div>
   <div class='ocr_carea' id='block_1_116' title="bbox 2160 5581 3741 5651">
    <p class='ocr_par' dir='ltr' id='par_1_116' title="bbox 2160 5581 3741 5651">
     <span class='ocr_line' id='line_1_116' title="bbox 2160 5581 3741 5651; baseline 0.001 -15"><span class='ocrx_word' id='word_1_868' title='bbox 2160 5585 2356 5636; x_wconf 85' lang='lat' dir='ltr'><strong>sistere</strong></span> <span class='ocrx_word' id='word_1_869' title='bbox 2389 5581 2529 5635; x_wconf 77' lang='lat' dir='ltr'><strong>facta</strong></span> <span class='ocrx_word' id='word_1_870' title='bbox 2570 5597 2662 5651; x_wconf 82' lang='lat' dir='ltr'><strong>per</strong></span> <span class='ocrx_word' id='word_1_871' title='bbox 2697 5583 3109 5636; x_wconf 84' lang='lat' dir='ltr'><strong>subsistentiani</strong></span> <span class='ocrx_word' id='word_1_872' title='bbox 3152 5592 3438 5647; x_wconf 63' lang='lat' dir='ltr'><strong>aeternam,</strong></span> <span class='ocrx_word' id='word_1_873' title='bbox 3480 5594 3671 5650; x_wconf 69' lang='lat' dir='ltr'><strong>estque</strong></span> <span class='ocrx_word' id='word_1_874' title='bbox 3696 5586 3741 5638; x_wconf 88' lang='lat' dir='ltr'><strong>is</strong></span> 
     </span>
    </p>
   </div>
   <div class='ocr_carea' id='block_1_117' title="bbox 2157 5672 3737 5745">
    <p class='ocr_par' dir='ltr' id='par_1_117' title="bbox 2157 5672 3737 5745">
     <span class='ocr_line' id='line_1_117' title="bbox 2157 5672 3737 5745; baseline 0.001 -19"><span class='ocrx_word' id='word_1_875' title='bbox 2157 5672 2400 5745; x_wconf 60' lang='grc'><strong>45-47</strong></span> <span class='ocrx_word' id='word_1_876' title='bbox 2448 5673 2699 5727; x_wconf 82' lang='lat' dir='ltr'><strong>Christus</strong></span> <span class='ocrx_word' id='word_1_877' title='bbox 2752 5689 2894 5727; x_wconf 90' lang='lat' dir='ltr'><strong>unus</strong></span> <span class='ocrx_word' id='word_1_878' title='bbox 2945 5674 3304 5729; x_wconf 83' lang='lat' dir='ltr'><strong>subsistentia</strong></span> <span class='ocrx_word' id='word_1_879' title='bbox 3359 5687 3465 5727; x_wconf 89' lang='lat' dir='ltr'><strong>una</strong></span> <span class='ocrx_word' id='word_1_880' title='bbox 3517 5684 3737 5738; x_wconf 66' lang='lat' dir='ltr'><strong>acterna,</strong></span> 
     </span>
    </p>
   </div>
   <div class='ocr_carea' id='block_1_118' title="bbox 2157 5766 3729 5837">
    <p class='ocr_par' dir='ltr' id='par_1_118' title="bbox 2157 5766 3729 5837">
     <span class='ocr_line' id='line_1_118' title="bbox 2157 5766 3729 5837; baseline 0 -18"><span class='ocrx_word' id='word_1_881' title='bbox 2157 5772 2293 5822; x_wconf 81' lang='lat' dir='ltr'><strong>duas</strong></span> <span class='ocrx_word' id='word_1_882' title='bbox 2323 5767 2527 5823; x_wconf 81' lang='lat' dir='ltr'><strong>habens</strong></span> <span class='ocrx_word' id='word_1_883' title='bbox 2560 5775 2781 5822; x_wconf 80' lang='lat' dir='ltr'><strong>naturas</strong></span> <span class='ocrx_word' id='word_1_884' title='bbox 2810 5804 2827 5833; x_wconf 89' lang='lat'><strong>,</strong></span> <span class='ocrx_word' id='word_1_885' title='bbox 2862 5766 3132 5830; x_wconf 80' lang='lat' dir='ltr'><strong>divinam,</strong></span> <span class='ocrx_word' id='word_1_886' title='bbox 3166 5780 3288 5833; x_wconf 83' lang='lat' dir='ltr'><strong>qua:</strong></span> <span class='ocrx_word' id='word_1_887' title='bbox 3322 5779 3598 5837; x_wconf 85' lang='lat' dir='ltr'><strong>nunquam</strong></span> <span class='ocrx_word' id='word_1_888' title='bbox 3626 5781 3729 5819; x_wconf 71' lang='lat' dir='ltr'><strong>non</strong></span> 
     </span>
    </p>
   </div>
  </div>
