4070 6152
401 279 528 342 lii-il

1840 288 2217 355 ANNALES.

3530 302 3664 363 illi?

395 392 500 446 fuit
527 412 540 457 ;
572 400 626 447 ct
659 394 958 450 humanam
981 440 993 459 ,
1033 414 1196 464 (μιιιιιι
1243 400 1347 454 sibi
1391 400 1632 463 creavit,
1679 410 1739 457 ut
1768 404 1816 458 ei
1852 404 1975 458 uni-
2007 402 2054 461 Α
2084 405 2393 464 subsistere
2426 407 2555 463 fecit
2588 407 2940 464 subsistentia
2977 424 3075 464 sna
3098 451 3112 475 ,
3174 410 3389 479 sibique
3434 428 3488 467 Iit
3525 423 3663 469 tem-

391 497 566 550 retur,
618 502 685 542 ex
718 487 888 544 Maria
937 491 1181 559 Virgine.
1228 493 1434 564 Estque
1479 496 1839 554 subsistentia
1886 502 1978 557 illa

391 579 569 649 ipsius
598 581 957 637 subsistentia
995 595 1204 639 naturae
1230 587 1426 642 divina:
1451 598 1504 642 et
1539 599 1749 645 natura:
1784 592 1978 648 huma-

389 686 506 732 nae,
558 685 844 742 utramque
884 678 1359 743 comprehenderis
1393 681 1513 737 sine
1553 684 1807 739 inistione
1842 686 1977 744 alte-

384 766 625 832 rationi,
685 777 779 822 aut
826 772 1179 839 corruptione
1226 772 1564 843 se’parationi
1602 786 1656 831 et
1712 779 1972 839 divisioni

382 859 648 917 obnoxia.

460 949 578 1007 Non
612 955 776 1010 desiit
807 958 1167 1015 subsistentia
1202 972 1413 1017 natura:
1450 967 1652 1023 divinae
1679 984 1802 1026 esse
1834 971 1971 1026 sub-

384 1044 638 1100 sistentia
685 1058 896 1105 natura:
947 1051 1197 1108 humanm.
1227 1072 1353 1110 cum
1408 1058 1583 1129 ipsam
1632 1072 1885 1129 crearet,
1918 1075 1973 1122 et

386 1132 593 1192 faceret
639 1153 737 1207 per
765 1142 1179 1200 subsistentiam
1212 1161 1368 1204 suam
1401 1150 1520 1204 sine
1551 1165 1660 1222 qua
1692 1168 1801 1207 non
1838 1156 1974 1211 sub-

386 1226 557 1293 sistit,
587 1247 808 1303 quaque
840 1244 1068 1307 excepta
1105 1254 1213 1294 non
1252 1250 1337 1296 est
1365 1238 1458 1296 alii
1484 1245 1727 1314 cognita.
1761 1243 1972 1319 Estque

385 1336 506 1389 ipse
551 1321 807 1383 Christus
847 1344 995 1385 unus
1044 1340 1172 1387 ante
1212 1334 1690 1405 incarnationem,
1747 1349 1802 1396 et
1847 1355 1970 1413 post

385 1412 849 1484 incarnationem,
876 1422 993 1491 ipse
1018 1423 1165 1479 idem
1194 1428 1412 1497 genitus
1435 1446 1465 1484 a
1492 1429 1654 1489 Patre
1679 1433 1732 1489 in
1759 1412 1971 1492 unitate

385 1522 637 1577 personae
695 1512 1009 1583 ﬁliationis,
1065 1518 1273 1576 habens
1320 1523 1688 1580 substantiam
1723 1528 1967 1587 divinant

383 1600 714 1672 simplicem,
761 1620 888 1663 ante
919 1613 1101 1667 omnia
1135 1616 1366 1679 smcula,
1396 1619 1517 1674 sine
1548 1630 1756 1687 matre;
1788 1623 1969 1678 idem-

381 1709 495 1763 que
526 1707 690 1755 natus
712 1714 778 1756 ex
811 1702 981 1759 Maria
1013 1706 1222 1765 ultimis
1254 1712 1596 1782 temporibus
1634 1716 1756 1771 sine
1785 1716 1966 1783 Patre,

382 1783 439 1838 in
471 1789 683 1844 unitate
707 1791 954 1862 ejusdem
989 1796 1163 1866 ipsius
1197 1814 1471 1869 personze,
1500 1818 1530 1859 e
1559 1806 1775 1862 duabus
1806 1808 1968 1865 simul

381 1879 716 1940 substantiis
765 1899 1063 1955 constans,
1112 1891 1297 1947 divina
1343 1903 1400 1950 et
1448 1896 1687 1953 humana
1715 1941 1731 1965 ,
1774 1903 1829 1957 in
1876 1904 1967 1959 illa

382 1986 617 2040 persona
651 1978 962 2050 conjunctis
988 2023 1004 2047 ,
1042 1982 1296 2043 Christus
1336 2005 1506 2056 unus,
1538 2001 1593 2046 et
1625 1993 1767 2047 illius
1798 2013 1968 2063 unus,

378 2080 547 2133 quem
584 2069 857 2130 allocutus
886 2083 971 2130 est
1004 2073 1171 2133 Pater
1200 2094 1233 2134 e
1271 2083 1428 2139 cmiis
1460 2067 1674 2141 duobus
1709 2087 1763 2143 in
1806 2089 1965 2158 locis,

379 2159 596 2216 scilicet
650 2162 819 2221 ﬂuvio
871 2167 1129 2227 Jordanis
1180 2173 1271 2229 die
1325 2175 1607 2247 baptismi,
1672 2191 1728 2235 et
1781 2194 1968 2241 monte

380 2246 607 2309 Thabor
634 2253 722 2313 die
747 2260 1272 2332 transﬁguratiouis,
1298 2269 1482 2324 dicens
1508 2288 1523 2326 :
1558 2268 1662 2326 llic
1688 2282 1765 2328 est
1792 2273 1966 2332 Filius

380 2356 530 2397 unus
574 2343 800 2405 dilectus
840 2352 894 2405 in
961 2368 1066 2423 quo
1108 2356 1238 2409 mihi
1284 2360 1585 2428 complacm‘
1618 2365 1661 2433 ',
1727 2382 1966 2436 cumque

376 2438 734 2507 coiupellavit
762 2440 950 2514 Maria,
984 2444 1259 2521 [dicens]:
1291 2449 1393 2506 Fili
1423 2455 1497 2508 mi
1520 2493 1536 2519 ,
1562 2471 1671 2511 non
1705 2468 1792 2514 cst
1817 2460 1963 2518 illius

377 2525 582 2594 Patris,
628 2531 805 2599 alius;
833 2543 889 2591 et
938 2537 1084 2595 titius
1109 2540 1325 2607 Maria,
1358 2545 1542 2613 alius;
1584 2549 1730 2605 absit
1772 2565 1831 2607 ut
1861 2554 1964 2610 hoc

373 2618 626 2677 dicatur!
683 2641 792 2681 non
849 2633 997 2685 enim
1055 2644 1366 2692 nascuntur
1426 2648 1677 2707 naturai;
1734 2660 1861 2699 nam
1913 2649 1961 2702 si

374 2723 597 2782 pareret
618 2719 817 2774 mulier
835 2733 1111 2792 naturam,
1134 2741 1360 2783 necesse
1387 2741 1534 2787 esset
1557 2744 1614 2789 ut
1629 2733 1742 2807 48
1771 2754 1963 2798 omnes

376 2805 636 2861 mulieres
661 2820 938 2878 parerent,
962 2831 1086 2872 cum
1121 2832 1227 2872 una
1264 2828 1461 2875 natura
1488 2805 1680 2882 omnes
1705 2805 1961 2891 homines

374 2900 811 2965 comprehendat
838 2921 854 2963 ς
895 2905 989 2960 sed
1024 2919 1335 2963 nascuntur
1363 2927 1612 2980 persona:
1641 2935 1655 2973 :
1691 2933 1792 2974 nec
1818 2923 1961 2992 parit

372 2989 576 3045 mulier
622 2993 763 3048 duas
810 3011 1075 3066 personas
1114 3013 1272 3069 partu
1316 3019 1461 3070 uno,
1512 3009 1622 3064 nisi
1667 2989 1958 3072 cum'nni-

2080 501 2228 572 plum
2257 503 2494 567 creavit,
2528 516 2653 555 cum
2690 518 2801 557 non
2833 516 2980 558 esset
3014 504 3332 558 humanitas
3366 510 3468 559 ista
3506 519 3659 562 ante—

2078 605 2243 660 quam
2276 592 2546 647 resideret
2579 594 2815 651 Verbum
2850 594 2943 648 Dei
2978 596 3032 647 in
3066 595 3260 656 Maria.
3298 612 3479 666 neque
3508 614 3656 651 crea-

2078 692 2254 751 retur,
2300 702 2478 758 neque
2522 689 2632 743 ulla
2679 690 2853 758 ipsius
2896 689 3256 744 subsistentia
3314 700 3438 744 nota
3485 703 3657 754 esset,

2076 774 2253 833 donec
2305 780 2360 834 in
2414 782 2587 851 ipsam
2637 784 2902 837 resideret
2948 784 3310 838 subsistentia
3363 783 3485 838 Filii
3542 784 3658 846 Dei,

2076 884 2199 938 quae
2229 869 2372 926 facta
2400 884 2485 928 est
2513 875 2618 944 ipsi
2653 875 3032 930 subsistentia.
3067 875 3255 945 Neque
3287 892 3524 944 unquam
3559 876 3660 929 fuit

2074 972 2205 1013 caro
2239 961 2343 1015 ista
2366 1000 2381 1025 ,
2416 977 2485 1017 ex
2516 979 2626 1033 quo
2660 966 2784 1029 fuit,
2824 967 2929 1020 alia
2970 983 3132 1036 quam
3170 982 3302 1022 caro
3331 964 3496 1023 Verbi
3537 966 3653 1030 Dei;

2073 1068 2253 1124 neque
2303 1072 2573 1126 unquam,
2627 1074 2693 1114 ex
2751 1074 2859 1130 quo
2890 1060 2985 1113 fuit
3046 1075 3174 1115 caro
3222 1060 3403 1113 anima
3449 1058 3655 1114 intelli-

2073 1147 2219 1215 genti
2267 1148 2520 1205 rationali
2569 1152 2825 1221 praedita,
2877 1151 3036 1207 aliter
3085 1151 3275 1206 habuit
3316 1165 3484 1221 quam
3527 1166 3656 1202 caro

2074 1239 2235 1296 Verbi
2267 1240 2385 1307 Dei,
2419 1258 2597 1313 neque
2626 1243 2788 1300 aliter
2816 1256 2945 1299 nota
2977 1255 3062 1300 est
3089 1258 3331 1313 unquam
3366 1257 3529 1308 ninam
3558 1256 3655 1310 per

2072 1333 2488 1391 subsistentiam
2519 1335 2687 1393 Verbi
2720 1338 2848 1403 Dei;
2886 1345 2974 1393 est
3004 1337 3170 1403 igitur
3199 1336 3315 1405 ipse
3348 1335 3522 1390 Filius
3559 1331 3654 1386 Dei

2071 1429 2271 1483 unicus
2296 1444 2325 1482 a
2350 1427 2515 1485 Patre
2554 1431 2673 1487 sine
2699 1439 2875 1487 matre
2910 1430 3151 1503 genitus,
3186 1444 3215 1483 a
3246 1438 3416 1482 matre
3442 1425 3654 1498 [natus]

2071 1520 2193 1576 sine
2228 1519 2410 1588 Patre,
2440 1523 2697 1593 idemque
2725 1523 2900 1580 Filius
2929 1524 3041 1590 Dei,
3068 1532 3123 1577 et
3151 1520 3322 1577 Filius
3346 1520 3551 1573 Mariae.

2144 1614 2338 1672 Uuitas
2368 1624 2552 1674 autem
2584 1619 2655 1675 ob
2684 1619 3102 1675 subsistentiam
3128 1629 3216 1672 est
3239 1630 3361 1670 cum
3395 1613 3653 1668 Christus

1998 1746 2049 1810 Β
2074 1709 2212 1767 duas
2234 1710 2446 1768 habens
2471 1722 2701 1769 naturas
2729 1713 3027 1783 perfectas,
3054 1709 3367 1810 substantia
3390 1705 3654 1810 dill‘ercn-

2074 1812 2180 1870 tes,
2211 1820 2448 1876 quarum
2485 1816 2715 1878 utraque
2740 1822 2808 1860 ex
2840 1806 2955 1863 suis
2994 1805 3228 1860 seorsim
3263 1800 3571 1855 actionibus
3603 1806 3657 1852 et

2071 1898 2358 1953 voluntate
2401 1913 2502 1953 sua
2540 1898 2756 1968 cognita
2794 1904 2915 1959 est.
2960 1912 3085 1950 cum
3132 1895 3373 1964 ipsarum
3421 1900 3657 1957 utraque

2071 1990 2356 2045 voluntate
2395 2004 2495 2045 sua
2527 1990 2691 2055 velit,
2724 1998 2776 2046 et
2810 1990 3125 2044 actionibus
3160 1989 3279 2042 suis
3314 1991 3463 2055 agat.
3495 1980 3653 2048 Quod

2071 2080 2116 2136 si
2151 2079 2411 2136 Christus
2449 2096 2595 2137 unus
2635 2088 2781 2137 esset
2810 2081 2930 2136 siue
2964 2079 3175 2133 unitate
3204 2090 3488 2145 persoutc,
3525 2086 3651 2126 cum

2068 2187 2132 2227 ca
2171 2188 2277 2242 qua
2324 2172 2591 2243 prmditus
2633 2180 2719 2228 est
2760 2182 3087 2226 naturarum
3138 2165 3509 2235 discrepantia
3543 2177 3652 2215 non

2070 2265 2389 2322 conveniret
2435 2271 2496 2318 ut
2529 2279 2670 2319 unus
2703 2263 3017 2326 haberetur,
3050 2260 3154 2315 nisi
3192 2270 3445 2312 naturam
3478 2254 3653 2324 ipsius

2067 2360 2531 2430 complecteretur
2562 2358 2921 2414 subsistentia
2958 2371 3088 2410 uua.
3132 2352 3414 2422 Siquidem
3449 2363 3650 2403 nume-

2069 2466 2162 2504 rus
2190 2451 2337 2505 cadit
2364 2450 2418 2505 in
2441 2449 2842 2520 personas,etsi
2870 2448 3037 2503 fuerit
3078 2456 3275 2499 natura
3310 2456 3456 2505 una;
3487 2454 3651 2494 secus

2066 2542 2173 2613 52
2204 2543 2351 2596 enim
2396 2534 2772 2596 non'caderct
2805 2552 3070 2594 numerus
3104 2538 3159 2591 in
3206 2535 3471 2589 unitatem
3514 2532 3651 2586 sub-

2066 2637 2285 2690 stantiae
2318 2635 2409 2689 Dei
2448 2632 2536 2707 [ut
2557 2633 2728 2705 esset]
2759 2632 3040 2694 Trinitas,
3075 2645 3200 2685 cum
3238 2629 3307 2682 sit
3351 2627 3464 2696 ipse
3503 2640 3648 2677 unus

2065 2725 2233 2784 Deus.
2260 2725 2507 2782 Trinitas
2536 2740 2665 2780 vero
2691 2725 2745 2778 in
2773 2738 3037 2793 personas
3065 2720 3233 2775 cadit.
3269 2718 3455 2790 Neque
3481 2717 3647 2769 cade—

2062 2826 2149 2875 ret
2178 2834 2444 2874 numerus
2477 2820 2533 2874 in
2570 2817 2856 2881 homines,
2891 2830 2998 2887 qua
3033 2815 3192 2869 multi
3223 2819 3547 2881 repetentur
3577 2811 3648 2862 ob

2064 2910 2481 2966 multitudinem
2502 2949 2519 2974 ,
2552 2924 2677 2966 cum
2708 2924 2803 2964 eos
2830 2906 3256 2979 comprehendat
3283 2915 3476 2959 natura
3514 2918 3643 2964 una;

2061 3004 2334 3074 siquidem
2373 3017 2565 3058 omnes
2596 3016 2741 3057 unus
2774 3002 2933 3057 homo
2960 3007 3181 3068 essent;
3230 3013 3415 3052 verum
3456 3013 3646 3067 persu-

370 3081 578 3153 cuique
612 3102 865 3155 persona:
900 3091 973 3146 sit
1004 3102 1196 3161 partus
1223 3097 1475 3165 seorsim,
1509 3112 1565 3156 ut
1602 3102 1657 3158 in
1688 3108 1955 3173 gemellis,
1980 3092 2029 3157 C
2063 3113 2259 3152 narum
2287 3096 2568 3152 distinctio
2599 3096 2652 3150 in
2677 3109 2841 3151 causa
2870 3102 2953 3150 est
2980 3104 3037 3148 ut
3072 3092 3227 3147 multi
3258 3100 3642 3146 numerentur.

371 3175 490 3231 Nec
533 3184 793 3238 convenit
826 3194 886 3239 ut
930 3184 1043 3240 sint
1088 3189 1178 3242 uni
1215 3205 1455 3261 unquam
1492 3196 1571 3251 rei
1600 3195 1744 3254 bina:
1781 3203 1961 3258 subsi-

370 3272 590 3327 stentia:
625 3276 843 3341 mistaa;
883 3289 1076 3335 natura
1119 3282 1266 3338 enim
1313 3290 1736 3357 comprehendit
1776 3294 1961 3351 subsi-

371 3364 627 3419 stcntias.
662 3364 950 3432 Quomodo
976 3387 1109 3445 ergo
1141 3374 1235 3427 liat
1265 3384 1319 3430 ut
1356 3377 1727 3438 subsistentia:
1760 3397 1957 3443 natura

372 3454 604 3511 diversae
650 3458 815 3515 simul
856 3463 1271 3535 conjnugantnr
1316 3468 1370 3523 in
1413 3469 1640 3529 Christo
1685 3491 1796 3529 uno
1831 3492 1956 3533 cum

371 3544 871 3605 subsistentiarum
933 3552 1285 3610 differentia?
1351 3555 1721 3615 Subsistentia
1772 3570 1956 3618 autem

372 3647 534 3695 actus
566 3651 650 3696 est
686 3646 1117 3714 superioritatis.
1156 3645 1211 3701 Si
1245 3664 1375 3720 ergo
1396 3649 1652 3707 Christus
1682 3651 1823 3710 duas
1856 3654 1962 3709 ha-

373 3731 500 3786 leat
540 3742 770 3791 naturas
808 3736 1081 3801 diversas,
1131 3740 1277 3794 sicut
1312 3756 1499 3796 verum
1542 3752 1657 3809 est,
1695 3759 1758 3800 ac
1792 3746 1959 3802 simul

372 3822 604 3882 haberet
656 3829 797 3884 duas
845 3832 1239 3888 subsistentias
1300 3834 1584 3900 diversas,
1642 3845 1757 3893 tum
1820 3838 1957 3895 illud

368 3920 517 3988 quod
570 3921 748 3991 ipsmn
799 3924 1158 3995 coniungeret
1204 3924 1335 3999 [quo
1386 3944 1532 3984 unus
1581 3928 1756 4001 esset]
1808 3930 1959 3987 aliud

369 4022 521 4069 esset
555 4024 756 4083 pra'ter
784 4018 923 4072 duas
968 4028 1196 4075 naturas
1220 4060 1235 4083 ,
1269 4035 1334 4075 ac
1365 4021 1503 4075 duas
1540 4021 1954 4089 subsistentias;

367 4109 533 4178 quale
565 4110 703 4163 nihil
754 4112 983 4166 omnino
1025 4113 1318 4181 reperitur.
1368 4111 1589 4172 Scimus
1635 4124 1816 4171 autem
1846 4131 1957 4172 non

367 4212 499 4251 €858
530 4211 785 4254 naturam
828 4200 1035 4272 absque
1075 4218 1347 4272 persona;
1383 4220 1487 4260 nec
1524 4213 1709 4263 tamen
1741 4214 1826 4263 θα
1858 4221 1959 4263 na-

368 4304 496 4347 tura
541 4296 596 4348 in
641 4310 751 4349 una
784 4293 1051 4369 [tantum]
1093 4313 1354 4368 persona.
1398 4298 1607 4355 Natura
1643 4298 1789 4355 enim
1846 4315 1956 4355 una

365 4387 794 4457 comprehendit
824 4390 1011 4459 plures
1041 4404 1325 4461 personas,
1361 4397 1417 4446 at
1448 4407 1684 4462 persona
1710 4405 1818 4445 una
1845 4408 1954 4449 non

365 4481 792 4553 comprehendit
839 4492 1113 4537 naturam.
1153 4481 1356 4537 Natura
1402 4494 1586 4539 autem
1620 4483 1828 4541 Christi
1866 4486 1954 4542 di-

365 4576 496 4628 vina
527 4581 735 4628 aeterna
763 4589 1045 4642 nunquam
1079 4574 1433 4630 subsistentia
1462 4591 1561 4632 sua
1591 4577 1809 4644 caruit;
1838 4577 1952 4647 iam

365 4667 729 4723 subsistentia
772 4666 876 4721 ista
904 4680 966 4721 ea
998 4676 1083 4721 est
1125 4682 1248 4737 qua:
1289 4668 1649 4722 humanitatis
1690 4677 1951 4726 naturam

365 4761 471 4815 sibi
514 4767 856 4832 assumptam
888 4761 1161 4828 adiunxit,
1200 4759 1414 4827 fuitque
1448 4761 1550 4830 ipsi
1589 4762 1953 4820 subsistentia

365 4854 436 4908 ab
464 4870 529 4907 eo
559 4869 740 4921 usque
772 4866 1019 4922 tempore
1057 4868 1171 4924 quo
1209 4869 1317 4908 non
1353 4854 1458 4907 fuit
1488 4862 1618 4909 ante
1649 4854 1951 4912 habitatio-

364 4961 492 5002 nem
541 4960 793 5017 persona:
835 4947 997 5002 istius
1042 4944 1243 5000 divina:
1290 4945 1345 4999 iu
1387 4943 1558 5001 Maria
1609 4947 1663 5002 in
1708 4963 1816 5017 qua
1857 4946 1952 5005 ubi

366 5038 633 5093 habitavit
666 5038 797 5095 fecit
824 5053 891 5092 ex
918 5037 1035 5107 ipsa
1065 5036 1390 5102 essentiam,
1419 5037 1668 5093 videlicet
1696 5046 1949 5095 naturam

364 5130 689 5196 humanam,
725 5146 889 5198 quam
930 5130 1288 5203 subsistentia
1323 5145 1423 5184 sua
1463 5128 1765 5185 subsistere
1799 5129 1948 5196 fecit,

361 5230 417 5276 et
461 5220 739 5277 deil‘lcavit
782 5221 912 5275 dum
954 5220 1056 5289 ipsi
1102 5218 1399 5275 essentiam
1434 5218 1650 5284 tribuit,
1694 5216 1943 5290 59—51

364 5313 481 5368 haac
516 5321 700 5368 autem
725 5351 738 5377 ,
772 5314 983 5368 scilicet
1016 5311 1161 5382 quod
1196 5312 1369 5380 ipsam
1405 5312 1797 5381 assumpserit,
1822 5328 1949 5370 esse

363 5404 555 5462 fecerit
587 5420 652 5461 ac
694 5405 1031 5459 tleilicaverit
1054 5445 1068 5469 ,
1113 5403 1296 5459 omnia
1330 5402 1494 5458 simul
1529 5402 1783 5472 fuerunt,
1818 5404 1947 5460 dum

361 5497 760 5553 humanitatem
778 5498 978 5555 Christi
1007 5497 1297 5551 habentem
1315 5494 1754 5563 subsiste-otism,
1781 5511 1947 5564 quam

364 5600 554 5647 notum
580 5600 665 5648 est
693 5606 812 5647 csse
843 5589 1262 5647 subsistentiam
1298 5587 1417 5644 Filii
1448 5588 1565 5652 Dei,
1600 5597 1941 5658 assumptam

438 5775 454 5805 '
482 5773 675 5833 Matth.
711 5791 793 5839 ιιι,
832 5774 932 5837 l7;
971 5771 1102 5827 Luc.
1139 5787 1220 5836 ιιι,
1250 5770 1340 5825 2‘2.
1403 5770 1422 5800 ³
1452 5769 1613 5825 Joan.
1648 5785 1687 5838 t,
1724 5768 1747 5823 l
1784 5783 1911 5841 sqq.

2062 3189 2219 3257 Quod
2266 3190 2312 3246 si
2357 3189 2581 3244 Christo
2620 3189 2744 3242 dua:
2790 3202 3039 3258 personat
3082 3184 3388 3239 trilmendze
3434 3191 3642 3247 essent,

2062 3289 2398 3351 competeret
2439 3282 2516 3336 illi
2551 3296 2816 3336 numerus
2860 3279 3134 3341 binarius,
3168 3295 3231 3333 ac
3266 3277 3522 3332 Trinilati
3557 3277 3642 3329 di-

2064 3375 2312 3430 vinitatis
2350 3373 2789 3446 quadruplicitas
2821 3388 2945 3427 cum
2977 3386 3005 3426 a
3046 3369 3314 3426 Triuitate
3352 3371 3419 3424 ad
3452 3384 3645 3422 litame-

2063 3482 2185 3521 rum
2212 3466 2626 3537 quaternarinm
2655 3475 3075 3536 promoveretur
3097 3474 3263 3533 atque
3292 3466 3343 3516 in
3367 3478 3430 3516 ca
3460 3463 3644 3515 ain-tio

2060 3559 2241 3613 locum
2275 3557 2519 3613 haberet.
2555 3557 2746 3628 Neque
2777 3558 3134 3625 perﬁceretur
3165 3556 3474 3626 baptismus
3501 3557 3640 3609 trina

2061 3650 2441 3715 immersione,
2462 3664 2628 3720 quam
2653 3650 2913 3720 prmeepit
2934 3648 3189 3705 Christus
3213 3648 3477 3715 apostolis
3503 3650 3642 3708 suis.

2063 3740 2319 3796 videlicet
2362 3750 2420 3796 ut
2468 3740 2814 3812 baptizarent
2843 3756 2970 3795 eum
3014 3741 3111 3808 qui
3157 3740 3406 3795 crederet
3452 3740 3504 3792 in
3543 3754 3645 3793 no-

2059 3835 2210 3891 mine
2254 3834 2434 3890 Patris
2501 3843 2557 3890 et
2612 3833 2735 3889 Filii
2787 3842 2843 3890 et
2891 3833 3133 3904 Spiritus
3161 3834 3363 3888 sancti.
3418 3832 3644 3887 Decerct

2057 3927 2208 3983 enim
2243 3941 2342 3983 eos
2381 3926 2474 3996 qui
2524 3933 2814 3981 autumant
2850 3925 3136 3982 Christum
3169 3926 3309 3979 duas
3347 3940 3472 3979 esse
3510 3925 3643 3978 θυι»-

2057 4020 2365 4087 sistentias,
2390 4030 2585 4092 quater
2606 4021 2748 4075 inter
2770 4018 3163 4090 baptizandum
3196 4018 3488 4083 intiugere,
3516 4031 3638 4067 cum

2060 4113 2284 4168 nomina
2325 4113 2467 4167 trina
2489 4155 2504 4178 ,
2541 4112 2652 4168 sint
2686 4127 2937 4183 persona:
2970 4111 3145 4166 Patris
3183 4121 3236 4165 ct
3270 4107 3391 4162 Filii
3425 4117 3481 4161 et
3511 4108 3639 4175 Spi-

2059 4205 2204 4259 ritus
2248 4204 2469 4270 sancti,
2520 4220 2757 4274 quorum
2807 4202 3032 4257 nomine
3074 4212 3158 4255 ter
3202 4215 3344 4269 aqua
3393 4197 3638 4267 tingitur.

2057 4296 2218 4365 Quod
2270 4298 2319 4355 si
2363 4308 2606 4368 quatuor
2651 4303 2842 4352 essent
2890 4309 3171 4365 personas,
3226 4307 3455 4346 licet-sse
3494 4299 3641 4344 esset

2061 4399 2258 4462 quater
2308 4388 2594 4459 immergi,
2645 4403 2807 4445 secus
2853 4402 2966 4443 non
3013 4387 3068 4440 in
3114 4395 3289 4440 totum
3335 4384 3638 4446 Christum,

2059 4499 2224 4553 quem
2261 4482 2403 4537 duas
2430 4497 2554 4537 esse
2596 4496 2864 4551 personas
2906 4480 3082 4543 dicit,
3118 4477 3508 4546 baptizaretur.
3544 4478 3638 4529 sed

2058 4576 2115 4633 in
2145 4573 2435 4630 dimidium
2484 4574 2694 4645 ipsius.
2742 4573 2945 4627 omissa
2992 4571 3208 4625 scilicet
3247 4570 3419 4624 altera
3462 4569 3644 4623 subsi-

2057 4666 2391 4723 stentiarum
2422 4664 2597 4736 ipsius
2633 4664 2689 4717 in
2729 4678 2895 4733 quam
2933 4660 3077 4716 haud
3114 4660 3276 4715 fuerit
3306 4658 3639 4729 baptizatum,

2052 4756 2166 4830 jam
2225 4771 2358 4828 ergo
2405 4753 2761 4810 manifestum
2811 4761 2897 4807 cst
2947 4752 3229 4809 Christum
3280 4767 3446 4806 unum
3496 4765 3641 4813 esse,

2058 4858 2188 4908 ante
2216 4864 2379 4921 quem
2426 4863 2535 4904 non
2582 4846 2749 4902 fuerit
2794 4844 3051 4901 Christus
3087 4844 3259 4905 alius.
3301 4859 3480 4913 neque
3519 4852 3644 4913 post

2057 4942 2240 5013 ipsum
2273 4941 2489 4997 futurus
2518 4939 2589 4994 sit
2612 4938 2780 4994 alius.
2804 4934 3045 4993 Verbum
3067 4934 3212 4989 enim
3240 4933 3332 4987 Dei
3362 4948 3641 5001 nunquam

2059 5034 2303 5108 53-55
2333 5048 2443 5089 non
2480 5032 2582 5087 fuit
2609 5047 2674 5087 ex
2719 5046 2830 5103 quo
2874 5043 3154 5099 nunquam
3190 5042 3298 5080 non
3342 5024 3444 5080 fuit
3482 5024 3643 5079 Pater

2058 5127 2259 5198 ipsius,
2290 5139 2463 5195 neque
2498 5138 2741 5194 unquam
2772 5122 2875 5177 fuit
2907 5118 3051 5176 Deus
3087 5117 3207 5172 sine
3232 5114 3434 5176 Verbo,
3464 5127 3641 5180 neque

2058 5233 2299 5288 unquam
2332 5215 2735 5286 separationcm
2766 5228 2961 5282 passus
2991 5220 3095 5275 est,
3123 5211 3265 5263 sicut
3294 5208 3428 5263 dicit
3462 5205 3639 5259 Evan-

2056 5312 2257 5382 geliunt
2275 5326 2290 5364 :
2306 5308 2371 5364 In
2390 5308 2644 5378 principio
2667 5307 2765 5375 fuit
2800 5304 3046 5365 Verbum,
3060 5312 3109 5357 et
3125 5300 3345 5355 Verbum
3370 5312 3639 5363 nunquam

2058 5402 2284 5472 nonfuit
2316 5404 2458 5470 apud
2481 5400 2665 5465 Deum,
2693 5410 2740 5454 et
2767 5397 2905 5453 Deus
2937 5411 3206 5464 nunquam
3235 5409 3339 5446 non
3366 5391 3467 5457 fuit
3511 5387 3636 5441 Ver-

2055 5497 2202 5560 bum,
2244 5495 2424 5548 omnia
2458 5510 2550 5563 per
2580 5494 2754 5562 ipsum
2786 5490 2932 5558 facta
2959 5497 3107 5551 sunt,
3140 5496 3191 5540 ct
3218 5488 3415 5552 absque
3440 5500 3501 5537 eo
3532 5499 3636 5537 non

2047 5588 2252 5655 factum
2278 5598 2349 5643 est
2391 5586 2470 5641 vel
2494 5602 2657 5642 unum
2688 5600 2870 5640 eorum
2895 5600 3013 5654 qua:
3040 5583 3185 5636 facta
3211 5590 3332 5634 sunt
3363 5581 3405 5633 *.
3435 5576 3637 5631 Deinde
