4070 6152
484 244 619 312 1M3

465 736 586 784 tura
618 731 855 789 humana
888 737 1087 796 factam
1129 744 1299 804 fuisse
1331 765 1550 812 carnem
1580 761 1646 813 ad
1676 760 1743 816 ha

459 923 525 963 es
584 910 756 971 Maria
807 922 1020 993 virgine
1067 926 1189 985 sine
1244 935 1454 991 semine
1505 939 1747 1001 humano

459 997 699 1061 Verbum
746 1012 893 1078 quod

457 1093 635 1151 instar
659 1103 888 1159 seminis
915 1109 1060 1175 quod
1090 1126 1255 1168 causa
1284 1126 1366 1172 est
1395 1118 1742 1185 formationis
1770 1130 2027 1193 hominis.

453 1181 659 1257 Estque
710 1191 886 1262 ipsum
926 1214 1160 1268 persona
1187 1206 1278 1262 illa
1306 1224 1430 1280 qua:
1456 1214 1512 1268 in
1541 1227 1731 1274 sancta
1757 1220 2031 1282 Trinitate

446 1637 592 1699 inter
624 1646 773 1718 ipsos
802 1652 1124 1718 discrimine
1151 1667 1299 1737 quod
1329 1637 1405 1726 ad-
1427 1637 2020 1742 essentiavtnvdivinita:

445 1736 519 1789 tis
554 1747 605 1792 et
639 1743 1001 1806 substantiam
1038 1736 1246 1823 ipsius;
1297 1771 1351 1816 et
1388 1740 1663 1834 perfectus
1695 1774 1860 1832 homo
1891 1795 2015 1836 cum

444 1826 619 1887 Matre
654 1847 755 1890 sua
781 1842 1109 1916 ceterisque
1144 1826 1484 1922 hominibus,
1521 1863 1671 1919 nullo
1697 1865 1839 1924 inter
1865 1870 2018 1940 ipsos

441 1921 761 1983 discrimine
808 1935 1020 1991 ratione
1071 1946 1328 2001 essentia:
1381 1950 1741 2013 humanitatis
1786 1971 1840 2017 et
1884 1965 2019 2019 sub-

439 2016 659 2074 stantias
715 2021 910 2092 ipsius.
941 2032 1061 2087 sine
1081 2042 1447 2098 conversione
1469 2056 1561 2101 aut
1584 2054 1889 2110 mutatione
1908 2056 2017 2130 56

440 2107 699 2130 ..s_!..—.J-
820 2123 833 2130 -
1104 2125 1116 2130 ‘
1194 2129 1203 2130 ί

440 2107 707 2167 utriusvis
744 2123 1066 2176 naturarum
1102 2125 1277 2195 ipsius
1309 2147 1339 2186 a
1375 2135 1682 2194 substantia
1715 2158 1848 2211 sua;
1896 2107 2013 2203 ἐῖδέ

434 2194 743 2259 divinitatis
779 2220 809 2259 a
845 2194 1160 2271 substantia
1193 2234 1293 2275 sua
1330 2224 1516 2279 subtili
1549 2240 1606 2283 et
1638 2194 2009 2305 simplicitate;

433 2289 505 2345 ad
539 2306 784 2355 crassam
819 2300 1184 2364 humanitatis
1220 2312 1527 2392 [naturam]
1562 2331 1614 2377 et
1648 2289 2011 2397 compositio:

430 2396 559 2438 nem
592 2387 803 2459 ipsius;
833 2397 950 2452 sive
976 2398 1333 2464 humanitatis
1358 2425 1387 2463 a
1414 2417 1667 2473 crassitie
1696 2428 1751 2473 et
1782 2438 2007 2495 compo-

430 2474 634 2537 sitione
664 2483 730 2538 ad
763 2486 1125 2550 subtilitatem
1159 2507 1217 2551 et
1244 2502 1657 2574 simplicitatem
1682 2474 2005 2583 divinitaiis.

429 2564 609 2635 [sine,
656 2572 932 2654 inquam.]
974 2586 1057 2641 vel
1108 2590 1399 2661 mistione,
1449 2612 1842 2674 corrumpenle
1885 2625 2009 2679 quae

427 2670 603 2716 mutet
642 2665 967 2727 alterutrum
1014 2691 1075 2732 re
1111 2681 1293 2754 aliqua
1333 2689 1399 2742 ad
1437 2665 1803 2752 substantiam
1846 2665 2003 2757 suam

431 2748 795 2857 [.spectanteJ
830 2763 946 2821 sive
990 2783 1159 2838 parva
1201 2748 1319 2831 sive
1363 2748 2007 2857 magna,vvqua‘

423 2841 642 2903 duabus
676 2855 887 2911 naturis
915 2873 1022 2913 una
1046 2874 1242 2921 natura
1273 2841 1604 2931 mistailioc
1629 2841 1775 2933 enim
1811 2882 2001 2940 intide-

420 2933 548 3034 litas
576 2947 659 2995 est
689 2951 744 2998 et
774 2945 1108 3017 blasphemia
1138 2956 1192 3011 in
1223 2956 1414 3025 Deum,
1442 2965 1655 3036 adigere
1687 2972 1789 3040 ipsi

417 3124 729 3178 verteretur
772 3126 827 3181 in
874 3131 1241 3194 substantiam
1296 3155 1570 3218 creatam;
1619 3162 1714 3209 aut
1764 3153 1992 3234 [dicere]

417 3223 662 3279 carnem,
700 3231 864 3287 quam
909 3223 1012 3279 sibi
1063 3228 1120 3283 in
1166 3230 1539 3295 habitaculum
1583 3223 1813 3313 creavit.
1854 3223 1991 3308 con:

415 3304 557 3359 verti
597 3321 626 3360 a
674 3310 992 3371 substantia
1025 3334 1126 3377 sua
1172 3337 1356 3385 creata
1406 3347 1471 3389 ac
1514 3336 1630 3393 ﬁeri
1684 3356 1986 3403 creantem.

413 3396 572 3461 Quod
595 3400 641 3456 si
662 3403 786 3459 dum
809 3416 1017 3467 natura:
1038 3419 1531 3483 commiscerentur
1552 3433 1785 3489 mistura
1808 3440 1988 3510 aliqua

416 3488 546 3510 μέ,
664 3492 719 3510 ,μ
838 3508 847 3510 μ

412 3488 551 3543 adeo
575 3500 633 3546 ut
660 3492 855 3554 tierent
882 3510 1248 3573 naturamna.
1272 3528 1383 3569 non
1413 3530 1561 3575 esset
1588 3522 1843 3583 Christus
1867 3488 1989 3604 post

413 3582 851 3646 incarnationem
882 3608 1063 3664 suam,
1093 3616 1124 3657 e
1158 3605 1468 3664 substantia
1506 3614 1687 3673 Patris
1716 3628 1771 3675 et
1808 3582 1986 3694 Spriri-

412 3679 507 3729 tus
543 3679 751 3750 sancti,
796 3683 1065 3753 siquidem
1105 3692 1412 3751 substantia
1451 3700 1638 3759 Patris
1660 3716 1714 3761 et
1750 3679 1986 3778 Spii-itus

405 3764 582 3820 sancti
620 3776 702 3821 est
734 3770 1043 3831 substantia
1072 3781 1326 3852 simplex.
1354 3790 1603 3859 subtilis,
1634 3795 1728 3853 lux
1759 3764 1979 3869 cieans.

403 3868 571 3925 quam
600 3872 709 3914 non
747 3860 1051 3933 ingreditur
1074 3880 1423 3945 compositio.
1452 3882 1517 3936 Et
1545 3891 1821 3956 quomodo
1844 3860 1980 3951 con;

401 3948 616 4006 veniret
654 3961 711 4035 ut
752 3954 925 4015 Filius
966 3960 1287 4024 incarnatus
1327 3987 1714 4035 accenseretur
1748 3984 1894 4041 Patri
1924 3998 1982 4044 et

400 4051 599 4096 sancto
652 4028 904 4115 Spiritui,
938 4063 1227 4125 postquam
1284 4076 1319 4117 e
1366 4028 1703 4128 subslaniia"
1732 4028 1979 4145 ips-orbi;

396 4146 654 4203 egressus
682 4149 831 4195 esset
865 4158 977 4213 pra:
1002 4159 1067 4201 ea
1094 4152 1185 4206 cui
1214 4152 1489 4215 obnoxius
1521 4161 1699 4221 fuerat
1724 4169 1979 4227 mistione

397 4227 454 4276 et
479 4229 915 4296 compositione?
937 4237 1046 4294 Aut
1076 4246 1350 4310 quomodo
1380 4254 1775 4313 concederetur
1801 4261 1978 4330 ipsum

396 4327 524 4372 esse
551 4315 723 4376 Deum
755 4339 924 4383 unum
949 4344 1072 4385 cum
1107 4330 1274 4392 Patre
1300 4350 1356 4393 et
1389 4340 1597 4412 Spiritu
1630 4315 1977 4412 sanctorcum

1496 275 1867 341 EUTYCHII
1908 283 2454 359 ALEXANDRINI
2491 299 2710 367 PATR.

471 357 678 415 “dde”
703 362 861 417 ⁶¹ῖ¹⁷ῖί²
893 368 958 422 δέ
991 370 1211 429 νενθιιηι
1240 379 1533 447 factum"!
1562 402 1710 451 τανο.
1740 402 1791 445 ει
1818 406 2053 448 εοηηηοο
2082 398 2130 457 Δ
2160 402 2330 473 tilem,
2360 424 2483 480 quae
2521 423 2669 471 statu
2699 431 2803 474 suo
2829 420 3066 493 simplici

471 459 647 493 ranam
671 467 749 493 ns
789 461 919 493 ius...
946 478 1039 493 ..νη
1060 465 1081 493 a
1136 471 1413 493 --.ιιιμυμ
1443 477 1473 493 ι.
1638 483 1671 493 ..
1721 492 1726 493 ,

470 459 647 506 ratum
670 467 749 508 est
787 461 919 511 inter
944 478 1040 517 nos
1060 465 1099 532 ³,
1131 471 1589 547 conﬁrmavitque
1620 483 1825 537 dictum
1858 502 2039 555 suum,

466 542 885 603 subsistentiam
912 550 1077 610 Verbi
1103 574 1266 615 unam
1296 578 1444 629 esse,
1474 584 1595 636 qua:
1626 589 1905 646 nunquam
1931 595 2040 636 non

466 632 569 688 fuit
614 651 739 693 cum
772 641 966 705 Patre.
1004 654 1360 725 eamdemque
1409 632 1582 730 ipsam
1628 632 1906 739 assuinpta
1940 689 2043 729 na-

3592 323 3725 395 lilii

3092 429 3270 489 tribus
3305 434 3500 494 diebus
3522 439 3577 494 in
3598 456 3722 498 aere

2146 506 2476 570 permansit.
2509 521 2750 578 quorum
2787 514 2996 584 primus
3055 520 3160 578 fuit
3193 522 3329 582 feria
3377 530 3557 600 prima
3609 549 3717 606 qua

2144 605 2326 652 creata
2356 604 2482 655 est:
2546 600 2751 661 deinde
2786 606 2890 677 ipsi
2922 610 3012 666 die
3044 625 3246 685 quarto
3298 632 3504 692 corpus
3548 600 3724 683 nia-te-

2480 692 2543 760 it,
2584 692 2638 750 in
2690 711 2800 768 quo
2830 699 3007 771 ipsam
3085 709 3306 776 statuit,
3342 722 3510 784 atque
3568 718 3754 775 iuba--

2708 762 2722 768 -
2851 762 2867 771 .
3164 762 3169 763 γ
3207 762 3306 776 ίτ--ι
3346 762 3507 784 -νει-ν
3569 762 3715 775 """r

1751 762 2039 825 bilandum
2143 779 2320 839 bitare
2349 782 2500 854 fecit,
2552 789 2811 849 mistione
2838 800 3150 855 necessaria
3210 812 3266 858 et
3326 807 3719 877 conjunctione

1854 818 2039 825 νηί-η
2143 818 2320 839 me...

471 818 616 875 ⁵⁸⁸⁸⁸³⁵
656 822 929 895 homines.
964 848 1129 903 quam
1165 854 1302 895 nova
1337 851 1615 907 creatione
1654 855 1761 910 sibi
1794 860 2038 917 condidit
2142 873 2323 942 lirma,

471 923 525 942 ιν
586 910 754 942 ιι..-ι-
807 922 1013 942 __:_-e_-
1078 926 1114 942 to
1368 935 1380 942 .
1507 939 1520 942 _

2137 1068 2313 1115 turam
2345 1066 2595 1133 corporis
2626 1067 2769 1138 eius.
2830 1070 3047 1127 unitate
3110 1073 3488 1136 subsistentia
3541 1082 3714 1152 ipsius

2134 1150 2298 1207 unius
2328 1167 2496 1223 quam
2522 1157 2936 1224 comprehendit
2970 1163 3051 1217 sol
3083 1180 3226 1222 unus
3254 1181 3272 1232 ;
3299 1167 3460 1239 cuius
3492 1150 3594 1228 nec
3620 1173 3712 1233 lus

2124 1251 2257 1298 ante
2293 1258 2493 1315 corpus
2520 1247 2693 1315 ipsius
2724 1251 2806 1305 sol
2844 1253 3165 1319 vocabatur.
3204 1273 3305 1314 nec
3338 1273 3543 1332 corpus
3594 1260 3713 1316 siue

2130 1333 2250 1392 luee
2309 1338 2395 1393 sol
2452 1339 2630 1406 audit.
2677 1356 2866 1405 verum
2926 1347 3009 1403 sol
3064 1363 3210 1405 unus
3266 1360 3352 1407 est
3406 1367 3536 1409 cum
3591 1352 3711 1409 lucc

2126 1439 2182 1485 et
2242 1445 2475 1499 corpore
2554 1448 2659 1493 suo
2717 1438 2943 1505 pariter.
3012 1440 3327 1513 Eodemque
3394 1447 3561 1502 modo
3623 1446 3709 1502 di-

2003 1534 2025 1547 ·
2123 1527 2412 1595 gnoscitur
2461 1528 2550 1584 lus
2604 1528 2697 1586 Dei
2729 1530 3002 1587 Christus.
3035 1532 3227 1606 Neque
3250 1538 3399 1593 enim
3435 1547 3564 1596 ante
3620 1540 3706 1595 in.

2122 1619 2502 1675 carnationem
2544 1635 2699 1677 suam
2732 1636 2801 1679 ex
2831 1624 3043 1698 virgine
3085 1626 3256 1685 Maria
3283 1633 3591 1703 appellatus
3620 1644 3707 1691 est

2049 1736 2093 1793 Β
2120 1707 2418 1779 Christus;
2451 1728 2633 1784 neque
2665 1715 2871 1772 dicitur
2902 1718 3222 1777 humanitas
3245 1722 3423 1794 ipsius
3450 1726 3572 1782 sine
3613 1729 3705 1783 dis

2121 1805 2350 1863 vinitate
2377 1806 2651 1874 Christus,
2674 1811 2786 1882 60
2812 1826 2999 1868 verum
3028 1813 3289 1871 divinitas
3307 1829 3363 1873 et
3388 1818 3705 1880 humanitas

2120 1897 2295 1965 ipsius
2333 1898 2497 1954 simul
2542 1898 2801 1958 Christus
2834 1917 3001 1968 unus.
3030 1906 3130 1973 qui
3162 1917 3248 1963 est
3265 1922 3335 1964 es
3385 1910 3701 1967 substantia

2117 1988 2299 2046 Patris
2346 2000 2402 2047 et
2429 1994 2669 2060 Spiritus
2692 1996 2871 2052 sancti
2897 1999 3203 2055 secundum
3228 2001 3606 2069 divinitatem.
3634 2010 3691 2060 et

2115 2094 2181 2134 ex
2213 2081 2517 2137 substantia
2564 2081 2754 2140 Matris
2775 2099 2890 2140 sum
2928 2088 3377 2161 reliquorumque
3408 2092 3695 2148 hominum

2116 2182 2369 2241 respectu
2410 2176 2769 2232 humanitatis
2808 2192 2945 2245 suae,
2974 2180 3068 2248 qui
3100 2181 3217 2237 vult
3264 2183 3547 2241 voluntate
3600 2200 3673 2241 na

2115 2272 2252 2317 tnraa
2287 2263 2644 2323 humanitatis
2700 2283 2836 2332 suae.
2865 2284 3174 2342 omnesque
3265 2272 3387 2343 eius
3448 2276 3698 2333 actiones

2112 2366 2394 2427 operatur.
2420 2369 2645 2429 excepto
2675 2367 2920 2431 peccato.
2952 2362 3250 2420 Peccatum
3274 2366 3424 2421 enim
3457 2382 3567 2422 non
3599 2379 3690 2425 ess

2110 2446 2180 2504 de
2210 2448 2520 2504 substantia
2578 2459 2807 2515 naturai,
2847 2467 3038 2509 verum
3088 2456 3343 2512 accidens
3385 2460 3535 2527 quod
3595 2473 3696 2529 per

2109 2541 2464 2596 rebellionem
2500 2541 2555 2595 in
2584 2550 2837 2597 naturam
2863 2544 3111 2604 intravit.
3153 2547 3272 2603 Non
3310 2549 3525 2605 destitit
3554 2550 3692 2605 sub-

2108 2634 2310 2687 stantia
2353 2632 2710 2690 humanitatis
2736 2635 2911 2706 ipsius
2938 2638 3167 2712 obsequi
3197 2641 3525 2698 suhstantite
3552 2642 3686 2697 divi-

2108 2724 2297 2782 uitatis
2354 2725 2550 2797 ipsius,
2585 2743 2655 2783 ex
2680 2743 2794 2797 quo
2818 2743 3045 2787 carnem
3078 2731 3279 2795 induit.
3338 2749 3442 2791 nec
3476 2734 3696 2791 destitit

2105 2810 2337 2868 allectus
2364 2812 2725 2873 humanitatis
2761 2817 2937 2886 ipsius
2976 2834 3174 2889 parcre
3203 2820 3423 2877 aﬂectui
3478 2825 3689 2879 divini-

2108 2905 2207 2961 tati
2237 2906 2452 2976 ipsius;
2489 2909 2835 2976 nequeenim
2863 2911 3141 2968 desiderat
3172 2914 3490 2970 humanitas
3510 2916 3691 2988 ipsius

2101 3013 2200 3068 per
2225 3014 2308 3065 se,
2329 2998 2476 3066 quod
2507 3002 2624 3055 vult
2646 3012 2843 3058 natura
2873 3004 3230 3061 humanitatis
3265 3007 3333 3062 de
3358 3006 3503 3072 cibo.
3531 3016 3688 3079 potu,

2100 3105 2318 3158 somno,
2347 3095 2678 3165 ceterisque
2706 3109 2831 3167 quae
2861 3096 2931 3152 ad
2964 3098 3328 3154 substantiam
3364 3100 3687 3155 humanita-

2097 3183 2169 3237 tis
2216 3190 2489 3252 spectant,
2548 3196 2778 3256 excepto
2828 3196 3076 3258 peccato,
3132 3190 3309 3247 donec
3364 3192 3683 3251 desiderare

2094 3272 2262 3329 faciat
2295 3276 2555 3332 divinitas
2580 3278 2756 3335 ipsius
2783 3278 3183 3336 humanitatem
3217 3282 3411 3352 ipsius,
3439 3286 3685 3355 velitque

2093 3366 2198 3435 ipsi
2224 3377 2283 3423 ut
2305 3369 2436 3425 velit
2459 3370 2607 3439 quod
2632 3371 2682 3426 ei
2723 3386 2822 3441 per
2842 3387 2906 3429 se
2928 3376 3217 3443 competit,
3246 3390 3351 3430 nec
3371 3376 3678 3448 quidquam

2090 3461 2323 3527 sumpsit
2348 3460 2561 3517 ratione
2588 3464 2936 3521 necessitatis
2958 3476 3009 3521 et
3042 3470 3456 3538 compulsionis.
3485 3487 3678 3528 eorum

2088 3562 2211 3615 qua:
2247 3562 2377 3602 caro
2408 3551 2718 3606 necessario
2752 3555 3006 3627 requirit,
3052 3572 3231 3628 neque
3277 3561 3346 3613 ad
3371 3562 3675 3633 quidquam

2089 3654 2279 3694 eorum
2300 3644 2563 3713 confugit,
2590 3646 2663 3701 ob
2686 3648 2983 3714 potentiam
3021 3649 3344 3708 substantia:
3369 3654 3674 3711 divinitatis

2087 3746 2205 3787 suae
2263 3750 2384 3803 quae
2427 3736 2659 3792 admista
2699 3752 2781 3794 est
2835 3741 3166 3798 humanitati
3229 3746 3406 3816 ipsius
3446 3751 3668 3805 unitate

2087 3824 2476 3889 subsistentia,
2509 3829 2576 3884 ad
2617 3832 2979 3887 amovendatn
3042 3849 3264 3891 omnem
3322 3842 3669 3909 compulsio-

2086 3926 2210 3969 netn
2284 3925 2339 3969 et
2398 3918 2789 3974 necessitatem
2849 3936 2879 3975 a
2936 3923 3245 3981 substantia
3309 3929 3670 3987 humanitatis

2085 4006 2281 4073 ipsius.
2322 4004 2518 4063 Verum
2552 4014 2766 4066 creavit
2794 4013 2914 4082 ipsa
2948 4016 3314 4072 substantiam
3351 4021 3668 4078 humanita-

2084 4094 2157 4152 tis
2187 4096 2384 4166 ipsius.
2436 4100 2717 4172 voluitque
2742 4118 2862 4174 quae
2892 4105 3064 4161 voluit
3088 4106 3405 4167 humanitas
3433 4127 3531 4181 per
3561 4128 3623 4170 se
3648 4132 3663 4181 ;

2083 4195 2145 4239 ut
2192 4187 2267 4241 ita
2337 4192 2620 4247 veritatem
2684 4203 2959 4251 astrueret
3014 4207 3226 4253 natura:
3281 4199 3666 4269 humanitatis.

2082 4278 2252 4348 ipsam
2294 4280 2544 4354 61-63
2570 4286 2781 4343 scilicet
2810 4298 3015 4346 statum
3069 4307 3229 4347 suum
3271 4295 3501 4350 lirtuiter
3534 4300 3667 4353 reti.

2082 4384 2234 4437 nera.
2260 4388 2364 4429 nec
2383 4375 2437 4429 itt
2469 4376 2617 4433 aliud
2650 4380 2781 4449 quid
2804 4395 2836 4435 a
2870 4383 3179 4442 substantia
3201 4402 3303 4443 sua
3332 4402 3663 4446 conversum

2084 4420 2234 4437 -ν--νυ
2260 4420 2364 4429 --νν
2383 4420 2437 4429 ---
2469 4420 2617 4433 ven-uv-
2694 4420 2781 4435 II"
2804 4420 2836 4435 α
2870 4420 3179 4442 συυῠιευικ
3201 4420 3303 4443 ,εισι
3333 4420 3663 4446 ιυυῗυιδυιυ

394 4421 459 4461 ea
482 4425 605 4481 qua
623 4420 834 4470 natura:
848 4420 1022 4489 ipsius
1044 4423 1313 4517 obtigerat
1337 4434 1630 4495 missione?
1652 4442 1794 4509 Quin
1812 4447 1977 4504 etiam
2011 4457 2058 4515 ι)
2092 4474 2241 4516 οδω,
2278 4462 2540 4535 Fecitque
2568 4420 2825 4527 οιιῖίεω,
2850 4486 3047 4530 omnes
3086 4476 3445 4535 humanitatis
3485 4481 3663 4536 καθ’

396 4500 502 4536 Iam
531 4513 692 4536 nnnln
722 4520 867 4536 Αρηρι
906 4512 1182 4536 1.--..--ς9.-
1255 4521 1314 4536 Λ.
1370 4526 1383 4536 α
1448 4528 1460 4536 .
1502 4530 1515 4536 -

1166 4503 1180 4517 ,
1661 4500 1694 4509 -.
2011 4500 2057 4515 -ι
2094 4500 2241 4516 vomu
2278 4500 2540 4535 nux-quc
2568 4500 2825 4527 ululatu.
2850 4500 3047 4530 Istunc:
3087 4500 3445 4535 uumauttaus
3485 4500 3659 4536 δευο-

396 4500 502 4555 hoc
531 4513 693 4574 pacm
720 4520 870 4565 esset
906 4512 1224 4575 humanm“
1252 4521 1461 4582 Chris‘i
1500 4530 1814 4591 ¹¹¹¹¹¹³³¹¹ί¹³³
1846 4555 1971 4597 cum
2076 4564 2201 4614 "ei.
2227 4559 2457 4623 excepto
2488 4566 2734 4625 peccato.
2755 4574 2881 4615 cum
2914 4562 3172 4621 incitaret
3196 4567 3456 4624 divinitas
3484 4570 3659 4641 ipsam

396 4604 457 4641 EI
485 4607 651 4641 unam
682 4597 927 4641 sultis-ml
958 4602 1206 4641 £8-21)
1236 4618 1536 4641 .....ι...ε--,
1568 4638 1617 4641 _,
1762 4635 1775 4641 -
1914 4632 1928 4641 .
2131 4639 2142 4641 _
2190 4640 2199 4641 ,

391 4604 457 4645 ea
485 4607 651 4663 quam
682 4597 929 4656 subierat
954 4602 1207 4681 57-59
1235 4618 1541 4676 mutatione
1568 4635 1816 4695 respectu
1844 4632 1974 4687 sub-

389 4686 608 4741 stantia
628 4703 743 4745 sua:
764 4706 793 4745 a
822 4703 1019 4753 natura
1053 4700 1415 4764 humanitatis
1436 4710 1504 4766 ad
1527 4686 1971 4779 coministionem

391 4786 517 4829 cum
536 4779 847 4837 substantia
876 4785 1203 4857 divinitatis.
1222 4806 1275 4849 et
1298 4798 1758 4878 alterationequie
1788 4822 1971 4869 muta-

388 4862 594 4921 tionem
624 4872 915 4941 utriusque
960 4890 1171 4937 natura:
1211 4888 1281 4939 ab
1319 4903 1513 4961 coquo
1558 4862 1736 4953 [uelat
1782 4910 1927 4960 statu
1952 4946 1969 4972 ,

384 4957 615 5015 iniit-ret
649 4961 759 5019 Nos
774 4982 899 5021 vero
915 4972 1193 5031 credimus
1213 4977 1268 5031 in
1282 4957 1561 5041 Christum
1586 5004 1780 5061 unum,
1797 5011 1967 5056 unum

376 5054 592 5108 factum
643 5058 854 5112 unitate
877 5076 1127 5131 personae
1165 5069 1220 5123 in
1267 5087 1374 5141 qua
1404 5080 1675 5149 copulata:
1723 5099 1853 5142 sunt
1885 5091 1970 5146 di-

379 5144 586 5200 unitas
617 5156 674 5203 et
703 5152 1014 5210 substantia
1042 5159 1425 5233 humanitatis,
1475 5144 1611 5243 quae
1640 5191 1735 5233 eas
1796 5183 1962 5240 simul

378 5234 675 5309 conjungit
724 5245 848 5299 sine
902 5248 1182 5318 mistione,
1238 5264 1621 5335 conversione,
1656 5254 1959 5332 mutatione

376 5340 469 5382 aut
505 5336 848 5402 separatione
884 5353 991 5410 qua
1029 5342 1384 5408 divellantur.
1438 5354 1627 5428 Neque
1650 5371 1733 5416 est
1758 5363 1875 5435 ipse
1903 5366 1959 5423 in

377 5424 647 5484 alterutra
680 5438 1002 5490 naturarum
1064 5439 1180 5494 sine
1210 5440 1383 5501 altera
1415 5464 1430 5502 :
1495 5424 1955 5521 quemadmodum

378 5521 634 5576 novimus
668 5521 831 5577 Deum
858 5526 1016 5584 initio
1047 5544 1267 5589 creasse
1298 5536 1475 5596 lucem
1496 5543 1801 5618 simplicem
1831 5553 1961 5610 sub-

480 5696 502 5727 ³
527 5694 689 5759 Joan.
713 5698 753 5767 i,
794 5704 813 5756 l
825 5706 877 5761 i.

2077 4639 2145 4693 ad
2178 4640 2461 4700 iaciendas
2496 4645 2857 4708 humanitatis
2888 4656 3156 4724 actiones,
3187 4660 3260 4714 ita
3292 4671 3350 4716 ut
3384 4677 3486 4719 nec
3506 4639 3661 4721 tau-

2075 4736 2158 4784 ret
2189 4730 2281 4786 illa
2305 4733 2496 4799 invita.
2520 4746 2619 4793 aut
2659 4744 2987 4801 necessitate
3030 4747 3098 4805 ad
3119 4750 3408 4821 quodlibet
3462 4770 3654 4813 eorum

2074 4825 2354 4891 compulsa
2388 4844 2404 4893 ;
2446 4837 2501 4883 at
2530 4842 2658 4885 cum
2688 4834 2849 4890 vellet
2882 4836 3145 4896 divinitas
3178 4849 3240 4896 ut
3295 4845 3455 4901 vellet
3497 4862 3654 4903 suam

2078 4914 2434 4982 voluntatem,
2464 4932 2631 4990 opera
2687 4934 2871 4981 autem
2923 4928 3095 4999 ipsius
3122 4930 3350 5000 laceret,
3405 4936 3657 4996 videlicet

2076 5001 2344 5077 [aliquod]
2374 5006 2684 5068 divinitatis
2716 5014 2885 5071 totius
2916 5030 3058 5087 opus
3092 5022 3373 5079 voluntate
3403 5026 3656 5083 essentia

2071 5094 2379 5154 divinitatis
2407 5116 2426 5165 ς
2460 5117 2569 5158 non
2602 5102 2733 5159 fecit
2762 5105 2867 5162 hoc
2890 5109 3049 5180 quasi
3084 5121 3274 5180 petens
3302 5115 3372 5169 ab
3399 5116 3509 5171 alio
3568 5120 3652 5174 vel

2069 5202 2232 5259 prece
2254 5191 2335 5245 vel
2364 5193 2763 5264 snpplicatione
2787 5199 2874 5255 vel
2904 5198 3119 5273 rokatu,
3153 5218 3341 5260 verum
3375 5210 3653 5263 voluntate

2067 5279 2373 5338 divinitatis
2408 5286 2711 5343 essentiali.
2774 5288 3043 5350 Voluntas
3065 5295 3210 5349 enim
3273 5299 3495 5367 generis
3542 5308 3646 5363 est,

2069 5386 2177 5427 non
2204 5372 2525 5441 individui;
2587 5376 2822 5451 ideoque
2855 5384 3225 5456 quodcunque
3293 5388 3409 5444 vult
3468 5387 3645 5455 Pater,

2066 5464 2209 5519 idem
2242 5466 2360 5523 vult
2386 5475 2443 5523 et
2481 5466 2677 5537 Filius,
2704 5481 2761 5527 et
2791 5471 3035 5546 Spiritus
3083 5488 3311 5537 sanctus
3339 5498 3354 5548 ;
3384 5490 3441 5537 et
3469 5484 3644 5555 quod-

2070 5575 2291 5634 cunque
2323 5563 2436 5620 vult
2466 5563 2663 5635 Filius,
2699 5566 2840 5624 idem
2873 5570 2988 5628 vult
3014 5577 3070 5628 et
3126 5569 3292 5630 Pater
3320 5582 3376 5632 ct
3404 5572 3645 5649 Spiritus
