4070 6152
359 233 501 294 iliis

1780 233 2149 302 ANNALES.

3461 231 3594 294 ltili}

354 356 620 413 sanctus;
652 358 709 403 ct
726 344 1227 420 quodcunque'vult
1243 347 1481 421 Spiritus
1504 357 1753 414 sanctus,
1784 350 1927 405 idem
1955 351 2003 411 Α
2037 355 2144 410 Deo
2174 354 2415 425 propria,
2462 368 2582 422 qua:
2615 366 2773 408 nemo
2809 350 2948 406 alius
2996 348 3231 405 faciendi
3267 352 3592 417 potestatem

351 441 523 495 etiam
555 442 670 495 vult
687 439 847 496 Pater
862 452 917 499 et
938 440 1131 509 Filius;
1163 458 1270 499 non
1290 454 1371 500 est
1389 443 1925 511 interipsoscontra—

355 531 527 585 rictas
567 537 663 584 aut
688 530 1011 587 dill'crentia.
1039 536 1216 603 Atque
1246 534 1319 589 ita
1348 534 1513 589 etiam
1546 534 1801 589 voluntas
1828 534 1929 588 hu-

355 624 664 686 suauitatis.
687 625 902 690 generis
934 635 1025 681 est
1063 641 1172 681 non
1204 628 1469 683 individui
1500 641 1517 681 :
1550 628 1785 695 ideoque
1808 641 1928 679 om-

356 716 524 770 nibus
553 715 869 773 hominibus
898 719 1503 775 communiterinsitum
1543 729 1624 775 est
1662 727 1922 789 appetere

357 808 587 873 bonum,
614 823 717 865 nec
746 810 1033 880 quisquam
1066 820 1150 867 est
1175 812 1351 870 ﬁdelis
1383 814 1466 868 vel
1522 812 1781 879 inﬁdelis,
1836 813 1932 869 ho-

358 916 475 957 nus
505 902 590 959 vel
623 904 823 960 malus.
850 904 945 972 qui
980 920 1088 961 non
1129 914 1347 976 appetat
1379 906 1608 969 bonum,
1640 907 1933 977 ipsumque

358 992 610 1063 accipere
640 994 951 1061 desideret,
987 1007 1101 1052 tum
1134 1001 1189 1053 in
1221 997 1325 1055 hoc
1357 1000 1583 1067 mundo,
1618 1008 1729 1054 tum
1760 1002 1814 1056 in
1849 998 1933 1055 [ιι-

356 1091 492 1141 turo
518 1102 538 1153 ;
568 1102 671 1142 nec
698 1089 988 1161 quisquam
1029 1100 1118 1148 est
1142 1094 1235 1162 qui
1272 1102 1498 1165 respuat
1551 1092 1784 1159 bonum,
1838 1101 1935 1150 aut

359 1176 453 1231 cui
499 1190 608 1233 non
661 1177 798 1235 insit
853 1183 1128 1250 appetitus
1186 1182 1318 1247 cibi,
1380 1190 1564 1254 potus,
1601 1184 1931 1250 indumenti,

360 1270 566 1335 eorum,
600 1270 827 1338 quietis.
859 1275 1292 1344 tranquillitatis,
1340 1276 1743 1347 prosperitatis,
1776 1278 1934 1333 sani-

358 1361 492 1416 tatis
520 1370 571 1418 et
596 1364 741 1431 vita;
768 1371 825 1421 et
844 1365 1028 1421 odium
1058 1380 1245 1424 eorum
1270 1385 1390 1439 quae
1407 1370 1521 1444 σε
1539 1372 1628 1429 his
1653 1373 1933 1428 contraria

359 1461 517 1519 sunt,
549 1454 803 1512 videlicet
866 1458 1047 1525 famis,
1106 1462 1251 1528 sitis,
1292 1463 1582 1528 nuditatis,
1623 1466 1932 1534 insomnia,

358 1542 592 1609 laboris,
619 1548 904 1616 molestiae,
926 1550 1301 1620 adversitatis,
1328 1555 1691 1627 egritudinis,
1722 1560 1935 1616 mortis.
1992 1617 1996 1622 ,

2032 443 2216 511 habet,
2250 457 2427 513 neque
2452 443 2548 497 ulli
2589 458 2830 513 unquam
2866 457 2897 498 e
2925 442 3197 496 creaturis
3231 439 3405 507 ipsius
3459 452 3595 491 com-

2031 549 2186 591 ccssa
2219 541 2369 589 sunt.
2396 531 2566 603 quue
2600 534 2724 602 quia
2754 531 2869 601 ipse
2905 535 3056 584 creat
3085 528 3453 597 quodcunque
3475 526 3594 577 vult

2032 624 2432 682 ct-abscondita
2463 624 2635 687 novit,
2660 622 2993 694 perspiciens
3024 635 3147 690 qua:
3185 628 3375 687 legunt
3409 624 3593 684 pecto.

2032 730 2117 783 ra,
2165 726 2221 772 et
2253 724 2475 787 peccata
2531 717 2783 777 remittit,
2817 728 2939 783 quae
2981 727 3142 768 nemo
3192 720 3388 779 praeter
3418 710 3595 777 ipsum

2032 812 2316 867 remittere
2348 816 2547 881 potest.
2611 807 2817 877 Estque
2852 808 2908 861 in
2940 805 3091 863 omni
3122 804 3242 860 loco
3274 817 3427 873 mque
3456 818 3595 870 prm-

2031 917 2162 960 sens
2178 901 2325 958 nulla
2350 916 2410 957 re
2425 901 2768 965 terminatus,
2791 908 2847 953 et
2860 898 2914 952 in
2934 896 3200 967 sepulcris
3215 894 3329 967 38
3345 895 3601 949 conditos

2032 994 2121 1050 die
2152 994 2574 1050 resurrectionis
2600 992 3030 1048 resuscitaturus
3056 994 3141 1043 est
3172 986 3414 1059 potentia
3473 1001 3597 1039 sua.

2034 1102 2161 1145 cum
2193 1088 2266 1143 sit
2296 1085 2564 1143 Dominus
2592 1083 2939 1154 dieijudicii,
3002 1083 3260 1137 thronum
3323 1092 3601 1146 occupans

2032 1188 2089 1239 et
2111 1194 2338 1253 regnum
2383 1189 2442 1235 et
2474 1178 2832 1234 ratiocinium
2848 1187 3123 1240 severum,
3152 1172 3242 1241 qui
3304 1169 3603 1237 unicuique

2034 1274 2334 1331 secundum
2367 1288 2431 1329 ea
2465 1286 2588 1344 qua:
2614 1271 2741 1326 fecit
2776 1268 3065 1332 retribuit;
3097 1264 3348 1333 idemque
3383 1262 3477 1330 qui
3537 1261 3605 1312 de

2036 1366 2179 1423 cmlo
2212 1364 2549 1422 descendens
2582 1364 2900 1418 incarnatus
2939 1367 3043 1424 est,
3067 1367 3122 1415 et
3148 1371 3348 1424 corpus
3382 1355 3437 1407 in
3495 1368 3607 1406 erm

2035 1460 2149 1516 lum
2188 1457 2431 1516 sustulit.

2107 1550 2247 1608 Cum
2294 1559 2477 1606 autem
2516 1548 2722 1604 faceret
2748 1560 2913 1616 opera
2966 1538 3344 1599 humanitatis.
3382 1552 3446 1593 ea
3488 1552 3606 1602 quae

359 1634 501 1735 Illud
528 1644 712 1735 autem
746 1639 894 1710 quod
920 1642 1236 1714 discrepant
1263 1646 1511 1702 homines
1541 1655 1740 1718 praeter
1770 1664 1941 1721 appe-
1971 1676 2014 1735 Β
2040 1658 2205 1715 opera
2237 1652 2368 1698 sunt
2394 1640 2650 1713 generica
2684 1648 2738 1694 et
2770 1635 3042 1693 naturalia
3103 1632 3309 1703 (qualia
3331 1635 3459 1685 sunt
3482 1627 3608 1681 ede.

360 1726 523 1782 litum
554 1729 914 1788 universalem
952 1734 1101 1805 quod
1133 1735 1199 1791 ad
1238 1752 1326 1792 res
1348 1752 1487 1805 quas
1515 1740 1610 1793 alii
1644 1753 1837 1797 contra
1872 1756 1939 1798 ae
1971 1726 2011 1735 ’⁷
2042 1750 2123 1799 re,
2149 1733 2361 1797 bibere,
2395 1732 2568 1795 indui.
2597 1746 2842 1797 somnus,
2888 1729 3078 1790 sudor,
3108 1726 3355 1785 tristitia.
3392 1735 3612 1791 perpes-

360 1820 457 1875 alii
506 1822 699 1887 velint,
737 1840 847 1881 non
878 1834 964 1882 est
987 1841 1018 1882 a
1068 1829 1350 1885 voluntate
1382 1834 1624 1888 naturali
1653 1849 1780 1905 qum
1838 1851 1939 1905 ge-

364 1911 486 1968 neri
520 1916 797 1985 competit,
825 1917 922 1973 sed
955 1918 1292 1977 desiderium
1321 1923 1603 1994 singulare
1633 1927 1781 1995 quod
1816 1927 1942 1996 qui-

362 2002 599 2059 busdam
626 2012 839 2061 tantum
877 2007 1161 2064 hominum
1188 2014 1407 2079 accidit,
1460 2029 1524 2071 ac
1550 2018 1818 2089 appetitui
1846 2034 1943 2075 na-

365 2098 531 2151 turali
562 2103 895 2155 contrarium
923 2120 940 2168 ;
982 2112 1167 2174 utpote
1189 2107 1336 2175 quod
1368 2106 1516 2162 aliud
1544 2124 1574 2162 a
1607 2110 1751 2166 bono
1777 2125 1941 2182 appe-

364 2193 471 2253 tat,
503 2189 733 2259 ideoque
763 2192 1077 2264 discrepant
1106 2196 1162 2251 in
1194 2196 1485 2254 desideriis
1518 2200 1643 2257 istis
1688 2203 1943 2258 acciden-

363 2278 571 2335 talibus
625 2296 747 2350 quas
806 2282 876 2339 ab
936 2285 1221 2342 aliectibus
1279 2290 1553 2354 oriuntur,
1611 2306 1942 2363 unoquoque

363 2369 503 2424 illud
532 2372 745 2428 volente
767 2374 912 2443 quod
935 2375 1210 2434 desiderat
1239 2380 1309 2435 oh
1335 2384 1671 2451 voluptatem
1692 2400 1816 2454 qua:
1834 2385 1938 2454 ipsi

364 2461 496 2517 inde
528 2464 816 2535 contingit.
862 2463 1051 2536 Neque
1082 2477 1262 2525 tamen
1316 2472 1536 2527 interim
1590 2475 1743 2529 exuit
1788 2477 1942 2545 quis-

366 2553 514 2623 piam
543 2556 842 2625 appctitum
864 2572 1209 2615 communem
1235 2578 1343 2632 quo
1368 2564 1670 2620 incitantur
1685 2568 1940 2625 homines

368 2640 441 2695 ad
471 2643 673 2697 bonum
703 2645 991 2701 volendum
1032 2648 1325 2723 ipsumque
1341 2654 1798 2721 amplectendum,
1827 2666 1937 2713 tam

367 2731 426 2786 in
458 2733 560 2788 hac
590 2735 698 2789 vita
715 2751 878 2806 quam
899 2739 955 2793 in
976 2737 1181 2795 futura.
1207 2741 1442 2814 Ideoque
1470 2745 1693 2802 Christo
1715 2762 1941 2819 compe-

367 2830 495 2878 tunt
526 2824 670 2880 binm
697 2828 1011 2887 voluntates
1044 2835 1325 2890 naturales
1384 2837 1629 2908 integra,
1660 2838 1849 2895 divina
1887 2851 1944 2896 et

366 2917 629 2986 humana,
661 2922 877 2993 duoque
894 2941 1091 2994 genera
1108 2928 1339 2997 integra,
1360 2942 1556 2986 creans
1580 2942 1636 2986 et
1660 2939 1938 3002 creatum,

2041 1829 2250 1893 siones,
2288 1828 2483 1896 mors),
2525 1826 2615 1882 his
2669 1825 3063 1881 humanitatem
3107 1835 3263 1876 suam
3316 1814 3609 1875 adstruxit,

2040 1936 2213 1990 seque
2242 1919 2746 1975 hominem-natura
2771 1916 3076 1987 perfectum
3138 1927 3279 1967 esse.
3341 1907 3442 1964 Est
3480 1921 3614 1976 ergo

2040 2010 2302 2068 Christus
2345 2008 2524 2065 Filius
2561 2008 2657 2065 Dei
2725 2021 2923 2080 genere
2966 2013 3024 2061 et
3088 2000 3324 2059 essentia
3377 1998 3562 2053 divina
3597 2011 3613 2058 ;

2042 2102 2297 2172 idemque
2323 2101 2464 2156 illius
2494 2098 2733 2156 hominis
2761 2112 2961 2170 genere
2982 2105 3037 2151 et
3085 2092 3324 2149 essentia
3349 2091 3612 2151 humana,-

2043 2194 2269 2265 ipseque
2311 2193 2569 2250 Christus
2600 2208 2745 2249 unus
2774 2190 2986 2247 unitate
3019 2184 3310 2259 peculiari,
3366 2194 3616 2253 personae

2041 2298 2158 2341 sua:
2210 2283 2376 2339 unius
2442 2283 2700 2355 propria;
2754 2294 2997 2349 personae
3062 2277 3272 2332 scilicet
3334 2270 3615 2327 llliatiouis

2041 2386 2283 2440 aeternas,
2314 2391 2435 2446 quae
2462 2376 2646 2446 genita
2693 2382 2777 2429 est
2810 2387 2841 2427 a
2870 2371 3033 2427 Patre
3076 2370 3195 2425 sine
3230 2368 3431 2431 Matre,
3487 2373 3615 2418 ante

2042 2467 2240 2525 saecula
2265 2487 2280 2536 ;
2312 2468 2611 2538 eademque
2639 2479 2867 2535 persona
2898 2462 3177 2518 liliationis
3203 2459 3475 2518 humanas,
3496 2470 3616 2523 qua

2041 2570 2169 2618 nata
2195 2570 2282 2619 est
2313 2561 2523 2617 ultimis
2552 2558 2891 2628 temporibus
2922 2571 2987 2611 ex
3016 2554 3186 2609 Maria
3222 2549 3461 2620 Virgine,
3498 2547 3617 2601 sine

2040 2661 2229 2725 patre:
2258 2661 2455 2724 estque
2482 2653 2600 2723 ipse
2627 2664 2863 2721 persona
2894 2663 3028 2712 una,
3074 2653 3301 2705 aeterna,
3330 2641 3477 2711 quod
3542 2639 3608 2691 ad

2041 2746 2387 2803 divinitatem
2417 2764 2434 2811 ;
2482 2742 2827 2814 temporalis.
2854 2738 3001 2810 quod
3033 2736 3101 2791 ad
3156 2732 3552 2788 humanitatem
3589 2746 3603 2781 :

2044 2837 2301 2908 idemque
2322 2834 2537 2892 duabus
2570 2834 2737 2890 simul
2760 2829 2978 2887 naturis
3001 2825 3262 2896 loquitur,
3286 2839 3352 2879 ac
3382 2823 3616 2877 duorum

2042 2941 2308 2998 generum
2341 2927 2584 2981 actiones
2610 2922 2742 2977 edit.
2805 2919 2908 2976 Ubi
2932 2919 3091 2979 dixit,
3128 2916 3242 2988 Ego
3270 2929 3389 2969 sunt
3446 2910 3620 2966 Filius

365 3013 660 3082 conjuncta
693 3017 811 3071 sine
846 3019 1071 3072 mistura
1124 3020 1179 3073 in
1205 3036 1310 3075 una
1345 3037 1580 3091 persona
1636 3039 1756 3092 quae
1803 3025 1943 3082 duas
1970 3014 2016 3075 (Ξ
2048 3022 2177 3091 Dei,
2207 3022 2277 3079 de
2307 3020 2594 3076 divinitate
2625 3014 2870 3087 loquitur
2901 3030 2917 3079 ;
2945 3019 2999 3065 at
3035 3010 3127 3065 ubi
3166 3006 3329 3069 dixit,
3367 3003 3475 3074 Ego
3503 3020 3621 3058 sum

369 3114 599 3161 naturas
630 3109 1052 3174 comprehendit-
1080 3114 1282 3168 unione
1311 3114 1413 3169 sibl
1451 3116 1695 3185 propria,
1726 3118 1942 3188 insepa-

366 3199 639 3265 rabiliter,
675 3200 838 3272 [adeo
871 3202 952 3274 ut]
1019 3205 1279 3273 loquatur
1312 3208 1649 3277 proprietate
1696 3223 1950 3278 persona

368 3308 482 3347 suae
510 3293 674 3347 unius
716 3310 972 3352 sermone
1001 3299 1233 3352 duarum
1268 3308 1612 3366 naturarum,
1651 3301 1853 3357 divinae
1891 3311 1947 3358 et

371 3382 664 3449 humanae,
714 3402 814 3442 nec
837 3389 910 3444 sit
957 3392 1050 3460 qui
1109 3392 1347 3460 loquitur
1400 3407 1654 3449 sermone
1709 3392 1950 3450 humano

372 3476 539 3543 alius,
591 3490 641 3533 et
668 3480 759 3549 qui
787 3497 1042 3536 sermone
1074 3484 1260 3539 divino
1288 3486 1449 3549 alius,
1474 3499 1664 3542 verum
1696 3484 1952 3544 Christus

373 3585 519 3626 unus
544 3573 634 3639 qui
655 3581 884 3643 utroque
915 3576 1076 3629 simul
1109 3591 1364 3632 sermone
1392 3578 1666 3647 loquatur,
1682 3586 1735 3633 et
1767 3587 1951 3635 utras-

378 3677 487 3730 que
538 3663 784 3719 actiones
811 3676 933 3736 agat
960 3666 1175 3722 duabus
1200 3670 1594 3732 voluntatibus,
1645 3677 1698 3723 et
1734 3669 1951 3726 duabus

378 3754 541 3813 simul
571 3753 814 3825 65-67
847 3758 1061 3811 naturis
1091 3774 1107 3823 ;
1134 3773 1259 3812 cum
1291 3760 1423 3813 velit
1453 3759 1738 3814 voluntate
1767 3757 1951 3813 divina

376 3843 585 3901 iaciens
627 3862 790 3916 opera
845 3848 1093 3910 Deitatis,
1148 3865 1271 3919 quae
1327 3849 1455 3904 facit
1514 3851 1955 3921 quandocunque

378 3938 518 4000 vult,
544 3946 600 3993 et
627 3940 903 4010 quomodo
943 3941 1080 4003 vult,
1106 3959 1214 3996 non
1273 3942 1612 4011 procedente
1677 3943 1958 3999 voluntate

380 4032 627 4089 actiones
654 4033 848 4104 ipsius.
879 4051 1001 4089 cum
1032 4036 1388 4107 penesipsum
1415 4037 1487 4091 sit
1523 4045 1582 4091 ut
1610 4036 1772 4092 faciat
1797 4035 1958 4106 quid-

380 4122 514 4192 quid
545 4124 679 4186 vult.
712 4125 1153 4194 quandocnnque
1180 4127 1316 4189 vult,
1359 4127 1509 4181 nulla
1567 4126 1945 4181 intercedente

380 4217 663 4286 petitione,
696 4232 879 4286 prece,
909 4226 1005 4271 aut
1038 4228 1259 4288 rogatu,
1308 4218 1466 4287 juxta
1504 4217 1634 4272 illud
1661 4217 1806 4288 quod
1821 4217 1960 4273 dixit

384 4310 490 4380 ipsi
522 4310 769 4378 leprosos
795 4328 809 4363 :
841 4308 1086 4373 Domine,
1112 4310 1159 4363 si
1188 4310 1263 4363 eis
1284 4318 1429 4378 potes
1457 4310 1752 4375 mundare;
1779 4320 1832 4365 et
1866 4326 1958 4367 re-

386 4402 612 4472 spondit
638 4405 777 4474 ipse.
825 4401 976 4468 Volo,
1004 4403 1258 4457 mundare
1286 4401 1329 4466 ⁸,
1357 4402 1539 4473 itaque
1570 4419 1598 4456 a
1628 4403 1779 4472 lepra
1834 4418 1957 4469 sua,

384 4495 557 4565 ipsius
587 4498 890 4560 voluntate,
923 4495 1219 4550 mundatus
1246 4503 1372 4549 est:
1400 4495 1559 4564 juxta
1595 4496 1763 4552 etiam
1795 4512 1955 4551 man-

385 4588 573 4668 datum
613 4590 791 4661 ipsius
819 4588 887 4643 ad
932 4587 1225 4652 daemonia,
1277 4596 1336 4640 ut
1384 4601 1415 4640 e
1455 4586 1809 4643 daemoniacis
1860 4602 1962 4644 cx-

384 4682 551 4746 irent,
608 4697 737 4736 cum
798 4690 1054 4752 rogarent
1100 4680 1277 4750 ipsum
1324 4678 1591 4734 daemonia
1652 4679 1954 4750 ntjuberet

384 4775 540 4845 ipsos
578 4789 777 4846 porcos
809 4774 1017 4845 ingredi
1049 4772 1250 4846 (neque
1283 4772 1431 4828 enim
1477 4770 1608 4827 illud
1635 4772 1757 4828 sine
1789 4771 1966 4843 ipsius

387 4867 668 4940 permissu
692 4866 874 4923 facere
896 4866 1214 4937 potuerunt)
1231 4872 1395 4935 atque
1426 4864 1543 4935 ipse
1577 4864 1701 4919 illos
1736 4863 1965 4933 permit-

383 4969 555 5015 teret.
604 4957 797 5015 Postea
849 4959 1040 5024 etiam,
1106 4966 1331 5012 ventqu
1386 4964 1442 5009 et
1492 4968 1643 5009 mare
1681 4954 1968 5024 quiescere

391 5051 579 5122 jussit,
619 5051 781 5121 idque
806 5050 925 5104 sine
958 5063 1117 5119 prece
1144 5057 1238 5102 aut
1268 5046 1547 5117 petitione.
1567 5046 1747 5115 Atque
1776 5043 1966 5114 hujus-

400 5142 551 5199 modi
576 5142 745 5197 multa
775 5142 829 5196 in
859 5140 1155 5212 Evangelia
1184 5138 1327 5195 facta
1354 5147 1751 5204 memorantur,
1774 5135 1975 5204 quibus

2048 3115 2229 3173 Filius
2277 3110 2527 3172 hominis,
2553 3106 2625 3164 de
2654 3102 3013 3160 humanitate.
3071 3099 3193 3167 Ipse
3223 3096 3490 3149 miracula
3526 3109 3617 3147 ra-

2050 3209 2202 3264 tione
2230 3202 2537 3261 divinitatis
2566 3213 2680 3255 suae
2705 3197 2853 3259 fecit,
2872 3194 3128 3262 idemque
3162 3189 3481 3244 aillictioues
3502 3201 3627 3257 per-

2050 3300 2177 3360 tulit
2206 3298 2415 3353 ratione
2444 3291 2805 3348 humanitatis
2842 3304 2858 3343 :
2909 3283 3212 3343 cruciﬁxus
3268 3290 3324 3335 et
3376 3289 3626 3332 mortuus

2050 3400 2135 3449 est
2160 3389 2371 3445 ratione
2406 3382 2768 3442 humanitatis
2828 3392 2965 3439 sum,
3020 3389 3124 3430 nec
3169 3371 3469 3428 cruciﬁxus
3522 3383 3623 3423 nec

2051 3495 2303 3541 mortuus
2334 3481 2546 3535 ratione
2575 3473 2822 3548 69—71
2849 3466 3175 3525 divinitatis.
3212 3462 3444 3518 Mutatio
3473 3459 3623 3518 enim

2051 3585 2108 3630 et
2146 3570 2531 3644 perpessiones
2556 3575 2613 3620 et
2643 3578 2790 3618 mors
2819 3557 3178 3616 humanitatis
3204 3554 3421 3625 propria
3449 3563 3620 3644 sunt.

2054 3642 2165 3721 non
2192 3658 2497 3717 divinitatis
2521 3696 2537 3720 ,
2557 3668 2679 3725 quae
2708 3650 2780 3707 ab
2806 3649 3069 3707 omnibus
3088 3648 3210 3701 istis
3235 3642 3496 3698 immunis
3519 3650 3627 3696 est.

2055 3756 2178 3812 Non
2206 3760 2389 3807 autem
2442 3747 2649 3817 patitur
2711 3739 2919 3812 aliquid
2966 3739 3036 3794 ab
3088 3734 3467 3793 accidentibus
3506 3748 3633 3801 quas

2056 3845 2232 3920 ipsius
2256 3852 2467 3897 natura
2496 3853 2604 3893 non
2636 3833 2971 3891 conveniunt
2998 3848 3011 3885 :
3045 3829 3279 3899 exempli
3317 3826 3513 3896 gratia,
3543 3840 3633 3879 sc-

2056 3916 2176 3995 euri
2198 3932 2377 3992 scindi
2437 3944 2544 3985 non
2581 3927 2727 3982 cadit
2757 3925 2813 3981 in
2844 3923 3041 3986 solem,
3081 3921 3209 3991 quia
3242 3918 3442 3984 scindi,
3497 3916 3631 3970 solis

2058 4037 2271 4085 naturae
2329 4037 2435 4079 non
2486 4018 2771 4089 competit.
2825 4015 3063 4085 Ideoque
3132 4013 3311 4067 securi
3364 4007 3634 4065 scinditur

2060 4122 2226 4179 arbor
2257 4117 2347 4173 cui
2404 4114 2487 4170 sol
2522 4110 2767 4181 aliulget,
2818 4116 2877 4164 at
2924 4122 3039 4162 non
3104 4120 3212 4160 una
3255 4117 3382 4170 cum
3436 4101 3637 4156 arbore

2060 4216 2334 4274 scinditur
2358 4209 2441 4267 sol
2470 4225 2485 4262 :
2519 4206 2665 4262 ferro
2688 4203 2836 4260 enim
2887 4201 3066 4258 scindi
3098 4201 3154 4255 in
3212 4198 3418 4270 lignum
3461 4196 3631 4259 cadit,

2062 4319 2118 4366 at
2144 4322 2255 4365 non
2289 4308 2345 4362 in
2379 4303 2570 4361 solem.
2628 4301 2707 4357 Ac
2736 4298 2901 4362 sicut,
2938 4310 3063 4351 cum
3119 4293 3324 4348 ferrum
3361 4291 3485 4360 igne
3545 4305 3636 4341 ca-

2068 4401 2327 4459 lefactum
2378 4409 2532 4467 aqua
2555 4389 2920 4461 immergitur,
2971 4400 3252 4455 occupans
3281 4382 3453 4454 frigus
3481 4395 3637 4448 aqua

2069 4492 2213 4564 ignis
2228 4489 2490 4549 calorem,
2520 4483 2699 4552 ipsum
2728 4476 3048 4547 exstinguit,
3075 4476 3148 4529 ita
3182 4483 3367 4527 tamen
3400 4479 3460 4564 ut
3488 4470 3645 4525 nulla

2068 4559 2142 4635 ah
2166 4593 2235 4635 eo
2259 4591 2403 4632 nosa
2432 4574 2488 4629 in
2540 4570 2745 4626 ferrum
2784 4566 2963 4628 cadat,
2993 4564 3121 4634 quia
3146 4563 3326 4632 passio
3371 4559 3444 4615 ab
3495 4574 3641 4630 aqua

2069 4668 2275 4749 [illata]
2314 4667 2425 4739 igni
2453 4663 2714 4734 competit
2750 4668 2807 4715 ut
2841 4659 2911 4713 ab
2940 4658 3085 4749 ipsa
3120 4653 3526 4749 exstinguas“,
3583 4657 3640 4749 at

2072 4741 2181 4820 bon
2211 4758 2472 4831 competit
2506 4756 2652 4811 ferro
2679 4751 2868 4809 eadem
2901 4745 3227 4804 madefacto.
3252 4741 3643 4798 Eodemmodo

2072 4856 2278 4916 cadunt
2305 4851 2585 4925 passiones
2604 4847 2661 4901 in
2694 4844 2929 4899 animam
2954 4838 3244 4925 humanam
3286 4842 3347 4925 et
3375 4832 3443 4887 ad
3467 4833 3639 4925 ipsam

2077 4921 2417 5021 pertingant,
2459 4946 2741 5005 latumque
2778 4943 3002 4999 corpus,
3032 4923 3254 5021 quia-in
3284 4921 3642 5021 passio-

2075 5012 2174 5096 nes
2221 5038 2403 5092 locum
2467 5028 2693 5091 habent,
2732 5034 2789 5078 at
2844 5035 2955 5076 non
3012 5016 3160 5071 cadit
3212 5014 3266 5069 in
3301 5012 3641 5067 divinitatem

2073 5126 2392 5203 quidquam.
2446 5118 2619 5175 Porro
2645 5108 3230 5203 cnedlmusgChristum
3294 5100 3646 5203 Filium‘nbei

401 5232 746 5288 divinitatem
805 5246 961 5286 suam
1013 5192 1409 5296 oconlirmavit,
1464 5228 1695 5299 ideoque
1738 5192 1980 5282 credunt
2076 5192 2301 5278 unicum
2330 5226 2451 5270 esse
2490 5215 2613 5281 post
2670 5201 3129 5299 incarnationem,
3194 5210 3407 5252 necnon
3472 5192 3648 5299 tilium

408 5323 595 5381 lldeles
624 5326 803 5395 ipsum
829 5339 958 5381 csse
986 5322 1157 5380 Deum
1191 5320 1518 5392 perfectum,
1574 5320 1705 5376 dum
1768 5318 1977 5374 faceret

405 5433 571 5489 opera
608 5417 914 5474 divinitatis
940 5433 1060 5486 qua:
1092 5416 1237 5471 nulla
1265 5429 1505 5484 unquam
1540 5421 1791 5469 creatura
1813 5410 1973 5478 fecit,

408 5526 509 5567 nec
565 5524 806 5580 unquam
848 5508 1025 5565 facere
1078 5515 1277 5580 potest,
1304 5520 1426 5562 cum
1480 5503 1593 5561 sint
1649 5516 1816 5575 opera
1869 5501 1973 5560 soli

484 5694 504 5723 ⁸
525 5688 718 5757 Matth,
738 5703 856 5757 vltt,
874 5686 988 5756 2,5.

2078 5309 2338 5375 hominis,
2368 5307 2548 5375 ipsum
2578 5313 2687 5356 non
2733 5296 2923 5357 alium,
2948 5292 3233 5348 Christum
3269 5302 3464 5350 unum,
3526 5283 3637 5338 Do-

2084 5404 2291 5462 minum
2321 5410 2513 5458 unum,
2542 5391 2680 5447 duas
2719 5388 3012 5445 habentem
3040 5380 3443 5455 generationes.
3491 5375 3647 5447 geniv-

2087 5506 2205 5554 tum
2250 5508 2288 5550 a-
2308 5491 2466 5549 Patre
2506 5494 2630 5544 ante
2669 5483 2893 5548 secula,
2920 5492 3085 5552 supra
3122 5489 3340 5533 omnem
3400 5485 3645 5535 causam,
