4070 6152
489 277 621 342 1047
1509 295 1873 355 FUTYCIIII
1911 295 2015 353 AL?

2120 298 2454 360 ANDRINI
2498 303 2713 365 PATB.
3600 316 3729 379 una

480 408 812 461 sermonem,
839 398 1245 468 cegitationcm,
1276 412 1331 459 et
1353 414 1587 475 tempus,
1619 424 1828 462 necnon
1864 419 2049 463 natum
2083 409 2126 463 Α
2158 416 2263 462 tem
2294 413 2607 482 quicunque
2639 415 3000 471 mutationem
3035 416 3143 471 Deo
3185 420 3457 476 attribuit.
3493 423 3601 495 76
3631 424 3727 474 νει.

479 496 513 537 a
557 484 727 584 pistre
750 487 853 543 fine
883 494 1166 561 temporis,
1221 504 1443 565 propter
1494 497 1724 553 salutem
1783 510 2047 565 nostram,
2157 520 2275 557 rum
2308 506 2448 561 dixit
2472 507 2633 580 [ipse]
2664 510 2949 566 veritatem
2981 528 3087 582 qua
3115 514 3419 584 intelligant
3454 484 3726 581 usuum-5.

478 574 669 631 eodeni
709 580 871 635 modo
904 597 1013 652 quo
1068 602 1167 639 nos
1216 588 1330 642 nati
1390 604 1605 653 sumus,
1646 597 1699 644 et
1728 606 1895 661 supra
1947 608 2049 647 na-
2153 606 2206 653 et
2251 613 2310 653 se
2358 615 2479 655 esse
2518 602 2715 657 Filium
2768 602 2885 669 Dei,
2932 614 2987 660 et
3030 613 3271 677 genitum
3312 623 3344 661 a
3388 607 3553 663 Patre
3604 625 3726 666 ante

476 668 741 725 tivitatem
776 685 1017 730 nostram
1051 719 1066 743 ,
1095 679 1342 734 videlicet
1376 696 1440 735 eo
1474 684 1633 736 modo
1662 698 1773 753 quo
1799 700 1901 741 nos
1928 687 2039 743 nati
2152 693 2334 746 omnia
2370 694 2591 756 saecula,
2630 696 2958 765 proprietate
2991 668 3269 754 filiationis
3311 708 3366 754 et
3397 702 3726 756 substantia:

473 764 813 834 sumus,72
835 769 975 836 quod
1001 769 1164 824 homo
1188 770 1352 826 fuerit
1374 782 1428 828 et
1450 790 1516 828 cx
1536 776 1795 842 muliere;
1825 786 1879 833 et
1902 778 2045 849 quod
2147 781 2452 836 divinitatis
2480 782 2601 838 sine
2635 764 2799 839 carne
2825 796 2876 840 et
2892 786 3011 841 sine
3041 796 3235 852 matre,
3270 803 3372 841 nec
3396 803 3505 842 non
3530 798 3718 843 natum

470 852 537 904 ad
575 862 786 923 tempus
832 857 1155 927 nativitatis,
1199 875 1320 931 post
1346 881 1539 921 novem
1575 882 1829 925 menses:
1864 878 1919 923 at
1942 879 2040 925 su-

467 952 565 1005 pra
600 943 933 1000 nativitatem
986 957 1253 1017 nostram,
1287 956 1431 1025 quod
1464 972 1569 1010 non
1628 958 1790 1013 fuerit
1836 976 1901 1016 ex
1954 976 2044 1017 sec

469 1029 633 1098 mine,
676 1047 862 1089 verum
893 1053 958 1093 ex
991 1040 1196 1109 Spiritu
1228 1057 1438 1111 sancto,
1491 1057 1543 1101 ct
1582 1048 1751 1103 Maria
1817 1050 2040 1123 Virgine

466 1120 698 1193 illibata,
753 1142 920 1198 supra
976 1132 1146 1206 legem
1206 1138 1511 1197 nativitatis
1567 1141 1836 1207 hnn'ianaz,
1894 1120 2038 1214 quod

462 1214 632 1272 illaesa
681 1225 942 1277 manserit
1002 1227 1288 1298 virginitas
1327 1230 1517 1288 Matris
1573 1250 1686 1289 suae
1748 1246 2035 1307 postquam

461 1307 534 1361 ab
583 1309 700 1379 ipsa
753 1324 918 1371 natus
974 1318 1098 1372 fuit.
1154 1322 1358 1392 Estque
1395 1323 1540 1379 idem
1571 1325 1714 1381 Deus
1754 1331 2034 1397 perfectus

463 1407 516 1452 et
564 1399 727 1458 homo
756 1407 1030 1474 perfectus
1058 1420 1241 1473 ;totus
1270 1416 1385 1485 ipse
1416 1417 1559 1474 Deus
1585 1419 1879 1489 perfectus,
1909 1437 2033 1477 cum

463 1489 799 1550 humanitate
833 1513 954 1565 sua,
990 1509 1044 1555 et
1082 1510 1230 1559 totus
1275 1507 1439 1562 homo
1479 1510 1757 1579 perfectus
1780 1527 1904 1567 cuin
1934 1512 2032 1567 di-

459 1582 690 1640 vinitate
738 1603 855 1643 sua.
888 1589 1125 1649 Verbum
1158 1598 1302 1652 enim
1328 1602 1671 1658 incarnatum
1711 1615 1793 1659 est
1824 1606 2032 1674 absque

458 1676 781 1741 mutatione,
817 1682 1203 1753 minoratione,
1260 1698 1353 1743 aut
1377 1691 1636 1759 defectu;
1686 1704 1740 1748 ct
1779 1696 2027 1751 deificata

457 1776 543 1821 est
575 1767 909 1836 humanitas,
948 1777 1021 1830 ita
1070 1788 1248 1835 tamen
1303 1792 1361 1837 ut
1412 1787 1682 1842 terminos
1733 1803 1866 1845 suos
1915 1807 2025 1845 non

457 1860 780 1925 excesserit,
838 1879 1197 1934 permanente
1322 1885 1550 1946 utraque
1630 1892 1824 1935 natura
1878 1892 2023 1937 statu

458 1964 560 2003 suo
593 1952 647 2005 in
700 1954 922 2012 Christo
961 1975 1090 2027 uno,
1118 1971 1172 2018 et
1206 1965 1389 2034 agnita
1421 1970 1795 2028 voluntatibus
1828 1975 1947 2030 suis
1973 1986 2027 2033 et

456 2039 767 2099 actionibus
796 2047 913 2102 suis
937 2048 990 2103 in
1038 2053 1251 2109 unitate
1283 2072 1531 2127 persona
1556 2061 1721 2117 Verbi
1756 2064 1875 2132 Dei,
1904 2082 2025 2137 quae

454 2140 743 2230 utramque
770 2140 1187 2209 comprehendit
1238 2151 1571 2220 proprietate
1625 2170 1723 2212 sua
1778 2173 1882 2225 una
1915 2176 2021 2230 qua

453 2223 707 2281 subsistit
746 2228 998 2290 Christus
1033 2253 1197 2305 unus,
1232 2242 1285 2296 in
1319 2258 1429 2313 quo
1468 2257 1595 2301 sunt
1644 2255 1767 2305 duae
1787 2223 2021 2320 naturae,

454 2317 665 2373 scilicet
695 2336 913 2394 creans,
950 2345 1070 2399 quae
1097 2342 1282 2390 manet
1310 2351 1504 2396 creans
1532 2357 1549 2407 ;
1579 2349 1636 2397 et
1665 2353 1868 2408 creata,
1899 2363 2022 2416 quin

452 2419 631 2509 manet
663 2425 843 2471 creata
872 2436 887 2483 ;
916 2430 971 2474 et
1011 2438 1133 2493 qua:
1160 2430 1407 2485 mortalis
1438 2431 1559 2499 fuit,
1594 2436 1864 2495 mortalis:
1900 2456 2022 2509 qua:

450 2503 798 2595 immortalis,
833 2513 1158 2575 immortalis
1185 2537 1201 2587 ;
1230 2533 1282 2576 et
1307 2541 1428 2593 qua:
1460 2529 1775 2595 terminata,
1828 2503 2018 2588 termi-

445 2594 530 2648 nis
558 2597 1016 2673 circumscripta;
1048 2616 1103 2664 et
1128 2626 1248 2680 quae
1303 2617 1520 2669 termini
1562 2635 1670 2672 non
1704 2636 1897 2690 capax,
1934 2625 2019 2677 iu-

446 2689 780 2781 terminata;
815 2703 869 2748 et
915 2712 1037 2766 qua:
1071 2702 1245 2757 videri
1302 2713 1500 2775 potest,
1568 2689 1802 2767 visibilis
1837 2732 1850 2779 ;
1896 2731 2017 2781 qum

444 2777 615 2833 videri
640 2798 748 2836 non
787 2796 987 2854 potest,
1031 2791 1345 2860 invisibilis,
1374 2814 1609 2865 quarum
1645 2804 1815 2859 altera
1846 2807 2015 2861 mira-

444 2873 583 2969 culis
614 2875 804 2947 fulget,
840 2880 1008 2936 altera
1048 2885 1371 2943 afﬂictiones
1401 2894 1624 2959 perfert.
1652 2897 1725 2949 Ita
1756 2904 2005 2969 suscepit

448 2962 684 3023 Verbum
701 2970 793 3025 Dei
825 2975 1404 3049 passiones,quoniam
1438 2984 1539 3053 ipsi
1567 2997 1695 3043 sunt
1730 2962 2014 3059 passiones

2147 874 2312 928 etiam
2350 874 2556 929 ultimis
2585 876 2925 945 temporibus
2958 893 3023 932 ex
3055 877 3224 933 Maria
3260 878 3485 947 Virgine
3514 881 3618 934 isto
3636 897 3724 934 re-

2146 974 2337 1035 spectu
2371 966 2659 1036 peculiari.
2683 967 2969 1023 ﬁliationis
2999 970 3209 1024 scilicet
3244 980 3297 1024 et
3324 972 3538 1026 duabus
3585 972 3720 1027 sub-

2142 1058 2361 1113 stantiis
2389 1058 2749 1127 conjunctim,
2780 1060 3085 1116 substantia
3135 1062 3440 1117 divinitatis
3470 1070 3713 1129 teternze,

2141 1158 2195 1204 ct
2220 1149 2527 1205 substantia
2552 1150 2908 1207 humanitatis
2927 1152 3107 1208 eidem
3130 1153 3429 1223 conjuncta
3458 1157 3721 1211 mistione

2139 1253 2262 1307 quze
2294 1246 2580 1309 utramque
2611 1242 2978 1296 substantiam
3022 1244 3462 1313 comprehendit,
3503 1246 3714 1301 unitate

2137 1332 2491 1403 proprietatis
2526 1332 2827 1399 liliationis,
2855 1349 2976 1402 quae
3011 1334 3286 1405 duplicem
3328 1336 3492 1391 habet
3518 1338 3717 1392 nativi-

2135 1432 2321 1487 tatem,
2372 1424 2599 1479 alteram
2636 1440 2702 1480 ex
2750 1424 2932 1491 Patre,
2994 1435 3282 1489 aeternam,
3344 1428 3467 1484 sine
3523 1444 3719 1495 carne,

2133 1527 2189 1574 et
2236 1518 2462 1574 alteram
2491 1535 2557 1575 ex
2604 1529 2801 1584 matre,
2861 1520 2915 1575 in
2972 1529 3247 1590 tempore,
3331 1536 3455 1576 cum
3529 1539 3712 1580 carne.

2132 1607 2336 1679 Estque
2370 1609 2486 1678 ipse
2511 1611 2653 1664 filius
2685 1626 2849 1675 unus,
2874 1609 3050 1666 Filius
3071 1612 3187 1675 Dei,
3238 1624 3291 1666 et
3317 1612 3491 1668 Filius
3518 1613 3724 1678 Maria,

2060 1741 2103 1797 Β
2133 1701 2365 1771 ideoque
2394 1718 2503 1757 non
2536 1703 2749 1758 destitit
2771 1704 2953 1760 dicere
2973 1719 3039 1760 ac
3071 1704 3249 1776 palam
3286 1704 3467 1760 facere
3498 1721 3558 1761 se
3587 1723 3712 1761 esse

2131 1791 2326 1847 Filium
2356 1790 2476 1859 Dei,
2498 1794 2644 1864 quod
2673 1802 2727 1849 et
2748 1795 3009 1865 apostolis
3037 1795 3359 1866 caeterisque
3393 1796 3710 1851 hominibus

2131 1886 2444 1950 inculcavit,
2475 1903 2581 1943 uon
2619 1903 2729 1942 uno
2759 1888 2813 1941 in
2850 1888 2992 1955 loco,
3020 1888 3211 1942 dicens
3238 1904 3253 1941 :
3288 1884 3419 1942 Ideo
3456 1887 3594 1942 Deus
3626 1890 3711 1941 di-

2130 1980 2261 2034 lexit
2290 1979 2562 2045 mundum,
2588 1995 2706 2034 cum
2757 1980 2958 2035 dederit
3004 1996 3099 2050 pro
3130 1982 3257 2051 ipsis
3314 1978 3515 2034 Filium
3556 1997 3712 2033 suum

2126 2072 2364 2134 unicum,
2402 2088 2466 2124 ne
2502 2081 2679 2141 pereat
2702 2072 2939 2143 quisquis
2966 2074 3160 2127 ineunt
3185 2072 3487 2137 crediderit,
3526 2088 3708 2125 rerum

2124 2164 2314 2219 habeat
2338 2174 2499 2218 vitam
2519 2175 2794 2221 teter-nam.
2828 2163 2952 2218 Non
2987 2166 3127 2219 enim
3160 2166 3307 2219 misit
3335 2164 3471 2219 Deus
3500 2164 3710 2218 Filium

2125 2273 2279 2310 suum
2315 2257 2367 2310 in
2408 2256 2663 2309 niundum
2701 2264 2759 2309 ut
2801 2257 3175 2310 condemnaret
3213 2257 3491 2318 utendum,
3531 2257 3623 2309 sed
3649 2268 3707 2309 ut

2124 2349 2349 2403 saluarer
2392 2349 2644 2402 mundum
2690 2346 3001 2417 Quicunque
3044 2365 3168 2419 ergo
3202 2348 3367 2402 credit
3413 2350 3465 2403 in
3495 2347 3706 2402 Filium

2121 2457 2227 2493 non
2250 2440 2649 2494 condemnatur.
2694 2440 2764 2492 At
2806 2441 3100 2511 quicunque
3139 2456 3240 2493 non
3286 2441 3572 2495 crediderit
3650 2442 3705 2491 in

2122 2528 2325 2585 Filium
2353 2530 2560 2598 judicio
2583 2530 2839 2587 obnoxius
2869 2540 2966 2596 est,
2994 2533 3120 2601 quia
3157 2548 3263 2588 uou
3305 2533 3474 2587 credit
3515 2533 3569 2587 in
3607 2552 3707 2589 no-

2120 2641 2236 2677 men
2277 2622 2371 2675 Dei
2410 2624 2589 2677 unius.

2193 2715 2441 2769 Sufficiat
2482 2725 2663 2770 autem
2699 2715 2844 2785 quod
2880 2714 3121 2771 diximus
3168 2716 3426 2788 quodque
3454 2718 3704 2789 explica-

2119 2806 2298 2862 vimus
2336 2808 2401 2859 de
2433 2807 2638 2863 unione
2671 2806 2974 2863 divinitatis
3016 2808 3233 2863 Domini
3270 2810 3446 2865 nostri
3491 2807 3702 2865 Christi

2117 2908 2239 2947 eum
2260 2894 2505 2965 77-79
2521 2894 2858 2951 humanitate
2874 2911 2995 2963 sua,
3010 2897 3182 2968 deque
3199 2900 3406 2955 unitate
3423 2899 3705 2955 liliationis

2118 2985 2287 3054 ipsius
2330 2985 2557 3055 ejusque
2588 3002 2697 3057 quo
2743 2986 3006 3043 Dominus
3055 2996 3142 3045 est
3187 2998 3494 3058 respectus,
3532 3000 3704 3061 atque

437 3059 626 3115 carnis
651 3076 765 3116 suae
788 3076 1019 3132 sanciat,
1051 3078 1105 3123 et
1125 3071 1530 3129 administravit
1559 3093 1687 3135 caro
1721 3083 2011 3152 miracula,
2038 3071 2084 3132 ο
2114 3086 2394 3131 ostensum
2438 3084 2524 3132 est
2570 3076 2746 3132 cuivis
2790 3077 3065 3136 intellectu
3110 3088 3165 3135 ct
3211 3081 3425 3150 judicio
3469 3059 3703 3152 praedito

438 3149 505 3203 ad
520 3155 946 3212 confirmandam
967 3160 1277 3219 mistionem
1299 3166 1349 3218 in
1371 3168 1611 3240 73-75
1632 3188 1865 3239 persona
1881 3149 2010 3241 una,

438 3249 608 3311 atque
638 3248 959 3315 esseipsum
974 3250 1246 3309 Christum
1267 3271 1458 3323 unum,
1484 3261 1577 3330 qui
1607 3264 1722 3317 edit
1745 3265 2011 3323 miracula

435 3332 740 3393 divinitatis
765 3352 877 3393 sua:
910 3356 1017 3395 una
1044 3357 1166 3399 eum
1196 3345 1533 3407 humanitate
1564 3368 1698 3419 sua;
1729 3365 1783 3410 et
1809 3356 2011 3427 perfert

436 3426 721 3495 passiones
755 3429 1129 3500 humanitatis,
1159 3453 1265 3491 una
1300 3453 1425 3496 cum
1454 3443 1759 3501 divinitate.

505 3516 659 3583 Quod
686 3518 730 3574 si
764 3522 963 3577 dixerit
993 3527 1299 3599 quispiam:
1333 3530 1619 3598 Quomodo
1648 3535 1876 3606 (factum
1901 3541 2010 3612 est)

437 3621 496 3666 ut
526 3627 634 3666 non
654 3613 850 3668 dixerit
869 3615 1125 3677 Christus
1169 3620 1222 3677 iu
1259 3621 1554 3695 Evangelio
1579 3643 1640 3684 se
1670 3629 1835 3687 Deum
1861 3649 2005 3700 esse,

436 3717 547 3792 quo
568 3705 640 3759 ita
669 3720 834 3761 omne
863 3707 931 3762 de
962 3725 1026 3764 eo
1049 3710 1275 3767 dubium
1307 3715 1638 3775 tolleretur?
1682 3721 2005 3792 Respondeo

434 3791 736 3861 Christum,
782 3797 828 3851 si
874 3798 1099 3856 dixisset
1140 3817 1198 3858 se
1250 3803 1415 3861 Deum
1458 3822 1602 3876 esse,
1653 3791 2006 3871 inducturum

435 3880 606 3939 fuisse
622 3900 716 3941 eos
735 3888 829 3957 qui
845 3889 895 3942 in
924 3888 1099 3959 ipsum
1119 3893 1370 3961 credunt,
1396 3897 1451 3953 in
1467 3914 1709 3955 errorem
1732 3919 2008 3975 rnaguum,

433 3971 541 4041 Qui
594 3977 739 4033 enim
782 3978 979 4033 dixerit
1022 3996 1083 4036 se
1127 3983 1295 4039 Deum
1347 4002 1490 4056 esse,
1538 3993 1787 4048 nominat
1825 3971 2005 4051 totam

434 4066 797 4122 substantiam
832 4069 1093 4136 divinam,
1123 4083 1177 4128 et
1208 4086 1455 4133 naturam
1488 4097 1678 4148 unam,
1709 4095 1876 4153 atque
1903 4088 2007 4144 hoc

432 4154 583 4211 dicto
638 4172 739 4212 suo
795 4165 907 4214 tres
966 4177 1230 4232 personas
1270 4172 1706 4241 comprehendit,
1758 4176 2003 4246 Patrem,

432 4247 651 4314 Filium,
682 4259 736 4305 et
773 4251 1033 4323 Spiritum
1056 4268 1328 4326 sanctum,
1354 4260 1521 4319 Deum
1560 4253 1747 4325 unum.
1787 4272 1843 4329 Si
1875 4291 2007 4349 ergo

430 4342 663 4399 dixisset
689 4345 967 4410 Christus,
996 4363 1056 4404 se
1085 4349 1252 4406 Deum
1289 4368 1431 4420 esse,
1470 4359 1574 4412 sibi
1608 4362 1912 4432 tribuisset,
1940 4342 2003 4425 se

2115 3165 2393 3221 Christum
2426 3183 2594 3221 unum
2628 3182 2752 3223 esse
2778 3169 2985 3223 unitate
3011 3169 3381 3229 subsistentia:
3412 3174 3575 3230 unius
3611 3175 3698 3228 vi-

2114 3256 2308 3311 delicet
2330 3258 2697 3311 subsistentia:
2731 3256 2890 3313 Verbi
2920 3261 3135 3326 aeterni,
3173 3260 3388 3316 duabus
3411 3265 3698 3332 praditum

2115 3348 2349 3412 naturis,
2389 3348 2593 3412 divina,
2624 3363 2745 3417 quae
2766 3358 2971 3405 aeterna
2998 3359 3103 3413 est,
3131 3358 3183 3405 et
3226 3352 3488 3420 humana,
3524 3369 3695 3423 «piam

2112 3438 2218 3494 sibi
2249 3438 2476 3503 creavit,
2516 3454 2583 3493 ac
2631 3438 2921 3494 manifesta
2969 3440 3109 3496 facta
3144 3441 3465 3500 absurditas
3499 3461 3695 3500 eorum

2112 3544 2233 3599 qua:
2268 3529 2591 3598 proﬁtentur
2626 3538 2734 3584 tam
2761 3529 3072 3587 Nestoriani
3109 3550 3271 3603 quam
3294 3534 3583 3593 Jacobitz.
3614 3543 3693 3592 Ac

2113 3626 2218 3681 nisi
2272 3625 2376 3680 hoc
2419 3625 2607 3681 sedulo
2642 3626 2941 3682 vitaremus
2983 3644 3051 3683 ne
3092 3644 3252 3699 aequo
3290 3630 3506 3702 longior
3544 3643 3697 3688 esset

2110 3715 2250 3771 liber
2290 3723 2496 3783 noster,
2530 3732 2666 3773 neve
2708 3718 2781 3773 ab
2819 3718 3069 3773 instituto
3101 3720 3262 3777 nobis
3296 3725 3576 3794 proposito
3606 3728 3693 3777 di-

2113 3807 2461 3880 grederentur
2479 3810 2631 3879 plura
2672 3811 2736 3862 ad
2771 3810 2913 3867 hanc
2943 3814 3272 3869 sententiam
3304 3815 3688 3885 explicandam

2111 3909 2277 3969 atque
2298 3900 2676 3956 clueidandam
2719 3902 3067 3960 adderemus.
3100 3905 3204 3973 Qui
3242 3917 3425 3962 autem
3451 3923 3570 3962 eam
3600 3910 3687 3963 di-

2110 3992 2310 4048 stincte
2337 3993 2661 4064 explicatam
2704 3995 2845 4049 scire
2885 3996 3162 4053 desiderat
3188 4000 3438 4054 consulat
3485 4001 3685 4055 librum

2110 4099 2291 4138 meum
2318 4084 2411 4153 qui
2441 4084 2600 4140 Liber
2643 4088 3021 4156 disputationis
3047 4092 3180 4144 inter
3220 4092 3592 4146 heterodoxum
3634 4105 3687 4146 et

2110 4174 2492 4241 Christianum,
2520 4178 2831 4247 insignitur.
2874 4178 2949 4231 Eo
2972 4182 3115 4234 enim
3155 4182 3317 4247 libro,
3355 4184 3685 4239 sententiam

2108 4265 2499 4329 Christianam,
2551 4265 2605 4319 id
2647 4275 2731 4322 est
2784 4266 3187 4335 Melciiitarum,
3242 4271 3587 4335 conﬁrmavi,
3636 4281 3691 4327 et

2110 4357 2460 4413 heterodoxis
2484 4358 2762 4429 respondi.

431 4448 556 4491 esse
601 4434 840 4505 Patrem,
876 4436 1100 4504 Filium,
1148 4451 1205 4496 et
1238 4442 1500 4514 Spiritum
1542 4459 1815 4522 sanctum,
1866 4408 2003 4513 sibi:

2177 4447 2296 4503 iam
2345 4464 2477 4505 vero
2504 4408 2679 4504 utrad
2722 4448 3034 4506 institutum
3084 4458 3358 4515 nostrum,
3394 4463 3447 4507 et
3494 4453 3550 4507 in
3579 4468 3686 4523 qua

431 4540 538 4595 que
570 4536 681 4585 tres
707 4543 834 4584 esse
855 4545 1141 4601 personas,
1182 4548 1245 4589 ac
1291 4550 1371 4599 sc,
1399 4544 1453 4593 et
1491 4537 1706 4596 Patrem
1753 4559 1898 4613 esse,
1951 4558 2007 4604 et

430 4619 671 4688 genitum
697 4635 726 4674 a
757 4618 919 4678 Patre
940 4630 1065 4679 ante
1085 4627 1305 4690 saeula,
1325 4641 1425 4684 nec
1446 4645 1553 4684 nou
1580 4635 1961 4703 procedentem
1988 4658 2004 4697 :

432 4710 536 4768 hoc
558 4717 739 4767 autem
766 4714 1129 4781 periculosum
1160 4726 1339 4784 est,et
1360 4721 1503 4790 quod
1533 4722 1649 4778 ﬁeri
1675 4742 1781 4783 non
1806 4739 2001 4798 potest,

430 4801 639 4859 scilicet
674 4805 811 4860 utin
843 4802 1009 4860 Deum
1036 4806 1216 4877 (cujus
1241 4824 1437 4866 nomen
1457 4813 1816 4889 glorificetur)
1843 4823 2005 4876 cadat

432 4893 681 4957 mutatio,
707 4890 1015 4964 ﬁatqueqtd
1044 4900 1249 4966 genuit,
1274 4900 1526 4968 genitus;
1560 4913 1613 4959 et
1639 4909 1731 4975 qui
1762 4911 2001 4979 genitus,

427 4984 775 5053 gignens;et
812 4985 909 5056 qui
955 4991 1223 5058 procedit,
1256 4989 1416 5049 Pater
1436 5004 1489 5048 et
1517 4993 1707 5053 Filius.
1758 4999 1915 5067 Quod
1957 5005 2003 5059 si

426 5074 730 5134 dixerimus
783 5076 951 5136 fuisse
1008 5081 1371 5140 substantiam
1414 5095 1582 5143 totam
1635 5091 1690 5145 in
1748 5108 2001 5164 corpore,

426 5167 739 5241 [sequetur]
785 5168 1021 5237 Patrem,
1085 5173 1283 5231 Filium
1323 5186 1378 5232 et
1438 5178 1701 5249 Spiritum
1750 5195 2000 5242 sanctum

432 5271 539 5312 una
570 5257 917 5324 incarnatus,
954 5274 1253 5333 natumque
1280 5282 1404 5324 esse
1429 5270 1644 5327 Patrem
1682 5275 1734 5329 iu
1767 5291 2000 5349 corpore

437 5360 507 5401 ex
546 5346 741 5415 laris,
785 5365 1000 5409 necnon
1054 5354 1206 5411 illum
1238 5360 1331 5428 qui
1382 5362 1649 5430 procedit,
1703 5346 1881 5435 atque
1921 5367 1997 5423 ita

428 5439 641 5496 Patrem
670 5444 994 5502 translatum
1031 5446 1203 5504 fuisse
1244 5464 1274 5504 a
1317 5454 1638 5520 paternitate
1669 5456 1737 5509 ad
1781 5458 1999 5513 illiatio-

429 5546 551 5586 nem
582 5546 705 5602 qua
728 5542 813 5591 est
838 5538 1128 5595 conversio
1148 5548 1203 5596 et
1233 5544 1480 5609 mutatio,
1511 5544 1857 5619 blasphemat
1896 5566 1997 5606 au-

506 5710 699 5771 ‘iuan.
730 5730 814 5784 ut,
853 5717 914 5775 l6
941 5733 1065 5787 sqq.

2104 4542 2484 4611 prosequenda
2526 4541 2752 4608 fuimus,
2799 4542 3085 4597 historiam
3116 4553 3455 4599 revertamur
3478 4543 3685 4600 Valde-

2099 4631 2221 4702 jerd
2243 4630 2493 4686 Baht'ami
2527 4632 2693 4698 filius,
2723 4631 2788 4686 Al
2836 4631 3019 4686 Athim
3053 4631 3367 4706 [scelestus]
3402 4636 3686 4702 cognomi-

2104 4732 2291 4789 natus,
2328 4723 2615 4780 Persarum
2645 4737 2765 4787 rex,
2813 4722 3024 4792 rigidus
3069 4730 3234 4792 atque
3264 4731 3522 4779 austerua
3560 4722 3684 4788 fuit,

2106 4816 2261 4871 malae
2293 4814 2753 4877 conversationis,
2797 4813 2935 4868 adeo
2970 4821 3025 4867 ut
3068 4829 3213 4885 mgre
3265 4815 3413 4884 ipsos
3464 4815 3688 4871 haberet

2102 4905 2248 4976 quod
2281 4904 2457 4975 ipsum
2486 4904 2591 4969 ipsi
2608 4902 2713 4957 sibi
2741 4902 3134 4972 praefecissem,
3169 4904 3471 4960 timuerunt
3500 4915 3681 4960 tamen

2102 4998 2281 5063 ipsum
2316 4993 2587 5054 occidere.
2618 4996 2869 5049 nolentes
2892 4993 3027 5049 illud
3060 4994 3126 5047 de
3163 4995 3407 5064 ipsorum
3441 4995 3677 5065 [legibus

2101 5088 2158 5143 in
2182 5100 2387 5142 morem
2416 5086 2630 5139 cedere.
2655 5084 2923 5139 Asserunt
2943 5093 3121 5140 autem
3143 5088 3315 5139 visum
3338 5101 3459 5141 esse
3482 5101 3682 5155 equum

2102 5179 2193 5250 qui
2226 5192 2398 5246 usque
2424 5176 2554 5231 dum
2587 5176 2653 5229 ad
2694 5184 2905 5247 portam
2941 5176 3083 5245 regis
3110 5184 3301 5241 staret,
3338 5177 3678 5245 procederet,

2103 5288 2268 5344 quem
2298 5270 2777 5327 circumdederunt
2815 5270 3067 5328 homines
3101 5269 3292 5326 formae
3342 5272 3455 5343 80
3509 5272 3680 5344 ipsius

2106 5362 2572 5436 pulchritudinem
2594 5379 2658 5418 ac
2685 5372 2979 5419 structura:
3025 5363 3412 5433 perfectionem
3441 5365 3634 5419 mirati
3660 5381 3675 5420 τ

2106 5473 2338 5527 cumque
2368 5457 2681 5512 nuntiatum
2710 5456 2780 5511 de
2808 5470 2873 5511 eo
2897 5456 3009 5525 regi
3039 5466 3187 5511 esset
3213 5457 3483 5526 prodiisse
3505 5458 3679 5527 ipsum

2106 5553 2174 5609 ad
2204 5566 2328 5609 eum
2362 5548 2816 5621 conspiciendum
2870 5562 3176 5622 magnaque
3214 5550 3286 5607 ob
3329 5564 3454 5607 cum
3497 5550 3678 5608 laetitia
