4068 6160
295 328 436 397 1049

297 545 602 606 scenderet.
661 548 887 615 prepius
919 547 1267 602 accedentem
1300 546 1496 603 faciem
1534 549 1634 617 ipsi
1665 548 1878 602 demul-

297 638 440 691 sisse
467 644 523 690 et
556 637 761 691 cirrum
789 652 853 692 ac
880 639 1071 709 jubam
1102 649 1497 706 contrectasse,
1522 640 1645 695 dein
1681 649 1734 695 et
1760 643 1878 696 clu-

298 746 397 788 nes
433 730 536 801 ipsi
592 731 876 801 detergere
922 732 1198 798 voluisse;
1250 742 1303 785 at
1342 746 1467 786 cum
1522 747 1663 803 pone
1702 733 1879 801 ipsum

301 832 447 879 recta
484 830 658 880 staret
680 824 850 879 ictum
886 825 987 891 ipsi
1016 824 1262 878 calcibus
1303 824 1594 894 impegisse
1631 822 1880 897 {equum}

301 932 415 987 quo
443 915 602 988 jecur
629 919 748 988 ejus
778 916 966 970 laesum
996 927 1078 971 est
1110 915 1249 970 adeo
1285 924 1344 969 ut
1378 927 1703 969 moreretur.
1739 914 1877 969 Tum

308 1011 587 1065 concitato
606 1024 772 1064 cursu
806 1010 1013 1080 fugisse
1056 1008 1193 1063 adeo
1223 1018 1284 1063 ut
1310 1024 1472 1063 nemo
1498 1010 1677 1079 ipsum
1728 1025 1883 1063 assc-

300 1104 397 1172 qui
428 1114 632 1174 posset.
664 1104 880 1159 Dixisse
917 1118 1051 1172 ergo
1084 1103 1335 1157 homines
1362 1103 1466 1156 hoc
1500 1121 1531 1156 e
1568 1103 1663 1158 Dei
1715 1102 1884 1156 bette-

301 1198 518 1253 fieentia
539 1208 591 1250 et
622 1196 1001 1251 misericordia
1034 1196 1089 1249 in
1123 1210 1226 1250 nos
1254 1196 1378 1250 fuit.
1400 1194 1666 1264 Regnavit
1694 1206 1877 1249 autem

302 1288 602 1357 Yazdejerd
636 1289 699 1344 Al
736 1287 919 1343 Athim
965 1303 1143 1344 annos
1191 1286 1384 1358 viginti
1442 1302 1635 1352 unum,
1673 1301 1888 1343 menses

300 1383 544 1451 quinque
568 1390 622 1434 et
648 1381 765 1435 dies
795 1379 1124 1435 octodecim.

375 1476 595 1528 Mortuo
626 1469 967 1541 Yazdejerdo
1000 1471 1392 1527 convenientes
1439 1469 1727 1526 Persarum
1768 1487 1888 1527 ma-

302 1573 516 1634 gnates.
543 1563 842 1617 dixerunt:
898 1560 976 1615 Ne
1028 1561 1389 1631 prmﬁeiamus
1445 1561 1602 1617 nobis
1639 1578 1669 1617 e
1700 1577 1891 1633 proge-

304 1658 395 1710 nie
429 1656 599 1725 ipsius
629 1656 889 1723 aliquem,
920 1670 987 1707 ne
1010 1652 1197 1708 eadem
1223 1655 1365 1724 apud
1402 1670 1500 1707 nos
1527 1655 1614 1709 via
1646 1656 1886 1711 incedat.

305 1746 431 1801 Fuit
453 1759 634 1800 autem
667 1744 1006 1816 Yaldejerdo
1054 1745 1197 1800 ﬁlius
1224 1746 1444 1801 nomine
1461 1746 1890 1819 Bahram,quem

305 1839 360 1892 in
392 1839 601 1890 nullum
657 1852 844 1891 secum
874 1836 1151 1905 negotium
1194 1835 1538 1891 admiserunt
1576 1853 1592 1892 :
1625 1839 1715 1893 ille
1765 1854 1896 1908 ergo

304 1944 497 1984 eorum
521 1929 873 1999 quihusdam,
906 1927 1025 1984 Non
1057 1932 1211 1984 decet
1235 1929 1455 2001 (inquit)
1487 1939 1541 1983 ut
1562 1947 1893 2001 quemquam

305 2021 464 2076 vobis
493 2035 673 2089 regem
703 2020 1035 2091 praeliciatis,
1068 2022 1173 2075 nisi
1220 2020 1308 2075 cui
1343 2022 1508 2078 insint
1540 2031 1744 2091 septem
1776 2023 1897 2078 ista:

306 2115 694 2186 proprietates,
734 2113 993 2168 videlicet
1041 2113 1188 2183 quod
1238 2122 1469 2167 caeteros
1498 2115 1808 2179 antecellat,
1841 2114 1894 2166 in

308 2204 479 2260 rebus
525 2201 977 2258 administrandis
1020 2204 1361 2273 praestantia,
1398 2204 1649 2270 consilio,
1685 2202 1898 2258 veraci.

308 2305 417 2351 tate
443 2296 665 2364 linguzr,
712 2295 1053 2359 fortitudine,
1106 2295 1442 2365 eloquentia,
1485 2296 1706 2349 lenitate
1755 2295 1899 2349 inter

306 2390 629 2457 regendum,
691 2388 1013 2442 insidiarum
1073 2388 1141 2443 ah
1190 2388 1444 2444 hostibus
1506 2395 1897 2444 etrueudarum

306 2480 527 2550 peritia.
566 2481 823 2535 Dixerunt
849 2495 977 2551 ergo
1008 2481 1134 2550 ipsi,
1160 2481 1227 2534 At
1279 2480 1369 2534 ubi
1400 2482 1475 2535 ita
1515 2488 1897 2549 comparatum

310 2572 689 2642 reperiemus?
722 2572 841 2636 ltle,
884 2571 1069 2627 Fidem
1095 2572 1321 2642 (inquit)
1357 2572 1489 2626 mihi
1519 2571 1683 2626 facite
1716 2588 1811 2625 vos
1847 2574 1893 2626 si

311 2667 476 2719 talem
552 2665 703 2719 rubis
769 2665 1084 2718 indicavero
1163 2664 1416 2734 81-83
1495 2664 1671 2733 ipsum
1717 2681 1897 2734 regem

308 2756 728 2812 constituturos.
773 2755 888 2811 Hoc
926 2770 1059 2826 ergo
1094 2772 1217 2810 cum
1254 2761 1373 2826 ipso
1404 2757 1547 2826 pacti
1590 2768 1740 2822 sunt,
1783 2768 1897 2812 tmn

313 2846 402 2900 ille
432 2847 549 2914 (ubi
584 2848 720 2915 ipsis
775 2845 1090 2917 confideret)
1121 2845 1234 2917 Ego
1269 2848 1495 2917 (inquit)
1540 2848 1584 2903 is
1615 2863 1759 2904 sum.
1793 2847 1900 2902 Re—

310 2952 433 3006 gem
468 2951 600 3006 ergo
651 2937 832 3004 ipsum
885 2936 1318 2992 constituerunt.
1364 2935 1746 3007 Regnavitque
1797 2937 1902 2992 Da-

311 3029 470 3083 ltram
502 3027 825 3097 Yazdejerdi
857 3028 1000 3083 Illius
1024 3028 1142 3100 (qui
1173 3038 1230 3084 et
1256 3027 1491 3083 Bahram
1516 3029 1645 3098 jaur
1692 3043 1902 3099 cogno-

1746 340 2113 402 ANNALES.

294 451 571 516 atfectum,
605 452 843 519 jussisse
886 451 1077 507 sellam
1114 452 1319 523 imponi
1354 469 1467 522 quo
1517 455 1696 524 ipsum
1740 470 1875 509 cou-
1910 466 1950 518 Α
1988 465 2108 518 mos

3428 340 3561 403 1050

2221 461 2436 516 irruens
2458 460 2780 515 Chakanum
2836 474 2997 513 manu
3050 475 3145 514 sua
3177 456 3398 520 occidit,
3428 457 3560 511 etin

1982 552 2283 604 exercitum
2333 552 2505 621 ipsius
2555 560 2791 620 stragem
2838 549 3083 612 immisit,
3112 549 3205 615 qtti
3236 562 3366 617 ergo
3414 558 3561 615 terga

1982 640 2273 695 dederunt.
2328 643 2531 696 Deinde
2587 641 2888 695 Bahramus
2940 640 3233 694 incolumis
3284 654 3563 699 reversus,

1984 743 2171 802 captos
2193 736 2287 805 qui
2323 739 2376 790 in
2408 736 2583 804 ipsius
2619 744 2881 803 potestate
2907 743 3066 786 erant
3098 748 3126 784 e
3158 730 3403 784 Chakani
3431 732 3564 784 suh-

1983 827 2113 883 ditis
2142 836 2196 884 el
2232 830 2514 894 militihus,
2552 845 2657 882 una
2690 844 2813 881 eum
2850 827 3119 881 uxoribus
3166 826 3439 894 ipsorum,
3472 824 3569 875 ho-

1987 922 2226 977 minibus
2262 924 2431 977 libere
2448 922 2732 978 distribuit
2753 940 2769 990 ;
2791 936 3026 993 cumque
3049 922 3101 974 in
3128 921 3405 988 regionem
3428 916 3567 971 Tur-

1984 1029 2176 1071 carum
2208 1016 2448 1070 delatum
2475 1026 2623 1071 esset
2655 1017 2906 1070 nuntium
2934 1027 3126 1069 eorum
3154 1027 3277 1082 quae
3300 1008 3567 1066 Cltakauo

1986 1108 2335 1179 obtigissent.
2389 1108 2652 1180 fugerunt
2699 1109 2802 1178 ipsi
2847 1109 2915 1163 ad
2945 1116 3224 1163 extremos
3258 1116 3421 1158 terrm.
3454 1118 3567 1156 sure

1986 1200 2211 1257 limites.
2260 1200 2564 1256 Bahramus
2623 1210 2827 1262 autem,
2881 1199 3102 1255 fratrem
3158 1212 3318 1252 suum
3385 1194 3567 1247 Morsu

1986 1292 2331 1357 Chorasano,
2362 1293 2690 1364 praeficicus,
2740 1291 2847 1361 ipsi
2878 1290 3274 1358 Aderbijanum
3312 1300 3569 1342 reversus

1988 1394 2091 1450 est.
2122 1386 2327 1441 nullum
2349 1386 2573 1441 omnino
2609 1386 2790 1441 locum
2834 1384 3154 1451 relinquens
3206 1382 3260 1434 in
3300 1395 3412 1450 quo
3462 1392 3571 1432 non

1991 1478 2209 1549 aliquod
2231 1479 2542 1533 devotionis
2576 1492 2714 1547 opus
2740 1476 3015 1546 prrestitit,
3044 1471 3313 1529 sacriticia
3353 1470 3427 1524 ibi
3467 1470 3573 1520 im-

1992 1570 2205 1623 molans
2239 1568 2306 1621 ad
2362 1568 2567 1637 gratias
2612 1566 2721 1619 Deo
2771 1564 3098 1624 reddendas,
3138 1561 3310 1615 donec
3354 1558 3447 1612 ubi
3506 1556 3575 1609 ad

1993 1660 2137 1729 ignis
2168 1659 2336 1713 :edem
2369 1676 2490 1726 qum
2535 1658 2850 1720 Aderbijaui
2891 1653 3071 1710 fuerat
3122 1651 3481 1723 pervenisset,
3508 1665 3576 1702 ex

1993 1766 2138 1820 equo
2178 1750 2519 1806 descendens
2549 1747 2780 1817 pedibus
2809 1746 3123 1810 incesserit,
3173 1744 3347 1798 donec
3401 1743 3576 1810 ipsam

1998 1846 2276 1913 ingressus
2299 1854 2467 1909 esset,
2500 1844 2554 1897 in
2587 1842 2810 1896 honoris
2831 1841 3005 1896 eidem
3031 1836 3310 1893 deferendi
3335 1835 3576 1902 signum,

1995 1948 2050 1992 et
2096 1937 2162 1991 ad
2198 1936 2401 2006 gratias
2451 1935 2561 1989 Deo
2605 1933 2911 1988 testandas.
2959 1930 3099 1984 Tum
3136 1932 3397 1988 uniones.
3447 1927 3581 1995 hya-

1996 2029 2215 2083 cinthos
2232 2038 2287 2082 ct
2305 2042 2547 2097 gemmas
2569 2025 2829 2096 pretiosas
2844 2038 2967 2094 qua:
2980 2023 3030 2075 in
3046 2018 3287 2077 (Iltakani
3306 2018 3583 2072 diadema-

1997 2127 2051 2175 te
2083 2118 2302 2173 fuerant
2318 2118 2386 2173 ad
2408 2125 2616 2188 portam
2631 2117 2878 2186 ejusdem
2904 2113 3156 2185 85~87
3192 2112 3326 2167 aedis
3343 2110 3582 2180 appeudi

1994 2214 2179 2285 jussit.
2220 2214 2516 2282 Eidemque
2564 2210 2676 2278 igni
2728 2207 2976 2264 Chakaui
3034 2218 3218 2259 ensem
3280 2200 3582 2256 unionibus

1997 2317 2250 2363 ornatum
2278 2306 2519 2359 donavit.
2566 2303 2699 2355 Dein
2734 2299 2970 2355 Erakum
3025 2294 3326 2368 profectus,
3373 2292 3449 2347 ibi
3512 2292 3579 2344 ad

1998 2402 2116 2458 dies
2166 2400 2373 2467 aliquot
2399 2395 2671 2453 substitit.
2714 2392 2846 2447 Inde
2868 2397 3059 2447 contra
3095 2386 3318 2444 Gmcos
3356 2384 3424 2440 ad
3461 2383 3583 2438 illos

2000 2490 2341 2548 invadendos
2369 2487 2652 2560 profectus
2679 2497 2785 2539 est.

2073 2581 2231 2649 Quod
2270 2580 2359 2637 ubi
2393 2579 2697 2634 audivisset
2725 2571 3077 2631 Theodosius
3106 2568 3426 2625 Graecorum
3474 2565 3583 2621 iut-

2002 2684 2245 2745 perator,
2284 2673 2459 2727 virum
2498 2668 2792 2741 quemdam
2836 2666 3057 2722 nomine
3101 2660 3401 2716 Estratinm
3437 2658 3588 2713 misit

2003 2770 2070 2822 ad
2109 2782 2338 2837 regnum
2370 2764 2630 2818 Bahrami
2668 2758 3041 2821 lustrandum,
3070 2756 3163 2825 qui
3194 2767 3449 2809 reversus
3482 2750 3586 2820 ipsi

2006 2860 2303 2921 nuntiavit,
2342 2856 2476 2911 illud
2513 2869 2706 2926 parum
2740 2850 3011 2907 munitum
3041 2862 3183 2901 esse.
3223 2845 3343 2912 Quo
3364 2842 3578 2901 audito,

2014 2956 2106 3011 ille
2146 2953 2417 3007 Bahramo
2448 2961 2745 3004 occurrere
2788 2942 3075 3015 expetivit.
3124 2939 3419 2995 lnstructis
3451 2950 3589 3005 ergo

2011 3049 2189 3119 copiis
2210 3083 2229 3112 ,
2250 3063 2374 3104 cum
2389 3056 2575 3100 contra
2595 3043 2773 3112 ipsutn
2793 3053 2920 3094 cum
2979 3032 3225 3090 exercitu
3281 3045 3384 3085 suo
3457 3042 3590 3099 pro-

311 3123 553 3177 minatus
583 3122 687 3193 est)
723 3122 776 3175 in
813 3120 1034 3187 Persas,
1062 3136 1239 3177 annos
1262 3124 1571 3179 octodecim
1601 3139 1728 3177 eum
1759 3138 1903 3177 men-
1928 3147 1975 3206 α
2012 3141 2191 3196 [θείης
2226 3143 2396 3200 esset,
2428 3133 2720 3188 conﬂictus
2752 3132 2897 3185 inter
2928 3128 3081 3198 ipsos
3117 3124 3412 3179 vehemens
3458 3121 3584 3185 fuit,

310 3216 468 3270 sihus
514 3212 790 3278 undecim,
825 3214 988 3285 idque
1032 3228 1177 3268 anno
1204 3214 1416 3284 imperii
1456 3212 1755 3270 Theodosii
1800 3212 1903 3268 Ju-

312 3307 487 3363 nioris
514 3308 656 3375 regis
688 3307 1034 3362 “cuneorum
1065 3303 1413 3360 duodecimo.
1444 3304 1735 3377 Imperavit
1760 3320 1895 3377 ergo

313 3394 500 3451 Persis
536 3412 598 3449 ac
629 3397 911 3465 seoptime
946 3397 1091 3451 inter
1118 3410 1215 3451 eos
1244 3396 1436 3464 gessit,
1464 3396 1603 3450 adeo
1630 3405 1687 3450 ut
1721 3396 1901 3465 ipsum

309 3496 584 3552 amarent,
607 3489 734 3542 dein
770 3489 913 3543 haud
937 3489 1149 3543 destitit
1180 3503 1241 3544 se
1279 3489 1447 3543 rebus
1468 3488 1806 3559 juvenilibus
1839 3502 1904 3543 ac

308 3580 459 3637 lusui
501 3581 802 3651 indulgere,
830 3582 966 3636 adeo
996 3589 1055 3635 ut
1088 3580 1266 3650 ipsum
1304 3584 1679 3651 vituperarcnt
1723 3580 1903 3634 homi-

310 3687 435 3737 nes,
469 3686 533 3725 ac
570 3686 795 3740 regnum
838 3672 1011 3741 ipsius
1055 3671 1214 3727 facile
1242 3671 1537 3743 diripiendi
1569 3686 1723 3739 spem
1758 3686 1896 3724 con-

311 3763 560 3835 ciperent
587 3778 745 3831 reges
764 3763 952 3817 vicini.
979 3764 1288 3833 Aggressus
1310 3778 1441 3833 ergo
1464 3762 1641 3832 ipsum
1677 3760 1902 3816 Chakan

311 3856 605 3921 Maximus,
629 3856 928 3911 Turcarnm
956 3871 1076 3922 rex,
1095 3869 1216 3908 cum
1239 3854 1425 3923 viginti
1450 3856 1697 3925 quinque
1718 3868 1900 3909 arma-

311 3960 497 4007 torum
533 3948 876 4021 myriadibus
929 3947 1182 4019 (quilibet
1230 3956 1415 4001 autem
1446 3946 1765 4001 Turcarum
1805 3961 1902 4001 rex

307 4040 538 4099 Cbakan
588 4041 934 4111 insignitur),
986 4038 1263 4109 profectus
1303 4048 1388 4094 est
1433 4054 1609 4110 usque
1654 4040 1785 4093 dum
1844 4054 1899 4096 tu

310 4136 503 4194 Αιδηίά
551 4142 735 4189 castra
768 4135 977 4203 figeret.
1030 4133 1292 4187 Dixerunt
1323 4147 1454 4203 ergo
1509 4132 1823 4189 Bahramo:
1857 4130 1903 4188 0

314 4243 436 4291 rex,
485 4227 686 4283 accidit
714 4226 870 4280 nobis
901 4240 991 4280 res
1020 4239 1141 4295 qua
1177 4231 1233 4278 et
1271 4239 1375 4279 nos
1404 4231 1461 4278 et
1501 4234 1554 4279 te
1601 4234 1903 4295 occupatos

313 4335 349 4377 a
384 4319 516 4376 ludo
540 4319 831 4385 distineat;
865 4318 1126 4386 prospice
1155 4330 1287 4386 ergo
1319 4327 1373 4371 et
1406 4316 1506 4371 tibi
1543 4315 1727 4388 ipsiet
1752 4313 1902 4385 genti

316 4412 470 4476 huic,
498 4410 732 4484 ejusque
777 4425 867 4466 res
905 4424 1110 4463 curans
1145 4418 1200 4465 et
1234 4411 1409 4479 ipsam
1454 4426 1833 4484 propugnans,
1867 4424 1902 4465 a

2011 3226 2247 3293 ezcsique
2279 3230 2410 3277 sunt
2436 3237 2503 3275 ex
2531 3232 2770 3288 utroque
2800 3217 3048 3271 exercitu
3087 3214 3427 3283 complures.
3452 3211 3589 3263 adeo

2010 3325 2073 3371 ut
2108 3316 2327 3383 utrique
2364 3329 2423 3368 se
2453 3314 2508 3366 in
2544 3312 2728 3382 fugam
2768 3308 2991 3370 darent,
3026 3320 3249 3361 reverso
3273 3302 3587 3357 Theodosio

2010 3423 2136 3479 rege
2169 3404 2735 3471 Constantinomlim.
2784 3401 3089 3455 Bahramus
3131 3411 3260 3452 vero
3306 3394 3588 3465 profectus

2010 3499 2217 3553 Indiam
2246 3498 2418 3568 petiit,
2441 3494 2790 3549 dissimulato
2816 3492 3029 3554 habitu,
3057 3491 3241 3559 ibique
3273 3486 3341 3541 ad
3368 3496 3589 3553 tempus

2011 3594 2217 3647 mansit
2251 3592 2389 3657 ipsis
2426 3590 2764 3659 incognitus.
2797 3585 2985 3639 Robur
3020 3591 3204 3638 autem
3233 3590 3290 3635 et
3313 3580 3584 3647 insignem

2012 3687 2188 3755 ipsius
2228 3681 2608 3739 fortitudinem
2665 3683 3109 3748 conspexerunt,
3173 3673 3479 3728 interfectis
3518 3671 3589 3725 ab

2010 3776 2132 3845 ipso
2161 3774 2293 3827 feris
2323 3787 2462 3843 quas
2508 3773 2648 3825 mira
2695 3769 2927 3824 audacia
2980 3781 3276 3837 aggressus
3309 3772 3409 3826 est,
3450 3763 3589 3817 adeo

2008 3875 2070 3921 ut
2100 3880 2227 3918 cum
2262 3866 2329 3918 ad
2378 3864 2558 3932 ipsum
2606 3863 2950 3931 pervenisset
3010 3857 3155 3912 fama
3201 3855 3475 3927 elephanti
3530 3854 3586 3907 in

2010 3959 2254 4029 ipsorum
2298 3958 2521 4025 regione
2561 3956 2653 4025 qui
2688 3954 2809 4008 vias
2852 3951 3173 4013 infestaret,
3222 3947 3587 4017 hominesque

2008 4052 2322 4118 complures
2355 4048 2680 4110 occidisset,
2709 4055 2930 4115 rogaret
2956 4053 3013 4098 ttt
3048 4044 3151 4112 ipsi
3185 4042 3408 4097 ubinam
3438 4052 3588 4094 esset

2010 4142 2358 4207 iudicarent;
2391 4141 2485 4210 qui
2518 4139 2596 4192 illi
2618 4139 2879 4192 dixerunt
2914 4153 2928 4190 :
2960 4134 3079 4205 Ipse
3110 4148 3235 4188 cum
3263 4132 3588 4202 peregrinus

2009 4234 2088 4287 sis
2118 4236 2376 4288 nolumus
2406 4242 2459 4285 te
2486 4230 2733 4299 periequ
2760 4240 3061 4297 exponere.
3085 4224 3219 4294 Regi
3253 4232 3436 4278 autem
3461 4238 3587 4277 cum

2010 4324 2146 4379 illud
2194 4320 2573 4377 nuntiassent.
2634 4318 2785 4371 misit
2832 4316 2948 4384 ipse
2988 4328 3115 4370 cum
3160 4311 3255 4365 illo
3298 4309 3589 4379 quemdam

2008 4413 2103 4486 qui
2142 4412 2326 4468 locum
2361 4412 2416 4465 in
2448 4425 2559 4481 quo
2597 4416 2745 4463 esset
2775 4406 2999 4474 elephas
3048 4406 3155 4457 iste
3194 4402 3297 4472 ipsi
3327 4399 3590 4455 ostende-

320 4512 472 4561 ntetu
502 4519 758 4560 securam
804 4511 1057 4573 praestes.
1102 4502 1195 4558 llle
1222 4510 1404 4557 autem
1443 4502 1608 4558 verba
1654 4503 1903 4573 ipsorum
1936 4513 1985 4573 υ
2012 4514 2127 4571 ret;
2163 4518 2330 4574 quem
2362 4503 2455 4557 ubi
2490 4501 2627 4555 vidit
2662 4499 2973 4553 Bahramns
3014 4495 3234 4564 sagitta,
3278 4509 3399 4563 quze
3449 4494 3591 4545 inter

315 4599 547 4656 minime
577 4605 823 4653 moratus
856 4597 1135 4669 profectus
1162 4596 1329 4653 estin
1363 4603 1547 4667 partes
1582 4594 1899 4666 Aderbijani

317 4702 483 4765 atque
521 4691 796 4747 Armenia
835 4693 903 4744 ad
937 4691 1143 4744 cultum
1185 4690 1240 4744 in
1288 4688 1491 4760 templo
1538 4687 1737 4742 ibidem
1787 4687 1901 4758 igni

312 4784 499 4844 dicato
523 4785 913 4856 praestandum.
948 4781 1107 4850 Quod
1135 4796 1263 4837 cum
1297 4794 1406 4835 non
1434 4779 1754 4835 dubitarent
1797 4779 1901 4833 ho-

315 4879 495 4934 mines
524 4877 703 4946 ipsum
734 4876 933 4931 fecisse
971 4890 1082 4945 quo
1125 4874 1249 4945 fuga
1278 4888 1338 4927 se
1368 4871 1721 4934 subduceret,
1771 4870 1900 4942 ipsi,

316 4984 443 5026 cum
464 4968 531 5023 ad
556 4968 843 5023 consilium
872 4966 1172 5022 ineundum
1200 4963 1600 5024 consedissent,
1621 4962 1901 5024 dixerunt,

314 5061 437 5119 Non
466 5069 593 5116 sunt
624 5060 785 5115 nobis
817 5068 1006 5115 contra
1039 5056 1359 5113 Chakanum
1391 5052 1504 5127 85
1526 5053 1692 5117 vires,
1732 5053 1904 5106 tribu-

315 5163 434 5212 tuut
463 5168 595 5225 ergo
629 5152 735 5225 ipsi
784 5153 1077 5209 offeramus
1118 5165 1229 5222 quo
1271 5163 1373 5203 nos
1410 5157 1463 5202 et
1509 5147 1738 5217 patriam
1804 5159 1903 5201 no-

318 5257 491 5303 stram
541 5245 901 5311 redimamus,
949 5244 1193 5314 exceptis
1230 5249 1443 5296 tantum
1499 5241 1676 5296 Morsa
1733 5237 1905 5295 fratre

316 5339 575 5395 Bahrami
599 5348 654 5393 et
672 5338 926 5394 Azduaro
947 5334 1141 5391 Judice
1162 5333 1257 5407 qui
1283 5334 1542 5389 dixerunt
1570 5351 1584 5388 :
1612 5330 1726 5388 Nos
1752 5331 1904 5389 vobis

316 5432 375 5489 in
406 5430 509 5486 hoc
550 5444 835 5486 assensum
884 5443 993 5484 non
1027 5426 1416 5499 praebebimus.
1440 5424 1576 5480 Cum
1610 5439 1739 5479 vero
1761 5421 1906 5478 Cha-

316 5522 460 5580 kano
484 5522 791 5579 nuntiatum
814 5530 957 5577 esset
987 5520 1312 5577 submittere
1336 5533 1396 5574 se
1429 5516 1651 5573 Persas.
1676 5531 1905 5573 securus

318 5616 502 5673 factus
546 5629 696 5670 arma
745 5613 1026 5683 deposuit.
1078 5611 1365 5667 Accedens
1408 5623 1540 5680 ergo
1574 5608 1796 5679 quidam
1832 5607 1900 5662 ad

320 5707 647 5765 Babramnm
682 5708 860 5777 ipsum
891 5705 960 5762 de
987 5705 1280 5763 securitate
1303 5714 1356 5758 et
1378 5701 1702 5771 negligentia
1725 5701 1899 5771 ipsius

318 5797 608 5856 certiorem
660 5795 809 5863 fecit,
852 5794 945 5867 qui
994 5795 1161 5867 igitur
1203 5792 1480 5865 profectus
1513 5801 1788 5862 noctuque
1843 5792 1899 5847 in

2002 4599 2193 4653 oculos
2244 4596 2423 4665 ipsius
2474 4592 2577 4648 lixa
2606 4591 2721 4662 88
2747 4591 3001 4651 haereret,
3025 4602 3149 4642 eum
3182 4585 3362 4655 petiit,
3386 4582 3587 4637 deinde

2002 4690 2111 4746 alia
2176 4697 2301 4761 post
2350 4685 2514 4740 aliam
2575 4686 2892 4738 confossum
2969 4679 3271 4739 interemit,
3320 4685 3591 4744 caputque

2012 4782 2123 4854 ipsi
2160 4780 2451 4851 praecisum
2481 4776 2594 4846 regi
2632 4773 2824 4829 detulit
2861 4788 2875 4822 :
2912 4770 3005 4840 qui
3039 4770 3219 4837 ipsum
3262 4766 3590 4833 admiratus,

2005 4874 2262 4944 quisnam
2293 4880 2444 4926 esset
2489 4866 2720 4937 rogavit.
2748 4866 2865 4926 Ille.
2911 4861 3294 4929 Sumtinquit)
3319 4875 3349 4913 e
3372 4875 3593 4929 magna-

2003 4968 2155 5021 tibus
2202 4964 2498 5020 Persarum
2547 4962 2640 5029 qui
2692 4958 2841 5030 quod
2890 4955 3025 5009 mihi
3077 4956 3254 5009 iratus
3301 4961 3449 5009 esset
3494 4968 3591 5007 rex

2008 5068 2198 5113 noster
2234 5055 2304 5110 ad
2342 5064 2395 5111 te
2444 5051 2707 5122 confugi,
2753 5047 2999 5121 potentia
3043 5053 3099 5101 et
3148 5044 3438 5101 clementia
3499 5053 3591 5099 tua

2006 5149 2205 5206 frctus.
2242 5147 2414 5202 l'orro
2444 5145 2549 5200 fuit
2585 5143 2699 5215 regi
2731 5140 2995 5196 inimicus
3020 5137 3128 5209 {qui
3164 5136 3391 5208 propius
3434 5150 3594 5193 acce-

2006 5243 2167 5307 dens,
2203 5240 2353 5295 misit
2387 5238 2480 5307 qui
2512 5237 2582 5291 ab
2611 5236 2732 5307 ipso
2763 5233 3030 5288 tributum
3080 5238 3353 5302 peterent,
3402 5242 3432 5281 a
3478 5242 3595 5298 quo

2006 5351 2133 5391 cum
2196 5338 2463 5387 metueret
2516 5345 2609 5383 rex
2642 5367 2657 5395 ,
2710 5326 2977 5383 animavit
3044 5325 3229 5395 ipsum
3282 5322 3589 5378 Daltramus

2012 5431 2204 5485 dicens
2235 5445 2249 5481 :
2281 5426 2361 5483 Ne
2396 5433 2600 5481 terreat
2633 5436 2686 5479 to
2718 5422 2864 5494 quod
2896 5421 2965 5477 de
2995 5422 3121 5492 ipso
3156 5417 3349 5492 [audis
3378 5435 3391 5472 :
3418 5416 3438 5490 j
3487 5431 3594 5488 ego

2013 5516 2284 5585 siquidem
2316 5522 2367 5569 te
2397 5528 2426 5566 a
2469 5512 2615 5565 malo
2645 5512 2793 5581 quod
2833 5510 2898 5564 ab
2927 5510 3049 5579 ipso
3094 5509 3314 5580 [timere
3345 5503 3589 5578 poteras]

2012 5605 2324 5660 incolumen
2361 5601 2655 5671 praestabo.
2711 5598 2915 5673 Regem
2964 5602 3132 5669 igitur
3169 5607 3225 5655 et
3280 5597 3581 5653 exercitum

2009 5696 2185 5763 ipsius
2247 5692 2315 5748 ad
2377 5692 2662 5747 inimicum
2724 5696 2890 5746 istum
2955 5690 3384 5759 oppugnandum
3440 5703 3587 5757 equo

2008 5802 2315 5846 conscenso
2373 5786 2666 5843 comitatus
2724 5794 2808 5844 est
2867 5784 3191 5845 Balttamus.
3252 5781 3354 5850 Qui
3416 5780 3608 5838 ludite-
