3976 6168
440 259 569 325 105!

1460 266 1826 332 EUTYCHII
1850 271 2389 337 ALEXANDRINI
2423 276 2638 339 PATR.

3540 286 3685 349 1053

436 379 654 448 equites
678 380 975 445 allocutus,
1007 382 1242 453 'i‘crgum
1271 382 1494 453 (inquit)
1521 399 1699 438 meum
1718 387 2008 450 custodite,
2040 391 2083 445 Α
2114 388 2269 455 Quod
2308 392 2398 445 ubi
2440 393 2710 448 audiisset
2745 395 3012 451 Eusebius
3036 395 3264 452 Doraliae
3292 400 3587 471 episcopus
3618 399 3684 453 ad

430 485 507 534 et-
547 473 680 540 quid
736 488 835 543 ego
890 471 1084 526 faciam
1138 475 1445 528 observate.
1486 472 1711 530 irruens
1764 489 1896 542 ergo
1946 475 2005 529 in

432 572 609 635 ipsus,
644 584 833 623 eorum
863 566 1086 621 ordines
1114 581 1239 620 cum
1261 565 1610 637 dissipasset,
1633 562 1738 622 viii
1767 566 2006 634 scapulae

434 660 603 712 ielttm
655 659 878 726 impegit
931 658 1024 726 qui
1076 656 1143 711 ad
1191 656 1414 712 dorsum
1470 657 1646 728 ipsius
1689 658 2007 729 pertingens

436 751 679 802 ιιιιοσιῑηιιι
736 765 861 803 ειιιιι
905 749 1203 816 dissecuit;
1236 758 1289 805 et
1321 760 1613 822 utrumque
1660 752 1867 807 labium
1898 752 2011 807 ele-

436 842 639 909 phanto
688 843 870 911 gladio
922 842 1240 898 discindens
1277 842 1457 912 ipsum
1508 846 1846 913 prostravit:
1881 860 2011 900 cor-

434 946 758 1003 reptunnue
799 936 865 988 de
913 950 1055 1003 equo
1093 949 1197 990 suo
1248 936 1489 1003 equitem
1539 945 1700 992 terra:
1752 938 2005 1004 illidens,

429 1029 613 1094 ipsum
660 1024 972 1088 interfecit;
1007 1030 1140 1093 quin
1174 1037 1231 1081 ct
1271 1028 1400 1081 bina
1459 1029 1746 1084 hominum
1800 1031 2007 1102 capita,

430 1119 663 1171 alterum
700 1117 892 1172 dextra
928 1118 1164 1172 alterum
1198 1119 1449 1186 sinistra,
1485 1121 1833 1190 prehendens
1868 1123 2007 1177 invi-

430 1224 548 1263 cem
588 1210 793 1264 collisit
820 1210 958 1263 adeo
983 1219 1041 1265 ut
1072 1213 1292 1282 utrique
1321 1212 1535 1268 cerebri
1560 1214 1798 1269 medulla
1825 1215 2013 1271 cuiue-

432 1314 534 1357 tet.
587 1301 864 1355 irruentes
904 1301 1066 1356 etiam
1125 1301 1382 1357 Bahrami
1428 1305 1699 1370 comites,
1756 1322 2007 1378 magnam

430 1409 623 1447 eorum
660 1402 901 1463 stragem
947 1394 1265 1461 ediderunt,
1311 1411 1376 1451 ac
1408 1396 1584 1466 spolia
1633 1399 2005 1469 diripuerunt.

434 1486 693 1540 Reversis
726 1501 857 1557 ergo
894 1486 1142 1558 81.83
1167 1486 1201 1519 ⁸
1243 1502 1373 1560 rege
1409 1498 1464 1543 et
1501 1489 1774 1543 Bahramo
1812 1506 1905 1546 rex
1933 1491 2007 1545 illi

435 1582 598 1633 tiliam
636 1595 791 1633 suam
822 1589 1058 1647 nuptum
1091 1581 1263 1645 dedit,
1301 1596 1403 1636 nec
1435 1597 1545 1637 non
1593 1582 1699 1653 ipsi
1737 1581 1927 1637 Daibal
1955 1592 2010 1637 et

434 1671 657 1726 Mocran
699 1680 983 1741 terrasque
1018 1675 1226 1729 circum
1269 1674 1514 1743 jacentes
1545 1674 1600 1728 in
1630 1675 1851 1743 regione
1883 1674 2012 1729 Sin-

2118 482 2298 551 ipsum
2333 484 2631 555 profectus,
2656 500 2721 541 ac
2742 500 2865 540 cum
2892 502 2958 542 eo
2985 488 3275 561 disputans
3298 490 3684 552 validacontra

2115 574 2295 642 ipsum
2330 585 2648 647 argumenta
2681 580 2909 648 protulit
2942 580 3146 649 quibus
3194 585 3527 638 sententiam
3570 584 3685 647 ejus

2116 666 2397 722 reiutavit.
2460 668 2592 724 Dein
2640 671 2707 727 ad
2760 671 3081 729 Flavianum
3131 676 3501 746 patriarcham
3543 676 3684 731 Con-

2117 760 2665 832 stantinOpolitauum
2694 764 2973 833 proiectus
3004 769 3180 837 ipsum
3219 767 3286 824 de
3308 767 3607 843 Eutychete
3635 777 3687 824 et

2120 854 2413 907 sententiae
2442 853 2617 924 ipsius
2649 854 2884 911 falsitate
2913 861 3207 913 certiorem
3248 861 3399 925 fecit,
3444 876 3547 916 nec
3582 876 3688 914 non

2120 943 2301 1011 ipsum
2362 941 3001 1017 Constantinopolitauos
3070 947 3123 1004 in
3185 949 3353 1006 falsas
3402 951 3689 1021 opiniones

2117 1034 2380 1091 traxisse.
2435 1033 2729 1094 Flavianus
2777 1054 2911 1109 ergo
2943 1040 3256 1110 patriarcha
3298 1041 3690 1098 Constantino-

2116 1126 2398 1197 politanus
2432 1128 2501 1183 ad
2533 1128 2891 1200 Entychetem
2924 1133 3149 1189 mittens
3180 1135 3358 1203 ipsum
3399 1135 3692 1190 accersivit

2117 1227 2537 1293 cnuvocatoque
2564 1224 3045 1295 Constantinopoli
3092 1226 3324 1282 concilio
3358 1226 3689 1298 disputatio-

2119 1324 2244 1363 nem
2274 1324 2400 1365 cum
2433 1311 2555 1382 ipso
2585 1312 2798 1370 habuit.
2834 1314 2982 1371 Dixit
3015 1316 3271 1389 85-87
3295 1316 3330 1352 “
3362 1327 3544 1373 antem
3580 1317 3688 1372 Eu-

2115 1400 2352 1472 tychos:
2393 1401 2452 1458 Si
2500 1404 2805 1463 dixerimus
2855 1406 3079 1464 Christo
3107 1408 3248 1465 duas
3292 1424 3420 1466 esse
3464 1416 3691 1465 naturas

2114 1490 2261 1547 idem
2291 1507 2607 1552 asseremus
2638 1510 2763 1551 cum
2790 1494 3081 1565 Nestorio;
3111 1513 3299 1553 rerum
3330 1497 3569 1555 dicimus
3592 1514 3692 1554 nos

2114 1583 2400 1640 Christum
2430 1602 2554 1643 esse
2588 1595 2840 1644 naturam
2873 1605 3069 1656 unam,
3100 1596 3155 1645 et
3182 1593 3501 1660 personam,
3526 1607 3692 1647 unam

2116 1688 2243 1728 cum
2277 1676 2544 1731 consistat
2568 1676 2785 1732 duabus
2816 1680 3030 1735 naturis
3056 1692 3178 1750 qua:
3198 1676 3369 1751 [dum]
3395 1689 3555 1736 erant
3575 1689 3697 1737 ante

430 1768 536 1819 dire.
568 1767 811 1822 donavit.
870 1768 1104 1834 Rogavit
1149 1779 1331 1821 autem
1384 1769 1561 1835 ipsum
1615 1766 1921 1823 Bahramus
1953 1779 2013 1823 ιιι
2044 1762 2089 1821 Β
2121 1765 2383 1821 unionem
2416 1785 2431 1821 :
2464 1777 2522 1822 at
2562 1769 2655 1823 ubi
2696 1778 3041 1842 assumptum
3086 1778 3172 1826 est
3215 1784 3423 1842 corpus
3474 1774 3699 1828 recessit

434 1861 749 1925 conscripta
788 1862 1099 1930 syngrapha
1130 1870 1185 1914 et
1216 1862 1479 1915 adhibitis
1501 1860 1631 1915 facti
1665 1861 1754 1916 sui
1779 1862 2015 1917 testibus

434 1951 673 2022 iratum}
706 1953 841 2006 illud
871 1951 975 2020 ipsi
1005 1953 1229 2007 iaceret.
1264 1952 1419 2018 Quod
1450 1968 1574 2008 cum
1622 1952 1848 2009 iecisset
1898 1970 2011 2018 ret,

432 2060 691 2099 reversus
725 2047 778 2098 in
816 2060 1043 2110 regnum
1085 2060 1245 2099 suum
1287 2045 1614 2111 Bahramus,
1644 2047 1810 2117 jussit
1839 2048 2019 2119 regio-

438 2153 567 2187 num
602 2136 861 2201 islarum,
886 2152 1025 2204 quas
1053 2137 1156 2204 ipsi
1178 2138 1478 2191 donaverat
1508 2154 1628 2205 rex,
1650 2140 1883 2207 vectigal
1910 2140 2014 2197 sibi

435 2228 616 2282 reddi.
674 2228 860 2296 Neque
918 2228 1204 2284 desierunt
1244 2245 1435 2283 earnm
1471 2245 1605 2299 opes
1656 2232 1711 2287 in
1765 2230 2015 2287 Persium

438 2323 732 2390 asportari.
763 2321 969 2377 Ferunt
997 2330 1180 2379 autem
1216 2322 1507 2378 Persarum
1531 2324 1754 2392 quidam
1782 2325 2016 2380 Baltram

435 2414 570 2467 Jiur
657 2416 709 2467 in
764 2417 986 2468 tutelam
1031 2415 1261 2469 Numani
1312 2416 1471 2472 Ebuil
1512 2416 1755 2472 Mandari
1813 2417 2021 2473 Lacha-

433 2508 660 2560 micnsis
684 2508 827 2575 regis
847 2508 1088 2560 Arabum
1118 2509 1170 2560 in
1201 2508 1421 2562 deserto
1451 2508 1660 2575 fuisse;
1696 2511 2016 2581 ipsumque,

434 2614 561 2651 cum
599 2599 662 2650 ad
698 2597 1035 2652 Bahramum
1076 2601 1418 2666 pervenisset
1464 2602 1659 2655 mortis
1694 2602 2017 2674 Yazdejerdi

436 2691 616 2757 patris
648 2690 733 2744 sui
778 2692 959 2755 fama,
1000 2706 1122 2744 emn
1172 2692 1451 2746 Arabibus
1490 2691 1584 2761 qui
1633 2694 1813 2762 ipsum
1846 2697 2018 2750 secuti

436 2793 561 2836 sunt
598 2781 900 2850 profectum
937 2784 1112 2835 donec
1158 2782 1209 2834 in
1264 2784 1518 2837 Alsawad
1567 2794 1749 2839 castra
1804 2785 2019 2856 ﬁgeret,

436 2876 511 2928 ibi
538 2890 660 2929 cum
690 2873 979 2927 Persarum
1009 2875 1329 2942 proceribus
1361 2876 1427 2929 de
1450 2890 1617 2944 regno
1643 2860 2018 2944 contendisse,

439 2967 614 3020 donec
642 2963 733 3034 jus
762 2964 913 3019 illius
947 2964 1185 3018 confessi
1217 2981 1384 3033 regno
1411 2968 1587 3035 ipsum
1652 2967 2017 3037 praeficerem.

513 3056 781 3125 Regnavit
810 3071 942 3126 ergo
972 3055 1207 3110 Bahram
1248 3054 1405 3119 Jaur,
1454 3070 1574 3126 post
1607 3069 1813 3127 patrem
1855 3077 2017 3113 suum

2118 1854 2359 1911 dualltas
2397 1859 2504 1913 ista
2554 1872 2623 1916 ac
2670 1858 2849 1917 factus
2904 1872 2988 1919 est
3028 1875 3225 1920 natura
3274 1882 3428 1932 una,
3482 1880 3698 1934 unaque

2119 1963 2375 2018 persona.
2411 1950 2510 2005 Cui
2546 1953 2831 2023 respondit
2878 1952 3178 2014 Flavianus
3205 1958 3521 2029 patriarcha
3562 1957 3698 2013 Con-

2118 2041 2688 2111 SIantinopolitauus:
2726 2044 2784 2099 Si
2812 2058 2960 2103 esset
2983 2045 3243 2105 Christus
3294 2049 3397 2119 (uti
3428 2050 3698 2116 asseritis)

2119 2141 2318 2186 natura
2353 2150 2483 2198 una,
2522 2144 2637 2188 tum
2668 2146 2811 2192 esset
2843 2146 3040 2193 natura
3086 2154 3212 2208 quae
3248 2148 3452 2194 :rterna
3493 2138 3596 2192 fuit
3635 2139 3701 2194 de

2121 2236 2265 2277 novo
2304 2221 2487 2290 iacta;
2544 2225 2693 2294 quod
2744 2228 2790 2281 si
2826 2229 2919 2297 qui
2975 2241 3218 2285 aeternus
3270 2230 3394 2293 fuit,
3443 2230 3513 2288 de
3561 2246 3701 2285 novo

2120 2324 2276 2372 ortus
2310 2316 2405 2379 sit,
2439 2328 2550 2371 tum
2583 2325 2638 2371 et
2666 2318 2763 2388 qui
2798 2334 3080 2390 nunquam
3114 2337 3227 2377 non
3261 2322 3397 2389 iuit,
3435 2325 3578 2379 idem
3603 2323 3703 2376 alio

2120 2412 2344 2479 quando
2381 2428 2490 2467 non
2528 2414 2651 2469 fuit.
2689 2413 2847 2481 Quod
2884 2416 2932 2471 si
2967 2417 3183 2472 admitti
3217 2419 3395 2486 possit
3446 2426 3503 2472 ut
3556 2418 3699 2487 quod

2120 2514 2386 2561 aeternum
2418 2504 2541 2573 fuit,
2582 2506 2727 2561 idem
2758 2506 2827 2563 de
2859 2523 3005 2563 novo
3040 2508 3229 2570 fuerit.
3277 2512 3386 2565 erit
3432 2508 3578 2565 idem
3610 2510 3699 2578 qui

2123 2606 2235 2652 stat
2294 2597 2533 2666 sedens;
2598 2599 2746 2665 quod
2802 2600 3043 2655 calidum
3083 2610 3169 2656 est
3227 2601 3520 2669 frigidum;
3555 2600 3701 2670 quod

2124 2692 2507 2755 tenebrosum,
2554 2692 2835 2758 lucidum;
2886 2708 3015 2747 cum
3060 2691 3114 2746 id
3167 2700 3347 2763 genus
3391 2690 3704 2762 impossibi-

2123 2780 2268 2836 lihus
2297 2797 2418 2850 quas
2455 2781 2570 2835 ﬁeri
2602 2796 2709 2836 non
2739 2789 2917 2851 potest
2964 2790 3026 2837 ut
3066 2782 3475 2852 coniungantur
3506 2783 3561 2835 in
3593 2796 3689 2836 ea-

2124 2872 2246 2927 dem
2278 2872 2405 2945 [rei]
2438 2881 2613 2944 parte.
2650 2872 2840 2928 Noluit
2872 2879 3057 2928 tamen
3102 2874 3195 2926 ille
3228 2888 3259 2927 a
3298 2873 3577 2928 sententia
3606 2886 3704 2927 sua

2124 2964 2415 3027 recedere;
2466 2980 2642 3032 quare
2687 2963 3039 3018 anathemate
3091 2964 3246 3018 illum
3293 2964 3607 3034 percussit,
3655 2972 3710 3018 at

2124 3054 2605 3123 Constantinopoli
2660 3072 2769 3111 non
2819 3055 3052 3126 expulit,
3103 3055 3250 3126 quod
3292 3070 3413 3108 cum
3462 3054 3707 3109 medicus

444 3120 846 3218 Yazdejerdum
876 3120 961 3205 VP.
1012 3149 1292 3212 ltahrami,
1343 3152 1396 3203 in
1450 3120 1647 3205 i’ersas
1711 3152 2019 3208 octodecim
2047 3120 2091 3177 ϐ
2124 3154 2274 3202 esset
2307 3162 2374 3202 co
2400 3120 2652 3201 homines
2677 3160 2816 3215 opus
2843 3146 3131 3201 haberent.
3166 3142 3341 3199 Porro
3362 3142 3711 3200 Theodosius

441 3253 638 3300 annos,
666 3237 828 3307 idque
862 3252 1008 3291 anno
1022 3236 1565 3309 Tlteodosiijunioris
1582 3240 1897 3296 Crzecorum
1924 3244 2025 3295 int-

445 3329 719 3397 peratoris
762 3330 1069 3384 tricesimo.
1104 3331 1258 3384 Anno
1287 3341 1467 3387 autem
1502 3334 1763 3387 vicesimo
1792 3336 2025 3403 septimo

441 3423 595 3489 regni
631 3419 927 3476 Theodosii
986 3420 1362 3477 Rmuanornm
1412 3425 1761 3495 imperatoris
1810 3427 2023 3481 consti—

446 3522 601 3568 tutus
632 3524 717 3570 est
746 3515 947 3569 Sestus
978 3515 1292 3584 patriarcha
1331 3516 1645 3585 Romanus;
1682 3536 1857 3574 annos
1900 3529 2026 3574 octo

444 3605 603 3669 sedit,
654 3606 778 3659 dein
838 3617 1088 3661 mortuus
1119 3618 1222 3662 est.
1280 3610 1437 3663 Anno
1464 3610 1712 3676 ejusdem
1747 3612 2026 3667 tricesimo

445 3696 642 3764 quinto
696 3696 877 3751 fartus
920 3706 1004 3750 est
1057 3697 1166 3752 Leo
1216 3700 1530 3767 patriarcha
1568 3697 1875 3763 Romanus,
1932 3702 2025 3769 qui

447 3801 625 3842 annos
655 3788 851 3856 viginti
883 3804 1052 3841 unum
1089 3788 1251 3851 sedit,
1306 3789 1432 3842 dein
1468 3800 1721 3845 mortuus
1758 3801 1861 3844 est.
1898 3790 2028 3861 Ejus

448 3876 784 3944 prmiecturzc
821 3894 966 3931 anno
998 3894 1145 3931 nono
1199 3878 1303 3932 iuit
1348 3880 1645 3933 concilium
1682 3892 1938 3948 quartum
1973 3886 2025 3936 in

452 3972 588 4026 urbe
636 3970 807 4041 84*
848 3970 1217 4025 Chalcedone.
1297 3976 1458 4025 Anno
1518 3974 1778 4028 vicesimo
1837 3986 2029 4031 octavo

450 4078 477 4114 r
514 4064 604 4129 gni
629 4060 927 4115 Theodosii
964 4063 1303 4115 constitutus
1324 4072 1403 4117 est
1430 4061 1699 4118 Domnius
1720 4066 2028 4133 patriarcha

451 4153 831 4207 Antiochenus
869 4152 961 4219 qui
1020 4169 1197 4208 annos
1232 4154 1421 4222 viginti
1470 4172 1637 4208 unum
1687 4158 1849 4223 sedit,
1902 4158 2028 4213 dein

453 4254 706 4299 mortuus
741 4251 846 4299 est.
890 4245 1047 4298 Anno
1096 4245 1247 4312 regni
1283 4246 1528 4313 ejusdem
1563 4250 1845 4305 tricesimo
1880 4266 2027 4305 nono

455 4340 797 4392 constitutus
845 4346 928 4391 est
965 4336 1259 4391 Flavianus
1294 4339 1601 4407 patriarcha
1631 4342 2027 4397 Constantino-

454 4430 754 4496 politanus,
789 4430 882 4497 qui
937 4443 1061 4482 cum
1110 4429 1332 4482 biennio
1363 4430 1597 4486 sedisset
1632 4442 1882 4488 mortuus
1909 4443 2013 4489 cst.
2053 4455 2107 4515 ι)

458 4522 572 4575 lloc
598 4524 762 4575 etiam
798 4536 944 4575 anno
975 4521 1152 4575 iactus
1183 4532 1269 4577 est
1310 4521 1609 4579 Dioscorus
1641 4523 1887 4580 Jacobita
1934 4542 2029 4597 pa-

457 4614 698 4667 triarcha
731 4612 1154 4679 Alexandrinus,
1187 4614 1282 4681 qui
1305 4630 1427 4668 cum
1460 4632 1555 4672 ses
1586 4631 1764 4673 annos
1794 4619 2031 4676 sedisset

456 4706 808 4760 anathemate
846 4704 1099 4771 devotus,
1153 4722 1211 4761 et
1257 4707 1313 4762 in
1369 4709 1620 4763 exsilium
1671 4713 1867 4781 pulsus
1922 4724 2030 4773 est.

460 4796 585 4850 Fuit
615 4812 746 4853 vero
792 4798 1272 4871 Constantinopoli
1313 4802 1618 4857 monachus
1664 4804 1888 4873 quidam
1918 4823 2033 4863 me-

459 4888 619 4940 dicus
674 4889 900 4944 nomine
954 4890 1227 4959 Eutychos
1284 4891 1380 4962 qui
1434 4895 1677 4949 asseruit
1735 4911 1844 4951 non
1907 4913 2035 4954 esse

458 4978 681 5034 Christo
726 4994 930 5047 corpus
984 4982 1230 5049 ejusdem
1280 4999 1407 5039 cum
1453 4988 1781 5055 corporibus
1829 4990 2035 5045 nostris

464 5079 697 5131 naturae.
720 5071 1117 5143 Christumque
1142 5075 1732 5132 anteincarnationem
1763 5092 1793 5132 c
1819 5077 2036 5131 duabus

461 5164 783 5218 constitisse
802 5164 1032 5231 naturis,
1056 5176 1178 5235 post
1197 5169 1634 5225 incarnationem
1664 5179 1845 5224 autem
1870 5185 2033 5223 unam

462 5254 771 5327 [habuisse]
808 5266 1083 5313 naturam.
1119 5258 1323 5329 (Atque
1356 5259 1471 5314 haec
1515 5262 1785 5317 sententia
1815 5257 2036 5315 Jacobi—

462 5354 657 5411 tarum,
691 5352 849 5418 cujus
874 5360 1065 5405 auctor
1102 5350 1202 5405 fuit
1233 5352 1535 5409 monachus
1556 5352 1659 5409 iste
1693 5350 2029 5423 Eutychos.)

2126 3250 2221 3290 rex
2252 3235 2397 3290 idem
2426 3252 2548 3290 cum
2586 3236 2889 3307 Eutychcte
2922 3235 3119 3291 sensit.
3164 3234 3441 3305 Eutycch
3482 3247 3617 3304 ergo
3647 3250 3711 3289 se

2127 3327 2270 3393 apud
2296 3324 2663 3381 Theodosium
2694 3340 2872 3394 regem
2898 3322 3200 3379 deiendens
3219 3324 3360 3379 dixit
3384 3324 3707 3379 Flavianum

2127 3420 2306 3487 ipsum
2344 3417 2546 3489 injuria
2604 3418 3142 3480 excommunicasse,
3175 3430 3359 3485 regem
3414 3429 3615 3484 rogans
3646 3424 3706 3469 ut

2127 3507 2351 3581 scriptis
2405 3506 2472 3563 ad
2519 3523 2713 3563 omnes
2755 3506 3104 3575 patriarchas
3137 3506 3359 3572 litteris,
3411 3505 3706 3561 convenire

2126 3611 2183 3657 et
2218 3604 2285 3654 de
2315 3615 2383 3655 eo
2430 3600 2577 3668 quod
2614 3600 2719 3670 ipsi
2771 3598 3097 3667 contigisset
3160 3598 3464 3668 disquirere
3505 3596 3707 3669 [iube-

2129 3693 2260 3764 ret].
2311 3693 2543 3761 Scripsit
2574 3706 2705 3761 ergo
2732 3705 2825 3746 rex
2855 3700 2971 3746 tum
3016 3691 3085 3746 ad
3126 3690 3443 3746 Dioscorum
3471 3692 3709 3760 patriar-

2130 3788 2288 3841 cham
2341 3783 2794 3845 Alexandrinum,
2848 3794 2962 3838 tum
3009 3782 3076 3837 ad
3129 3782 3421 3840 Domnium
3472 3782 3709 3853 patriar-

2129 3881 2289 3931 eltam
2327 3875 2498 3947 88*
2544 3874 2973 3937 Antiochenam.
3017 3888 3119 3931 nec
3165 3890 3276 3930 non
3327 3872 3565 3930 Leonem
3615 3889 3708 3943 pa-

2131 3969 2427 4023 triarcltam
2469 3967 2799 4033 Romanum,
2850 3978 2903 4022 et
2947 3965 3297 4023 Iuvenalium
3341 3966 3708 4037 patriarcham

2132 4060 2696 4127 liierosolymitanum
2771 4066 2833 4113 ut
2889 4073 3000 4113 una
3066 4074 3195 4113 cum
3259 4057 3535 4129 episcopis
3593 4059 3709 4113 suis

2132 4151 2462 4206 accederent
2504 4158 2563 4204 ut
2610 4150 2677 4203 de
2714 4148 3040 4221 Eutychetis
3070 4146 3291 4219 negotio
3318 4148 3706 4218 disquirerent.

2132 4243 2238 4309 Qui
2272 4258 2405 4313 ergo
2438 4241 2638 4313 Ephesi
2672 4249 3075 4296 convenerunt.
3113 4240 3294 4311 Atque
3321 4246 3408 4295 est
3436 4240 3545 4296 hoc
3574 4253 3709 4295 con-

2135 4336 2323 4390 cilium
2359 4334 2663 4389 secundum
2709 4333 2909 4402 Ephesi
2934 4333 3208 4395 habitum,
3241 4331 3403 4401 cujus
3446 4329 3707 4403 presides

2133 4439 2289 4483 erant
2323 4429 2621 4482 Dioscorus
2646 4426 2961 4495 patriarcha
2995 4426 3425 4491 Alexandrinus,
3449 4424 3709 4479 Domnius

2134 4521 2452 4595 patriarcha
2478 4519 2879 4585 Antiochenus,
2901 4516 3222 4573 Juvenalius
3252 4518 3562 4589 patriarcha
3589 4516 3709 4571 Ilie-

2132 4613 2595 4686 rosolymitanus,
2637 4621 2694 4666 et
2741 4611 2985 4681 deputati
3015 4610 3216 4667 Leonis
3250 4611 3577 4681 patriarcha
3609 4612 3710 4666 tto-

2138 4706 2313 4762 mani.
2370 4705 2762 4783 pisceptarunt
2798 4718 2929 4773 ergo
2957 4702 3027 4758 de
3050 4718 3121 4759 eo
3156 4702 3304 4773 quod
3356 4704 3503 4758 inter
3546 4702 3712 4771 Euty-

2138 4802 2355 4855 chetem
2411 4806 2467 4854 et
2524 4795 2821 4853 Eusebium
2895 4795 3127 4852 Doraliat
3183 4794 3504 4867 episcopum
3556 4804 3711 4865 atque

2142 4892 2465 4948 Flavianum
2500 4889 2874 4961 patriarcbam
2917 4888 3591 4959 ConstantinOpolitannm
3633 4888 3711 4941 in-

2142 4992 2500 5041 tercesserat.
2524 4981 2818 5038 Dioscorus
2838 4988 3021 5036 autem
3039 4979 3386 5035 Alexandria
3405 4979 3711 5050 patriarcha

2143 5074 2469 5147 Eutychetis
2500 5073 2832 5127 sententiam
2867 5071 3205 5127 conﬁrmans
3246 5069 3573 5125 Flavianum
3627 5083 3712 5138 pa-

2141 5168 2438 5226 triarcham
2484 5165 3156 5236 Constantinopolitanutn
3184 5173 3241 5222 et
3293 5164 3595 5221 Eusebium
3622 5162 3715 5217 Do-

2140 5262 2293 5319 ralia:
2322 5260 2646 5331 episcopum
2671 5255 3190 5313 excommunicauit.

2217 5348 2563 5407 Obstiterunt
2601 5362 2736 5404 vero
2786 5345 3051 5404 Domnius
3079 5343 3398 5417 patciarcha
3429 5343 3714 5400 Antioche-

523 5570 588 5628 (⁸)
627 5569 726 5639 tias
764 5572 967 5639 paginas
990 5570 1181 5639 eisdem
1222 5576 1459 5639 numeris;
1498 5586 1756 5636 perperam
1815 5570 2325 5639 preenotalas‘quibus
2348 5571 2693 5639 prmedentes
2733 5568 3063 5639 distinctionis
3081 5578 3203 5639 ergo
3227 5560 3712 5639 asteriscoJurn'ltic

460 5637 563 5698 tum
596 5630 716 5698 alias
740 5627 789 5683 tn
814 5627 977 5683 i'ndice
997 5634 1412 5698 subsignavitnus.
1446 5627 1575 5689 idem
1591 5627 1649 5687 ἰιι
1685 5627 1907 5687 numeris
1928 5635 2139 5687 ιιδ-ιδῦ
2154 5627 2467 5688 commissum
2488 5630 2721 5683 similiter
2741 5629 3075 5683 indicavimus.
3112 5629 3253 5690 Quod
3277 5627 3441 5679 semul
3462 5630 3709 5678 nouisse

464 5696 587 5743 satis
603 5695 682 5744 sit.
