3976 6168
222 332 367 399 1053

1673 341 2051 406 ANNALES.

3356 351 3493 420 105i

213 466 343 517 nus,
394 451 719 545 Jttvenalius
755 454 1308 545 llierocolymitanus,
1348 456 1659 514 lliordastus
1689 463 1799 513 Λιι-
1828 462 1874 519 Δ
1908 469 2055 537 quod
2107 468 2358 537 ejusdem
2410 469 2719 525 doctrinam
2764 470 3055 541 amplexus
3088 479 3257 537 esset,
3300 483 3354 527 (ιι
3400 487 3502 545 pa-

213 556 359 612 cyne
390 543 711 613 episcopus,
745 553 801 600 et
824 548 933 600 Asa
962 544 1263 612 Rohensis,
1299 563 1423 603 cum
1466 548 1654 604 multis
1680 550 1806 605 aliis

210 635 511 706 episcOpis,
559 652 660 694 nec
709 656 825 693 non
885 640 1166 712 deputatis
1219 641 1420 699 Leonis
1473 644 1807 713 patriarchae

212 730 475 795 Romani,
516 729 781 789 Dioscoro
822 735 1155 802 patriarchae
1203 736 1582 793 Alexandrino
1630 740 1685 795 in
1740 756 1807 796 eo

209 824 360 899 quod
396 824 549 888 fecit.
578 837 633 884 et
687 831 1013 884 sententiam
1047 830 1217 902 ipsius
1266 841 1325 888 ut
1380 833 1675 889 absurdam
1708 835 1809 892 da-

210 918 1013 977 mnarunt.Excommunicavit
1047 939 1176 994 ergo
1222 924 1369 992 ipsos
1411 926 1727 993 Dioscorus,
1752 936 1807 983 et

206 1009 279 1066 ad
295 1008 541 1067 Leonem
572 1014 948 1083 patriarcham
976 1013 1287 1072 Romanum
1315 1026 1370 1074 et
1398 1018 1463 1074 ad
1487 1021 1806 1078 sacerdotes

206 1103 531 1175 complures
564 1106 789 1177 scripsit
838 1122 949 1176 quo
989 1108 1139 1179 ipsos
1189 1113 1704 1170 excommunicaret
1749 1124 1807 1171 et

206 1206 567 1255 sacramento
597 1200 961 1256 interdiceret
989 1203 1096 1259 nisi
1133 1200 1459 1275 Eutychetis
1486 1205 1803 1276 Opinionem

211 1294 708 1364 amplecterentur,
745 1302 912 1364 atque
970 1294 1026 1350 in
1077 1295 1180 1351 hac
1235 1298 1509 1354 sententia
1557 1298 1625 1355 ab
1672 1300 1807 1355 urbe

208 1383 433 1455 Epheso
472 1401 728 1443 reversus
760 1395 866 1451 est,
907 1387 1077 1459 idque
1121 1404 1267 1443 anno
1305 1390 1458 1461 regni
1508 1390 1806 1449 Theodosii

202 1478 459 1551 89-91
492 1478 741 1537 Junioris
768 1479 1216 1552 Quadragesimo,
1253 1481 1399 1538 unde
1430 1494 1689 1553 corrupta
1719 1495 1807 1542 est

204 1573 381 1640 ﬁdes;
421 1573 638 1643 fuitque
687 1574 826 1631 fides
874 1582 930 1631 et
976 1579 1255 1632 sententia
1311 1575 1469 1648 [qure
1524 1577 1803 1651 obtinuit]

208 1667 486 1724 sententia
554 1666 916 1740 Eutychetis,
986 1670 1267 1741 praecipue
1334 1671 1389 1724 in
1461 1669 1702 1742 Egypto
1751 1682 1807 1728 et

204 1759 596 1827 Alexandria;
657 1761 1029 1832 eamdemque
1090 1762 1419 1835 Eutychetis
1473 1766 1802 1819 sententiam

1913 563 2186 618 triarchas
2239 563 2563 619 demortnos
2613 565 3173 627 cxcommnnicasset,
3210 573 3267 618 et
3296 579 3407 634 quo
3442 562 3507 619 ﬂ-

1908 656 2033 713 dcm
2085 658 2475 712 confirmarent
2515 669 2676 725 quam
2740 654 3033 711 ediderant
3091 658 3199 711 tria
3259 658 3501 711 concilia

1910 759 2120 810 sancta.
2180 750 2576 807 Convenerunt
2630 751 2799 820 igitur
2860 748 3196 806 Chaleedoni
3254 752 3499 819 episcopi

1909 844 2157 902 sexcenti
2212 843 2459 914 triginta.
2508 841 2727 897 Primas
2775 842 2832 896 in
2865 841 3104 896 concilio
3138 842 3500 896 obtinuerunt

1908 938 2198 995 Anatolius
2218 938 2531 1009 patriarcha
2552 935 2800 1007 93-95
2822 935 3245 1002 Constantinop,
3271 935 3498 991 Matini.

1907 1034 2305 1094 Antiochenus.
2346 1042 2402 1086 et
2444 1030 2722 1085 Bullavius
2753 1028 3124 1103 [Iuvenalius]
3176 1028 3496 1098 Hierosoly-

1908 1128 2172 1184 ntitanus.
2211 1125 2319 1181 Leo
2346 1134 2527 1181 autem
2561 1123 2877 1195 patriarcha
2924 1123 3205 1181 Romanus
3256 1122 3322 1178 ad
3358 1120 3499 1176 Mar-

1906 1219 2130 1275 cianum
2171 1217 2561 1288 imperatorem
2604 1217 2672 1270 de
2709 1214 2814 1271 fide
2842 1215 3172 1278 orthodoxa,
3225 1213 3329 1269 title
3361 1213 3497 1267 Mel-

1909 1311 2208 1374 chitarum,
2264 1309 2549 1375 scribens,
2602 1309 2892 1379 epistolam
2945 1323 3044 1379 per
3091 1307 3431 1362 sacerdotem
3466 1321 3498 1358 ιι

1910 1402 2206 1472 discipulis
2234 1403 2353 1458 suis
2378 1402 2668 1472 quemdam
2702 1402 2927 1458 nomine
2954 1398 3296 1455 Bonifacium
3326 1398 3493 1466 misit,

1906 1512 2074 1569 quam
2104 1494 2308 1551 deinde
2341 1493 2660 1549 Marcianus
2693 1494 2996 1564 imperator
3021 1510 3117 1563 per
3152 1491 3494 1546 Bonifacium

1909 1590 2262 1647 sacerdotem
2319 1588 2722 1644 Chalcedonem
2774 1589 2925 1643 misit
2974 1586 3051 1641 ad
3093 1587 3384 1655 episcopos
3419 1585 3495 1639 ibi

1908 1690 2299 1754 congregatos,
2334 1680 2429 1754 qui
2461 1680 2807 1736 Bonifacium
2845 1696 3075 1734 mtmero
3107 1689 3495 1735 sexcmtortlm

1912 1777 2132 1845 triginta
2163 1784 2588 1830 accensuernnt.
2620 1774 2976 1842 Fueruntque
3009 1776 3060 1826 in
3080 1772 3313 1827 concilio
3331 1770 3498 1827 disci-

202 1852 498 1924 amplcxus
528 1862 615 1908 est
643 1851 995 1912 Theodosius
1028 1856 1353 1925 imperator.
1379 1854 1555 1924 Cujus
1583 1854 1798 1924 imperii
1833 1839 1877 1899 Β
1908 1839 2021 1936 puli
2048 1862 2323 1934 Euthymii
2357 1864 2539 1919 sancti
2576 1839 3203 1935 Stephanusepiseopus
3229 1863 3493 1929 Barabiae,

200 1957 354 1999 anno
379 1945 808 2014 quadragesimo
840 1956 1093 2003 mortuus
1139 1956 1225 2002 est
1256 1945 1547 2001 Flavianus
1574 1948 1805 2017 patriar~

203 2039 313 2092 eha
334 2036 1013 2109 Constantinopolitanus,
1039 2055 1201 2111 quem
1226 2041 1806 2095 excommunicaverat

202 2126 513 2186 Dioscorus
545 2145 559 2183 :
591 2132 682 2186 cui
707 2130 762 2186 in
784 2132 1159 2203 patriarcham
1184 2131 1805 2203 ConstantinOpolitano

204 2222 481 2279 sull’ectus
518 2234 603 2281 est
628 2224 1006 2291 Athanasius,
1066 2225 1161 2297 qui
1215 2240 1342 2279 cum
1392 2240 1569 2281 annos
1605 2238 1800 2281 novem

200 2313 472 2383 sedisset,
496 2326 755 2374 mortuus
779 2326 888 2374 est.
912 2317 1047 2389 Ejus
1072 2318 1410 2385 prarfecturae
1438 2334 1584 2374 anno
1601 2332 1802 2390 quarto

200 2407 309 2463 fuit
343 2410 641 2465 concilium
677 2417 937 2482 quartum
966 2414 1019 2466 in
1057 2412 1192 2468 urbe
1226 2413 1595 2469 Chalcedone.
1627 2412 1802 2470 Porro

199 2517 357 2557 anno
392 2504 546 2574 regni
604 2501 898 2559 Theodosii
952 2496 1381 2575 quadragesimo
1418 2506 1596 2576 primo
1651 2521 1797 2563 mor-

198 2601 337 2649 tuus
397 2604 482 2650 est
522 2595 791 2650 Domnins
847 2597 1162 2667 patriarcha
1211 2598 1589 2655 Antiochenns
1631 2614 1795 2670 quem

202 2690 787 2745 excommunicaverat
845 2691 1179 2758 Dioscorus,
1235 2694 1684 2763 constitutusque
1715 2702 1799 2749 est

199 2793 333 2853 post
363 2782 547 2852 ipsum
580 2782 889 2852 patriarcha
924 2783 1129 2839 ibidem
1168 2784 1462 2849 Maximus,
1492 2787 1586 2855 qui
1620 2799 1797 2840 annos

196 2882 445 2943 quatuor
477 2875 643 2939 sedit,
676 2873 805 2929 dein
840 2882 1098 2931 mortuus
1126 2886 1232 2931 est.
1283 2875 1417 2948 Ejus
1455 2874 1795 2948 prmfecturte

196 2983 353 3022 anno
397 2970 567 3022 tertio
622 2967 726 3023 fuit
770 2970 1070 3023 concilium
1125 2979 1381 3039 quartum
1435 2971 1791 3027 Chalcedoni.

197 3057 332 3114 Fuit
391 3068 577 3115 autem
625 3059 941 3117 Theodosio
988 3062 1310 3133 imperatori
1378 3078 1521 3118 uxor
1568 3064 1792 3120 nomine

198 3150 491 3219 Eudocia;
527 3169 766 3223 cumque
824 3154 1147 3224 imperatori
1202 3156 1467 3212 donatum
1516 3168 1663 3213 esset
1694 3172 1788 3227 po-

195 3263 354 3304 ntum
406 3256 654 3316 tempore
696 3263 808 3316 quo
859 3262 967 3301 non
1023 3250 1394 3319 reperirentur
1441 3265 1625 3319 poma,
1674 3250 1793 3319 ipse

194 3339 339 3396 illud
377 3340 634 3395 Eudociae
664 3340 823 3393 uxori
856 3339 1028 3406 dedit,
1060 3350 1119 3395 at
1149 3357 1275 3396 cum
1313 3354 1496 3409 postea
1538 3344 1627 3399 die
1650 3359 1792 3414 qno-

193 3432 328 3485 dam
364 3432 591 3488 domum
647 3432 867 3502 patricii
900 3432 1188 3502 cujusdam
1239 3435 1549 3503 ingressus,
1579 3438 1653 3492 ibi
1692 3453 1793 3507 po-

198 3540 353 3579 mum
393 3524 542 3579 istud
577 3525 901 3594 reperisset,
934 3540 1079 3596 aegre
1103 3525 1394 3581 admodum
1423 3529 1551 3583 illud
1578 3528 1792 3597 habuit,

197 3616 544 3685 tristitiaque
578 3614 808 3670 allectus
838 3625 944 3681 est,
993 3617 1307 3685 suspicatus
1354 3633 1581 3672 uxorem
1625 3634 1782 3675 suam

200 3712 505 3768 Eudociam
538 3711 778 3785 patricio
812 3712 901 3767 isti
932 3710 1251 3768 amiciorem
1283 3727 1429 3768 esse.
1461 3710 1639 3782 Ipsam
1661 3725 1794 3782 ergo

199 3803 581 3877 Hierosolyma
622 3805 910 3874 relegavit.

277 3898 497 3953 Mortuo
537 3895 852 3953 Theodosio
911 3897 1144 3952 .luniore
1193 3895 1510 3956 Graecorum
1561 3896 1794 3968 impera-

195 4000 348 4057 tore,
383 3990 493 4061 92
533 3989 825 4059 imperavit
882 3988 1022 4057 ipsis
1070 3987 1386 4044 Marcianus
1435 4003 1612 4044 annos
1661 4003 1795 4051 sex,

203 4085 371 4154 idque
393 4096 543 4137 anno
567 4082 721 4153 regni
748 4079 1106 4150 Yazdejerdis
1136 4079 1175 4133 f.
1207 4080 1464 4136 Bahrami
1500 4079 1794 4135 Persarum

200 4175 351 4247 regis
384 4174 605 4231 decimo
640 4184 864 4243 quarto.
903 4172 1002 4230 Ubi
1043 4185 1227 4228 autem
1260 4188 1430 4242 regno
1472 4173 1681 4243 potitus
1711 4180 1796 4227 est

200 4265 544 4332 Ilarcianus,
601 4266 994 4322 convenientes
1049 4280 1116 4321 ex
1164 4266 1426 4320 omnibus
1475 4265 1797 4335 regionibus

196 4360 476 4433 episcopi.
527 4359 745 4431 ipsique
788 4359 1081 4430 imperium
1134 4359 1379 4416 faustum
1434 4358 1795 4429 comprecati,

198 4460 400 4509 notum
430 4450 534 4523 ipsi
561 4452 812 4507 fecerunt
836 4466 1001 4521 quam
1031 4452 1217 4521 inique
1237 4452 1442 4517 egisset
1499 4449 1794 4505 concilium

1905 1965 1963 2013 et
1990 1956 2229 2013 Joannes
2256 1958 2553 2028 episcopus
2594 1956 2985 2013 Barbarorum.
3034 1955 3136 2010 Ubi
3192 1971 3325 2027 ergo
3358 1972 3493 2012 con-

1906 2063 2197 2115 venerant,
2233 2051 2288 2106 in
2318 2048 2616 2107 falsitatem
2658 2052 2946 2107 sententiae
2983 2050 3227 2106 Dioscori
3260 2051 3496 2115 patriar-

1903 2144 2026 2202 cha:
2075 2144 2430 2199 Alexandrini
2480 2144 2912 2214 lnquisiverunt,
2966 2153 3019 2198 ct
3056 2143 3185 2212 quid
3238 2144 3306 2199 de
3353 2143 3497 2197 facto

1906 2237 2083 2308 ipsius
2106 2234 2251 2305 quod
2278 2233 2602 2308 Eutychetis
2624 2235 2954 2289 sententiam
2980 2235 3265 2302 amplexus
3292 2236 3494 2299 fuerat,

1904 2338 1956 2385 et
1985 2330 2042 2383 in
2078 2328 2281 2399 ipsum,
2308 2342 2530 2400 unaque
2564 2328 2617 2382 in
2657 2324 3038 2398 Eutychetem,
3073 2329 3363 2380 anallwma
3397 2326 3493 2380 de—

1903 2422 2255 2487 nuntiarunt,
2296 2429 2628 2484 statuentes,
2672 2420 2963 2475 Dominum
3004 2429 3252 2474 nostrum
3303 2419 3492 2474 Iesum

1901 2513 2184 2570 Christum
2225 2513 2395 2571 Deum
2428 2528 2553 2569 esse
2586 2523 2644 2569 et
2684 2513 2986 2579 hominem,
3034 2514 3325 2583 ipsumque
3349 2514 3494 2581 ejus-

1900 2604 2029 2660 dem
2060 2620 2189 2662 esse
2214 2603 2472 2661 essentia:
2499 2618 2627 2658 cum
2656 2601 2819 2657 Patre
2845 2604 2993 2674 quod
3026 2603 3091 2657 ad
3120 2605 3491 2668 divinitatem,

1899 2697 2258 2770 ejusdemque
2281 2712 2407 2753 cum
2440 2696 2600 2753 nobis
2624 2697 2770 2766 quod
2798 2698 2866 2751 ad
2892 2697 3309 2761 humanitatem,
3339 2703 3492 2750 utra-

1898 2806 2003 2862 que
2032 2798 2229 2845 natura
2252 2788 2519 2858 agnitum,
2547 2788 2851 2858 perfectura
2876 2788 2931 2841 in
2951 2787 3240 2841 divinihte
3276 2802 3395 2849 sua,
3426 2793 3482 2837 et

1899 2883 2202 2955 perfectum
2233 2882 2649 2938 inhumanitate
2678 2897 2801 2941 sua.
2832 2881 3108 2935 Christum
3136 2895 3324 2934 unum.
3350 2880 3491 2932 Con-

1899 2977 2297 3047 flrmaruntque
2336 2974 2643 3030 doctrinam
2674 2972 3061 3044 episcoporum
3111 2980 3484 3027 trecentorum

1896 3066 2203 3123 octrdecim
2228 3065 2321 3135 qui
2356 3065 2559 3121 Nicme
2584 3072 2981 3128 convenerunt,
3018 3062 3252 3133 amplexi
3281 3061 3489 3115 dictum

1896 3163 2176 3231 ipsorum;
2214 3174 2337 3215 esse
2367 3159 2583 3214 scilicet
2613 3158 2815 3213 Filium
2859 3157 3008 3212 Patri
3040 3155 3490 3219 cocssential'em,

1898 3252 2082 3309 lumen
2113 3250 2183 3307 de
2215 3234 2447 3316 lumine,
2479 3248 2649 3304 Deum
2683 3265 2871 3304 verum
2922 3250 2989 3304 de
3023 3249 3135 3305 Deo
3169 3265 3319 3311 vero,
3356 3263 3493 3301 aua-

1900 3346 2083 3400 thema
2131 3345 2296 3400 etiam
2334 3343 2591 3400 dixerunt
2636 3344 2748 3413 96
2791 3343 2943 3405 Ario,
2992 3350 3044 3395 et
3094 3344 3491 3395 coniirmarnnt

1897 3437 2203 3491 doctrinam
2260 3437 2485 3492 concilii
2540 3435 2771 3491 secundi
2824 3446 3040 3490 centum
3089 3432 3489 3502 quinquaginta

1896 3528 2287 3598 episcoporum
2339 3525 2960 3595 quijConstantinopoli
3006 3537 3197 3578 contra
3239 3522 3490 3578 Macedo-

1904 3621 2058 3677 nium
2100 3630 2495 3685 convenerant,
2570 3631 2883 3675 asserentes
2929 3618 3193 3686 Spiritum
3237 3627 3489 3670 sanctum

1900 3730 2022 3770 esse
2076 3714 2274 3778 Deum,
2316 3728 2551 3783 esseque
2602 3712 2819 3769 Patrem
2869 3708 3069 3765 Filium
3117 3721 3173 3765 et
3222 3709 3490 3778 Spiritum

1898 3816 2153 3863 sanctum
2208 3806 2378 3862 Deum
2430 3819 2622 3871 unum,
2654 3819 2814 3858 unam
2870 3813 3152 3863 naturam,
3207 3811 3320 3857 tres
3366 3816 3486 3871 pcr-

1898 3915 2087 3963 sonas.
2132 3906 2187 3953 et
2232 3907 2347 3953 tres
2371 3895 2717 3967 hypostases.
2746 3893 3128 3950 Macedoninm
3160 3892 3326 3948 etiam
3355 3905 3489 3946 ana-

1900 3992 2353 4046 thematizarunt.
2380 3987 2791 4044 Conﬁrmarunt
2819 3988 2986 4042 etiam
3017 3986 3327 4041 doctrinam
3356 3998 3488 4038 con-

1898 4085 2011 4139 cilii
2044 4084 2219 4147 tertii,
2251 4097 2445 4137 eorum
2495 4096 2693 4153 nempe
2745 4082 2837 4150 qui
2893 4079 3095 4150 Ephesi
3149 4079 3322 4147 prima
3373 4078 3488 4133 vice

1899 4184 2326 4242 convenerant,
2366 4174 2623 4230 videlicet
2664 4174 3053 4243 episcoporum
3102 4172 3488 4236 ducentorum,

1896 4282 2090 4325 contra
2112 4268 2471 4336 Nestorium;
2511 4268 2762 4324 dicentes
2807 4259 3039 4323 Mariam.
3078 4265 3354 4337 Virginem
3400 4279 3489 4333 pe-

1901 4363 2115 4434 perisse
2146 4362 2340 4424 Deum,
2376 4360 2671 4416 Dominum
2708 4370 2956 4414 nostrum
2992 4356 3181 4437 Jesum
3205 4356 3487 4413 Christum

1900 4455 1997 4528 qui
2032 4454 2281 4524 ejusdem
2339 4462 2427 4509 est
2481 4470 2608 4509 cum
2648 4454 2811 4509 Patre
2852 4468 2957 4509 suo
3007 4464 3219 4507 natura:
3249 4450 3486 4515 divinae,

194 4542 509 4602 semiudum
558 4542 923 4614 Ephesinum,
957 4551 1011 4597 et
1044 4543 1178 4613 quid
1231 4543 1454 4597 fecisset
1494 4541 1794 4598 Dioscorus
1826 4570 1874 4628 ι)
1902 4547 2154 4617 ejusdem
2195 4563 2321 4603 cum
2364 4548 2687 4602 hominibus
2715 4555 2926 4601 natura:
2959 4546 3234 4608 humanae,
3263 4558 3328 4598 ac
3358 4558 3479 4598 con»

200 4634 523 4706 patriarcha
570 4635 999 4701 Alexandrinus,
1040 4634 1541 4690 excommunicatis
1590 4635 1794 4706 injuria

199 4725 539 4799 patriarchis
571 4730 663 4799 qui
696 4729 900 4783 mortui
934 4728 1177 4794 fuerant,
1211 4738 1267 4781 et
1307 4728 1637 4783 sententiam
1679 4727 1792 4783 Eu-

202 4820 447 4895 tychetis
481 4820 719 4878 infidelis
748 4822 1033 4893 amplexus
1079 4836 1307 4891 eamque
1350 4831 1408 4874 ut
1442 4834 1627 4876 veram
1655 4836 1793 4878 con-

202 4916 461 4978 ﬁrmans,
504 4924 561 4970 et
601 4915 881 4988 quomodo
926 4915 1090 4971 fidem
1136 4924 1193 4970 et
1246 4915 1575 4971 traditiones
1610 4930 1795 4972 corru-

201 5006 400 5077 pisscl,
444 5007 583 5064 adeo
620 5019 676 5061 ιιι
705 5008 1029 5065 Eutvchetis
1053 5008 1328 5063 sententia
1355 5010 1500 5079 apud
1544 5007 1793 5065 homines

202 5101 595 5157 int-alesccret.
654 5098 833 5157 Iussit
896 5118 1030 5174 ergo
1094 5100 1411 5158 Marcianus
1466 5118 1561 5156 rex
1624 5100 1792 5157 scribi

204 5195 424 5249 litteras
460 5193 527 5248 ad
561 5193 804 5260 Leonem
847 5195 1223 5266 patriarcham
1255 5194 1589 5259 Romanum,
1626 5194 1795 5248 Maxi-

202 5304 354 5343 mum
395 5288 767 5359 patriarcham
800 5289 1202 5345 Antiochcnum
1232 5299 1287 5345 et
1317 5289 1621 5345 Bullavium
1653 5286 1792 5362 [Ju-

203 5377 525 5451 vcnalium]
564 5380 940 5450 patriarcham
974 5378 1556 5451 Hierosolytnitanum,
1586 5389 1646 5436 ut
1682 5397 1791 5438 una

204 5488 336 5526 cum
357 5469 787 5544 metropolitiset
802 5472 1077 5545 episcopis
1116 5474 1231 5528 suis
1265 5473 1635 5538 accederent;
1672 5473 1790 5530 dari

204 5569 375 5620 etiam
413 5564 629 5621 litteras
658 5564 726 5618 ad
760 5563 1052 5635 episcopos
1081 5564 1175 5636 qui
1217 5578 1248 5621 e
1278 5563 1594 5621 Graecorum
1628 5567 1791 5622 terri-

205 5658 355 5713 torio
378 5666 567 5713 essent
597 5666 656 5713 nt
680 5671 878 5713 omnes
904 5656 1242 5714 Chalcedoni
1274 5658 1655 5722 convenirent,
1678 5674 1790 5729 quo

208 5751 277 5802 de
312 5748 585 5804 sententia
636 5747 962 5819 Eutychetis
1005 5748 1346 5819 dispicerent
1389 5749 1790 5819 disquirerent-

207 5856 339 5911 quo,
373 5850 429 5898 et
458 5840 525 5898 de
573 5840 714 5900 iacto
753 5840 1002 5900 Dioscori
1052 5842 1381 5913 patriarcha:
1428 5841 1784 5907 Alexandrini

1899 4641 2034 4697 fessi
2066 4641 2206 4696 duas
2238 4656 2361 4697 esse
2411 4641 2637 4695 Christo
2682 4652 2938 4705 naturas,
2967 4653 3257 4710 personam
3299 4652 3486 4703 unam,

1898 4732 2224 4806 hypostasin
2253 4750 2457 4801 unam;
2502 4744 2559 4789 et
2590 4731 2909 4790 Nestorium
2951 4734 3305 4787 anathemate
3326 4730 3483 4785 devo~

1899 4836 2119 4897 verunt,
2175 4844 2277 4886 nec
2328 4844 2441 4883 non
2488 4827 2839 4894 Dioscorum,
2895 4833 2952 4881 et
3004 4824 3263 4895 quisquis
3319 4822 3489 4893 ipsius

1896 4920 2227 4976 sententiam
2244 4935 2331 4975 am
2342 4919 2997 4990 plecteretur,ipsumque
3018 4916 3140 4971 loco
3160 4913 3486 4969 abdicarunt

1897 5015 2193 5070 anathema
2208 5015 2373 5068 etiam
2394 5012 2656 5069 dixerunt
2676 5010 2914 5066 concilio
2930 5008 3175 5067 secundo
3190 5007 3489 5078 Ephesino.

1898 5104 2199 5175 Adfuitqne
2249 5105 2378 5160 huic
2431 5104 2670 5160 concilio
2713 5102 3137 5158 archidiaconus
3167 5100 3492 5156 Alexandrlv

1898 5213 2007 5253 nus
2038 5198 2261 5254 nomine
2290 5196 2601 5259 Proterius.
2647 5214 2811 5267 quem
2851 5196 3222 5267 patriarcham
3258 5197 3484 5250 Alexana

1898 5289 2031 5344 drize
2050 5289 2175 5345 loco
2201 5288 2444 5346 Dioscori
2478 5290 2734 5352 inﬁdelis,
2773 5288 3077 5354 maledicti,
3105 5289 3486 5358 praefecerunt.

1970 5381 2089 5438 Jam
2133 5397 2165 5438 a
2193 5381 2433 5439 concilio
2467 5382 2654 5449 tertio,
2696 5381 2979 5452 Ephesino
3013 5382 3227 5451 scilicet
3265 5382 3484 5451 episco-

1897 5491 2092 5547 porum
2129 5474 2494 5531 ducentorum
2523 5475 2617 5545 qui
2667 5475 2841 5545 prima
2888 5475 3009 5530 vice
3048 5472 3249 5542 Ephesi
3284 5487 3483 5528 conve-

1897 5570 2114 5624 nientes
2162 5566 2475 5624 Nestorium
2534 5570 2888 5624 anathemate
2944 5574 3363 5636 percusserunt,
3414 5564 3482 5619 ad

1895 5648 2151 5733 quartum
2211 5661 2315 5716 hoc
2353 5660 2648 5717 concilium
2696 5659 2843 5731 quod
2872 5658 3205 5715 Chalcedonl
3241 5658 3482 5715 habitum

1894 5762 2002 5818 est,
2056 5750 2187 5807 anni
2234 5763 2361 5808 sunt
2413 5752 2607 5824 viginti
2640 5769 2808 5817 unus.
2854 5752 2961 5809 hoc
3008 5765 3207 5820 nempe
3258 5750 3314 5804 in
3344 5748 3478 5821 97—

1893 5846 2010 5919 99
2056 5862 2167 5918 quo
2214 5854 2595 5905 convenerunt
2634 5845 2883 5919 episcopi
2940 5842 3188 5904 sexcenti
3234 5842 3480 5910 triginta,
