4070 6152
525 280 667 342 1055

1548 294 1917 356 EUTYCHII
1958 293 2498 358 ALEXANDRINI
2531 298 2754 360 PATR.

3645 305 3782 368 1056

517 394 612 461 qui
651 392 966 452 Dioscornnt
998 408 1053 454 et
1094 401 1450 475 Entychetcm
1485 410 1838 464 anathemate
1870 412 2103 463 devovc-
2132 415 2177 470 Α
2208 410 2373 464 clesia
2400 411 2583 483 Cyr-ini
2610 433 2624 480 ;
2662 416 2789 469 dein
2816 432 3016 485 corpus
3056 417 3230 487 ipsius
3259 419 3474 473 camelo
3501 420 3553 472 in
3581 415 3779 491 Hippo-

516 493 667 539 runt.
704 486 944 560 Egyplii
974 508 1105 546 vero
1130 505 1185 549 et
1221 498 1572 554 Alexandria:
1611 501 1806 554 incolae
1842 502 2093 558 Dioscuri

510 588 567 634 et
596 576 913 649 Eutychetis
946 589 1277 643 sententiam
1310 594 1548 661 amplexi
1586 592 1828 658 fixerant,
1866 605 1919 649 et
1968 595 2094 651 Dio-

510 686 735 726 scornui
756 676 957 744 injuria
978 682 1322 736 anathemate
1347 700 1669 754 percussum
1695 690 2087 755 autnutarunt';

509 774 659 817 metu
689 773 867 821 autem
892 768 1151 827 Marciani
1182 778 1327 844 regis
1357 779 1684 834 sententiam
1726 796 1881 835 suam
1910 782 2086 852 palam

511 854 762 921 proferre
792 861 912 913 ausi
950 878 1055 918 non
1089 876 1241 921 sunt.
1288 867 1591 927 Dioscorus
1622 888 1754 926 vero
1782 874 1904 928 loco
1931 874 2090 929 abdi-

510 959 671 1005 catus
697 951 1031 1011 Palaestinam
1066 967 1119 1014 et
1137 958 1510 1035 Hierosolyma
1534 965 1808 1034 profectus
1837 970 2085 1023 omnium

515 1040 593 1095 ibi
643 1042 955 1114 degentium
989 1049 1146 1105 iidem
1174 1056 1446 1125 corrupit.
1481 1059 1620 1113 adeo
1673 1069 1731 1113 ut
1766 1062 1908 1115 idem
1956 1080 2081 1118 cum

508 1135 631 1201 ipso
675 1150 1007 1208 asserercut,
1049 1148 1365 1204 conciliavit
1413 1151 1579 1206 etiam
1631 1154 1736 1208 sibi
1793 1157 2085 1226 episcopus

506 1243 722 1294 eorum,
760 1243 816 1287 et
850 1233 1089 1293 Eudocia
1118 1238 1408 1298 Theodosii
1440 1244 1791 1315 imperatoris
1817 1265 1954 1303 uxor
1986 1266 2085 1304 au—

505 1322 621 1377 dita
659 1324 905 1383 Dioscuri
940 1336 1215 1390 sententia
1248 1336 1298 1391 ei
1331 1351 1620 1394 assensum
1652 1340 1904 1410 prazhuit,
1936 1342 2083 1395 mui~

505 1424 672 1482 taque
724 1420 827 1486 ipsi
878 1422 1107 1480 donaria
1150 1428 1321 1485 misit.
1370 1428 1608 1488 Sanctus
1654 1446 1832 1489 autem
1878 1437 2085 1507 Euthy-

507 1509 670 1570 mius.
703 1509 1095 1582 Hierosolymis
1119 1520 1279 1577 {idem
1310 1526 1672 1581 orthodoxam
1700 1531 2083 1599 propugnaliat

503 1611 558 1653 et
610 1604 884 1667 tuebatur.
936 1612 1029 1677 qui
1088 1621 1143 1668 et
1194 1614 1260 1670 ad
1301 1614 1594 1673 Eudociam
1623 1623 1849 1677 mittens
1897 1623 2081 1678 dixit:

2205 502 2455 559 dromutn
2479 522 2758 577 magnum,
2777 512 2922 578 quod
2950 512 3225 566 exstruxit
3255 512 3583 567 Ptolomzeus
3600 515 3780 581 appel-

2204 594 2352 653 latus
2407 596 2605 665 Lagus,
2651 611 2949 672 gestatum,
2992 604 3117 672 igne
3174 615 3514 660 cremaruut.
3584 606 3777 668 Porro,

2202 692 2457 756 apparuit
2490 693 2542 745 in
2575 695 2717 749 caelo
2740 695 2913 750 nttbes
2949 698 3126 767 ignea,
3163 713 3289 751 eum
3326 698 3559 761 tonitru,
3592 708 3645 752 ct
3677 698 3781 751 ful-

2200 793 2355 848 gure,
2407 796 2475 835 ac
2519 790 2832 840 terremotu
2882 802 3082 858 magno
3133 788 3330 843 diebus
3386 788 3775 857 quadraginta.

2200 867 2433 927 Sederat
2474 872 2757 932 Proterius
2794 892 2889 934 sex
2919 893 3098 933 annos
3140 894 3265 933 cum
3299 879 3621 935 interfectus
3667 892 3775 933 est.

2201 961 2331 1018 Post
2365 964 2544 1035 ipsum
2582 967 2848 1027 suilectus
2890 979 2977 1024 est
3005 969 3335 1025 Timotheus
3381 971 3627 1025 Anatolii
3663 971 3776 1023 ira-

2198 1066 2304 1119 ter,
2333 1058 2427 1128 qui
2457 1056 2721 1116 Janurius
2756 1061 2931 1124 audit,
2991 1063 3042 1115 in
3075 1062 3508 1130 patriarchatum
3533 1062 3773 1116 Alexan-

2196 1150 2331 1205 dria!
2351 1154 2443 1221 qui
2475 1151 2725 1208 Jacobita
2761 1154 2884 1209 l‘uit.
2942 1153 3039 1208 ilic
3073 1169 3197 1210 cum
3229 1170 3409 1210 annos
3449 1164 3565 1210 tres
3597 1155 3775 1212 sedis-

2199 1252 2317 1307 set,
2350 1244 2460 1297 dux
2501 1245 2725 1315 quidam
2774 1247 2997 1302 nomine
3047 1244 3250 1302 B‘alaus
3293 1246 3774 1319 Constantinopoli

2197 1336 2583 1393 Alexandriam
2616 1341 2945 1408 perveniens
2975 1339 3151 1411 ipsum
3195 1340 3456 1410 relegavit
3488 1342 3545 1396 in
3590 1342 3772 1395 locum

2192 1426 2405 1482 dictum
2447 1428 2809 1501 Marsuphiu;
2861 1439 2957 1501 qui
2999 1434 3155 1487 vicus
3197 1442 3281 1487 est
3310 1432 3377 1488 ad
3412 1433 3570 1488 littus
3602 1433 3773 1487 maris

2190 1521 2338 1587 quod
2382 1520 2590 1578 Pontus
2642 1523 2816 1578 audit.
2848 1523 3262 1594 Praefectusque
3306 1532 3394 1581 est
3450 1524 3770 1596 patriarcha

2189 1614 2538 1670 Alexandrite
2574 1613 2897 1672 Timotheus
2947 1618 3110 1684 alter,
3138 1619 3231 1687 qui
3262 1618 3438 1673 Surus
3461 1618 3772 1687 appellatus

503 1690 595 1803 ΝεΙ
621 1696 855 1764 recipias
900 1700 1147 1759 Dioscori
1202 1710 1554 1773 sententiam,
1604 1722 1796 1781 utpote
1823 1716 1915 1785 qui
1958 1719 2075 1771 loco

2188 1713 2294 1772 est,
2325 1705 2417 1775 qui
2456 1706 2619 1760 etiam
2644 1705 2892 1771 Jacobita
2941 1708 3083 1776 fuit;
3136 1725 3311 1765 annos
3336 1710 3650 1780 quindecim
3682 1725 3769 1764 se-

503 1785 718 1873 pulsus,
748 1799 803 1845 et
832 1795 1183 1854 anathemate
1217 1815 1513 1869 percussus
1567 1804 1641 1859 sit
1672 1822 1776 1859 una
1812 1822 1934 1861 cum
1960 1826 2082 1862 om—

502 1877 671 1934 nibus
702 1883 794 1949 qui
831 1889 1161 1944 sententiam
1204 1893 1378 1962 ipsius
1406 1897 1836 1965 amplectuntur.
1876 1901 2081 1956 Rever-

502 1979 617 2023 tere
650 1989 783 2041 ergo
835 1978 901 2031 ad
934 1994 1053 2034 eam
1095 1998 1260 2051 quam
1311 1985 1561 2054 professa
1604 2005 1730 2043 eras
1771 1994 2077 2049 veritatem.

497 2061 833 2117 Auscultans
885 2082 1015 2137 ergo
1063 2069 1302 2127 Eudocia
1353 2076 1503 2128 dicto
1557 2079 1727 2133 sancti
1776 2078 2076 2150 Euthymii,

499 2150 752 2206 ahdicata
803 2153 1051 2212 Dioscuri
1103 2165 1377 2218 sententia
1418 2166 1484 2219 ad
1526 2170 1809 2223 veritatem
1860 2188 2077 2227 reversa

497 2251 604 2303 ett,
656 2245 839 2300 this
884 2248 960 2302 illi
996 2250 1183 2311 missis
1231 2257 1577 2314 muneribus.
1609 2261 1872 2317 Condidit
1909 2267 2076 2321 etiam

499 2329 742 2387 Eudocia
778 2333 1174 2412 Hierosolymis
1224 2346 1432 2400 multas
1474 2350 1763 2414 ecclesias.
1801 2363 1856 2409 et
1894 2370 2081 2411 emno-

500 2424 613 2477 hia.
649 2425 842 2491 Porro,
882 2446 1031 2485 anno
1064 2434 1227 2491 tertio
1267 2439 1419 2508 regni
1453 2439 1711 2497 Marciani
1738 2448 2076 2506 constitutus

497 2526 583 2608 est
625 2517 955 2577 Anastasius
1007 2527 1320 2593 patriarcha
1369 2528 1920 2605 ilierosolymitanus,
1979 2538 2075 2608 qui

492 2607 742 2667 Jacohita
780 2613 880 2670 fuit
910 2633 925 2669 :
965 2617 1113 2672 sedit
1142 2634 1317 2676 annos
1340 2625 1734 2694 novemdecim,
1766 2629 1892 2683 dein
1923 2607 2075 2686 mor-

495 2710 626 2755 tuus
679 2714 785 2759 est.
826 2706 1027 2763 Eodem
1093 2719 1241 2767 anno
1273 2712 1432 2785 ιοο
1475 2714 1654 2773 factus
1694 2728 1782 2773 est
1836 2722 2077 2780 Basilius

492 2796 806 2866 patriarcha
852 2802 1255 2874 Antiochcnus;
1316 2806 1454 2862 duos
1492 2824 1670 2866 annos
1721 2813 1886 2879 sedit,
1946 2818 2072 2871 dein

493 2902 750 2947 mortuus
788 2902 893 2949 est.
944 2896 1105 2950 Auno
1136 2898 1291 2969 regni
1332 2900 1581 2971 ejusdem
1615 2903 1837 2973 quinto,
1864 2907 2074 2961 consti—

494 2991 646 3039 tutus
691 2996 780 3042 est
824 2985 1120 3059 Martyrius
1168 2993 1482 3061 patriarcha
1520 2996 1927 3064 Antiocltcnus,
1976 3002 2071 3073 qui

2185 1798 2288 1861 dit,
2323 1796 2447 1851 dein
2474 1805 2730 1854 mortuus
2755 1806 2861 1853 est.
2899 1798 3093 1865 Porro.
3135 1815 3283 1856 anno
3316 1802 3531 1869 imperii
3568 1801 3768 1857 Leonis

2183 1888 2361 1959 Magni
2392 1889 2608 1944 decimo
2638 1898 2816 1957 sexto,
2848 1891 3033 1948 factus
3061 1900 3144 1948 est
3171 1893 3433 1950 Martinus
3454 1895 3765 1964 patriarcha

2182 1982 2717 2056 llieresolymitauus
2737 2003 2754 2053 ;
2778 1984 3030 2041 Jacohita
3056 1996 3212 2042 erat:
3246 2004 3426 2044 annos
3450 1998 3578 2044 oeto
3599 1989 3765 2055 sedit,

2181 2075 2310 2131 dein
2364 2087 2619 2131 mortuus
2670 2087 2773 2136 est.
2814 2080 2973 2131 Auno
3024 2079 3269 2147 ejusdem
3330 2082 3481 2151 regni
3542 2081 3766 2136 decimo

2180 2166 2518 2223 constitutus
2542 2178 2631 2224 est
2656 2170 2889 2225 Aeacius
2917 2171 3227 2239 patriarcha
3248 2170 3731 2244 Constantinopoli
3749 2200 3767 2213 -

2180 2266 2367 2322 tanus,
2430 2260 2525 2328 qui
2592 2275 2718 2313 cum
2772 2263 3035 2316 tredecim
3095 2276 3270 2317 annos
3317 2262 3477 2336 104
3522 2264 3762 2318 sedisset

2178 2362 2431 2406 mortuus
2458 2360 2565 2407 εει.
2599 2355 2758 2409 Anno
2789 2354 3033 2423 ejusdem
3061 2354 3386 2411 duodecimo
3419 2357 3761 2412 constitutus

2176 2451 2259 2497 est
2302 2440 2545 2499 Joannes
2595 2446 2909 2513 patriarcha
2967 2446 3373 2511 Antiochenus,
3428 2449 3522 2517 qui
3582 2463 3758 2504 unum

2178 2549 2383 2589 annum
2416 2537 2583 2601 sedit,
2616 2537 2743 2592 dein
2800 2549 3053 2595 mortuus
3093 2550 3198 2596 est.
3252 2537 3513 2610 Ejusdem
3542 2539 3761 2596 decimo

2184 2628 2347 2683 tertio
2368 2626 2551 2684 factus
2583 2640 2665 2684 est
2702 2627 2958 2687 Julianus
3004 2634 3318 2704 patriarcha
3351 2632 3755 2699 Antiochenus,

2176 2733 2351 2772 annos
2379 2719 2622 2790 quinque
2650 2722 2816 2787 sedit,
2852 2722 2976 2776 dein
3011 2733 3262 2779 mortuus
3279 2732 3382 2779 est.
3414 2730 3573 2778 Anno
3600 2724 3757 2791 regni

2177 2810 2349 2879 ipsius
2378 2817 2574 2865 octavo
2590 2818 2813 2867 creatus
2840 2822 2924 2869 εει
2944 2811 3184 2869 Hilarius
3214 2817 3521 2884 patriarcha
3551 2815 3759 2869 Ruina.

2185 2918 2315 2967 nus,
2340 2902 2457 2971 qui,
2496 2918 2623 2959 cum
2665 2918 2759 2959 sex
2809 2918 2988 2960 annos
3032 2908 3290 2972 sedisset,
3345 2918 3598 2962 mortuus
3647 2919 3757 2962 est.

2176 2992 2438 3061 Ejusdem
2479 3007 2627 3048 anno
2668 2993 2884 3049 decimo
2928 3005 3084 3052 sexto
3127 3000 3464 3053 constitutus
3495 3008 3579 3051 est
3616 2999 3757 3052 Sile-

492 3088 620 3133 octo
676 3095 852 3137 annos
891 3081 1058 3146 sedit,
1096 3084 1223 3139 dein
1270 3097 1523 3142 "mnu";
1553 3098 1662 3143 ρει,
1728 3093 1888 3144 Anno
1921 3094 2071 3161 regni
2101 3094 2143 3149 ο
2180 3099 2283 3136 nus
2315 3083 2628 3151 patriarcha
2664 3082 2966 3151 ltotnanus,
3011 3087 3102 3157 qui
3136 3087 3555 3157 quattuordecim
3580 3101 3759 3142 annos

494 3172 670 3228 iusius
696 3183 854 3228 sexto
898 3177 1232 3233 constitutus
1283 3188 1366 3235 est
1395 3180 1711 3237 Gennadius
1761 3185 2070 3251 patriarcha

493 3268 1138 3340 Constantinopolitanus
1159 3317 1175 3340 ,
1196 3278 1291 3345 qui
1327 3275 1515 3331 decem
1545 3294 1722 3334 annos
1752 3280 1915 3346 sedit,
1943 3282 2071 3337 dein

496 3368 746 3415 mortuus
766 3369 874 3419 est.
902 3362 1170 3435 Tempore
1194 3365 1455 3423 Marciani
1487 3368 1590 3422 fuit
1620 3370 1858 3441 Symeon
1889 3375 2070 3427 seclu-

494 3465 613 3511 sus,
653 3452 748 3521 qui
784 3452 838 3506 in
870 3453 1126 3509 columna
1168 3457 1323 3512 stetit
1369 3456 1637 3530 [Stylita].
1663 3460 1787 3514 Fuit
1837 3461 1925 3515 ille
1957 3478 2071 3515 mo-

492 3541 795 3597 nachorum
824 3543 918 3613 qui
976 3545 1030 3599 in
1067 3545 1260 3602 cellam
1292 3563 1351 3604 se
1381 3551 1590 3619 recepit
1619 3551 1833 3619 primus
1865 3550 2071 3620 fuitque

491 3634 600 3689 hoc
638 3635 693 3690 in
749 3637 1032 3693 territorio
1072 3638 1379 3694 Antiochia:
1416 3643 1472 3695 in
1508 3649 1718 3704 monte,
1765 3643 1859 3714 qui
1911 3659 2071 3698 mons

490 3724 761 3785 Mirabilis
791 3730 1013 3786 dicitur.
1052 3729 1252 3786 Eodem
1288 3741 1535 3803 tempore
1566 3742 1795 3790 sanctus
1821 3732 2072 3790 Theodo-

489 3817 607 3874 sius
633 3819 927 3887 przefectus
961 3812 1227 3879 emnobio
1255 3822 1320 3876 Al
1362 3821 1648 3880 Dawakssi
1708 3838 1740 3879 e
1766 3825 1941 3895 patria
1969 3841 2070 3881 sua

490 3911 797 3981 profectus,
813 3914 988 3969 donec
1018 3915 1083 3969 ad
1117 3914 1432 3969 Simeonem
1461 3917 1738 3972 seclusum
1768 3917 2072 3972 Antiochia:

488 4004 854 4073 pervenisset,
884 4020 1009 4059 eum
1039 4021 1104 4059 eo
1136 4006 1329 4061 diebus
1360 4007 1570 4077 aliquot
1600 4008 1925 4076 permansit,
1956 4018 2070 4063 tum

488 4095 873 4169 Hierosolyma
904 4097 1171 4152 accedens
1196 4099 1503 4153 monachus
1530 4098 1712 4153 factus
1741 4109 1846 4154 εει.
1872 4099 2067 4162 Porro,

491 4204 639 4244 anno
688 4199 844 4244 sexto
899 4180 1144 4259 itnpcrii'
1176 4188 1441 4245 Marciani
1501 4191 1643 4260 regis
1697 4190 2069 4247 [tertianorum

489 4289 745 4337 mortuus
786 4293 870 4338 est
899 4279 1201 4351 Yazdnjerd
1246 4283 1496 4339 ltahrauii
1540 4283 1683 4339 (ilius
1727 4299 1820 4338 rex
1874 4282 2072 4339 Persa-

491 4391 635 4432 rum.
694 4375 817 4442 Quo
845 4392 875 4430 e
907 4377 1089 4430 medio
1117 4377 1335 4431 sublato
1363 4377 1431 4431 de
1467 4393 1633 4447 regno
1663 4376 2072 4432 contenderunt

486 4471 597 4525 duo
628 4469 803 4539 ipsius
838 4468 931 4523 filii
971 4468 1172 4524 l’hiruz
1199 4478 1253 4523 et
1285 4468 1542 4535 ilorutos,
1598 4471 1722 4523 aliis
1756 4485 1785 4522 a
1816 4469 2069 4539 partibus

485 4560 732 4625 Phiruzi,
756 4561 878 4617 aliis
904 4560 971 4616 ait
991 4558 1243 4615 liortnozi
1264 4560 1563 4625 stantibus,
1588 4560 1735 4614 unde
1766 4558 2069 4629 conﬂagra-

485 4656 563 4710 vit
594 4656 741 4710 inter
772 4653 924 4723 ipsos
953 4654 1184 4721 bellum,
1222 4654 1399 4708 donec
1432 4653 1669 4707 "Ol'IIIOZ
1692 4669 1795 4708 una
1825 4670 1951 4709 cum
1973 4654 2071 4709 tri-

485 4746 593 4802 bus
626 4761 656 4797 ε
690 4745 1012 4801 domesticis
1050 4746 1169 4803 suis
1214 4744 1588 4801 occideretur.
1632 4743 1904 4814 Iteguavit
1937 4761 2070 4816 ergo

487 4838 692 4894 Pltirnz
727 4838 1051 4908 Yazdejcrdi
1101 4836 1249 4894 iiiius
1300 4838 1354 4893 in
1386 4836 1587 4894 Persas
1626 4838 1819 4909 viginti
1860 4848 2068 4908 septem

484 4946 684 4992 annos.
716 4931 878 4999 idque
905 4944 1054 4983 anno
1077 4929 1295 4999 imperii
1319 4927 1577 4984 Marciani
1615 4930 1760 4999 regis
1790 4930 2070 4982 ltontauo-

486 5037 608 5076 rum
644 5029 825 5077 sexto.
860 5019 986 5077 Fuit
1015 5028 1198 5075 autem
1239 5020 1556 5076 Marcianus
1582 5036 1677 5076 rex
1700 5020 2068 5085 orthodoxus,

486 5110 691 5179 quique
736 5108 895 5163 {idem
917 5108 1297 5166 Melchitarunt
1318 5118 1569 5165 tueretur
1605 5118 1659 5165 et
1674 5120 2067 5182 propugnaret.

559 5201 679 5272 Ipso
727 5216 857 5254 vero
892 5201 1240 5273 101-103
1273 5212 1512 5267 mortuo,
1565 5210 1690 5272 post
1748 5203 1925 5273 ipsum
1962 5204 2070 5256 llo-

488 5294 668 5348 mauis
702 5308 877 5347 annos
908 5293 1184 5347 sexdecim
1222 5292 1513 5362 imperavit
1540 5290 1652 5346 Leo
1682 5291 1908 5362 Magnus
1930 5333 1945 5357 ,
1995 5295 2071 5347 id-

490 5397 598 5453 que
640 5397 786 5436 anno
833 5385 987 5452 regni
1023 5382 1242 5437 Phiruzi
1275 5382 1389 5437 iilii.
1420 5378 1745 5453 Yazdcjcrdi
1779 5380 2068 5437 Persarum

492 5474 637 5544 regis
702 5475 971 5529 secundo.
1028 5472 1264 5541 Fuitque
1316 5475 1480 5527 etiam
1544 5472 1654 5527 Leo
1704 5473 2067 5537 orthuduxus,

494 5568 776 5624 Melchita.
825 5566 1183 5623 Alexandrini
1227 5568 1414 5621 audito
1441 5579 1716 5621 mortuum
1763 5582 1887 5621 esse
1937 5566 2074 5621 Mar-

496 5659 715 5713 cianum
814 5658 1199 5730 imperatorem
1309 5658 1616 5713 Proteriuut
1714 5657 2069 5729 patriarcltatn

500 5751 935 5812 Alexandrinum
974 5752 1151 5807 adorti
1208 5752 1383 5819 ipsum
1441 5751 1833 5809 interfecerunt
1880 5750 1932 5804 in
1984 5765 2073 5805 cc—

2175 3174 2337 3238 sedit,
2379 3174 2502 3229 dein
2560 3185 2815 3231 mortuus
2865 3186 2974 3231 est.
3030 3178 3204 3249 Atque
3253 3180 3345 3233 hic
3403 3177 3757 3235 Timotheum

2172 3263 2414 3318 Anatolii
2452 3264 2677 3319 fratrem
2729 3266 3103 3337 patriarcharn
3150 3268 3585 3324 Alexandrinum
3621 3285 3756 3325 ana—

2174 3354 2415 3409 themate
2444 3355 2737 3425 percussit.

2245 3444 2461 3499 Mortuo
2510 3442 2693 3500 Leone
2738 3444 2935 3516 Magno
2976 3444 3349 3501 Romanorum
3396 3448 3756 3517 imperatore,

2172 3536 2421 3602 regnavit
2455 3547 2574 3605 post
2610 3536 2790 3603 ipsum
2820 3537 3171 3591 initomauos
3204 3554 3407 3592 auuutn
3443 3556 3609 3593 unttm
3644 3540 3757 3593 Leo

2172 3624 2401 3690 Parvus,
2435 3629 2526 3696 qui
2560 3625 2809 3683 Jacobita
2829 3637 2972 3695 erat,
3016 3630 3178 3700 idque
3223 3647 3371 3684 anno
3420 3634 3572 3701 regni
3621 3634 3752 3687 Phi—

2172 3716 2287 3770 ruzi
2325 3718 2419 3774 lilii
2463 3716 2782 3789 Yazdejerdi
2809 3720 3099 3777 Persarum
3128 3724 3274 3794 regis
3295 3724 3511 3779 decimo
3529 3736 3747 3783 octavo.

2173 3808 2389 3865 Mortuo
2420 3810 2620 3867 deinde
2648 3811 2833 3868 Leone
2877 3811 3052 3870 Parvo
3100 3815 3477 3871 Romanorum
3511 3818 3752 3887 impera-

2173 3909 2292 3958 tore
2310 3904 2597 3973 imperavit
2618 3902 2810 3959 iisdem
2832 3913 2957 3974 post
2980 3906 3160 3974 ipsum
3177 3906 3324 3963 lilius
3346 3909 3522 3976 ipsius
3543 3910 3753 3979 Zenon,

2170 3994 2267 4063 qui
2299 3994 2469 4049 etiam
2504 3994 2759 4051 Jacobita
2792 3997 2917 4052 fuit.
2952 3996 3121 4068 quue
3152 4014 3300 4054 anno
3331 4002 3482 4070 regni
3520 4003 3752 4061 Phiruzi

2172 4087 2465 4142 Persarqu
2499 4088 2642 4157 regis
2677 4090 2893 4143 decimo
2920 4105 3093 4145 nono.
3134 4090 3390 4148 Profecto
3424 4104 3607 4150 autem
3646 4096 3753 4152 Ze-

2173 4197 2318 4237 none
2377 4185 2432 4236 in
2490 4182 2674 4237 locum
2736 4182 3064 4253 appellatum
3122 4181 3305 4240 Surab
3364 4186 3752 4246 oblectationis

2171 4288 2361 4336 causa,
2394 4273 2480 4326 vir
2516 4274 2741 4343 quidam
2776 4274 2997 4328 nomine
3026 4272 3300 4331 Basilicus
3336 4292 3441 4331 una
3480 4294 3603 4335 cum
3640 4283 3754 4336 tilio

2174 4378 2278 4419 suo
2313 4362 2519 4427 Marco,
2567 4365 2848 4419 mensibus
2896 4365 3089 4434 viginti
3139 4380 3367 4436 regnum
3412 4352 3750 4440 occupavit:

2172 4472 2313 4529 quos
2348 4464 2471 4528 post
2500 4459 2822 4512 continuum
2878 4460 3020 4514 inter
3052 4459 3204 4529 ipsos
3234 4464 3435 4518 bellum
3467 4469 3751 4533 superarit

2171 4548 2340 4613 Zeno,
2390 4565 2455 4603 ac
2487 4549 3021 4619 Constantinopolim
3067 4551 3353 4621 ingressus
3385 4554 3646 4623 Basilico,
3695 4568 3749 4613 et

2170 4641 2283 4697 lilio
2312 4640 2488 4709 ipsius
2525 4639 2830 4698 interiectis
2863 4642 3012 4699 at:ch
3061 4644 3308 4712 ipsorum
3348 4654 3403 4701 et
3443 4664 3575 4717 opes
3612 4652 3747 4705 diri-

2171 4735 2323 4804 puit;
2350 4748 2541 4788 eorum
2574 4733 2739 4788 etiam
2760 4750 3027 4804 sequaces
3058 4736 3353 4794 interemit.
3395 4740 3748 4814 105-107

2171 4824 2378 4880 Eodem
2423 4836 2667 4893 tempore
2705 4825 2907 4881 accidit
2958 4826 3435 4898 Constantinopoli
3466 4842 3747 4888 terrzcmo.

2170 4926 2261 4973 tus
2291 4918 2501 4988 ingens.
2544 4917 2798 4987 Eelipsint
2826 4920 2991 4972 etiam
3041 4935 3236 4988 passus
3271 4933 3358 4977 εει
3389 4926 3493 4990 sol,
3522 4928 3661 4979 adeo
3692 4934 3746 4980 ut

2171 5012 2344 5066 stellzc
2375 5011 2613 5065 interdiu
2645 5020 2993 5081 apparerent.
3027 5012 3233 5068 Domus
3262 5018 3425 5069 etiam
3446 5033 3608 5087 quam
3636 5021 3737 5086 plu-

2172 5104 2323 5157 ritna:
2372 5111 2723 5167 corruerunt,
2770 5117 2833 5156 ae
2875 5119 3073 5172 magna
3122 5106 3407 5160 hominum
3458 5112 3748 5165 multitulo

2172 5202 2485 5248 terrtemotu
2518 5193 2700 5262 periit;
2732 5193 2893 5262 idque
2940 5210 3085 5248 anno
3120 5196 3333 5266 imperii
3365 5196 3604 5256 Zenonis
3641 5205 3742 5256 im-

2174 5284 2442 5355 peratoris
2467 5282 2846 5339 Romanorum
2876 5300 3040 5340 nono.
3088 5286 3261 5360 Regni
3288 5289 3460 5359 ipsius
3492 5309 3637 5346 :ttttm
3668 5310 3745 5350 sc-

2172 5377 2355 5434 cundo
2414 5376 2552 5447 fugit
2598 5374 2923 5433 Timotheus
2982 5390 3353 5448 cognomento
3418 5385 3596 5441 Surus
3658 5402 3744 5456 pa-

2176 5469 2415 5523 triarcha
2436 5468 2841 5522 Alexandrinus
2863 5471 2917 5522 in
2944 5472 3133 5526 vallem
3158 5470 3354 5539 Iiabih,
3387 5489 3743 5547 reversusque

2177 5559 2499 5615 Timotheus
2533 5560 2774 5614 Anatolii
2813 5560 2987 5615 frater
3013 5578 3040 5614 a
3074 5561 3390 5635 llarsnphin
3423 5566 3488 5621 ad
3520 5569 3741 5637 patriar-

2176 5654 2395 5708 chatutn
2438 5652 2802 5716 Alexandria),
2864 5653 3063 5709 ihidctn
3119 5656 3339 5712 biennio
3393 5660 3554 5723 sedit,
3624 5661 3740 5714 dein

2179 5755 2426 5801 mortuus
2479 5753 2586 5803 cst.
2644 5743 2955 5815 Factusquc
3005 5755 3088 5803 cst
3142 5758 3266 5817 post
3326 5751 3499 5819 ipsum
3555 5752 3739 5807 Petrus
