4070 6152
392 306 534 372 1057

1830 295 2205 360 ANNALES.

3515 288 3655 351 1058

391 418 510 488 (qui
543 412 978 470 archidiaconus
1026 410 1230 481 fuerat)
1260 408 1575 480 patriarcha
1607 406 1806 462 ibidem
1832 423 1850 473 ;
1881 406 1972 460 Ja-
2001 406 2052 467 Α
2077 405 2163 460 nis
2195 401 2545 475 imperatoris
2575 401 2733 457 Rom.
2767 400 3081 457 undecimo.
3114 399 3276 455 Anno
3306 400 3519 454 der-imo
3545 418 3652 454 ier-

390 511 574 563 eobita
608 508 750 572 fuit;
783 506 1120 561 scditannos
1154 520 1252 559 sex
1316 513 1371 557 et
1400 502 1518 556 dies
1553 501 1795 572 triginta,
1842 500 1968 555 dein

390 597 930 669 Constantiimpolim
965 596 1102 665 fugit
1138 610 1505 664 reversusque
1536 607 1617 646 est
1651 591 1972 646 Timotheus

392 692 725 761 cognomine
785 688 965 745 Surus
1010 704 1043 743 a
1100 688 1239 744 valle
1297 688 1475 742 liabili
1519 686 1636 757 (vel
1664 684 1973 740 secundum

395 783 544 836 aliud
570 781 868 849 exemplar,
888 780 1223 833 monasterio
1258 776 1452 841 llabib,
1487 776 1632 847 quod
1662 775 1781 830 sine
1807 774 1977 828 dubio

395 876 585 929 verius
616 883 747 940 est},
769 882 824 927 et
853 886 975 925 cum
1003 872 1057 923 in
1088 870 1347 925 cathedra
1369 865 1720 937 patriarchali
1743 877 1979 937 quatuor

398 966 563 1021 annis
612 965 849 1022 sedisset
896 972 1150 1017 mortuus
1191 969 1296 1017 est.
1324 963 1486 1015 Anno
1526 960 1679 1031 regni
1727 960 1977 1030 ejusdem

402 1058 644 1113 Zenonis
690 1070 837 1108 nono
888 1052 1232 1109 Alexandria:
1264 1051 1488 1123 quidam
1540 1052 1716 1123 ipsius
1757 1051 1981 1106 nomine

403 1152 693 1223 pricl'i-ctus
758 1149 874 1203 Ebn
922 1144 1129 1202 Gustus
1181 1143 1449 1200 Joannem
1495 1143 1695 1199 ibidem
1746 1143 1978 1214 patriar—

402 1247 565 1299 cham
598 1242 911 1305 constituit,
933 1240 1028 1309 qui
1059 1236 1308 1293 Jacobita
1341 1236 1464 1300 fuit,
1489 1237 1673 1305 ibiqtte
1704 1250 1799 1289 sex
1833 1248 1986 1289 mett-

404 1354 496 1392 scs
556 1335 717 1391 sedit.
753 1334 960 1391 Deinde
1029 1332 1173 1386 alius
1228 1330 1617 1386 Alexandriam
1670 1342 1703 1380 a
1766 1326 1986 1381 Zenone

408 1430 701 1502 praefectus
744 1426 968 1481 nomine
995 1423 1354 1495 Augustalius
1398 1425 1601 1477 missus
1624 1429 1727 1487 est,
1766 1436 1987 1493 unaque

405 1536 535 1576 cum
580 1522 700 1590 ipso
729 1518 924 1574 Petrus
968 1516 1277 1587 patriarcha
1332 1516 1426 1585 qui
1468 1515 1985 1584 Constantinopolin

2076 497 2154 551 tio
2182 497 2396 566 imperii
2421 495 2668 565 ejusdem
2693 493 3027 548 constitutus
3057 501 3141 547 est
3165 491 3311 547 Felix
3340 494 3649 561 patriarcha

2078 588 2380 655 Romanus,
2416 589 2509 655 qui
2541 603 2716 642 annos
2754 595 2882 640 octo
2906 587 3069 647 sedit,
3110 585 3238 639 (lein
3272 595 3525 639 mortuus
3555 594 3661 637 est.

2076 682 2247 741 Porro
2276 684 2473 739 Phiruz
2501 682 2826 752 Yaxdejerdi
2861 680 3026 743 filius,
3061 678 3350 733 Persarum
3380 694 3497 741 rex,
3529 679 3665 731 duas

2080 779 2133 833 in
2164 780 2368 834 Cascar
2409 778 2575 834 urbes
2601 775 2879 840 condidit,
2903 790 3135 844 quarum
3160 790 3262 827 una
3291 772 3448 824 Duris
3480 770 3665 826 Firuz.

2079 879 2254 931 altera
2283 875 2418 930 item
2448 874 2611 930 Firuz
2637 890 2654 939 ;
2691 872 2893 928 deinde
2922 872 3111 940 copias
3134 886 3263 924 suas
3290 868 3664 922 Cbnrasannm

2081 986 2279 1028 versus
2308 967 2497 1026 eduxit
2531 968 2598 1021 ad
2654 967 3025 1021 invadendntn
3051 963 3428 1017 Chashnawar
3471 978 3486 1015 :
3519 961 3667 1027 quith

2080 1078 2205 1117 eum
2262 1060 2644 1116 Chashnavvar
2691 1055 2957 1128 lliyateiae
3012 1068 3105 1109 rex
3161 1052 3346 1107 Belelii
3402 1051 3671 1112 audisset,

2083 1164 2232 1211 metu
2279 1151 2566 1222 perculsus
2607 1149 2928 1206 convocatis
2976 1162 3205 1202 suorum
3272 1145 3506 1198 maxime
3548 1143 3673 1196 fidis

2082 1246 2383 1305 consilium
2450 1246 2520 1300 ab
2576 1244 2715 1315 ipsis
2783 1242 2958 1311 petiit.
3011 1242 3260 1307 Quorum
3327 1252 3461 1307 ergo
3525 1252 3672 1289 unus

2086 1343 2261 1412 ipsum
2298 1339 2458 1409 112
2490 1338 2564 1393 ita
2616 1336 2813 1391 affatus
2838 1344 2926 1388 est
2956 1353 2971 1389 :
3003 1334 3060 1388 Si
3094 1341 3309 1401 pactum
3340 1343 3553 1385 mecum
3584 1330 3675 1381 lir-

2084 1445 2236 1487 mum
2266 1429 2481 1494 inieris,
2528 1428 2614 1482 cui
2647 1436 2767 1481 tuto
2792 1422 3074 1480 conlidere
3108 1421 3339 1492 possim,
3372 1427 3426 1473 te
3452 1419 3675 1472 familia:

2085 1533 2144 1580 et
2171 1522 2470 1578 liberorum
2503 1536 2753 1575 meorum
2781 1516 3103 1572 alendorum
3138 1529 3329 1570 curam
3365 1520 3678 1583 gesturum,

406 1614 646 1681 fugerat.
673 1611 789 1666 Ebn
822 1610 1029 1665 Gustus
1060 1624 1192 1663 vero
1231 1608 1523 1679 praefectus
1558 1609 1629 1662 ab
1666 1607 1989 1679 Augustalio

2107 1632 2322 1688 neaque
2350 1616 2467 1671 vice
2490 1613 2624 1683 ipsis
2657 1612 2926 1674 futurum,
2957 1609 3243 1666 ostendam
3278 1607 3379 1661 tibi
3421 1620 3537 1659 rem
3568 1620 3678 1673 qua

409 1708 538 1776 fuga
578 1719 639 1761 se
684 1701 974 1774 proripuit,
1030 1718 1136 1756 una
1167 1703 1332 1755 etiam
1380 1700 1621 1771 fugiente
1649 1700 1860 1755 Joanne
1891 1717 1985 1771 pa-

407 1799 676 1852 triarcha.
719 1793 1109 1866 Reversusque
1140 1795 1303 1866 108
1327 1794 1521 1850 Petrus
1552 1794 1864 1863 patriarcha
1896 1795 1989 1866 qui

410 1891 650 1961 fugerat,
687 1892 744 1945 in
802 1890 987 1945 locum
1034 1905 1220 1954 suum,
1264 1904 1440 1943 annos
1484 1896 1611 1941 octo
1658 1889 1822 1953 sedit,
1863 1889 1991 1945 dein

409 1994 667 2040 mortuus
695 1993 797 2040 est.
859 1982 1017 2039 Anno
1046 1983 1264 2039 decimo
1311 1994 1470 2039 sexto
1512 1983 1727 2051 imperii
1756 1983 1994 2040 Zenonis

413 2079 594 2133 factus
656 2086 744 2132 est
792 2075 1002 2132 Abinas
1056 2074 1369 2145 patriarcha
1420 2076 1851 2140 Alexandrinus,
1897 2078 1994 2146 qui

407 2169 659 2225 Jacobita
710 2169 838 2232 fuit,
891 2178 1105 2238 septem
1146 2183 1322 2221 annos
1362 2168 1528 2233 sedit,
1584 2168 1713 2225 dein
1744 2178 1998 2224 mortuus

411 2271 519 2316 est.
550 2260 746 2315 Ilultas
772 2259 1116 2316 Alexandria:
1144 2257 1410 2314 ecclesias
1441 2262 1740 2327 exstruxit,
1789 2260 1994 2315 multa-

413 2372 525 2426 que
554 2362 929 2409 monumenta.
953 2350 1032 2407 Eo
1051 2361 1296 2421 tempore
1317 2353 1674 2425 conflagravit
1694 2353 1998 2424 llippodro—

422 2460 546 2499 mus
576 2459 809 2513 magnus
848 2444 940 2512 qui
971 2458 1003 2496 a
1035 2440 1332 2496 Ptolomch
1354 2444 1446 2512 qui
1475 2445 1893 2513 cognominatus
1913 2451 1999 2501 est

417 2537 596 2605 Lagus
611 2534 955 2589 Alexandria:
976 2543 1293 2588 exstructus
1311 2534 1512 2601 fuerat,
1530 2535 1585 2590 in
1603 2552 1713 2604 quo
1725 2546 2001 2591 crematus

417 2628 598 2682 fuerat
637 2625 918 2681 Proterius
954 2627 1287 2696 patriarcha.
1327 2627 1488 2682 Anno
1512 2628 1748 2698 septimo
1782 2628 2000 2699 imperii

416 2719 658 2775 Zenonis
672 2720 1004 2775 constitutus
1020 2728 1106 2773 est
1127 2718 1342 2775 lilelitus
1362 2720 1672 2789 patriarcha
1691 2717 2004 2792 Hierosoly-

418 2812 785 2880 mitauus,qui
799 2808 1049 2865 Jacohita
1066 2808 1189 2877 fuit,
1206 2819 1332 2865 octo
1347 2826 1524 2867 annos
1534 2812 1840 2881 sedit,|dein
1860 2828 2005 2867 mor-

419 2912 552 2957 tuus
588 2911 697 2957 est.
729 2904 891 2956 Anno
924 2902 1135 2972 imperii
1159 2904 1407 2971 ejusdem
1444 2905 1657 2960 decimo
1676 2914 1833 2963 sexto
1849 2921 2004 2961 crea-

419 3005 513 3048 tus
539 3006 622 3049 est
644 2991 758 3046 Elia
789 2994 1107 3064 patriarcha
1130 2992 1665 3066 liierosolymitanus
1692 2997 1785 3067 qui
1825 3010 2005 3051 annos

2098 1710 2241 1766 Deus
2266 1709 2563 1765 Pbiruxum
2598 1709 2653 1762 in
2686 1714 3015 1775 potestatem
3048 1713 3199 1758 tuam
3224 1700 3455 1767 rediget.
3511 1696 3681 1751 Cum-

2095 1818 2205 1874 que
2224 1802 2329 1857 hoc
2369 1817 2462 1856 rex
2504 1800 2608 1871 ipsi
2666 1806 2862 1870 pactus
2908 1805 3055 1852 esset
3088 1811 3104 1850 :
3138 1793 3442 1860 Colligatis,
3501 1790 3683 1858 inquit

2093 1895 2229 1950 mihi
2287 1893 2540 1948 manibus
2591 1900 2646 1947 et
2698 1889 2953 1961 pedibus,
3010 1894 3091 1959 (at
3126 1886 3182 1940 in
3224 1884 3333 1940 alio
3382 1880 3679 1948 exemplari

2095 1987 2387 2049 abscissis,
2423 1984 2570 2055 quod
2623 1983 2747 2039 sine
2776 1982 2947 2037 dubio
2987 1979 3194 2036 rectius
3222 1976 3332 2048 est)
3382 1990 3468 2029 me
3509 1976 3561 2027 in
3595 1974 3680 2025 via

2096 2080 2334 2137 Phiruzo
2368 2081 2627 2147 obiicias,
2677 2080 2754 2132 ita
2781 2056 2885 2146 ego
2929 2085 2983 2130 te
3014 2074 3083 2129 ab
3112 2073 3285 2143 ipsius
3328 2073 3548 2123 incursu
3581 2066 3685 2119 im-

2096 2192 2319 2232 munem
2348 2173 2644 2245 prazstabo.
2694 2170 2852 2236 Quod
2890 2184 3018 2223 cum
3063 2168 3143 2223 illi
3182 2165 3404 2221 fecisset
3430 2161 3688 2216 sublatus

2097 2278 2203 2331 est,
2245 2276 2409 2337 atque
2440 2268 2494 2320 in
2526 2266 2708 2320 locum
2739 2279 2899 2333 quem
2926 2262 3174 2332 iusserat
3202 2259 3503 2327 proiectus,
3563 2252 3690 2308 rcd-

2101 2361 2363 2418 euntibus
2385 2359 2499 2433 [qui
2526 2359 2676 2412 illum
2708 2371 2775 2410 eo
2800 2350 3184 2422 deduxerant].
3208 2349 3312 2406 Ubi
3342 2362 3473 2418 ergo
3487 2346 3687 2402 Phiruz

2101 2454 2224 2508 illae
2254 2453 2542 2517 transiret,
2586 2462 2882 2518 ipsumque
2927 2444 3059 2516 quid
3091 2442 3193 2513 ipsi
3227 2442 3499 2496 evenisset
3527 2452 3688 2509 roga-

2104 2551 2184 2599 ret
2213 2560 2230 2597 :
2263 2540 2376 2611 Ego
2406 2539 2629 2609 (inquit)
2663 2553 2693 2592 e
2716 2537 3039 2608 proceribus
3063 2532 3141 2587 fui
3180 2530 3563 2595 llilalcnsiunt,
3595 2526 3689 2598 (ιιί

2101 2651 2227 2690 cum
2259 2647 2521 2688 accessus
2558 2632 2635 2684 tui
2674 2630 2818 2684 fama
2865 2627 2932 2681 ad
2969 2642 3067 2681 nos
3112 2625 3456 2695 pervenisset
3498 2638 3526 2674 a
3565 2638 3695 2689 rege

2103 2724 2483 2781 Chashnawar
2515 2723 2658 2775 inter
2705 2718 2953 2789 reliquos
2989 2715 3162 2785 ipsius
3211 2714 3442 2769 comites
3476 2720 3698 2766 sentcn-

2104 2818 2235 2872 tiam
2278 2821 2521 2885 rogatus,
2552 2814 2732 2881 palam
2763 2810 2878 2865 dixi
2912 2825 3019 2864 non
3051 2822 3212 2879 posse
3247 2808 3425 2877 ipsum
3456 2807 3693 2860 Phiruaa

2107 2925 2210 2981 pro
2274 2907 2477 2973 insigni
2547 2907 2719 2975 ipsius
2774 2900 3099 2959 fortitudine
3165 2900 3473 2964 obsistere,
3526 2914 3694 2969 quare

2106 3002 2281 3060 satius
2312 3000 2582 3071 (inquam)
2608 2996 2707 3053 tibi
2749 3007 2837 3053 est
2867 3007 2928 3051 ut
2958 2998 3139 3065 ipsum
3170 2995 3383 3051 tributo
3427 3002 3481 3048 et
3517 2994 3696 3064 pretio

420 3086 613 3154 νίδςίιιιί
651 3092 889 3156 (tuamor
913 3086 1061 3141 sedit
1080 3084 1187 3154 (vel
1219 3089 1522 3142 secundum
1548 3088 1697 3143 a!iud
1725 3091 2006 3158 exemplar
2034 3107 2077 3162 (ι
2112 3109 2222 3163 quo
2252 3103 2305 3148 te
2327 3093 2568 3149 redimas
2602 3088 2965 3161 aggrediaris.
3006 3087 3101 3142 Ille
3133 3101 3266 3155 ergo
3296 3087 3375 3139 ira
3403 3086 3458 3138 in
3489 3100 3577 3138 me
3606 3099 3697 3136 ae~

420 3174 863 3246 quatuordeciut)
908 3177 1220 3245 struxitque
1244 3176 1513 3233 ecclesias
1553 3178 1724 3251 [inter
1756 3180 2005 3253 caeteras]

419 3269 715 3323 ecclesiam
736 3267 971 3333 llelenat,
1000 3285 1166 3337 quam
1190 3285 1296 3324 non
1315 3271 1545 3338 perfecit
1573 3290 1589 3325 :
1623 3274 2003 3344 relegatusque

423 3371 506 3414 est
544 3361 696 3414 llam.
733 3358 808 3413 lio
839 3369 1084 3430 tempore
1119 3361 1515 3433 Hierosolymis
1535 3362 1803 3418 fuitAnba
1825 3361 2007 3418 Theo-

421 3450 615 3505 dosius
662 3451 896 3505 «αποιήί
927 3450 1286 3516 Aldawacesi,
1312 3454 1464 3507 Anba
1483 3453 1748 3509 Cbaritan
1770 3456 2009 3512 emnohii

423 3544 487 3596 Al
516 3543 664 3597 Suilii
692 3543 913 3607 veteris,
960 3543 1114 3597 Auba
1165 3543 1309 3598 Saba
1350 3544 1559 3600 Alsaiki
1610 3547 1758 3612 novi,
1804 3564 2012 3617 prapo-

426 3638 543 3691 siti.
575 3638 733 3689 Anno
766 3645 925 3690 sexto
954 3635 1172 3704 imperii
1209 3634 1451 3691 Zenonis
1487 3636 1667 3693 factus
1701 3638 2012 3709 Euphuitus

424 3726 741 3799 patriarcha
785 3726 1432 3795 Constantinopolitanus
1461 3772 1476 3795 ,
1537 3730 1785 3800 quinque
1836 3745 2014 3785 annos

430 3820 593 3883 sedit,
624 3819 751 3872 dein
780 3825 1031 3872 mortuus
1055 3826 1159 3873 est.
1186 3819 1346 3872 Anno
1381 3820 1598 3889 imperii
1625 3821 1868 3890 ejusdem
1906 3838 2011 3876 un-

430 3912 651 3965 decimo
700 3913 808 3981 (vel
858 3910 1163 3965 secundum
1216 3911 1364 3964 aliud
1414 3913 1699 3982 exemplar
1750 3914 2014 3969 vicesimo

428 4004 636 4073 primo)
663 4003 1006 4057 constitutus
1045 4012 1130 4057 est
1166 4002 1492 4074 l-Jutliymius
1518 4004 1833 4073 patriarcha
1863 4005 2015 4061 Con-

432 4094 979 4164 stantumpolitanns,
1052 4095 1147 4161 qui
1199 4096 1388 4149 decem
1445 4111 1623 4151 annos
1667 4098 1832 4163 sedit,
1884 4098 2011 4152 dein

434 4199 688 4244 mortuus
718 4200 826 4241 est.
852 4186 1013 4240 Auno
1061 4185 1417 4256 109-111
1453 4188 1633 4257 primo
1660 4187 1877 4257 imperii
1917 4189 2017 4243 Ze-

435 4284 597 4338 nonis
632 4280 942 4337 Antiochize
973 4282 1285 4349 patriarcha
1341 4281 1636 4348 praefectus
1674 4290 1759 4337 est
1796 4282 2013 4347 Petrus,

433 4385 802 4446 cognomento
838 4372 1016 4436 Fullo,
1062 4370 1313 4428 Jacobita
1348 4373 1475 4439 fuit,
1522 4389 1618 4430 sex
1647 4388 1823 4429 annos
1848 4375 2016 4439 sedit,

435 4471 564 4523 dein
599 4471 876 4538 relegatus
919 4474 1004 4521 est
1070 4465 1178 4536 (vel
1214 4468 1516 4520 secundum
1554 4467 1703 4521 aliud
1733 4468 2014 4537 exemplar
2049 4451 2095 4508 Ῑ)

435 4561 575 4614 duos
618 4556 839 4627 annos),
890 4562 944 4611 in
968 4572 1131 4627 quem
1160 4558 1448 4611 anathema
1478 4556 1616 4612 dixit
1651 4558 1889 4614 Basilius
1920 4574 2017 4628 pa-

437 4652 677 4706 triarcha
710 4649 995 4704 Romanus
1018 4685 1037 4713 ,
1083 4649 1375 4717 ipsumque
1408 4646 1541 4702 sede
1570 4647 1753 4717 eiecit.
1943 4633 1947 4641 ’

510 4743 633 4811 Quo
687 4742 868 4813 pulso,
900 4740 1208 4796 Antiochia:
1262 4742 1573 4812 patriarcha
1650 4751 1776 4811 post
1840 4742 2018 4811 ipsum

440 4836 773 4889 constitutus
807 4843 893 4887 est
924 4830 1275 4903 Stephanus;
1325 4833 1417 4902 qui
1448 4847 1574 4887 cum
1608 4848 1814 4886 annum
1850 4848 2017 4887 unum

442 4927 699 4989 sedisset,
752 4932 1007 4979 mortuus
1052 4931 1159 4979 est.
1207 4919 1315 4993 Ipsi
1340 4924 1537 4979 ibidem
1585 4925 1856 4980 successit
1903 4925 2024 4980 Ste-

442 5021 661 5089 phanus
688 5015 825 5073 alter
849 5056 867 5083 ,
921 5017 1017 5089 qui
1065 5032 1158 5073 sex
1183 5032 1400 5073 menses
1470 5019 1612 5074 sedit
1646 5058 1664 5083 ,
1692 5019 1820 5071 dein
1871 5033 2021 5073 mor-

443 5122 568 5164 tuus
620 5116 726 5163 est.
777 5106 910 5163 Post
998 5109 1177 5177 ipsum
1238 5108 1439 5162 ibidem
1503 5110 1812 5177 patriarcha
1892 5125 2025 5165 con-

442 5202 671 5253 stitutus
712 5208 797 5254 est
838 5197 1077 5263 Clidion,
1105 5199 1200 5269 qui
1256 5196 1619 5254 Nestorianus
1648 5198 1750 5253 fuit
1790 5217 1805 5254 :
1850 5216 2027 5259 annos

444 5307 683 5362 quatuor
757 5292 949 5359 sedit,
1020 5290 1144 5346 dein
1201 5301 1450 5347 mortuus
1507 5300 1613 5347 est.
1665 5290 1803 5345 Tum
1842 5308 2026 5347 rever-

444 5399 542 5439 aus
594 5381 791 5439 Petrus
866 5379 1025 5438 Fullo
1092 5384 1403 5452 patriarcha
1461 5384 2027 5450 Antioclienus,foeto

446 5492 619 5531 annos
671 5476 844 5536 sedit,
890 5475 1013 5528 dein
1086 5484 1331 5529 mortuus
1403 5485 1488 5529 est
1554 5476 1672 5543 (vel
1728 5478 2025 5530 secundum

450 5563 601 5619 aliud
658 5564 937 5631 exemplar
988 5578 1101 5617 tres
1146 5566 1367 5629 annos).
1409 5562 1540 5618 Post
1596 5569 1773 5633 ipsum
1827 5565 2025 5619 ibidem

451 5657 987 5725 patriarehajactus
1031 5666 1116 5710 est
1163 5656 1441 5719 Paladius,
1491 5658 1584 5726 qui
1626 5657 1812 5711 decem
1854 5676 2029 5713 annos

449 5744 611 5817 acdit,
644 5753 769 5808 dein
802 5761 1052 5807 mortuus
1076 5760 1182 5819 cst,
1225 5750 1390 5821 idque
1422 5765 1565 5806 anno
1599 5752 1811 5822 imperii
1848 5752 2026 5807 Zeno-

2111 3203 2336 3250 census,
2368 3187 2443 3240 ita
2477 3200 2567 3241 me
2600 3184 2679 3238 uti
2713 3182 2868 3237 vides
2896 3182 3127 3235 tractari
3152 3177 3341 3251 jussit,
3404 3178 3553 3232 illum
3588 3175 3697 3246 (ru-

2109 3282 2329 3351 quiens)
2368 3294 2531 3348 quem
2573 3284 2862 3346 tantopere
2896 3274 3088 3329 laudas
3134 3272 3303 3326 adeas
3339 3288 3356 3325 :
3387 3270 3699 3325 accersitis-

2109 3390 2217 3443 que
2246 3388 2275 3427 e
2307 3370 2572 3425 militibus
2612 3371 2733 3424 suis
2765 3365 3093 3436 quibusdam
3122 3380 3137 3417 :
3185 3360 3424 3417 Profecti
3477 3362 3648 3432 (inqui
3682 3364 3695 3421 )

2114 3468 2259 3521 hunc
2291 3464 2358 3519 ad
2388 3463 2688 3518 Pbiruzum
2719 3459 2953 3515 deferte.
3002 3455 3432 3511 Misericordiam
3483 3470 3615 3523 ergo
3646 3466 3696 3507 i-t

2111 3559 2459 3613 clementiam
2517 3564 2663 3609 tuam
2715 3551 2853 3608 mihi
2907 3551 3213 3606 extendens
3255 3564 3343 3603 ine
3380 3558 3556 3601 tecum
3605 3548 3702 3599 ab-

2114 3654 2240 3706 duci
2268 3653 2465 3718 jubeas
2499 3663 2566 3702 ne
2596 3663 2625 3700 a
2656 3646 2788 3701 feris
2823 3644 2923 3699 hoc
2951 3645 3006 3697 in
3044 3644 3263 3697 deserto
3292 3640 3543 3695 dilanier.
3588 3638 3704 3708 Ego

2113 3744 2262 3799 enim
2292 3742 2449 3797 vobis
2473 3737 2824 3811 113-115
2877 3736 3021 3789 viam
3078 3737 3183 3791 ista
3225 3733 3530 3789 breviorem
3562 3733 3704 3786 indi-

2115 3835 2257 3892 cabo
2284 3850 2393 3905 qua
2415 3832 2927 3912 ﬁebashnawarum
2957 3830 3012 3881 in
3042 3828 3110 3882 iis
3139 3828 3231 3881 ubi
3260 3842 3319 3881 se
3351 3826 3591 3879 maxime
3622 3836 3701 3878 tn-

2117 3936 2229 3981 tum
2282 3933 2455 3994 putat,
2505 3925 2643 3979 loeis
2698 3920 3022 3976 adoriamini
3083 3928 3141 3974 ut
3219 3918 3513 3973 vindictam
3568 3919 3704 3972 mihi

2120 4017 2265 4073 Deus
2294 4016 2363 4072 de
2386 4018 2508 4087 ipso
2537 4022 2741 4072 sumat.
2777 4010 2875 4066 Via
2905 4021 3083 4066 autem
3123 4028 3285 4081 quam
3326 4013 3481 4065 VOHS
3509 4020 3691 4064 esto-u-

2117 4122 2292 4162 surus
2315 4105 2616 4162 sutn'hidui
2645 4114 2854 4160 tantum
2888 4106 2992 4158 iter
3019 4114 3099 4158 est
3119 4144 3134 4168 ,
3159 4119 3270 4174 quo
3299 4119 3365 4158 eo
3398 4119 3504 4171 quo
3543 4102 3708 4156 vultis

2119 4200 2472 4271 perveniatis.
2509 4196 2635 4252 limo
2666 4197 2753 4251 ubi
2792 4196 3101 4250 andiissent
3128 4198 3221 4266 qui
3247 4194 3484 4249 Phirnzo
3520 4212 3547 4245 a
3573 4210 3708 4249 con-

2120 4292 2263 4346 siliis
2284 4300 2464 4353 erant,
2491 4290 2680 4343 dolum
2707 4290 2779 4343 ah
2806 4289 3225 4343 Aelishanwaro
3273 4296 3545 4342 structum
3581 4301 3709 4355 per-

2121 4380 2417 4448 cipientes,
2445 4379 2708 4433 dixerunt
2741 4379 2844 4447 ipsi
2887 4395 2901 4432 :
2936 4377 3033 4433 Vir
3062 4379 3165 4433 iste
3204 4380 3255 4430 in
3289 4378 3584 4431 consilium
3616 4393 3712 4427 vo-

2122 4480 2280 4529 catus
2324 4487 2423 4541 pro
2448 4471 2694 4526 scientia:
2726 4481 2780 4523 et
2826 4469 3130 4541 prudentiae
3164 4484 3278 4523 suae
3307 4469 3490 4531 modo,
3522 4469 3710 4521 consi—

2121 4565 2255 4619 lium
2287 4563 2463 4629 dedit,
2488 4564 2635 4632 quod
2672 4564 2740 4618 ab
2768 4564 2891 4633 ipso
2923 4562 3050 4617 dolo
3086 4560 3316 4616 factum.
3367 4562 3521 4627 Quod
3553 4564 3596 4615 si
3636 4562 3710 4613 ita

2123 4657 2282 4712 illum
2325 4655 2667 4711 Acsiianwar
2711 4656 2793 4708 ira
2826 4662 3134 4709 commotus
3174 4653 3461 4707 multasset
3508 4669 3713 4722 nequa-

2122 4764 2284 4820 quam
2338 4749 2516 4816 ipsum
2567 4747 2725 4801 nobis
2760 4748 2817 4801 in
2858 4746 2962 4801 hoc
3001 4746 3219 4802 deserto
3263 4744 3585 4813 obiecisset.
3635 4746 3713 4797 Ne

2126 4842 2299 4911 igitur
2329 4839 2493 4894 dictis
2517 4839 2689 4908 ipsius
2714 4838 2932 4891 credas.
2985 4836 3065 4891 Ae
3116 4836 3303 4890 forsan
3335 4836 3713 4890 Achshauwar

2124 4946 2252 4986 cum
2274 4931 2544 4986 comitatu
2576 4946 2679 4985 suo
2724 4929 2791 4983 ad
2842 4930 3011 4984 istum
3062 4929 3243 4983 locum
3270 4929 3520 4997 pervenit
3549 4942 3715 4997 quem

2125 5020 2417 5086 descripsit
2444 5017 2524 5070 vir
2556 5018 2682 5080 iste,
2735 5031 2800 5071 ac
2854 5016 2928 5070 ibi
2973 5027 3107 5085 quot
3141 5018 3276 5069 satis
3332 5016 3462 5079 sint,
3515 5017 3720 5069 milites

2128 5113 2375 5182 reliquit.
2428 5109 2617 5164 Noluit
2672 5118 2859 5164 autem
2919 5107 3120 5162 Phiruz
3184 5108 3319 5177 ipsis
3381 5109 3717 5163 auscultare.

2131 5203 2317 5261 Secuti
2367 5211 2497 5259 sunt
2526 5216 2661 5273 ergo
2690 5204 2871 5257 virum
2916 5203 3077 5259 istum
3121 5216 3231 5270 qua
3281 5202 3432 5271 ipsos
3465 5199 3714 5261 duceret.

2132 5297 2322 5360 biduo,
2352 5296 2586 5350 necdum
2611 5295 2893 5349 desertum
2928 5295 3289 5349 transierunt.
3330 5293 3447 5358 Qua
3488 5294 3553 5347 de
3596 5309 3654 5347 re
3688 5311 3718 5348 a

2136 5386 2373 5442 Phiruzo
2400 5389 2812 5455 interrogatus:
2846 5382 3061 5438 Fefellit
3096 5400 3182 5438 tne
3200 5384 3423 5455 (inquit)
3454 5385 3554 5438 via:
3586 5400 3715 5454 spa—

2131 5480 2289 5543 tium,
2322 5478 2484 5532 hodie
2523 5486 2706 5532 autem
2761 5475 2943 5547 ipsum
2996 5476 3423 5547 pertransibitis.
3467 5479 3715 5544 Cumque

2132 5570 2485 5639 ιιι-ιυιρτὶίεδει
2543 5581 2597 5621 et
2646 5568 2764 5623 dies
2855 5570 2982 5631 iste,
3031 5568 3465 5638 quotiescunque
3528 5571 3705 5638 ipsum

2130 5671 2398 5731 quantum
2449 5660 2554 5714 sibi
2609 5662 2707 5713 riu:
2751 5659 3025 5726 reliquum
3082 5667 3225 5714 esset
3286 5662 3709 5731 interrogarent.

2136 5770 2232 5824 pro
2261 5753 2411 5811 brevi
2454 5754 2747 5811 admodum
2779 5768 2841 5811 ac
2881 5753 3030 5809 facili
3065 5752 3368 5821 venditare,
3412 5756 3586 5812 donec
3622 5758 3710 5812 ubi
