3976 6168
480 317 620 382 1059

1512 307 1883 373 EU'l'YCIIlI
1928 307 2234 367 ALEXAN
2248 306 2468 368 DRlNl
2509 304 2737 368 PATR.

3604 298 3744 361 1050

477 436 700 506 penitus
726 430 999 488 defecisse
1032 425 1243 485 videret
1265 426 1531 499 quidquid
1564 428 1706 497 apud
1740 427 1887 497 ipsos
1910 435 2060 482 esset
2087 425 2137 486 Α
2166 426 2388 496 probrio
2428 426 2609 488 cedat,
2665 422 2785 479 sive
2833 427 2896 476 ut
2941 418 3159 476 dicatur
3191 435 3206 472 :
3256 414 3493 487 Quidam
3548 416 3755 487 aliquid

475 528 664 584 viatici
698 536 751 581 et
781 540 974 596 aqum,
1032 532 1196 592 atque
1232 523 1287 576 in
1340 523 1519 575 locum
1559 520 1873 591 pervenisse
1912 521 2061 588 ipsos

477 623 624 675 unde
644 618 824 674 redire
851 617 1165 686 nequirent,
1200 628 1390 669 verum
1424 613 1558 684 ipsis
1591 613 1875 670 fateretur.
1918 610 2057 669 Tum

479 712 695 768 l’hiruzi
721 712 973 775 comites,
993 706 1525 780 verumiinquiunt),
1547 721 1580 762 ο
1611 722 1731 774 rex,
1765 707 1929 779 116
1960 706 2059 761 tibi

478 806 748 869 diximus,
775 812 831 857 at
862 816 1050 857 aurem
1080 800 1245 857 nobis
1277 800 1522 872 praebere
1550 799 1798 863 noluisti,
1820 797 1933 868 jam
1959 813 2059 853 au-

481 906 591 952 tem
614 896 905 951 consilium
928 902 1014 951 est
1041 901 1101 948 ut
1128 884 1274 949 recta
1298 906 1612 964 pergamus,
1645 890 1832 948 forsan
1859 904 2061 962 aquam

479 989 753 1059 repertori
781 1002 999 1043 sumus.
1026 986 1265 1042 Profecti
1291 995 1425 1043 sunt
1446 1002 1578 1058 ergo
1613 985 1965 1041 dextrorsum
1995 996 2062 1036 ac

476 1081 853 1137 sinistrorsum
900 1080 1135 1151 sparsim
1168 1093 1367 1150 aquam
1407 1079 1698 1149 quaesitum
1733 1119 1750 1143 ,
1798 1075 2064 1130 maxima-

475 1189 584 1244 que
631 1173 882 1243 ipsorum
933 1187 1062 1243 pars
1102 1172 1195 1228 siti
1243 1171 1429 1241 periit,
1493 1168 1644 1225 haud
1700 1167 2063 1224 evadentibus

478 1282 585 1321 una
614 1281 741 1321 eum
764 1264 1007 1320 Phiruzo
1039 1266 1288 1334 exceptis
1332 1263 1522 1334 paucis
1546 1262 1763 1333 aliquot
1816 1276 1849 1316 e
1886 1259 2061 1317 comi-

476 1369 591 1414 tum
616 1359 962 1425 fortissimis,
995 1357 1092 1428 qui
1121 1356 1304 1429 ipsum
1336 1355 1593 1425 comitati
1626 1364 1778 1419 sunt,
1799 1353 1975 1409 donec
1994 1352 2063 1407 ab

477 1451 732 1507 hostibus
762 1464 934 1522 prope
964 1450 1246 1515 abessent,
1269 1461 1410 1519 quos
1436 1446 1629 1502 eadem
1666 1455 1850 1509 nocte,
1885 1458 2065 1515 eoque

473 1561 586 1616 quo
615 1552 775 1600 erant
795 1551 939 1599 statu
956 1542 1582 1613 aggressi,superarunt.
1605 1538 1746 1596 Tum
1773 1538 2065 1595 Acbsltan-

475 1652 709 1699 warum,
745 1634 959 1704 rogavit
981 1618 1179 1688 Phiruz
1209 1641 1269 1688 ut
1292 1634 1395 1703 ipsi
1424 1641 1478 1689 et
1508 1632 1805 1688 comitibus
1833 1630 1927 1703 qui
1962 1646 2065 1686 su-

474 1737 733 1800 pererant
778 1730 898 1783 suis
954 1726 1188 1797 gratiam
1252 1724 1464 1782 faciens
1515 1726 1671 1797 ipsos
1718 1725 1774 1781 in
1826 1722 2059 1794 patriam

2168 533 2463 590 aggressus
2511 517 2591 573 illi
2620 513 2953 586 perficiendo
3011 528 3124 568 non
3167 510 3292 577 fuit,
3347 508 3528 566 hostis
3570 518 3754 563 autem

2169 612 2345 681 ipsius
2380 613 2502 684 ipso
2530 611 2708 682 iisque
2735 609 2829 679 qui
2880 622 3008 664 cum
3050 608 3170 676 ipso
3197 610 3361 661 erant
3392 600 3651 674 superior
3675 598 3758 657 fa-

2166 718 2291 763 etus
2314 705 2547 775 gratiam
2581 706 2718 775 ipsis
2743 712 3014 772 praestans
3053 700 3181 757 illos
3210 700 3352 754 inito
3382 704 3546 769 pacto
3593 695 3759 751 dimi-

2170 804 2274 864 Sit;
2298 802 2413 855 sive
2436 797 2524 872 [ut
2553 794 2792 868 dicatur]
2825 806 2839 847 ε
2872 792 3076 849 Foedus
3110 807 3175 848 ac
3226 798 3444 862 pactum
3506 787 3760 854 violavit,

2168 903 2223 949 et
2249 908 2349 964 pro
2378 892 2526 948 bono
2546 891 2748 945 malum
2798 887 3071 958 rependit.
3120 885 3342 943 Norant
3367 892 3551 940 autem
3582 882 3760 935 comic

2168 992 2254 1038 tes
2283 982 2360 1038 tui
2395 991 2448 1039 te
2487 982 2638 1052 ipsos
2686 980 2756 1035 ad
2827 978 3077 1050 iniquum
3124 975 3333 1048 aliquid
3379 973 3758 1047 praestandum

2169 1075 2412 1147 adigere.
2445 1074 2661 1142 Quibus
2696 1073 2835 1130 adde
2874 1087 2976 1130 nec
3008 1082 3064 1129 te
3093 1070 3341 1127 victoria
3369 1083 3584 1125 certum
3611 1081 3759 1132 esse,

2170 1170 2267 1225 sed
2291 1170 2567 1239 ejusmodi
2616 1184 2730 1223 rem
2761 1182 3009 1239 sperare,
3066 1181 3190 1239 qua:
3214 1174 3270 1221 et
3298 1162 3367 1218 de
3400 1170 3456 1218 te
3481 1170 3757 1231 speretur.

2169 1262 2328 1330 Quod
2360 1264 2409 1319 si
2435 1262 2636 1318 viceris
2661 1276 2762 1317 nec
2802 1262 2944 1317 bona
2972 1260 3080 1315 erit
3120 1258 3268 1314 fama
3298 1267 3417 1321 tua,
3452 1269 3557 1311 nec
3609 1252 3759 1325 quod

2171 1359 2368 1416 feceris
2414 1358 2582 1415 laude
2620 1358 2872 1428 dignum.
2932 1352 3090 1421 Quod
3138 1354 3187 1409 si
3246 1350 3429 1406 victus
3486 1347 3761 1414 fueris,et

2170 1454 2407 1522 teipsum
2449 1459 2507 1508 et
2536 1452 2815 1507 exercitus
2871 1456 2998 1503 tuos
3045 1444 3281 1501 infames
3320 1440 3528 1499 reddis.
3583 1439 3760 1501 Penes

2169 1561 2301 1617 ergo
2331 1543 2618 1599 arbitrium
2661 1554 2815 1596 tuum
2848 1554 2936 1595 res
2994 1545 3103 1593 est.
3125 1534 3239 1606 Ego
3265 1543 3318 1591 to
3349 1532 3637 1596 admonui,
3667 1546 3760 1586 ne-

2170 1654 2277 1709 que
2303 1653 2390 1693 me
2408 1636 2477 1692 ad
2507 1636 2627 1691 hac
2648 1651 2769 1706 qua:
2809 1634 2969 1689 audis
3024 1632 3259 1688 dicenda
3290 1635 3478 1682 movet
3516 1620 3762 1681 imbecil-

2171 1732 2319 1796 litas,
2348 1729 2511 1799 cujus
2530 1728 2615 1783 vel
2645 1744 2712 1783 ex
2739 1740 2884 1790 mea,
2933 1723 3024 1779 vel
3052 1739 3121 1779 ex
3173 1719 3459 1792 copiarum
3512 1728 3758 1771 mearum

472 1798 633 1877 suam
672 1821 998 1885 dimitteret,
1036 1834 1212 1889 seque
1251 1834 1377 1874 cum
1413 1818 1536 1889 ipso
1559 1817 1749 1875 fmdus
1792 1818 2062 1873 initurum
2090 1798 2139 1861 Β
2174 1834 2331 1896 parte
2375 1798 2640 1879 conscius
2695 1836 2845 1887 sum,
2905 1832 3099 1875 verum
3138 1822 3200 1872 ut
3251 1811 3467 1870 fortiori
3514 1807 3665 1881 apud
3706 1815 3760 1865 to

476 1913 622 1967 haud
658 1927 902 1984 unquam
937 1927 996 1967 se
1038 1911 1271 1983 posthac
1300 1911 1432 1965 dum
1466 1910 1671 1967 viveret
1701 1910 1882 1984 ipsum
1918 1908 2063 1966 bello

469 2020 886 2075 aggressurum,
963 2003 1303 2085 constitutio
1337 2002 1481 2059 inter
1537 2003 1689 2074 ipsos
1731 2010 1786 2058 et
1833 2015 2059 2074 regnum

475 2111 634 2150 suum
691 2099 928 2152 termino
974 2111 1139 2167 quem
1180 2110 1463 2167 nunquam
1507 2104 1658 2152 esset
1696 2096 2058 2152 transiturus.

464 2189 573 2244 Cui
619 2200 744 2244 cum
798 2191 1096 2244 annuisset
1121 2188 1523 2255 Achshanwar,
1562 2185 1768 2257 scripto
1806 2188 1910 2241 hoc
1954 2185 2062 2256 ipsi

470 2278 816 2333 confirmavit
842 2280 1045 2333 Pbiruz
1103 2279 1296 2334 ascitis
1322 2278 1561 2334 testibus
1582 2318 1598 2341 .
1632 2278 2062 2347 juramentoque

466 2384 534 2424 se
575 2370 930 2437 obstringens
973 2371 1182 2425 nullam
1226 2384 1288 2425 se
1327 2366 1412 2424 illi
1449 2367 1700 2425 fraudem
1751 2366 2054 2438 facturum,

471 2475 637 2533 atque
669 2465 741 2518 ita
773 2464 826 2517 itt
862 2478 1089 2533 regnum
1116 2476 1280 2517 suum
1311 2475 1567 2516 reversus
1593 2467 1698 2516 est.

549 2556 646 2612 Ubi
678 2566 969 2628 postquam
1006 2556 1075 2611 ad
1131 2568 1349 2625 tempus
1403 2554 1624 2625 aliquod
1678 2553 2054 2621 substitisset,

472 2651 525 2701 in
560 2650 884 2704 riu-moriam
912 2648 1015 2718 ipsi
1041 2648 1211 2704 subiit
1244 2644 1379 2719 quid
1415 2646 1527 2703 sibi
1555 2647 1626 2702 ab
1650 2645 2065 2702 Achshanwaro

467 2741 676 2795 dudum
706 2743 1001 2795 evenisset.
1020 2739 1196 2809 Cujus
1228 2753 1355 2794 cum
1386 2738 1545 2794 illum
1566 2735 1817 2810 puderet,
1860 2738 2057 2793 metuit

463 2844 649 2886 taiueu
697 2847 821 2886 cum
876 2832 994 2902 ipso
1032 2832 1224 2887 dolose
1253 2844 1437 2902 agere.
1473 2829 1695 2901 Impulit
1717 2845 1846 2901 ergo
1880 2831 2059 2900 ipsum

470 2926 575 2979 hoc
603 2934 662 2978 ut
690 2939 815 2979 eum
844 2937 1040 2977 rursus
1067 2924 1211 2978 bello
1231 2923 1641 2993 aggrederetur.
1677 2921 1945 2977 Dixerunt
1963 2938 2061 2976 au-

462 3026 578 3070 tem
606 3016 708 3086 ipsi
733 3014 1032 3070 consiliarii
1056 3014 1268 3084 ipsius:
1306 3014 1664 3087 117-119
1694 3014 1898 3072 Findus
1928 3031 2058 3071 cum

2172 1924 2299 1973 utar
2329 1923 2684 1985 argumento,
2706 1927 2813 1969 nec
2850 1907 3219 1967 incolumitati
3279 1905 3582 1976 quidquam
3611 1898 3757 1971 quod

2170 2024 2342 2082 penes
2365 2023 2452 2064 me
2479 2015 2565 2065 est
2586 2003 2841 2078 praefero.
2872 2001 3175 2073 Respondit
3195 1996 3403 2055 Pbiruz
3437 2015 3453 2051 :
3486 1992 3609 2050 Non
3636 2006 3757 2048 sum

2169 2117 2271 2175 ego
2297 2102 2347 2159 is
2369 2101 2716 2173 quemﬁmina:
2737 2114 2849 2170 prie
2877 2106 3027 2153 metu
3063 2094 3137 2152 ab
3158 2094 3229 2151 iis
3253 2108 3377 2164 qua:
3406 2089 3575 2159 cupio
3602 2102 3757 2142 aver-

2169 2208 2314 2255 tant.
2349 2195 2505 2262 Quod
2534 2194 2580 2253 si
2608 2193 2899 2250 videretur
2946 2187 3083 2245 mihi
3139 2186 3218 2243 illi
3251 2184 3397 2257 quod
3443 2179 3758 2255 aggredior,

2169 2288 2327 2345 fraus
2358 2288 2563 2352 inesse,
2594 2300 2704 2339 non
2737 2283 2888 2338 alius
2939 2278 3076 2336 illud
3129 2277 3308 2348 magis
3339 2275 3559 2343 indigne
3592 2284 3758 2342 quam

2167 2383 2291 2457 ipse
2311 2398 2344 2438 a
2370 2394 2458 2437 me
2480 2394 2605 2451 ego,
2630 2376 2825 2433 ferret.
2879 2373 2992 2443 Ego
3030 2378 3215 2425 autem
3242 2367 3390 2422 haud
3424 2364 3548 2457 aliis
3575 2370 3761 2418 tecum

2168 2450 2582 2533 conditionibus
2603 2469 2784 2527 foedus
2800 2461 3152 2537 121-123
3170 2459 3419 2533 percussi
3442 2450 3606 2528 quam
3619 2467 3760 2525 qua

2171 2568 2295 2640 ipse
2316 2565 2372 2622 in
2399 2572 2623 2636 pectore
2642 2560 2840 2618 celavi.
2864 2556 2941 2613 Ne
2971 2569 3101 2627 ergo
3122 2563 3176 2609 te
3199 2552 3437 2622 decipiat
3461 2549 3551 2603 illa
3587 2560 3756 2616 quam

2173 2662 2354 2734 primo
2379 2659 2448 2714 de
2469 2656 2631 2712 nobis
2652 2649 2979 2723 concepisti,
3004 2644 3304 2720 paucitatis
3336 2651 3391 2699 et
3421 2640 3761 2711 impotentia:

2172 2730 2362 2826 opinio
2394 2770 2411 2808 :
2442 2746 2632 2807 verum
2656 2747 2805 2804 scias
2835 2760 2923 2800 me
2974 2740 3402 2810 haudquaquam
3459 2745 3515 2790 te
3563 2730 3763 2826 dereli-

2178 2823 2431 2911 cturum,
2460 2845 2637 2900 donec
2665 2839 2800 2896 illud
2828 2838 2895 2894 de
2922 2845 2977 2891 te
3004 2835 3282 2891 obtineam
3309 2827 3457 2901 quod
3484 2836 3545 2882 tu
3574 2823 3647 2881 de
3676 2836 3765 2879 me

2177 2942 2527 2998 obtinueras.
2584 2936 2731 2991 Dixit
2795 2931 3211 2989 Achslianwar:
3264 2923 3348 2981 Ne
3398 2935 3452 2979 te
3500 2919 3762 2991 decipiat,

2174 3034 2314 3092 illud
2338 3048 2451 3103 quo
2499 3038 2557 3087 te
2612 3028 2791 3099 ipsum
2823 3023 2992 3089 fallis,
3024 3021 3153 3077 dum
3181 3032 3373 3074 coram
3413 3025 3468 3070 te
3524 3011 3763 3084 lapidem

1182 3106 1540 3222 gﬁz'f‘aifkﬂm
1572 3106 1727 3222 ira":
1754 3115 1813 3222 εξ
1861 3108 2065 3179 injuria
2094 3158 2142 3222 ε
2175 3126 2502 3199 gestandum
2558 3134 2745 3177 cures.
2783 3116 2952 3172 Pacta
2993 3111 3267 3220 siquidem
3294 3116 3351 3167 et
3395 3106 3635 3174 hedera,
3670 3117 3763 3161 ae-

462 3198 791 3254 suceedant.
850 3196 1153 3266 liesponilit
1198 3197 1307 3252 illis
1356 3196 1559 3254 Phiruz
1610 3216 1626 3256 :

466 3306 597 3346 cum
627 3291 748 3361 ipso
772 3306 858 3345 me
890 3290 1123 3359 lapidem
1158 3287 1556 3363 [designatum]
1611 3291 1757 3347 haud
1797 3293 2064 3350 transitu-

478 3400 621 3438 rum.
646 3382 906 3451 Lapidem
939 3396 1071 3452 ergo
1101 3384 1349 3449 plaustro
1384 3382 1697 3452 impositum
1742 3396 1930 3438 coram
1966 3399 2068 3439 no-

468 3476 554 3531 bis
584 3474 782 3539 feram,
817 3488 994 3545 neque
1021 3489 1050 3527 a
1092 3484 1249 3545 tergo
1302 3488 1543 3542 unquam
1607 3473 1936 3544 relinquam.
1996 3474 2067 3529 At

471 3569 592 3624 illi:
628 3566 832 3622 Fmdus
868 3565 1181 3637 (inquiunt)
1214 3580 1321 3622 non
1356 3574 1519 3636 prout
1560 3576 1616 3620 tu
1669 3567 2064 3637 interpretatus

476 3677 558 3721 es,
586 3661 681 3715 sed
702 3659 860 3728 juxta
890 3658 1244 3713 manifestum
1271 3656 1591 3729 [verborum
1630 3660 1879 3732 sensum]
1903 3662 2067 3718 intel-

463 3752 739 3821 ligeudum
756 3759 863 3805 est.
884 3748 1085 3803 Phiruz
1108 3759 1311 3814 autem,
1328 3758 1514 3819 spreto
1539 3750 1787 3820 ipsorum
1806 3754 2061 3820 consilio,

471 3846 540 3899 ad
569 3844 770 3898 bellum
802 3830 1219 3899 Achsliauwaro
1264 3844 1612 3899 inferendum
1648 3846 1930 3915 profectus
1956 3856 2062 3905 est.

465 3937 592 4000 Quo
629 3935 821 3988 audito
854 3949 1191 4004 magnopere
1245 3935 1477 3989 miratus
1510 3935 1909 4006 Achshanwar,
1961 3955 2066 3996 nec

472 4028 736 4082 dubitans
761 4026 958 4081 fraude
988 4040 1218 4080 usurum
1251 4025 1453 4082 Phiruz
1493 4028 1719 4097 scriptis
1761 4031 1830 4084 ad
1881 4032 2063 4102 ipsum

476 4119 699 4182 litteris,
735 4114 959 4186 pactum
1025 4132 1211 4172 secum
1268 4116 1465 4173 initum
1520 4118 1597 4174 illi
1635 4121 1692 4175 in
1737 4126 2061 4179 memoriam

474 4213 776 4277 revocavit,
809 4196 1011 4279 rogans
1037 4221 1104 4263 ut
1147 4220 1563 4279 reverteretur;
1625 4223 1681 4269 at
1734 4217 1824 4272 ille
1862 4233 2066 4287 nequa-

468 4319 631 4371 quam
672 4303 787 4357 huic
809 4311 1058 4356 moratus
1084 4303 1347 4371 perrexit,
1373 4304 1553 4360 donec
1586 4305 1843 4379 Hiyatela
1870 4325 2064 4380 perve-

472 4396 659 4449 niret.-
698 4410 933 4464 cumque
984 4394 1187 4449 vallum
1246 4397 1390 4452 inter
1439 4412 1595 4453 suam
1628 4408 1683 4454 et
1720 4400 1943 4455 Phiruzi
1974 4402 2062 4458 di-

1685 3198 1888 3257 Pactus
1943 3217 2062 3257 sum

2170 3198 2412 3277 cundum
2450 3214 2745 3270 verborum
2798 3224 3000 3267 sonum
3053 3208 3337 3270 ineuntur,
3398 3216 3508 3258 non
3560 3215 3763 3258 secun-

2170 3309 2301 3367 dum
2358 3305 2496 3365 illud
2543 3303 2695 3377 quod
2743 3301 3027 3360 occultum
3093 3298 3413 3356 retinetur:
3465 3306 3765 3365 reruqu

2170 3405 2416 3459 omnium
2447 3400 2830 3471 turpissimum
2877 3404 2963 3452 est
3021 3393 3293 3450 foederum
3359 3402 3415 3449 et
3471 3400 3761 3462 pactorum

2166 3496 2412 3552 violatio.
2445 3493 2542 3549 Ille
2604 3506 2735 3547 vero
2778 3489 2885 3560 ipsi
2956 3486 3276 3544 auscultare
3303 3484 3503 3542 noluit.
3561 3484 3760 3540 Statim

2166 3603 2297 3660 ergo
2349 3585 2559 3643 reversi
2599 3593 2753 3641 sunt.
2793 3581 2940 3637 Dixit
2990 3588 3173 3637 autem
3212 3578 3413 3634 Pbirua
3469 3576 3762 3633 comitibus

2168 3682 2293 3737 suis
2328 3697 2343 3734 :
2388 3678 2515 3734 Erat
2538 3678 2926 3734 Achslianwar
2956 3687 3257 3747 congressu
3290 3674 3583 3742 egregius;
3618 3685 3762 3723 nun-

2166 3787 2330 3843 quam
2379 3781 2566 3827 autcm
2628 3770 2739 3824 vidi
2777 3782 2946 3838 equo,
2996 3765 3087 3822 cui
3136 3763 3435 3830 insidebat,
3485 3765 3633 3819 inter
3673 3759 3763 3832 ju-

2168 3873 2351 3920 menta
2379 3862 2636 3919 similem.
2674 3858 2847 3915 Pedes
2873 3857 3022 3913 enim
3066 3856 3212 3913 haud
3275 3855 3509 3911 omnino
3562 3855 3758 3916 movit,

2167 3970 2345 4025 neque
2389 3953 2626 4023 ungulas
2650 3951 2774 4008 loco
2806 3951 3058 4019 sustulit,
3088 3963 3267 4021 neque
3297 3947 3558 4015 hinnivit,
3583 3960 3761 4018 neque

2165 4048 2375 4103 excidit
2402 4045 2509 4119 ipsi
2564 4045 2772 4117 aliquid
2805 4043 2955 4116 quod
3007 4042 3341 4113 colloquium
3392 4042 3759 4112 interrumpe-

2166 4149 2253 4195 ret
2286 4150 2403 4195 toto
2429 4152 2543 4210 quo
2599 4139 2768 4195 simul
2818 4136 3030 4193 fuimus
3062 4145 3331 4206 tempore.
3384 4132 3760 4190 Acbsbauwar

2168 4246 2300 4287 vero
2335 4230 2502 4287 suis:
2542 4227 2812 4295 Conveni,
2862 4235 3032 4300 prout
3076 4226 3213 4282 mibi
3247 4224 3521 4298 vobisque
3578 4227 3756 4281 visunt

2165 4333 2275 4386 est,
2305 4322 2606 4379 Pliiruzum
2640 4322 2854 4393 integre
2903 4329 3201 4388 armatum,
3256 4334 3541 4391 nunquam
3575 4327 3756 4376 autem

2166 4431 2228 4473 se
2258 4416 2315 4471 in
2350 4430 2494 4486 equo
2516 4430 2619 4471 suo
2646 4414 2841 4480 movit,
2882 4429 2986 4470 nec
3031 4428 3277 4485 unquam
3316 4414 3511 4485 pedem
3544 4413 3617 4470 de
3642 4423 3756 4469 sta-

473 4492 685 4581 tionem,
746 4486 1016 4543 efl‘odcrat
1064 4489 1463 4558 Aclisbanvar,
1516 4508 1684 4562 super
1730 4495 1826 4549 illo
1865 4505 2057 4563 pontes
2090 4511 2135 4567 ι)
2164 4508 2301 4581 pede
2339 4506 2625 4570 subduxit,
2650 4521 2828 4577 neque
2876 4514 3090 4578 tergum
3123 4505 3353 4572 inﬂegit.
3387 4520 3491 4562 nec
3519 4521 3583 4563 σε
3629 4504 3759 4561 ἀεκ-

476 4580 881 4651 exstruijussit
908 4581 1141 4647 Pltiruz,
1187 4584 1391 4651 quibus
1450 4586 1749 4640 transiret:
1787 4589 2063 4656 impositis

466 4674 633 4727 etiam
694 4676 959 4743 pontibus
1024 4676 1238 4731 vexillis
1285 4692 1409 4745 qua:
1481 4676 1733 4733 redeunti
1792 4681 1845 4733 in
1909 4683 2066 4751 signa

465 4774 673 4820 essent.
703 4764 840 4818 Cum
869 4780 1002 4836 ergo
1026 4767 1141 4836 jam
1175 4767 1230 4820 in
1269 4768 1559 4837 procinctu
1584 4779 1767 4825 essent
1788 4772 2065 4827 exercitus

465 4857 693 4911 mittens
724 4857 788 4910 ad
831 4855 1126 4910 Pbiruzum
1174 4857 1579 4923 Acltsltanwar,
1630 4862 1843 4931 rogavit
1880 4870 1941 4915 ut
1996 4860 2066 4916 ad

470 4952 654 5021 ipsum
687 4950 870 5005 medio
896 4953 1037 5005 inter
1058 4953 1336 5008 exercitus
1364 4954 1545 5023 spatio
1602 4954 1673 5009 ad
1724 4957 2062 5027 colloquium

465 5045 731 5114 prodiret.
760 5045 863 5110 Qui
894 5060 1017 5100 eum
1045 5045 1359 5115 prodiisset,
1385 5047 1520 5102 dixit
1548 5048 1624 5103 illi
1645 5050 2022 5106 Acbsbanwar
2048 5070 2063 5108 :

466 5135 644 5190 Credo
674 5136 929 5205 equidem
962 5152 1065 5205 ego
1110 5152 1217 5191 non
1265 5139 1410 5191 aliud
1446 5148 1501 5194 te
1552 5140 1619 5194 ad
1667 5140 1847 5196 locum
1896 5141 2062 5198 istum

464 5240 760 5293 evocasse,
791 5242 959 5295 quam
997 5229 1262 5297 pudorem
1296 5233 1368 5284 ob
1392 5232 1627 5285 reditum
1660 5240 1818 5287 tuum
1856 5248 1926 5289 eo
1955 5250 2066 5306 quo

476 5330 737 5371 reversus
766 5332 827 5372 es
857 5318 1037 5373 modo.
1064 5323 1142 5372 Ac
1181 5336 1277 5388 per
1308 5320 1473 5374 vitam
1511 5336 1689 5377 meam
1741 5325 1790 5378 si
1826 5338 1930 5381 nos
1968 5327 2065 5380 tibi

467 5407 572 5462 hoc
590 5408 751 5463 modo
768 5408 1016 5462 lraudem
1039 5410 1385 5475 fecissemus,
1412 5414 1592 5484 majus
1612 5415 1819 5485 aliquid
1850 5435 1878 5470 a
1904 5417 2065 5474 nobis

468 5504 743 5574 petiisses.
773 5501 1020 5561 Fmderis
1071 5505 1232 5577 120
1264 5519 1445 5561 autem
1486 5524 1515 5561 a
1562 5521 1615 5565 te
1658 5512 1801 5581 pacti
1846 5513 2067 5567 violatio

469 5613 557 5651 res
593 5608 681 5653 est
716 5599 876 5668 cuius
905 5601 1081 5669 magis
1112 5603 1316 5667 pudere
1362 5602 1543 5669 debet,
1573 5620 1738 5672 quam
1775 5605 1894 5672 ejus
1916 5608 2062 5675 quod

471 5691 568 5745 tibi
599 5692 850 5761 contigit.
885 5691 999 5748 lloc
1040 5710 1178 5764 ergo
1206 5694 1393 5746 animo
1426 5699 1718 5764 perpende,
1754 5712 1917 5768 atque
1954 5707 2067 5756 haec

467 5782 578 5837 duo
611 5782 756 5839 inter
787 5798 847 5841 se
885 5784 1079 5842 confer
1110 5797 1171 5843 ut
1214 5787 1426 5859 videas,
1492 5801 1675 5847 utrum
1729 5794 1926 5865 majori
1969 5810 2066 5850 oo-

2171 4614 2415 4655 trorsum
2450 4597 2535 4652 vel
2576 4596 2966 4651 sinistrorsum
3015 4595 3312 4650 convertit.
3371 4595 3485 4665 Ego
3538 4594 3755 4651 interitu

2168 4689 2371 4760 saepius
2404 4687 2597 4743 femori
2636 4687 2860 4743 innixus
2885 4702 3005 4742 sum
3029 4701 3173 4757 equo
3202 4685 3487 4751 insistens,
3516 4700 3584 4743 ac
3616 4685 3748 4743 sob-

2181 4782 2311 4837 iude
2360 4781 2599 4850 respexi.
2654 4780 2781 4835 dein
2838 4781 2893 4833 in
2925 4796 2989 4836 ea
3021 4796 3147 4851 quae
3190 4788 3320 4835 ante
3369 4781 3546 4852 posita
3603 4788 3755 4835 erant

2186 4873 2378 4928 oculos
2407 4871 2641 4941 conieci,
2684 4870 2804 4941 ipso
2834 4871 2941 4927 fixo
2969 4888 3032 4926 ac
3064 4872 3254 4942 quieto
3282 4886 3564 4928 manente.
3599 4871 3755 4946 125

2172 4966 2233 5020 id
2276 4974 2459 5021 autem
2481 4965 2777 5019 voluerunt
2796 4963 2999 5018 Pbiruz
3016 4961 3120 5038 [et]
3131 4965 3512 5021 Achsbauwar
3528 4966 3618 5023 bis
3630 4982 3755 5023 nar-

2172 5055 2383 5121 randis,
2418 5062 2796 5110 utsermones
2830 5056 2921 5112 isti
2960 5072 3057 5128 per
3109 5060 3390 5114 exercitus
3419 5072 3554 5116 suos
3602 5075 3755 5132 spar-

2168 5158 2455 5220 gerentur,
2484 5148 2676 5218 quoliis
2694 5148 2947 5220 occupati
2976 5150 3225 5207 homines
3255 5152 3757 5225 haudinquirerent

2172 5246 2224 5296 in
2252 5257 2315 5299 ea
2347 5258 2470 5313 qua:
2497 5255 2695 5299 mutuo
2729 5244 2993 5299 collocuti
3038 5244 3280 5302 fuerant.
3313 5247 3473 5304 lane
3496 5265 3633 5321 ergo
3648 5252 3755 5323 jam

2171 5336 2315 5390 facto
2362 5338 2734 5407 syngrapham
2792 5351 2961 5407 quam
3030 5338 3137 5411 ipsi
3197 5342 3506 5411 scripserat
3558 5341 3757 5400 Phirus

2177 5426 2499 5497 productam
2540 5425 2713 5483 basta:
2768 5428 3029 5499 imposuit
3077 5431 3478 5502 Acbsbauwar,
3530 5450 3644 5508 quo
3694 5440 3757 5496 ab

2184 5522 2430 5576 exercitu
2486 5524 2926 5593 conspiceretur,
2979 5536 3045 5578 ac
3085 5525 3316 5580 victoria
3357 5528 3411 5582 in
3464 5527 3754 5587 Phiruaum

2171 5614 2375 5682 potitus
2403 5623 2531 5681 cst;
2563 5615 2802 5685 quicum
2849 5616 2906 5669 in
2961 5612 3148 5686 fugam
3216 5633 3517 5676 conversus
3565 5637 3596 5676 a
3642 5624 3756 5680 loco

2171 5704 2480 5775 signorum,
2511 5720 2634 5776 qua:
2662 5705 2729 5760 ad
2784 5715 2981 5778 pontes
3038 5723 3147 5779 qua
3198 5711 3441 5767 eundum
3493 5722 3614 5769 erat
3660 5717 3753 5787 ipsi

2175 5795 2393 5869 ﬁxerat,
2417 5796 2709 5855 aberrans.
2736 5799 2802 5855 ad
2840 5798 3055 5859 fossam
3097 5818 3161 5861 se
3192 5812 3419 5882 recepit,
3458 5807 3549 5863 ubi
3591 5811 3753 5866 comi-
