3976 6168
347 348 479 415 1061
1790 351 1916 413 ANP

2021 352 2155 413 ΑΕΒ.
3466 355 3604 420 1069.

340 472 427 519 tes
458 460 631 534 ipsius
662 461 753 518 alii
790 461 845 518 in
870 462 1010 520 alios
1053 463 1358 520 irruerunt.
1391 464 1548 535 Cepit
1592 478 1724 534 ergo
1774 463 1927 517 Aeli-
1962 466 2007 521 A
2038 461 2251 515 obitum
2279 461 2450 531 patris
2478 464 2802 517 adversatus
2835 463 2969 518 mihi
3025 463 3194 519 frater
3231 478 3455 535 regnum
3510 484 3606 526 oe—

342 558 605 611 sli-unwar
633 555 897 627 quidquid
927 556 1166 614 Pliiruzo
1201 558 1300 613 fuit
1326 574 1429 612 uno
1475 574 1597 613 cum
1641 557 1816 627 ipsius
1856 556 1924 610 li-
2028 552 2296 622 eupavit:
2351 567 2415 607 ac
2457 551 2734 624 pollicitus
2769 552 2851 608 illi
2913 570 2968 607 sc
3010 554 3164 622 opem
3216 559 3316 625 ipsi
3369 557 3603 613 laturum

342 650 513 714 beris,
542 663 788 721 opesque
835 648 954 722 ejus
1007 653 1280 707 exercitus
1335 652 1569 707 ducibus
1620 648 1921 716 distribuit,
2028 657 2375 714 regnumque
2445 655 2924 713 recuperaturum,
2977 657 3210 714 quatuor
3250 650 3407 702 annis
3464 652 3607 719 apud

348 741 528 811 iisque
555 742 649 811 qui
669 739 968 797 Pliirusum
998 744 1242 799 comitati
1277 751 1446 810 sunt,
1478 743 1657 811 Quare
1699 744 1920 814 (inquit)
2024 734 2177 787 illum
2213 734 2481 797 substitit,
2517 736 2719 805 quibus
2754 737 2935 805 ipsum
2958 738 3193 792 distulit.
3223 740 3416 793 l’ostca
3439 757 3603 796 exer-

340 849 453 889 non
482 831 711 889 dedistis
742 832 983 889 Pbiruzo
1014 834 1306 890 consilium
1340 850 1577 905 eumque
1628 831 1921 888 admonui-
2022 826 2135 881 citn
2180 825 2306 882 forti
2335 827 2514 882 abillo
2545 830 2848 883 instructus
2884 830 3162 899 profectus
3219 830 3405 885 Κουηά
3430 831 3604 883 dom-c

338 924 583 982 stis?l|li
613 922 1403 998 vero:Fccimus(inquit),at
1435 924 1921 982 nobisauscnltare
2021 918 2471 975 Abraliasabrum
2538 923 2872 990 perveniret,
2933 938 2995 977 ac
3048 922 3242 977 eodem
3296 922 3416 976 loco
3471 923 3605 993 [quo

337 1020 541 1077 noluit.

410 1111 653 1168 Praeerat
674 1121 859 1168 autem
890 1113 1183 1184 Sejcstano
1210 1113 1298 1169 vir
1335 1113 1561 1183 quidam
1614 1126 1682 1169 ex
1741 1112 1917 1168 Azda-

336 1206 475 1264 sbiri
506 1208 990 1272 amicis.’nomlne
1043 1207 1316 1273 Suchran,
1347 1226 1377 1263 c
1426 1207 1624 1265 Persia:
1670 1206 1919 1279 proceri-

338 1299 468 1366 bus,
505 1298 649 1369 apud
678 1315 843 1371 quem
867 1310 1028 1355 erant
1060 1309 1115 1356 et
1149 1315 1181 1355 e
1213 1300 1451 1356 ducibus
1487 1300 1660 1373 ipsius
1695 1300 1916 1366 amicis,

336 1390 614 1445 nonnulli.
642 1390 744 1445 ilic
773 1391 954 1447 delata
987 1391 1052 1447 ad
1086 1391 1269 1463 ipsum
1298 1408 1488 1449 eorum
1517 1407 1641 1464 qua
1679 1390 1916 1449 Pbirnzo

332 1481 656 1538 acciderant
683 1480 855 1549 fama,
881 1484 1070 1541 statim
1109 1499 1217 1541 una
1277 1497 1403 1541 eum
1472 1483 1766 1541 comitibus
1797 1486 1916 1541 suis

337 1573 641 1647 lliyatclam
665 1591 858 1632 versus
889 1575 1168 1648 profectus
1202 1577 1271 1633 ad
1326 1592 1388 1634 se
1437 1575 1659 1633 Pliiruzi
1725 1578 1914 1650 copias

337 1667 564 1739 colligit,
597 1667 735 1725 adeo
765 1676 824 1723 ut
864 1670 933 1725 ad
964 1684 1218 1739 magnam
1276 1671 1575 1741 potentiam
1616 1682 1908 1728 cresceret.

334 1761 484 1817 Cum
544 1777 677 1834 ergo
754 1776 923 1834 prope
973 1762 1089 1832 jam
1152 1762 1223 1818 ab
1280 1762 1659 1819 Aciisltanwar
1715 1765 1912 1821 castris

336 1858 576 1921 abesset,
610 1855 760 1911 misit
790 1857 884 1927 qui
909 1856 1009 1926 ipsi
1036 1853 1281 1912 dicerent
1307 1873 1324 1912 :
1356 1853 1475 1912 Non
1502 1857 1779 1929 ideo,veni
1805 1874 1908 1929 ego

338 1960 397 2003 ut
430 1958 484 2003 te
508 1948 648 2004 bello
674 1947 938 2005 lacessam
961 1991 977 2014 ,
1019 1962 1210 2004 verum
1234 1964 1359 2005 eum
1390 1951 1445 2005 in
1484 1954 1646 2008 linem
1679 1961 1740 2008 ut
1768 1951 1905 2011 illud

335 2039 479 2112 quod
503 2038 571 2095 de
595 2036 954 2117 125-127
984 2038 1204 2095 Pltiruzi
1233 2036 1587 2094 facultatibus
1619 2038 1675 2095 in
1707 2056 1906 2097 manus

328 2143 461 2192 tuas
483 2137 749 2204 pervenit,
790 2133 1011 2195 reddas,
1044 2139 1099 2189 et
1128 2132 1221 2203 qui
1247 2132 1395 2203 apud
1427 2141 1482 2189 te
1511 2136 1909 2205 suntcaptivos

332 2226 611 2289 dimittas,
661 2235 720 2278 ut
778 2226 855 2280 sit
908 2224 1014 2279 hoc
1054 2223 1197 2279 inter
1263 2238 1366 2279 nos
1413 2225 1565 2296 pacis
1613 2222 1908 2300 [conditio]

338 2333 552 2388 nosque
574 2332 605 2371 a
633 2325 687 2371 te
726 2317 986 2386 impetum
1020 2325 1272 2371 nostrum
1305 2326 1651 2385 avertamus;
1683 2317 1831 2389 quod
1860 2317 1907 2375 si

334 2411 599 2475 volucris,
625 2411 721 2465 illo
754 2424 784 2463 a
824 2418 875 2463 te
900 2416 1125 2479 accepto
1147 2416 1520 2477 revertemur;
1544 2410 1631 2466 sin
1650 2411 1910 2479 nolueris,

344 2517 537 2559 γει-εον
553 2518 623 2558 ne
660 2510 713 2556 te
743 2502 1024 2574 pmniteat.
1053 2501 1319 2557 Annuens
1360 2516 1491 2572 ergo
1534 2503 1912 2560 Achsbanwar

333 2591 618 2648 Sucbrano
639 2591 694 2647 in
716 2608 782 2648 co
801 2593 946 2663 quod
982 2593 1160 2666 petiit,
1190 2595 1438 2665 captivos
1459 2609 1651 2651 eorum
1678 2595 1910 2663 dimisit,

332 2684 623 2754 spoliaque
648 2682 857 2738 reddita
889 2686 1125 2752 remisit,
1152 2686 1290 2740 adeo
1320 2695 1378 2741 ut
1422 2686 1567 2741 inter
1620 2688 1797 2757 ipsum
1829 2700 1913 2744 at-

279 2778 282 2781 “
334 2790 446 2848 que
482 2775 613 2831 illos
636 2786 1095 2847 eomponerentur
1150 2790 1263 2831 res.
1319 2773 1460 2831 Tum
1520 2792 1773 2833 reversus
1824 2787 1914 2834 est

334 2867 589 2924 Sueliran
668 2867 738 2922 ad
810 2870 878 2924 Al
948 2868 1219 2941 Madyen,
1270 2869 1704 2932 observantibus
1775 2868 1911 2927 Per-

334 2958 416 3013 sis
467 2958 729 3027 quidquid
756 2959 927 3031 petiit,
954 2960 1167 3031 ipsique
1196 2958 1319 3016 ideo
1343 2961 1549 3029 gratias
1597 2961 1909 3032 agentibus.

415 3050 665 3107 Mortuus
697 3060 784 3109 est
813 3066 944 3122 ergo
998 3052 1199 3107 Pliirnz
1245 3068 1370 3109 cum
1404 3061 1684 3125 regnasset
1736 3068 1914 3112 annos

2018 1011 2210 1085 antea]
2257 1011 2571 1070 dirersatus
2613 1013 2680 1068 de
2713 1017 2948 1071 muliere
2990 1016 3094 1071 ista
3137 1018 3450 1072 sciscitatus
3496 1028 3601 1082 est,

2019 1118 2143 1175 quae
2167 1103 2237 1160 ad
2269 1104 2423 1161 illum
2457 1110 2695 1163 accessit
2744 1122 2848 1162 una
2883 1122 3008 1163 cum
3066 1107 3181 1163 ﬁlio
3228 1123 3388 1176 quem
3440 1125 3605 1179 pepe-

2022 1202 2172 1250 rerat
2189 1194 2305 1266 jam
2334 1197 2541 1254 trienni
2571 1201 2749 1269 ipsum
2799 1214 2963 1253 manu
2997 1209 3210 1257 tenens.
3246 1199 3603 1272 Roganteque

2017 1286 2278 1344 Kobado:
2302 1288 2566 1356 Quisnam
2598 1300 2684 1347 est
2713 1292 2800 1347 hic
2822 1295 2995 1363 puer?
3021 1294 3173 1351 Tuus
3202 1297 3421 1366 (inquit)
3456 1296 3602 1350 ﬁlius

2016 1389 2123 1437 est.
2142 1378 2357 1438 Certior
2380 1383 2562 1454 129-
2574 1385 2728 1455 131
2742 1399 2871 1456 ergo
2886 1404 2917 1442 a
2935 1386 3270 1443 Zormaharo
3291 1388 3465 1444 factus
3479 1404 3603 1444 esse

2019 1470 2170 1529 illam
2206 1474 2380 1545 patris
2415 1472 2641 1531 ianiilia:
2678 1476 2873 1540 ﬁliam.
2907 1476 3126 1539 laetatus
3151 1489 3259 1546 est,
3315 1481 3601 1551 ipsamque

2018 1578 2126 1620 una
2158 1581 2283 1621 cum
2321 1565 2455 1633 ﬁlio,
2497 1567 2590 1623 cui
2623 1582 2822 1624 nomen
2881 1580 3000 1625 erat
3048 1569 3369 1627 Babudaclit
3410 1586 3598 1628 secum

2017 1659 2336 1728 assumpsit.
2372 1657 2507 1715 Cum
2534 1669 2720 1715 autem
2774 1661 2839 1715 Al
2916 1659 3180 1733 Madayen
3237 1666 3597 1734 pervenisset,

2018 1749 2244 1805 fratrem
2280 1766 2441 1808 suum
2462 1752 2743 1809 interiisse
2799 1756 3030 1825 reperit,
3078 1771 3357 1827 regnoque
3392 1760 3600 1827 potitus

2017 1852 2123 1900 est.
2146 1843 2416 1915 Regnavit
2440 1861 2571 1917 ergo
2594 1845 2784 1903 Kobad
2822 1847 3043 1904 Pliiruzi
3084 1849 3232 1905 ﬁlius
3263 1865 3438 1906 annos
3458 1867 3595 1921 qua-

2016 1938 2273 2008 draginta
2307 1946 2444 2004 tres,
2483 1939 2647 2011 idque
2680 1954 2827 1995 anno
2868 1942 3083 2012 imperii
3112 1942 3352 1998 Zenonis
3395 1941 3601 1995 [lonia-

2014 2045 2212 2085 norum
2248 2031 2595 2102 imperatoris
2622 2033 2838 2087 decimo
2862 2045 3083 2101 quarto.
3116 2032 3366 2103 Regnum
3408 2046 3593 2091 autem

2019 2120 2318 2177 Sucbrano
2378 2124 2601 2193 ﬁlioque
2630 2124 2803 2193 ipsius
2837 2123 3175 2181 Zormaharo
3204 2123 3597 2183 adtninislran~

2016 2211 2145 2269 dum
2180 2215 2476 2281 conuuisit,
2522 2215 2825 2286 urbemque
2882 2216 3025 2271 inter
3068 2218 3272 2273 Abwaz
3319 2230 3373 2274 et
3416 2220 3596 2276 Persi-

2017 2307 2140 2362 dem
2164 2306 2430 2371 condidit,
2460 2321 2624 2377 quam
2658 2305 2847 2363 Kobad
2876 2308 3096 2364 Cliorab
3140 2311 3450 2381 appellauit,
3474 2326 3596 2381 quae

2016 2396 2338 2467 ctAlRajan
2402 2406 2487 2453 est
2530 2438 2546 2464 ,
2602 2398 2658 2454 in
2718 2416 2827 2471 qua
2885 2401 3131 2471 captivos
3188 2399 3597 2459 ﬂamdancnses

2016 2490 2328 2555 collocavit,
2358 2490 2551 2546 urbem
2581 2491 2749 2546 etiam
2783 2506 2953 2562 prope
3000 2493 3275 2557 AlMaliat,
3340 2510 3459 2563 qua:
3490 2494 3597 2548 lla-

2018 2600 2203 2639 rawan
2227 2586 2558 2656 appellatur,
2592 2598 2692 2641 nec
2730 2602 2840 2640 non
2883 2586 3044 2641 aliam
3087 2587 3141 2641 in
3186 2586 3419 2642 Asdsliir
3453 2588 3597 2640 Clio-

2018 2679 2141 2740 rab.
2176 2693 2299 2746 quae
2328 2677 2525 2732 Kobad
2579 2678 2799 2733 Cliorab
2862 2678 3054 2746 audit;
3114 2680 3426 2750 multasque
3461 2696 3597 2748 pra:-

2021 2780 2169 2826 teica
2205 2771 2368 2825 urbes
2412 2771 2673 2840 vicosque
2721 2770 2993 2838 condidit,
3045 2787 3349 2843 amnesque
3384 2772 3595 2842 ell‘odit,

2018 2879 2297 2933 arensque
2323 2873 2380 2919 et
2400 2872 2593 2933 pontes
2619 2867 2913 2921 exstruxit.

2092 2956 2241 3014 Obiit
2272 2966 2455 3011 autem
2486 2956 2672 3011 Zenon
2704 2956 3078 3012 Romanorum
3114 2957 3414 3029 imperator
3444 2966 3593 3028 post-

2018 3064 2181 3114 quam
2220 3064 2397 3104 annos
2435 3048 2830 3116 septemdecim
2857 3049 3206 3118 imperasset,
3239 3049 3405 3120 idque
3451 3065 3597 3104 anno

337 3142 535 3211 viginti
566 3152 801 3212 septem.
833 3141 1359 3213 Contenderuntque
1390 3144 1532 3199 inter
1559 3158 1619 3199 se
1647 3144 1715 3200 de
1745 3160 1914 3218 regno
1940 3175 1989 3242 ρ
2021 3144 2169 3215 regni
2202 3142 2443 3197 Koliadis
2472 3140 2565 3197 lilii
2606 3139 2829 3196 Piiiruzi
2868 3142 3012 3209 regis
3062 3141 3359 3197 Persarum
3379 3142 3592 3211 quinto,

337 3233 638 3303 liliiipsius
681 3234 877 3289 Kobld
932 3244 987 3289 et
1044 3231 1295 3301 Balabes,
1346 3235 1521 3289 donec
1564 3233 1795 3291 Balabes
1835 3236 1911 3291 vi-

340 3337 490 3382 ctum
549 3323 834 3380 Kobadum
889 3339 956 3380 eo
1018 3325 1319 3392 abdicaret,
1380 3328 1478 3397 qui
1534 3325 1914 3383 Cliorasanum

338 3435 475 3487 ergo
508 3417 663 3487 petiit
690 3416 955 3470 auxilium
1002 3431 1034 3472 a
1083 3415 1343 3471 Cbakano
1379 3417 1685 3474 Turcarum
1743 3419 1919 3490 impc-

343 3518 529 3562 iatore
562 3516 759 3561 contra
788 3504 1015 3561 fratrem
1042 3521 1207 3561 suum
1257 3506 1510 3572 petitum.
1543 3503 1918 3578 Regnavitque

338 3599 570 3655 Balabee
607 3597 747 3655 bene
799 3612 861 3654 se
894 3598 951 3654 in
1006 3600 1265 3655 omnibus
1308 3614 1528 3671 gerens.
1586 3600 1919 3671 conditaque

343 3695 475 3749 urbe
506 3693 679 3762 ipsam
737 3690 964 3747 Balasur
1013 3689 1329 3759 appellavit.
1385 3694 1455 3745 At
1504 3706 1630 3747 cum
1681 3703 1918 3761 quatuor

339 3786 517 3841 annos
542 3791 825 3855 regnasset
858 3782 971 3837 fato
1010 3780 1232 3837 functus
1263 3791 1369 3846 est,
1419 3781 1582 3852 idque
1612 3796 1757 3837 auito
1813 3782 1919 3836 im-

342 3880 480 3951 perii
544 3874 785 3932 Zenonis
839 3872 1212 3929 Romanorum
1274 3872 1621 3945 imperatoris
1680 3873 1916 3928 decimo.

340 3971 480 4027 Cum
526 3980 711 4023 autem
773 3966 1216 4038 prolicisceretur
1281 3964 1470 4020 Kobad
1533 3964 1915 4022 Chorasanum

347 4066 526 4134 ipsum
550 4060 846 4119 comitatus
865 4065 951 4114 est
986 4056 1290 4113 Zormabar
1324 4057 1595 4111 Suciirani
1634 4056 1813 4120 ﬁlius;
1850 4069 1919 4112 eo

344 4155 516 4226 igitur
542 4167 669 4209 cum
696 4151 1082 4223 pervenissent
1107 4146 1369 4203 diversati
1400 4153 1524 4203 sunt
1548 4147 1692 4218 apud
1715 4160 1919 4215 quem-

346 4243 774 4302 dameducibus
802 4240 1048 4312 ipsorum
1065 4238 1424 4310 primoribus,
1450 4252 1609 4307 quem
1638 4238 1915 4306 negotium

345 4353 509 4395 suum
566 4334 837 4391 celarunt.
863 4332 1011 4386 Disit
1058 4339 1241 4384 autem
1291 4328 1625 4383 Zormaharo
1680 4325 1917 4383 Kobad:

346 4430 540 4498 Quare
566 4426 730 4498 ιη
745 4424 878 4481 mliti
901 4424 1137 4491 aliquam
1167 4420 1409 4477 melioris
1424 4420 1591 4476 sortis
1607 4420 1916 4476 mulierem.

2020 3235 2325 3302 imperante
2372 3240 2495 3299 post
2545 3232 2724 3301 ipsum
2765 3230 3030 3287 Romanis
3076 3232 3371 3287 Anastasio
3418 3247 3594 3289 annos

2017 3326 2209 3399 viginti
2274 3335 2513 3396 septem.
2573 3322 2701 3379 Fuit
2750 3323 2839 3378 hic
2887 3323 3161 3386 Jacobita.
3215 3322 3591 3380 Melchitarum

2016 3417 2287 3475 doctrinae
2333 3418 2640 3479 adversus;
2696 3425 2863 3470 natus
2903 3415 2957 3469 in
2999 3417 3138 3471 urbe
3188 3415 3381 3484 llama,
3430 3433 3590 3487 quam

2015 3511 2280 3569 ediﬁcari
2340 3524 2404 3565 ac
2458 3508 2665 3565 muniri
2717 3509 2909 3578 jussit,
2966 3521 3095 3563 arce
3150 3508 3354 3562 biennii
3416 3510 3594 3577 spatio

2015 3603 2265 3661 condita.
2298 3601 2594 3671 Postquam
2639 3616 2771 3655 vero
2811 3599 3001 3654 decem
3040 3599 3151 3669 jam
3204 3601 3362 3657 anuis
3414 3602 3589 3669 impc-

2016 3704 2221 3764 rasset,
2254 3695 2486 3766 contigit
2514 3693 2831 3748 hominibus
2856 3692 2911 3746 in
2934 3694 3157 3748 Oriente
3188 3691 3361 3747 iames
3389 3692 3592 3760 gravis,

2016 3801 2323 3860 magnaque
2352 3788 2701 3842 locustarum
2732 3786 2912 3853 copia.
2945 3784 3117 3839 Porro
3141 3783 3301 3855 132
3336 3782 3593 3839 Koliades

2016 3880 2309 3937 Persarum
2342 3894 2438 3934 rex
2473 3875 2739 3950 [urbem]
2775 3878 3041 3931 Amedum
3080 3891 3376 3947 aggressus
3413 3877 3589 3946 ipsam

2016 3972 2308 4035 vastavit,‘
2336 3972 2618 4041 missoque
2666 3968 3055 4023 Alexandriam
3110 3968 3352 4023 exercitu
3397 3983 3593 4038 magno

2016 4064 2281 4135 quidquid
2310 4073 2465 4117 extra
2501 4062 2693 4118 urbem
2738 4060 2846 4116 fuit
2881 4059 3149 4117 incendit.
3208 4059 3489 4130 Multaque
3539 4072 3598 4117 et

2016 4153 2205 4226 gravia
2232 4153 2441 4223 prclia,
2468 4164 2773 4223 pugnaeque
2805 4147 3152 4217 frequentes,
3180 4148 3323 4202 inter
3355 4143 3598 4202 Kobadis

2022 4245 2173 4315 regis
2203 4243 2498 4301 Persarum
2521 4253 2579 4298 ct
2617 4241 2897 4297 Anastasii
2933 4236 3309 4294 Romanorum
3359 4238 3598 4308 impera-

2019 4338 2159 4394 toris
2187 4338 2421 4393 comites
2454 4335 2800 4392 aeciderunt.
2862 4330 2988 4385 Fuit
3034 4338 3219 4387 autem
3256 4330 3596 4386 Alexandriae

2018 4428 2310 4501 praiectus
2330 4443 2393 4483 cx
2419 4434 2578 4498 parte
2598 4426 2885 4480 Anastasii
2910 4420 3265 4492 imperatoris
3292 4419 3592 4475 Eustatins.

349 4522 591 4578 Femina
639 4520 787 4574 enim
819 4514 1095 4572 desiderio
1133 4525 1340 4576 teneor,
1390 4520 1573 4567 metuo
1602 4520 1785 4567 autem
1848 4528 1916 4566 ne

2023 4523 2235 4579 Accidit
2265 4523 2431 4578 etiam
2464 4529 2589 4591 post
2625 4517 2762 4574 illud
2803 4520 2861 4573 in
2894 4516 3222 4573 Alexaudria
3267 4525 3322 4570 et
3363 4513 3597 4585 A‘Zgypto

348 4615 405 4671 in
454 4611 753 4684 ignobilem
795 4607 1033 4678 aliquam
1087 4606 1135 4659 si
1182 4605 1422 4658 incidam
1476 4618 1593 4674 quae
1645 4604 1920 4674 pepererit

351 4698 594 4759 nobisin
633 4697 987 4769 ignominiam
1019 4692 1196 4749 cedet.
1255 4692 1383 4747 Fuit
1428 4708 1559 4761 ergo
1621 4695 1814 4749 domus
1863 4694 1917 4747 in

347 4810 461 4868 qua
489 4790 751 4849 diversatl
783 4797 915 4844 sunt
942 4787 1165 4841 domino
1206 4786 1316 4840 ﬁlia
1370 4787 1548 4857 virgo,
1599 4786 1758 4857 cujus
1802 4802 1923 4840 ma-

348 4895 491 4940 tretl
512 4882 707 4937 adiens
736 4875 1037 4932 Zormahar
1094 4874 1271 4944 ipsam
1313 4885 1374 4926 ut
1415 4885 1469 4928 et
1524 4882 1733 4941 patrem
1784 4872 1921 4925 allo-

349 4988 512 5033 cutus
531 4984 638 5038 est,
672 4971 875 5043 quibus
905 4984 1029 5023 cum
1063 4969 1305 5039 placeret
1328 4966 1460 5019 illud
1503 4966 1647 5034 quod
1690 4962 1758 5018 ab
1788 4963 1924 5033 ipsis

350 5068 534 5138 pellit,
556 5066 660 5136 ipsi
679 5070 1015 5120 annucrunt.
1061 5058 1407 5116 Pernoclavit
1449 5072 1582 5125 ergo
1626 5063 1810 5126 postea
1851 5056 1924 5109 l'e-

351 5164 502 5217 mina
533 5158 640 5213 ista
665 5168 789 5210 cum
823 5154 1074 5219 Kobado,
1099 5162 1264 5221 atque
1300 5164 1371 5205 ex
1397 5162 1465 5203 eo
1511 5148 1734 5217 gravida
1782 5146 1924 5203 facta

350 5260 462 5309 est.
487 5250 719 5319 Quoties
744 5255 924 5302 autem
948 5245 1014 5299 ad
1067 5244 1240 5317 ipsam
1274 5241 1538 5299 accedere
1570 5240 1733 5295 vellet
1755 5240 1926 5311 jussit

352 5356 477 5401 eam
531 5348 795 5397 retectam
845 5352 990 5392 esse.
1069 5335 1444 5404 lnterrogante
1514 5342 1696 5389 autem
1749 5339 1926 5387 matre

355 5434 535 5499 ipsius
564 5431 633 5485 de
659 5437 802 5482 statu
833 5424 1067 5488 Kobadi,
1102 5440 1228 5480 cum
1259 5426 1335 5478 illi
1391 5425 1659 5479 indicaret
1720 5421 1926 5477 vidisse

356 5543 419 5582 se
473 5522 751 5580 l‘eiuoralia
813 5522 984 5590 ipsius
1044 5518 1348 5573 boloserica
1419 5533 1556 5571 auro
1612 5517 1925 5581 intertexta,

356 5614 612 5687 cognovit
643 5622 824 5669 mater
857 5612 1038 5682 ipsum
1070 5627 1101 5667 e
1137 5612 1340 5666 familia
1370 5612 1514 5681 regia
1533 5624 1676 5674 esse,
1710 5623 1773 5663 ac
1831 5607 1923 5664 Ia:-

359 5703 471 5765 tata
506 5716 612 5763 est.
646 5705 929 5763 Accedens
959 5716 1139 5761 autem
1170 5703 1357 5761 Kobad
1397 5704 1464 5759 ad
1514 5704 1871 5760 Cbacbanuin
1906 5719 1921 5756 :

363 5804 473 5876 Ego
494 5799 720 5875 (inquit)
757 5798 901 5857 ﬁlius
956 5815 1078 5857 sum
1127 5800 1271 5871 regis
1330 5798 1640 5865 Persarum,
1692 5804 1748 5854 at
1805 5805 1926 5869 post

2022 4616 2200 4672 [ames
2229 4615 2438 4687 gravis,
2474 4612 2613 4668 adeo
2643 4621 2701 4665 ut
2727 4612 2910 4666 inedia
2945 4618 3292 4665 morerentur
3319 4606 3596 4674 homines,

2023 4707 2395 4774 desolatque
2449 4710 2636 4758 essent
2685 4698 3016 4755 Alexandria
3068 4706 3124 4753 et
3166 4696 3434 4767 Egyptus
3487 4709 3598 4763 prze

2028 4805 2184 4867 peste
2228 4803 2285 4850 et
2327 4803 2504 4849 morte
2534 4790 2939 4862 quae‘ltomines
2986 4789 3205 4842 invasit.
3254 4786 3377 4841 Erat
3416 4797 3595 4839 autem

2024 4887 2377 4943 Alexandriae
2437 4881 2662 4938 Judicus
2726 4880 2955 4952 quidam
3023 4881 3312 4948 upulcntus
3376 4878 3596 4932 nomine

2027 4980 2204 5040 Urbib
2229 4977 2365 5050 ’(qui
2398 4986 2588 5046 postea
2640 4974 3113 5030 Christianismum
3154 4971 3437 5041 amplexus
3467 4971 3593 5040 est),

2026 5073 2123 5144 qui
2152 5067 2487 5141 pauperibus
2530 5066 2762 5121 mortuis
2811 5064 3093 5119 involucra
3140 5064 3409 5133 praestitit.
3450 5060 3595 5115 Idem

2024 5164 2114 5220 die
2143 5162 2429 5218 Pascliatis
2460 5156 2744 5213 Dominico
2789 5170 3019 5227 magnas
3050 5154 3333 5209 distribuit
3366 5154 3593 5207 ciccum-

2028 5269 2201 5325 synas
2258 5252 2313 5307 in
2371 5249 2619 5304 Ecclesia
2670 5246 2889 5303 Arcadii
2925 5246 3074 5320 [quo
3123 5243 3403 5317 tempore]
3441 5245 3598 5298 turba

2026 5342 2332 5413 compressi
2375 5342 2576 5396 mortui
2625 5347 2755 5393 sunt
2788 5337 2892 5392 viri
2941 5339 3197 5392 trecenti.
3246 5335 3417 5389 Porro
3454 5348 3600 5387 anno

2027 5433 2245 5504 imperii
2277 5430 2559 5486 Anastasii
2611 5427 2989 5484 Romanorum
3037 5426 3392 5498 imperatoris
3442 5439 3600 5481 sexto

2029 5524 2370 5580 constitutus
2428 5530 2513 5577 est
2581 5518 2826 5577 Joannes
2897 5522 3201 5577 monachus
3284 5521 3598 5591 patriarcha

2029 5610 2455 5675 Alexandrinus,
2484 5612 2577 5681 qui
2602 5608 2853 5666 Jacobita
2912 5610 3013 5665 fuit
3043 5626 3059 5666 :
3091 5612 3233 5665 sedit
3279 5626 3455 5666 annos
3504 5626 3600 5665 no-

2030 5720 2173 5768 rem,
2209 5704 2335 5759 dein
2370 5711 2623 5759 mortuus
2646 5710 2753 5759 est.
2787 5704 2947 5759 Anno
2967 5703 3181 5772 imperii
3221 5702 3463 5775 ejusdem
3498 5701 3597 5757 de-

2029 5797 2171 5853 cimo
2200 5795 2392 5867 quinte
2462 5793 2643 5852 factus
2696 5803 2780 5854 est
2820 5792 3062 5854 Joannes
3096 5795 3231 5851 alter
3285 5794 3597 5865 patriarcha
