4070 6152
516 290 660 358 1063

1531 288 1906 350 ΕΗΤΥΟΠΙΙ
1949 286 2254 347 ALEXAN
2268 285 2494 348 DRlNI
2525 285 2744 347 ΡΛΤΒ.

3646 269 3786 330 106$

516 397 947 462 Alexandrinus,
981 397 1073 466 qui
1129 395 1300 452 etiam
1331 393 1603 459 Jacobita,
1651 407 1708 449 et
1762 409 1885 449 cum
1918 408 2091 446 annos
2119 399 2168 454 Α
2203 409 2346 460 rum,
2381 394 2566 463 ibique
2614 389 2928 462 degentium
2986 393 3154 443 statu.
3223 386 3322 440 Ille
3361 396 3495 453 ergo
3547 379 3678 449 ipsi,
3736 384 3792 430 et

518 492 772 547 undecim
804 489 1041 544 sedisset
1076 495 1326 541 mortuus
1351 495 1455 542 est.
1490 486 1646 542 Anno
1672 487 1913 557 ejusdem
1944 485 2092 540 vice-

514 587 657 637 simo
692 590 851 637 sexto
908 582 1085 636 lactus
1127 590 1213 634 est
1275 577 1575 633 Dioscorus
1608 578 1919 648 patriarcha
1970 575 2093 629 Ale—

515 674 839 739 xandrinus,
875 671 1123 726 Jacobita
1173 672 1362 734 etiam,
1418 668 1772 740 133-135
1822 667 1915 737 qui
1964 683 2089 722 cum

515 782 722 819 annum
764 781 933 818 unum
971 764 1208 818 sedisset
1241 776 1493 817 mortuus
1525 771 1629 818 est.
1664 764 1822 815 Anno
1844 759 2092 829 ejusdem

513 856 780 909 vicesimo
809 855 1043 924 septimo
1077 856 1417 907 constitutus
1451 864 1530 906 est
1553 850 1870 904 'l'imotheus
1893 849 2093 903 ibidem

513 948 873 1015 patriarcha:
915 949 1003 1002 hic
1059 947 1223 1002 etiam
1284 945 1533 1001 Jacohita
1585 946 1706 1011 fuit,
1751 945 1889 998 duos
1922 957 2098 997 annos

514 1039 677 1102 sedit,
708 1037 833 1093 dein
862 1037 983 1091 loco
1015 1037 1301 1091 abdicatus
1329 1046 1438 1092 est.
1474 1035 1631 1090 Anno
1673 1034 1886 1103 imperii
1918 1033 2094 1103 ipsius

514 1142 712 1199 quarto
757 1130 1091 1184 constitutus
1124 1139 1207 1184 est
1293 1130 1612 1184 Timotheus
1654 1128 1759 1197 (vel
1788 1127 2091 1182 secundum

514 1221 662 1274 aliud
694 1221 975 1293 exemplar
1009 1217 1418 1290 Macedonius),
1447 1220 1759 1288 patriarcha
1779 1216 2098 1271 Constanti-

515 1299 874 1382 nopolitat'ius
911 1331 923 1364 :
954 1329 1050 1367 sex
1084 1328 1259 1367 annos
1312 1311 1627 1378 sedit,dein
1682 1321 1932 1364 mortuus
1985 1317 2091 1365 est.

513 1406 673 1457 Anno
701 1402 946 1470 ejusdem
979 1418 1121 1455 nono
1148 1404 1486 1455 constitutus
1521 1410 1607 1456 est
1645 1399 1970 1453 Timotheus
2001 1415 2095 1467 pa-

516 1497 758 1549 triarcha
823 1494 1522 1563 Constantinopolitanus,
1581 1493 1673 1563 qtti
1747 1507 1840 1547 sex
1920 1508 2094 1547 annos

515 1585 832 1650 sedit,deiu
892 1596 1139 1639 mortuus
1187 1596 1310 1640 est.
1371 1587 1530 1639 Auno
1575 1584 1820 1653 ejusdem
1881 1583 2097 1638 dt‘CilIiO

513 1677 710 1745 quinto
764 1675 1080 1732 factusest
1134 1664 1379 1730 Joannes
1427 1677 1727 1746 Cappadox
1783 1676 2093 1745 patriarcha

2211 486 2402 539 urbem
2434 495 2488 538 et
2521 485 2614 554 qui
2647 498 2765 538 eam
2807 480 3113 535 incolerent
3139 478 3280 534 bene
3305 491 3364 532 se
3399 473 3601 530 habere
3626 471 3786 526 dixit.

2207 577 2588 632 Melcltitarum
2640 576 2807 630 etiam
2869 572 3180 627 doctrinam
3224 566 3455 638 ejusque
3495 563 3786 620 veritatem

2206 671 2310 741 ipsi
2339 670 2639 741 exposuit;
2673 677 2727 724 et
2751 667 3070 738 quicunque
3103 671 3297 720 contra
3355 658 3593 717 sentiret
3630 671 3786 712 exse-

2206 761 2470 816 crabilem
2527 775 2674 815 esse.
2737 758 2885 812 Dixit
2940 758 3107 812 etiam
3169 755 3324 826 ipsi:
3385 751 3670 822 Rogamus
3735 755 3786 801 te

2208 852 2509 909 Erclesiam
2544 867 2612 907 ne
2647 851 2873 915 turbes;
2928 849 3174 919 quandiu
3200 845 3348 901 enim
3395 844 3453 898 in
3497 855 3633 912 pace
3677 853 3786 890 ma-

2207 953 2301 999 net
2343 943 2615 1008 Ecclesia,
2666 958 2767 997 nos
2805 941 2972 997 etiam
3038 937 3440 1010 tranquillitate
3489 932 3728 988 fruimur
3774 943 3787 979 :

2208 1053 2275 1090 ne
2309 1045 2491 1090 autem
2533 1034 2997 1089 heterodoxorttm
3028 1030 3356 1086 sententiam
3411 1020 3786 1095 antplectaris.

2205 1127 2416 1182 Annuit
2440 1141 2570 1194 ergo
2595 1142 2687 1180 rex
2719 1125 2825 1194 ipsi
2855 1125 2908 1176 in
2933 1123 3003 1177 iis
3024 1138 3144 1193 quae
3167 1120 3321 1190 petiit
3349 1115 3783 1181 monachosque,

2210 1219 2436 1274 collatis
2463 1218 2520 1272 in
2547 1217 2698 1286 ipsos
2728 1215 3074 1281 muneribus,
3121 1212 3505 1281 Hierosolyma
3591 1206 3787 1260 reverti

2199 1311 2393 1380 jussit,
2421 1309 2644 1379 scriptis
2674 1308 2740 1364 ad
2769 1307 2938 1362 Eliam
2977 1305 3348 1377 patriarcltam
3387 1298 3787 1369 llicrosnlymi-

2207 1411 2398 1456 tanum
2445 1402 2643 1456 litteris
2673 1402 2877 1471 quibus
2947 1401 3123 1470 ipsius
3178 1397 3426 1468 epistola:
3479 1394 3786 1462 respondit.

2210 1495 2410 1549 Sabam
2474 1504 2656 1549 autem
2713 1494 2858 1564 apud
2909 1508 2970 1547 se
3019 1505 3243 1546 manere
3281 1490 3465 1558 jussit.
3499 1485 3605 1552 Qui
3635 1500 3786 1553 ergo,

2208 1588 2443 1642 reversis
2478 1585 2763 1641 monachis
2792 1584 3188 1655 Hierosolyma,
3213 1583 3287 1639 ibi
3321 1581 3590 1645 substitit,
3613 1579 3790 1634 donec

2208 1687 2333 1747 post
2357 1693 2563 1732 annum
2595 1677 2832 1733 abeundi
2859 1678 3075 1746 copiam
3105 1687 3323 1744 petens,
3351 1675 3654 1733 obtineret,
3677 1680 3788 1725 tra-

515 1768 745 1832 ibidem,
788 1769 882 1838 qui
909 1784 1103 1822 novem
1135 1784 1313 1823 annos
1350 1770 1510 1832 sedit,
1543 1768 1667 1822 dein
1700 1778 1954 1822 mortuus
1988 1777 2094 1822 est.
2131 1756 2171 1810 Β
2202 1774 2466 1842 deretque
2521 1771 2630 1843 ipsi
2687 1771 2985 1840 imperator
3023 1771 3107 1826 bis
3157 1769 3305 1823 mille
3353 1782 3576 1832 aureos,
3625 1763 3793 1820 Utere

513 1864 673 1914 Anno
700 1861 951 1928 ejusdem
991 1861 1258 1916 vicesimo
1298 1871 1497 1929 quarto
1550 1861 1728 1914 factus
1761 1870 1846 1914 est
1890 1861 2099 1931 Anthy-

515 1971 640 2007 -ιιιιιε
668 1954 978 2022 patriarcha
1043 1953 1267 2015 ibidem,
1326 1954 1421 2023 qui
1454 1952 1701 2007 Jacobita
1744 1953 1869 2019 fuit,
1921 1969 2098 2008 annos

515 2049 758 2116 quinque
791 2049 954 2110 Sedit,
985 2047 1111 2101 dein
1177 2047 1455 2116 relegatus
1511 2055 1616 2098 est.
1674 2046 1833 2098 Anno
1883 2043 2100 2112 imperii

515 2141 689 2208 ipsius
717 2149 913 2210 quarto
946 2141 1278 2193 constitutus
1313 2149 1396 2192 est
1466 2137 1722 2203 Pelagius
1785 2139 2098 2204 patriarcha

517 2231 932 2298 Itomanus,qui
958 2241 1195 2300 quatuor
1247 2246 1424 2284 annos
1476 2231 1639 2293 sedit,
1687 2230 1814 2282 dein
1849 2238 2099 2283 mortuus

513 2333 621 2378 est.
658 2326 814 2377 Anno
849 2323 1093 2392 ejusdem
1125 2332 1323 2375 octavo
1364 2325 1700 2376 constitutus
1741 2333 1824 2375 est
1855 2324 2098 2376 Anasta-

517 2418 631 2468 sius
660 2415 974 2482 patriarcha
1002 2413 1308 2477 llomanus,
1340 2416 1431 2483 qui
1464 2431 1590 2466 cum
1626 2430 1831 2467 annum
1866 2414 2101 2469 sedisset

516 2517 766 2561 mortuus
793 2517 898 2559 est.
942 2508 1102 2560 Anno
1139 2505 1383 2575 ejusdem
1416 2523 1560 2560 nono
1607 2507 1784 2560 factus
1809 2515 1892 2560 est
1936 2508 2098 2578 Syru-

515 2595 741 2646 machus
773 2593 971 2647 ibidem
1011 2594 1323 2660 patriarcha
1351 2595 1445 2663 qui
1482 2612 1656 2647 annos
1682 2596 2099 2662 quatuordecitn

514 2687 675 2748 sedit,
731 2684 860 2740 dein
917 2695 1172 2740 mortuus
1225 2696 1331 2739 est.
1389 2687 1546 2740 Anno
1601 2689 1815 2756 imperii
1854 2688 2100 2757 ejusdem

513 2787 714 2845 quarto
744 2780 1081 2832 constitutus
1105 2791 1190 2834 est
1222 2778 1520 2833 Flavianus
1555 2781 1870 2846 patriarcha
1906 2782 2097 2833 Διιιίοο

514 2869 724 2924 rhenus
779 2872 870 2938 qui
931 2886 1110 2926 annos
1162 2872 1585 2939 qualum-decim
1638 2872 1804 2935 Sedit,
1855 2873 1981 2926 deitt
2044 2875 2098 2926 in

513 2963 769 3015 exsilium
811 2964 1004 3031 pulsus
1044 2972 1151 3017 est.
1198 2962 1325 3016 Fuit
1383 2974 1566 3016 autem
1617 2965 1941 3017 Anastasius
1997 2965 2098 3017 im-

514 3061 737 3120 perator
788 3056 1075 3108 sententia:
1125 3053 1512 3109 Melchitarum
1573 3057 1860 3120 adversus,
1909 3065 2097 3126 utpote

520 3144 682 3215 136
727 3144 1001 3200 Jacobita.
1055 3149 1239 3211 Quare
1274 3147 1496 3216 scriptis
1546 3148 1611 3201 ad
1666 3149 1845 3220 ipsum
1896 3150 2106 3204 litteris.

517 3233 662 3286 I'Ilias
693 3235 1005 3301 patriarcha
1037 3235 1572 3308 Ilierosolymitanus
1630 3239 1918 3292 veritatem
1967 3253 2098 3292 sen-

517 3327 702 3378 tentia:
739 3324 1116 3379 Melchltarum
1175 3326 1277 3397 ipsi
1336 3328 1612 3398 exposuit,
1661 3338 1715 3384 et
1781 3329 2098 3398 quicunque

512 3421 855 3470 contrarium
913 3417 1045 3486 ipsis
1093 3429 1364 3473 assereret
1418 3420 1767 3473 maledictum
1815 3436 1958 3475 esse.
1995 3420 2097 3474 Mi-

519 3507 698 3573 sitque
755 3505 823 3558 ad
877 3505 1056 3574 ipsum
1117 3509 1499 3563 ctnnobiorum
1556 3509 1905 3578 pra-positos,
1959 3512 2102 3564 inter

517 3609 659 3662 quos
701 3604 860 3648 erant
891 3597 1238 3653 Theodosius
1294 3601 1590 3666 prarl'eetus
1627 3602 1956 3656 monasterii
2011 3603 2102 3654 AI-

520 3684 818 3749 dawakesi,
850 3686 1184 3742 Charitanus
1207 3694 1507 3759 prml'ccttts
1545 3692 1761 3747 AlSailii
1795 3695 2017 3759 veteris,
2047 3705 2104 3749 et

523 3779 664 3831 Salia
699 3778 991 3849 pt‘tel'eCtus
1022 3781 1087 3834 Al
1122 3780 1278 3836 Saiki
1324 3787 1471 3849 novi,
1508 3787 1600 3854 qui
1625 3787 1882 3843 omnibus
1917 3789 2099 3858 (locisl

521 3872 624 3924 hoc
650 3871 872 3925 nomine
900 3875 1194 3942 appellatis
1230 3887 1487 3945 prmerat,
1525 3888 1578 3930 et
1609 3877 1774 3932 Saiko
1829 3874 2022 3946 veteri,
2051 3884 2099 3937 ei

512 3963 732 4017 scilicet
761 3964 854 4031 qui
883 3964 1166 4019 Charitani
1187 3976 1329 4032 erat,
1362 3985 1484 4021 cum
1520 3971 1708 4023 multis
1740 3987 1772 4025 e
1801 3973 2100 4026 monacho-

521 4054 957 4123 rumprtcfectis,
991 4057 1137 4111 inter
1160 4073 1300 4127 quos
1332 4070 1385 4114 et
1414 4063 1747 4116 sacerdotes.
1777 4063 1899 4118 llaec
1917 4075 2098 4120 autem

524 4143 742 4212 scripsit
773 4162 785 4196 :
810 4142 933 4198 Misi
960 4145 1024 4199 ad
1045 4153 1099 4200 te
1117 4148 1322 4201 multos
1343 4164 1373 4203 e
1394 4149 1484 4202 Dei
1511 4151 1705 4213 servis.
1729 4161 1784 4206 et
1805 4156 2102 4208 monacho-

523 4249 640 4286 rum
663 4234 1056 4290 desertinostri
1077 4238 1383 4306 praelectos,
1413 4242 1714 4313 interthtos
1739 4254 1793 4298 et
1819 4245 1961 4301 Saba
1984 4247 2103 4300 exi-

524 4330 667 4381 mius
691 4329 780 4381 ille
809 4330 899 4397 qui
927 4335 1204 4384 desertum
1237 4345 1486 4388 nostrum
1517 4339 1569 4389 in
1605 4339 1770 4392 urhes
1803 4339 2095 4406 convertit,

2201 1862 2487 1934 (iuquens)
2516 1867 2759 1918 nummis
2793 1864 2916 1918 istis
2945 1863 3010 1915 ad
3045 1860 3380 1916 monasteria
3412 1855 3783 1914 exstruenda.

2201 1953 2347 2010 Saba
2376 1972 2510 2028 ergo
2541 1955 2930 2027 Hierosolyma
2959 1955 3142 2009 rediit.

2273 2047 2448 2102 l‘orro
2478 2049 2577 2102 fuit
2609 2047 3098 2117 (‘Ainstantinopoli
3153 2048 3238 2099 vir
3278 2045 3505 2114 quidam
3559 2043 3791 2099 nomine

2203 2139 2467 2202 Severus,
2525 2139 2620 2208 qui
2657 2138 2906 2194 Dioscuri
2933 2147 2985 2191 et
3010 2137 3264 2209 Eutychii
3306 2135 3640 2191 sententiam
3672 2147 3792 2186 aut-

2203 2230 2400 2298 ιιιειχιιῡ
2453 2241 2559 2292 εει.
2615 2247 2779 2284 unam
2839 2246 3098 2285 asserens
3160 2237 3440 2292 naturam,
3495 2239 3790 2297 personam

2201 2336 2388 2383 unam,
2418 2322 2753 2376 voluntatem
2788 2337 2975 2376 uttant.
3009 2319 3108 2375 llic
3136 2320 3204 2374 ad
3233 2320 3592 2375 Anastasium
3617 2314 3797 2390 impe-

2201 2423 2440 2466 raturem
2477 2415 2773 2479 accedens,
2813 2414 2952 2468 dixit
3002 2413 3108 2483 ipsi
3138 2414 3431 2483 episcopos
3478 2413 3617 2469 istos
3663 2430 3792 2468 sex-

2201 2513 2395 2559 centos
2424 2514 2478 2561 et
2506 2508 2731 2573 triginta
2765 2508 2859 2576 qui
2893 2507 2950 2560 in
3008 2507 3146 2561 urbe
3185 2505 3540 2559 Chalcedone
3580 2520 3790 2560 conve-

2203 2597 2419 2649 nientes
2475 2597 2530 2649 in
2594 2596 2920 2650 Dioscorum
2970 2610 3027 2651 et
3092 2594 3425 2665 Etttychium
3490 2599 3791 2650 anathema

2208 2689 2368 2760 140
2408 2691 2690 2750 dixerunt,
2716 2689 2860 2742 male
2909 2689 2964 2743 in
2998 2690 3101 2742 hoc
3132 2688 3366 2743 fecisse:
3409 2701 3598 2741 veram
3636 2688 3792 2742 stili-

2203 2793 2288 2835 eet
2323 2783 2485 2836 (idem
2540 2798 2666 2837 esse
2704 2797 2867 2852 quam
2920 2779 3159 2850 professi
3211 2791 3343 2835 sunt
3397 2779 3708 2852 Eutychius
3736 2790 3794 2836 et

2204 2873 2520 2928 Dioscorus.
2555 2873 2675 2929 Noli
2708 2889 2841 2944 ergo
2871 2872 3095 2942 (inquit)
3139 2871 3538 2927 monachorum
3564 2871 3663 2941 qui
3719 2874 3789 2926 ad

2203 2973 2254 3017 te
2315 2966 2716 3036 Hierosolymis
2767 2973 3038 3018 venerunt
3094 2964 3431 3019 sententiam
3489 2964 3790 3033 amplecti,

2205 3066 2394 3125 utpote
2417 3074 2540 3127 quae
2570 3057 2706 3112 falsa
2738 3058 2812 3109 sit
2849 3073 2866 3112 :
2910 3071 3102 3110 verum
3145 3054 3466 3126 perscriptis
3498 3055 3565 3109 ad
3592 3071 3794 3112 omnes

2203 3144 2444 3199 ditiones
2496 3157 2617 3200 tuas
2655 3144 2854 3200 litteris
2881 3145 3080 3213 jnbeas
3136 3146 3414 3202 sescentis
3457 3155 3514 3201 et
3552 3145 3790 3216 triginta

2201 3239 2472 3309 episcopis
2512 3239 2606 3308 qui
2651 3238 2988 3294 Chalcedoni
3040 3247 3422 3295 convenerunt
3479 3241 3786 3295 anathema

2201 3329 2540 3397 denuntiari,
2563 3331 2925 3399 hominesque
2949 3333 3200 3402 impellas
3219 3331 3285 3385 ad
3315 3348 3478 3386 unam
3502 3343 3791 3397 naturam,

2202 3422 2539 3476 voluntatem
2566 3437 2754 3487 unam,
2788 3439 3062 3495 nnamque
3089 3440 3380 3493 personam
3401 3424 3790 3495 profitendam.

2203 3511 2261 3566 In
2296 3528 2408 3582 quo
2436 3514 2632 3567 annuit
2692 3515 2793 3586 ipsi
2848 3516 3169 3585 imperator.
3226 3517 3429 3572 Audito
3481 3533 3614 3588 ergo
3649 3518 3790 3587 quid

2207 3607 2390 3660 facere
2416 3608 2696 3662 statuisset
2731 3609 3059 3664 Anastasius
3081 3611 3406 3679 imperator,
3445 3611 3668 3680 scripsit
3719 3612 3791 3666 ad

2206 3700 2385 3768 ipsum
2427 3696 2726 3754 Flavianus
2759 3701 3076 3769 patriarcha
3109 3703 3516 3768 Antiochenus,
3545 3704 3793 3758 suadens

2205 3808 2275 3846 ne
2334 3793 2463 3846 illud
2525 3795 2672 3863 quod
2727 3775 2940 3849 diceret
3000 3796 3238 3852 Severus
3288 3797 3521 3854 faceret.
3583 3796 3790 3854 Verum

2203 3888 2346 3940 enim
2390 3889 2672 3958 amplexos
2707 3905 2835 3945 esse
2891 3891 3182 3960 episcopos
3222 3903 3519 3947 sexcentos
3565 3895 3791 3962 triginta

2203 3981 2298 4050 qui
2329 3981 2668 4035 Chalcedoni
2711 3993 3112 4047 convenerunt,
3153 3993 3208 4037 et
3239 3986 3331 4054 qui
3378 3988 3669 4039 sententiae
3703 3987 3794 4055 ip-

2205 4085 2394 4125 sorum
2429 4074 2836 4127 contradiceret
2876 4074 3271 4129 exsecrabilem
3304 4091 3452 4133 esse.
3484 4077 3567 4130 Ira
3598 4087 3787 4133 autem

2206 4177 2474 4216 accensus
2535 4165 2839 4234 imperator
2895 4165 3082 4220 missis
3139 4166 3396 4239 [nuntiis]
3463 4167 3786 4222 Flavianum

2207 4253 2581 4322 patriareham
2612 4255 3019 4309 Antiochennm
3051 4256 3307 4312 exsulare
3337 4259 3523 4328 jussit,
3556 4259 3787 4315 suﬂecto

2207 4345 2326 4400 vice
2353 4345 2531 4416 ipsius
2564 4345 2617 4398 in
2647 4348 3080 4414 patriarchatum
3132 4349 3335 4404 ibidem
3387 4350 3618 4409 Severo.
3649 4354 3788 4408 Cum

524 4434 817 4513 ipsumque
853 4420 1086 4475 habitari
1144 4422 1291 4513 iecit,
1331 4428 1427 4492 qtti
1473 4435 1526 4480 et
1583 4425 1888 4483 Paltestinte
1938 4429 2096 4483 stella
2133 4450 2175 4505 ο
2204 4450 2338 4503 ergo
2386 4435 2654 4491 audiisset
2708 4434 2826 4491 Elia
2858 4439 3193 4507 {patriarcha
3248 4439 3786 4513 llierosolymitanur

523 4521 629 4564 est.
694 4511 831 4564 Cum
880 4523 1064 4567 autem
1124 4512 1658 4586 Constantinopolim
1726 4523 2103 4588 pervenissent

523 4599 782 4655 monachi
815 4602 1035 4671 eopiam
1074 4603 1421 4677 (accedendi)
1465 4609 1532 4662 ab
1587 4608 1882 4665 Anastasio
1933 4611 2104 4681 petie-

525 4705 677 4755 runt,
717 4694 813 4765 qui
863 4695 1002 4762 ipsis
1055 4696 1374 4753 introeundi
1421 4701 1638 4756 veniant
1691 4706 1987 4760 concessit.
2021 4706 2101 4760 Ad

524 4801 706 4853 regem
739 4799 872 4855 ergo
900 4786 1140 4854 ingressi
1173 4798 1327 4846 sunt.
1364 4789 1489 4846 Fuit
1539 4805 1721 4849 autem
1766 4794 1909 4850 Saba
1939 4799 2104 4853 vesti-

525 4876 632 4932 bus
662 4876 807 4931 tritis
830 4879 1072 4944 indutus,
1105 4895 1276 4949 quare
1294 4897 1420 4936 cum
1452 4899 1592 4953 pone
1616 4899 1846 4942 czeteros
1862 4904 1921 4944 se
1936 4892 2106 4946 conti-

523 4974 699 5029 neret,
748 4968 1150 5035 prohibuerunt
1200 4972 1376 5042 ipsum
1407 4975 1617 5030 ostiarii
1677 4978 1747 5032 ab
1811 4979 2100 5049 ingressu.

523 5058 660 5111 Cum
709 5073 843 5128 ergo
903 5059 1128 5130 legisset
1192 5064 1524 5120 Anastasius
1599 5068 1898 5139 imperator
1973 5075 2104 5129 Elite

527 5149 849 5219 patriarchae
910 5150 1401 5227 llierosolymitani
1459 5160 1776 5229 epistolam,
1834 5165 2099 5231 Quisnam

526 5244 731 5312 (inquit
766 5247 1078 5318 monachis)
1133 5263 1164 5303 e
1223 5250 1379 5304 vobis
1428 5262 1513 5306 est
1567 5252 1708 5308 Salia
1772 5257 1875 5311 iste
1926 5258 1976 5312 in
2017 5261 2102 5316 his

527 5334 726 5390 litteris
752 5335 1050 5394 laudatus?
1080 5339 1160 5393 Illi
1209 5341 1718 5412 circumspicientes
1772 5366 1898 5404 cum
1955 5352 2101 5412 haud

527 5426 722 5482 adesse
784 5429 964 5498 ipsum
1020 5432 1292 5500 viderent,
1359 5436 1539 5504 ipsum
1607 5453 1912 5498 accersere.
1962 5446 2099 5502 Cum

530 5526 709 5571 autem
767 5518 834 5571 ad
914 5520 1295 5591 imperatorem
1359 5526 1727 5602 137-139
1821 5533 2102 5604 ingressus

528 5618 698 5672 esset,
735 5610 824 5666 ille
851 5614 915 5665 ad
957 5628 1016 5668 se
1044 5618 1271 5686 propius
1321 5621 1584 5677 accedere
1631 5622 1874 5693 jussum,
1910 5629 2098 5697 juxta-

528 5715 636 5770 que
669 5716 727 5757 se
754 5704 1103 5773 collocatum,
1160 5711 1514 5781 interrogavit
1568 5713 1635 5771 de
1693 5714 2100 5793 Hierosolymo-

2206 4526 2529 4581 Flavianum
2563 4527 2618 4582 in
2655 4528 2913 4583 exsilium
2943 4530 3160 4599 pulsum
3212 4547 3359 4597 esse,
3415 4548 3480 4587 ac
3518 4536 3785 4591 Severum

2205 4621 2260 4674 in
2289 4621 2470 4673 locum
2504 4621 2678 4690 ipsius
2726 4619 3040 4688 suﬂectum,
3086 4626 3412 4680 convocavit
3457 4641 3648 4684 coram
3695 4628 3782 4682 Sco

2207 4710 2398 4777 pulcro
2426 4717 2479 4763 ct
2509 4710 2784 4780 Golgotha
2818 4713 3143 4777 monachos,
3184 4718 3278 4783 qui
3318 4716 3374 4769 in
3426 4716 3782 4773 Anastasiutu

2207 4802 2594 4869 imperatorem
2625 4793 2961 4858 etSeverum
2993 4806 3396 4876 patriarcham,
3427 4817 3484 4862 et
3511 4819 3781 4880 quotquot

2207 4892 2381 4962 ipsius
2419 4898 2753 4948 sententiam
2790 4897 3281 4967 amplecterentur,
3339 4901 3634 4957 anathema
3686 4906 3784 4958 de-

2212 4984 2561 5040 nuntiarunt.
2591 4987 2920 5045 Anastasius
2949 5004 3082 5059 ergo
3113 4991 3412 5061 imperator
3435 4995 3625 5048 audito
3649 4995 3779 5065 quid

2207 5075 2425 5131 fecisset
2458 5078 2572 5132 Elia
2626 5081 2940 5149 patriarcha
2975 5082 3332 5155 141-153
3390 5084 3776 5156 Hierosolymi-

2207 5177 2391 5236 tanus,
2427 5174 2672 5237 mittens,
2702 5171 2884 5243 ipsum
2923 5174 3055 5229 llam
3104 5178 3369 5247 relegavit
3398 5180 3588 5249 (idque
3636 5195 3779 5235 anno

2208 5262 2423 5330 imperii
2487 5263 2767 5320 Anastasii
2825 5265 3096 5322 vicesimo
3156 5269 3368 5338 tertio),
3427 5271 3780 5343 prtelecitquc

2205 5351 2599 5426 Hierosolymis
2624 5357 2995 5427 patriarchatn
3031 5359 3324 5429 quemdam
3348 5366 3573 5420 nomine
3614 5362 3777 5420 Joan-

2207 5460 2351 5511 nem,
2413 5456 2601 5517 utpote
2652 5448 2744 5518 qui
2805 5450 2910 5518 ipsi
2941 5452 3274 5520 promiserat
3310 5469 3370 5510 se
3401 5455 3457 5509 in
3492 5457 3778 5527 episc0p0t

2208 5549 2503 5595 sexcentos
2532 5541 2756 5610 triginta
2782 5542 3221 5610 quiChalcedoni
3254 5547 3624 5604 interfuerunt
3653 5565 3774 5604 aua~

2206 5631 2389 5684 thema
2419 5631 2719 5688 dicturum.
2750 5634 2851 5690 Ubi
2877 5651 3008 5707 ergo
3032 5636 3408 5709 Hierosolyma
3432 5644 3773 5708 accessisset,

2206 5726 2627 5786 convenientes.
2674 5729 2852 5787 iosuut
2885 5731 3141 5790 monachi
3177 5740 3232 5790 et
3265 5733 3409 5793 Saba
3432 5749 3446 5763 ·
3494 5733 3618 5808 Noli
3673 5740 3772 5808 (inc
