4070 6152
437 307 576 374 1065

1873 332 2241 399 ANNMES.

3539 359 3675 427 1066

430 423 652 494 quium)
683 423 869 479 Severi
902 431 1223 486 sententiam
1255 437 1526 505 amplecti,
1573 441 1668 496 scd
1703 445 1997 499 concilium
2033 467 2075 516 Λ
2107 451 2375 508 Jacobitis
2412 459 2768 527 respuinlere,
2796 473 2847 517 et
2876 462 3143 521 doctrina:
3175 468 3419 539 ipsorum
3462 473 3679 534 falsita-

430 515 917 539 Dl--l---l-_.-_.-,_
969 537 979 539 Α
1038 538 1043 539 ,
1215 525 1223 539 ι
1367 529 1379 539 .
1426 532 1438 539 .
1464 532 1485 539 -
1611 536 1620 539 -
1656 533 1674 539 _

427 515 878 574 Chalcedoucnse
892 537 1193 594 propugna:
1215 525 1380 598 [quod
1396 532 1439 585 si
1461 532 1803 607 l't'ceris],uos
1814 553 2005 592 ontnes

427 623 458 661 a
496 611 746 679 partibus
774 614 883 668 tuis
924 616 1215 674 stabimus.
1250 618 1407 686 Quod
1434 623 1526 679 ille
1550 625 1679 695 ipsis
1706 629 1999 698 pollicitus,

426 704 765 758 contrarium
801 708 850 760 ei
918 709 1063 777 quod
1136 711 1239 783 ipsi
1293 715 1646 773 mandaverat
1704 720 2003 791 imperator

426 791 579 849 fecit.
647 796 819 867 Cujus
910 801 987 855 rei
1051 804 1254 859 certior
1318 804 1495 863 factus
1578 808 1895 882 imperator,
1969 830 2002 870 e

426 885 667 942 ducibus
715 891 830 945 suis
882 894 1176 963 quemdam
1224 898 1400 964 misit,
1440 902 1533 971 qui
1578 899 1846 963 Joannem
1900 926 2001 983 pa-

424 976 721 1033 triarcham
786 980 1371 1058 liierosolymitanum,
1426 993 1559 1048 illud
1616 995 1793 1054 lauare
1849 976 1995 1072 quod

424 1071 753 1138 promiserat
815 1087 1084 1143 moneret,
1157 1089 1332 1152 utque
1416 1087 1634 1143 concilii
1689 1071 1996 1151 Chalcedo-

423 1166 612 1219 nensis
664 1167 993 1222 mentionem
1041 1167 1227 1227 lacere
1279 1174 1595 1243 desisteret,
1646 1181 1733 1237 ain
1787 1186 1996 1253 minus,

419 1253 686 1307 cathedra
729 1258 1032 1314 abdicaret.
1073 1264 1359 1321 Accedens
1379 1282 1513 1339 ergo
1542 1270 1655 1326 dux
1686 1273 1786 1330 iste
1823 1275 1995 1332 Joan-

421 1358 546 1397 nem
575 1348 944 1414 patriarcham
972 1352 1305 1421 prehensum
1335 1357 1390 1411 in
1418 1371 1699 1417 carcerem
1727 1367 1991 1437 coniecit.

416 1433 590 1502 Quem
628 1438 698 1491 ibi
731 1438 995 1497 adeuntes
1038 1447 1290 1500 monachi
1336 1447 1388 1502 ei
1423 1464 1713 1507 suaserunt
1746 1466 1806 1510 ttt
1851 1459 1991 1515 idem

414 1527 546 1582 duci
602 1544 663 1584 se
718 1530 992 1586 iacturum
1041 1536 1416 1607 polliceretur,
1458 1544 1603 1613 quod
1675 1547 1991 1618 imperatori

416 1620 699 1689 pollicitus
731 1621 929 1690 fuerat,
953 1640 1078 1680 cum
1113 1636 1296 1684 autem
1341 1632 1556 1689 adesset
1616 1651 1807 1693 omnes
1865 1642 1991 1699 illos

411 1710 765 1767 anathemate
803 1712 986 1770 feriret
1030 1733 1169 1789 quos
1210 1721 1810 1784 auathematizaverant
1873 1750 1991 1790 mo-

411 1802 600 1858 nachi.
630 1802 787 1870 Quod
822 1821 948 1863 cum
989 1808 1231 1878 fecisset,
1264 1817 1653 1877 convenientes
1711 1828 1985 1894 monachi,
2020 1802 2061 1858 Β

414 1912 646 1951 numero
668 1899 889 1955 circiter
941 1901 1127 1957 decies
1171 1904 1321 1961 mille
1367 1908 1511 1963 inter
1560 1925 1703 1982 quos
1729 1913 1984 1973 Theodo-

412 1988 558 2056 sius,
585 1991 873 2058 Charitan,
904 2003 959 2049 et
985 1993 1126 2050 Saba
1155 2002 1538 2058 cmttobiorum
1589 2012 1893 2078 prmpositi,
1931 2015 1984 2066 in

412 2081 763 2147 ltioscorum,
825 2085 1181 2156 Entycbium,
1235 2088 1496 2148 Severum
1553 2106 1605 2149 et
1671 2101 1985 2173 quicunque

409 2176 708 2230 concilium
766 2177 1214 2237 Chalcedonense
1269 2182 1431 2259 144,
1494 2203 1606 2244 tton
1682 2194 1980 2264 reciperent

414 2267 707 2322 anathema
775 2269 1058 2325 dixerunt.
1126 2272 1317 2330 Metuit
1391 2289 1574 2334 autem
1636 2284 1983 2353 imperatoris

406 2355 683 2426 legatusa
716 2364 1023 2418 monachis.
1067 2366 1274 2420 Aderat
1332 2371 1497 2422 etiam
1564 2389 1670 2427 una
1746 2375 1982 2448 impera-

405 2459 549 2505 toris
579 2462 872 2522 cognatus,
907 2456 996 2510 cui
1048 2472 1175 2512 cum
1234 2460 1287 2514 id
1322 2477 1488 2531 grave
1529 2474 1695 2529 esset,
1733 2472 1984 2539 promisit

403 2544 525 2613 ipse
560 2546 845 2601 monachis
875 2562 1227 2604 reversurum
1263 2554 1647 2622 imperatorem
1692 2558 1763 2614 ab
1810 2561 1981 2617 altera

402 2635 513 2690 ista
566 2637 631 2690 ad
671 2637 918 2708 ipSorum
967 2644 1292 2697 sententiam
1324 2657 1374 2699 ct
1418 2645 1484 2701 ad
1517 2650 1819 2707 veritatem.
1850 2653 1980 2708 Cttm

401 2740 535 2798 ergo
616 2727 1155 2802 Constantinopolim
1206 2738 1558 2805 pervenisset
1632 2743 1983 2813 imperatoris

399 2829 671 2889 cognatus
716 2822 837 2884 iste,
878 2825 1009 2891 quid
1067 2826 1267 2879 factum
1321 2841 1465 2883 esset
1526 2833 1626 2901 ipsi
1684 2838 1977 2893 nuntiavit.

395 2912 643 2983 Ctnnque
678 2915 729 2967 in
764 2920 946 2969 animo
984 2916 1209 2972 haberet
1268 2922 1562 2990 imperator
1604 2926 1768 2979 etiam
1815 2926 1979 2982 Joano

400 3018 523 3059 nem
556 3009 925 3075 patriarcltam
992 3008 1555 3082 llierosoiymitanutn
1618 3020 1670 3072 iu
1721 3023 1977 3075 exsilium

397 3096 638 3163 mittere,
672 3106 986 3171 congregati
1036 3106 1291 3158 monachi
1334 3115 1386 3161 et
1419 3109 1660 3179 episcopi
1689 3113 1757 3167 ad
1797 3116 1974 3185 ipsum
2004 3150 2045 3208 ε

394 3192 766 3260 scripserunt,
798 3210 856 3247 se
890 3193 1076 3249 Severi

394 3285 625 3337 tentiam
667 3286 1094 3356 haudquaquznn
1150 3291 1524 3362 amplexuros,
1580 3299 1794 3353 etiamsi
1850 3316 1976 3353 san-

392 3375 611 3445 guinem
636 3377 875 3446 ipsorum
948 3379 1228 3446 funderet;
1290 3396 1543 3453 rogantes
1569 3389 1734 3443 ttiant
1763 3392 1968 3461 ipsum,

394 3477 453 3520 ut
484 3483 513 3519 a
546 3472 692 3522 malo
732 3470 867 3539 ipsis
919 3473 1203 3529 inferendo
1254 3475 1566 3535 desisteret.
1618 3481 1751 3537 Cum
1807 3489 1969 3541 etiam

393 3560 664 3615 autliisset
708 3560 1072 3633 Synnnaehus
1126 3566 1436 3635 patriarcha
1501 3569 1779 3628 Romanus
1841 3577 1975 3643 quid

398 3650 617 3709 iecisset
644 3655 968 3712 Anastasius
994 3696 1009 3720 ,
1038 3658 1259 3729 scriptis
1295 3662 1361 3714 ad
1397 3662 1577 3731 ipsum
1638 3666 1834 3720 litteris
1881 3667 1965 3722 fa-

389 3753 540 3799 ctum
557 3745 677 3813 ejus
693 3749 1037 3819 vituperavit,
1068 3751 1279 3820 ipsique
1298 3755 1586 3808 anathema
1604 3757 1976 3815 denuntiavit.

459 3837 819 3909 Mortuusque
848 3850 933 3897 est
969 3841 1339 3912 Symmachus
1370 3848 1684 3915 patriarcha
1712 3865 1834 3903 cum
1869 3867 1967 3904 ano

389 3947 494 3986 nos
516 3934 937 4001 quatuordeeim
977 3935 1238 3991 sedisset.
1269 3933 1400 3991 Post
1429 3953 1594 4008 quem
1628 3944 1971 3997 constitutus

384 4035 471 4080 est
504 4025 704 4079 ibidem
760 4027 1077 4095 patriarcha
1126 4028 1441 4097 llormisda,
1476 4032 1569 4101 qui
1616 4032 1819 4088 Severo
1876 4050 1971 4103 pa-

387 4119 647 4171 triarcha:
674 4120 1022 4174 Antiocheno
1054 4131 1108 4174 et
1153 4131 1430 4193 quotquot
1481 4123 1624 4178 idem
1671 4142 1795 4178 cum
1848 4130 1970 4195 ipso

385 4221 698 4264 assererem
730 4213 1032 4277 maledixit,
1067 4214 1232 4282 idque
1261 4230 1409 4268 anno
1441 4218 1654 4287 imperii
1690 4220 1964 4274 Anastasii

386 4300 755 4356 ananorum
794 4305 1140 4372 imperatoris
1175 4308 1435 4361 vicesimo
1463 4312 1644 4362 tertio.
1679 4306 1831 4363 Sedit
1861 4327 1960 4364 au-

385 4404 493 4447 tem
529 4393 816 4448 llormisda
847 4396 1156 4463 patriarcha
1196 4398 1475 4452 ltotitanus
1514 4412 1688 4452 annos
1719 4409 1957 4468 septem,

384 4485 510 4538 dein
548 4494 797 4539 mortuus
820 4496 924 4540 est.
969 4485 1158 4551 Porro,
1224 4488 1328 4541 fuit
1392 4487 1597 4544 Severo
1656 4490 1961 4560 discipulus

384 4579 609 4630 nomine
638 4575 895 4641 Jacobus,
952 4578 1039 4631 cui
1102 4582 1336 4633 amictus
1386 4589 1503 4633 erat
1552 4597 1582 4636 e
1628 4584 1959 4644 acuminibus

382 4666 675 4720 Albaradet
700 4684 795 4722 seu
823 4668 1157 4721 dorsualiunt
1211 4667 1564 4741 155-157
1599 4686 1720 4741 qua:
1746 4673 1958 4740 jumen-

380 4760 453 4813 tis
482 4761 706 4813 insterni
737 4760 914 4813 solent
944 4759 1213 4829 consutis,
1247 4764 1391 4817 unde
1417 4777 1720 4832 cognomen
1772 4761 1959 4819 Jacobi

382 4854 807 4909 Albatadicnsis
863 4856 1097 4925 accepit,
1160 4856 1317 4926 cujus
1375 4859 1623 4911 doctrina
1676 4866 1794 4912 erat
1836 4873 1961 4913 esse

379 4948 602 5003 Christo
636 4958 894 5001 naturain
946 4963 1107 5000 uuam
1148 4964 1178 5003 e
1208 4950 1420 5003 duabus
1455 4950 1667 5003 naturis
1713 4950 1959 5021 (compa.

378 5038 590 5112 sitam,|
624 5041 985 5093 substantiam
1009 5057 1038 5091 c
1063 5040 1387 5094 substantiis
1416 5041 1647 5107 duabus,
1678 5054 1731 5095 et
1764 5043 1956 5095 volun-

378 5143 543 5187 tatem
578 5148 766 5197 unam,
790 5132 1088 5187 secundum
1122 5135 1449 5187 sententiam
1475 5134 1684 5199 Severi,
1711 5133 1953 5189 Dioscori

374 5234 433 5278 et
476 5223 732 5295 Eutychii
794 5222 1229 5276 maledictorum.
1282 5221 1570 5279 Proiectus
1623 5225 1710 5279 hic
1764 5241 1955 5281 versus

377 5313 846 5381 Mesopotamiam,
911 5309 1137 5376 Gizatn,
1195 5311 1514 5377 Tacritnm,
1570 5313 1849 5370 Haranum
1898 5327 1953 5372 et

374 5403 691 5457 Armeniam
720 5403 882 5455 lldem
917 5402 1196 5459 hominum
1230 5408 1496 5473 corrupit,
1528 5419 1795 5475 suamque
1828 5408 1951 5462 illos

371 5497 681 5548 doctrinam
734 5496 987 5564 amplecti
1044 5496 1193 5551 fecit.
1243 5496 1375 5551 lude
1439 5498 1531 5565 qui
1586 5495 1772 5553 Jacobi
1828 5503 1947 5554 tidei

370 5595 795 5649 consenserunt,
820 5587 1074 5654 idemque
1089 5601 1214 5641 cum
1243 5587 1363 5657 ipso
1387 5602 1673 5643 asseruere
1688 5589 1950 5647 Jacobita:

372 5679 633 5749 appellati
667 5686 819 5743 sunt,
857 5678 927 5731 ab
974 5679 1149 5745 ipsius
1202 5676 1423 5736 homine
1478 5679 1708 5736 Jacobo.
1767 5685 1947 5753 tuquit

2107 553 2213 599 tein
2236 556 2288 601 el
2313 547 2705 607 ahsurditatem
2724 556 3035 611 ostendere.
3070 556 3291 615 Dicatur
3322 564 3427 621 illis
3460 582 3475 620 :
3508 566 3678 625 Dicite

2107 636 2264 694 nobis
2293 636 2447 711 [quid
2474 641 2751 715 sentiatis]
2783 644 2850 700 de
2898 663 3129 714 persona
3163 649 3324 707 Verbi
3378 654 3496 722 Dei,
3554 676 3676 731 qua:

2105 729 2223 785 tleri
2256 745 2366 786 non
2392 742 2590 803 potest,
2619 737 2752 807 quin
2785 738 2868 794 vel
2916 744 3214 810 sumpserit
3257 747 3388 816 quid
3433 749 3502 806 de
3544 729 3680 810 sub-

2104 824 2308 879 stantia
2360 827 2721 886 humanitatis
2773 832 2937 905 eique
2994 836 3147 892 unita
3200 837 3383 906 fuerit,
3430 844 3514 899 vel
3567 861 3675 901 non

2102 916 2418 987 sumpserit.
2461 918 2519 976 Si
2546 920 2806 979 dixeritis
2839 926 2977 981 nihil
3010 931 3312 1001 accepisse,
3351 932 3550 991 falsum
3591 948 3672 992 est

2104 1020 2392 1074 personam
2415 1025 2579 1082 quam
2599 1011 2822 1070 Christo
2847 1016 3146 1075 attribuitis
3166 1025 3527 1093 compositam
3550 1044 3675 1085 esse

2102 1112 2167 1152 ex
2201 1098 2486 1157 divinitate
2518 1113 2575 1159 et
2614 1105 2976 1165 humanitate.
3009 1110 3167 1178 Quod
3191 1113 3239 1169 si
3271 1116 3401 1186 quid
3429 1133 3671 1191 sumpse-

2103 1189 2196 1258 rit,
2224 1206 2452 1249 necease
2495 1205 2577 1252 est
2603 1204 2684 1265 ut,
2714 1198 2859 1269 quod
2889 1212 3167 1274 sumptum
3212 1206 3377 1262 fuerit
3408 1224 3477 1265 ex
3506 1189 3675 1269 Maria

2103 1276 2347 1355 Virgine,
2374 1286 2448 1341 sit
2499 1287 2809 1346 substantia
2847 1297 2931 1349 vel
2974 1299 3285 1355 communis
3312 1303 3397 1356 vel
3430 1306 3668 1371 particu-

2099 1375 2272 1441 laris;
2304 1378 2348 1432 si
2384 1383 2697 1437 communis
2728 1381 2917 1451 fuerit,
2948 1387 3074 1441 inde
3104 1400 3366 1461 sequetur
3390 1410 3514 1452 esse
3545 1401 3675 1452 sob-

2099 1468 2359 1524 stantiam
2398 1468 2638 1528 divinam
2672 1482 2727 1530 et
2750 1476 3093 1535 substantias
3132 1483 3419 1553 humanas,
3446 1502 3672 1559 compa-

2096 1560 2269 1628 sitas,
2325 1562 2566 1629 multas;
2635 1566 2782 1638 quod
2849 1568 3191 1641 impossibile
3248 1583 3356 1631 est.
3419 1577 3574 1645 Quod
3623 1584 3668 1634 si

2096 1652 2404 1708 substantia
2442 1658 2792 1727 particularis
2815 1677 2938 1731 quas
2976 1662 3209 1721 indicari
3262 1680 3464 1737 potest,
3510 1671 3676 1746 1‘8

2098 1754 2212 1799 tum
2243 1754 2371 1801 sunt
2404 1746 2628 1805 Christo
2657 1752 2988 1811 substantiae
3040 1757 3184 1826 duae,
3232 1761 3419 1817 divina
3474 1780 3670 1835 nempe

2088 1843 2142 1889 et
2171 1836 2432 1903 humana,
2462 1851 2518 1896 at
2546 1842 2904 1902 subsistantia
2942 1865 3072 1913 una.
3103 1860 3159 1907 et
3185 1855 3481 1925 unicuique
3540 1864 3673 1915 sub-

2088 1932 2301 1985 stautiw
2340 1940 2537 1988 natura
2590 1951 2688 1990 sua
2744 1955 2759 1992 :
2808 1949 2972 2011 atque
3020 1941 3104 1998 hac
3151 1943 3275 2003 dure
3326 1950 3667 2008 substantia.

2088 2030 2295 2077 naturae
2324 2023 2468 2091 duae,
2512 2028 2871 2085 subsistentia
2909 2049 3037 2101 una,
3085 2047 3140 2092 et
3197 2054 3425 2098 necesse
3474 2044 3577 2099 erit
3614 2058 3670 2099 ut

2085 2112 2213 2165 dum
2242 2114 2409 2170 unita:
2436 2113 2639 2172 fuerint
2659 2118 2779 2175 dua:
2809 2123 3152 2195 substantiae,
3177 2141 3401 2190 mutatas
3420 2124 3663 2193 fuerint:

2087 2208 2229 2274 quod
2262 2206 2307 2261 si
2346 2221 2377 2261 a
2415 2209 2724 2267 substantia
2761 2230 2858 2270 sua
2898 2230 3118 2276 mutata:
3149 2223 3368 2293 fuerint,
3406 2227 3523 2285 ﬁeri
3557 2248 3663 2285 nou

2089 2306 2268 2366 potest
2302 2298 2435 2370 quin
2469 2310 2529 2355 ut
2567 2303 2649 2359 vel
2704 2315 2912 2364 mutata
2945 2310 3107 2366 fuerit
3140 2316 3454 2376 substantia
3481 2322 3663 2379 divina

2089 2389 2140 2441 in
2190 2390 2553 2454 substantiam
2604 2395 2918 2467 humanam,
2950 2412 3007 2457 et
3050 2403 3189 2461 faeta
3211 2410 3282 2466 sit
3316 2410 3521 2473 homo;
3584 2418 3665 2471 vel

2088 2479 2395 2537 substantia
2432 2485 2667 2542 humana
2707 2490 2765 2544 in
2790 2489 3054 2558 divinam,
3086 2495 3338 2570 iactaque
3375 2504 3448 2560 sit
3474 2503 3659 2572 Deus;

2086 2582 2180 2626 aut
2224 2583 2280 2628 ut
2313 2584 2556 2649 utrmque
2583 2579 2653 2635 ab
2682 2584 2921 2638 essentia
2962 2601 3060 2641 sua
3118 2588 3173 2642 in
3226 2593 3388 2648 aliam
3441 2610 3663 2654 mutat-e

2083 2664 2196 2719 sint
2222 2668 2549 2738 essentiam,
2583 2679 2643 2726 ut
2687 2677 2757 2727 ita
2794 2691 2856 2730 ex
2913 2678 2977 2733 iis
3036 2679 3172 2736 facta
3238 2686 3311 2741 sit
3358 2689 3662 2748 substantia

2083 2755 2209 2824 alia,
2242 2766 2296 2813 et
2322 2769 2515 2815 natura
2549 2764 2674 2820 alia.
2710 2765 2863 2832 Quod
2897 2770 2941 2825 si
2971 2771 3042 2826 ita
3086 2788 3145 2828 se
3170 2776 3426 2835 habuerit
3458 2797 3568 2849 res,
3600 2796 3658 2841 et

2081 2862 2340 2906 conversn
2373 2850 2536 2909 fuerit
2561 2854 2817 2913 divinitas
2848 2864 2900 2913 ln
2933 2864 3347 2936 lnnnanitatem,
3381 2882 3495 2929 tum
3554 2892 3659 2933 nec

2082 2950 2203 2996 tura
2235 2942 2441 3001 Christi
2481 2948 2643 3003 homo
2672 2962 2788 3019 est,
2831 2968 2943 3010 non
2992 2944 3176 3023 Deus;
3230 2974 3283 3016 et
3345 2972 3659 3025 necessario

2081 3035 2410 3093 attribuetur
2445 3055 2606 3111 pmua
2645 3042 2964 3102 substantia:
2992 3051 3023 3102 d
3052 3053 3314 3122 vinitatis,
3354 3069 3408 3114 et
3438 3060 3657 3121 invadet

2083 3125 2255 3195 ipsam
2284 3134 2605 3203 corruptio;
2662 3136 2765 3189 hoc
2796 3146 2977 3194 autem
3010 3142 3431 3214 impossibilium
3461 3155 3657 3212 absur-

1127 3198 1206 3251 vel
1244 3200 1553 3255 lteterodoxi
1586 3204 1820 3273 alicujus
1854 3225 1980 3261 scn-
2008 3198 2045 3208 v
2079 3216 2366 3274 άμεεὶιηυηι
2399 3198 2500 3277 est.
2528 3224 2625 3280 Sin
2654 3243 2921 3285 conversa
2945 3198 3106 3289 fueril
3127 3237 3433 3298 substantia
3464 3247 3657 3304 buma-

2079 3312 2269 3367 uitatis
2321 3316 2373 3368 in
2430 3318 2792 3374 substantiam
2860 3323 3181 3393 divinitatis,
3242 3334 3346 3387 erit
3398 3335 3653 3397 Christus

2078 3400 2246 3466 Deus,
2314 3422 2418 3462 non
2474 3409 2662 3478 homo,
2708 3420 2763 3468 et
2821 3420 3073 3486 sequitur
3140 3422 3308 3482 fuisse
3364 3428 3541 3498 ipsum
3583 3433 3653 3489 de

2075 3509 2216 3549 novo
2246 3508 2449 3561 ortum.
2485 3512 2539 3555 rt
2575 3501 2776 3560 factum
2810 3522 2934 3562 esse
2965 3521 3251 3581 aeternum,
3292 3522 3439 3591 quod
3469 3532 3523 3578 et
3567 3529 3653 3581 in-

2073 3596 2156 3642 ter
2181 3591 2552 3660 impossibilia
2600 3612 2819 3655 sttntme
2870 3603 3167 3662 absurdqu
3222 3619 3329 3667 est.
3393 3612 3549 3683 Quod
3600 3622 3678 3676 si-

2075 3689 2322 3753 utrzeque
2360 3684 2524 3740 simul
2553 3702 2583 3741 a
2609 3688 2918 3747 substantia
2952 3710 3054 3750 sua
3082 3710 3306 3758 mutate
3335 3704 3561 3768 iuerint.
3593 3723 3648 3767 ct

2068 3785 2097 3822 a
2134 3781 2328 3827 natura
2358 3790 2423 3831 ae
2453 3779 2694 3833 essentia
2746 3797 2845 3837 sua
2878 3800 3160 3845 conversa:
3190 3792 3245 3846 in
3278 3796 3645 3857 substantiam

2074 3863 2230 3919 aliam
2270 3880 2335 3920 ac
2376 3875 2630 3924 naturam
2666 3872 2850 3939 aliam,
2887 3874 3001 3946 jam
3056 3879 3315 3942 Christus
3360 3903 3464 3945 nec
3498 3889 3645 3948 Deus

2070 3956 2199 4020 erit,
2233 3974 2333 4011 nec
2362 3960 2549 4028 homo,
2576 3976 2635 4018 ut
2660 3967 2996 4023 orichalcum
3024 3974 3168 4043 quod
3201 3992 3300 4033 nec
3322 3996 3398 4036 τι
3426 3991 3513 4040 est
3542 4001 3645 4041 nec

2067 4047 2376 4116 plumbum,
2408 4061 2502 4104 aut
2528 4064 2722 4110 natura
2752 4060 2885 4113 muli
2915 4077 3040 4133 qua:
3078 4081 3177 4122 nec
3200 4069 3343 4125 asini
3387 4088 3485 4128 uec
3515 4081 3641 4147 equi

2068 4146 2264 4194 natura
2304 4140 2651 4215 149-151
2704 4158 2805 4203 est.
2868 4150 3024 4219 Quod
3080 4156 3127 4213 si
3174 4170 3379 4217 natura:
3426 4140 3579 4224 binae
3611 4188 3640 4221 ει

2063 4232 2371 4287 substantia
2404 4250 2503 4289 sua
2534 4252 2656 4307 post
2687 4242 2945 4298 unionem
2968 4263 3243 4307 conversae
3276 4269 3385 4310 non
3416 4257 3637 4322 iuerint.

2066 4337 2167 4375 nec
2202 4324 2269 4378 ab
2303 4330 2543 4380 essentia
2576 4344 2676 4384 sua
2712 4342 2953 4401 mutatae,
2983 4339 3075 4394 sed
3101 4350 3328 4414 utraque
3361 4348 3415 4402 in
3441 4361 3636 4407 natura

2069 4430 2132 4469 ac
2164 4420 2467 4474 substantia
2520 4438 2617 4475 sua
2653 4425 2868 4481 stabilis
2924 4444 3242 4497 permaneat
3288 4451 3413 4493 curn
3459 4444 3636 4499 subsi-

2069 4512 2264 4564 sterilia
2305 4528 2433 4577 una,
2467 4531 2589 4583 qua:
2637 4526 2725 4571 est
2768 4521 3130 4579 subsistentia
3167 4524 3350 4597 Verbi,
3379 4532 3493 4603 jam
3525 4552 3637 4591 ma-

2070 4600 2323 4657 nifestum
2347 4614 2431 4660 est
2463 4621 2525 4660 ac
2572 4621 2782 4662 certum
2828 4611 3104 4668 Christum
3158 4631 3281 4674 esse
3345 4600 3634 4690 personam

2066 4709 2252 4759 unam,
2300 4696 2439 4751 duas
2487 4697 2798 4769 [habentem
2832 4707 3109 4779 naturas].
3148 4709 3284 4766 duas
3304 4713 3633 4781 voluntates,

2062 4783 2312 4853 duasque
2343 4788 2605 4855 actiones,
2638 4806 2762 4846 cum
2800 4795 3006 4850 unitate
3055 4798 3418 4858 subsistentiis
3448 4806 3630 4869 unius.

2064 4872 2315 4929 videlicet
2367 4877 2735 4933 subsistentia.-
2781 4879 2943 4937 Verbi
2970 4888 3115 4953 quod
3148 4899 3230 4943 est
3264 4890 3431 4948 Filius
3475 4906 3633 4951 a'ter.

2064 4979 2189 5031 nus,
2222 4974 2387 5035 atque
2425 4967 2531 5022 hoc
2572 4970 2733 5024 modo
2780 4973 3047 5029 evertitur
3089 4977 3223 5032 lides
3260 4978 3629 5039 Jaeohitarum

2061 5057 2404 5131 [dicentium]
2434 5076 2553 5117 esse
2580 5061 2856 5119 Christum
2885 5070 3249 5127 substantiam
3278 5089 3438 5131 unatn
3460 5090 3513 5133 et
3534 5095 3627 5133 na-

2062 5158 2237 5201 turam
2277 5166 2459 5204 unam.

2132 5236 2350 5295 Dicetur
2381 5243 2541 5297 etiam
2574 5246 2680 5302 illis
2708 5266 2723 5301 :
2751 5250 2922 5306 Dicite
2951 5256 3130 5319 nobis,
3159 5256 3271 5313 haec
3299 5270 3495 5318 natura
3522 5282 3625 5321 uua

2055 5347 2223 5400 quam
2249 5332 2471 5389 Christo
2504 5338 2766 5403 tribuitis,
2795 5351 2952 5397 estne
2969 5360 3031 5399 ea
3054 5347 3237 5403 divina
3264 5366 3332 5406 an
3356 5354 3631 5411 humana?

2057 5434 2151 5478 aut
2188 5423 2370 5477 divina
2400 5426 2559 5479 simul
2594 5437 2649 5481 et
2678 5428 2953 5484 humana?
2991 5444 3084 5488 aut
3142 5451 3243 5491 nec
3291 5441 3477 5498 divina
3528 5463 3626 5499 nec

2072 5515 2311 5568 lnunana
2338 5516 2362 5568 ?
2397 5516 2452 5571 Si
2487 5518 2730 5574 dixerint
2761 5536 2859 5575 nec
2890 5523 3129 5580 divinam
3166 5545 3289 5586 esse
3317 5547 3413 5587 nec
3443 5536 3626 5590 huma-

2052 5621 2204 5669 nam,
2238 5607 2347 5676 jam
2385 5610 2452 5663 ad
2485 5610 2860 5667 inﬁdelitatem
2910 5615 3117 5687 delapsi
3167 5620 3445 5678 Christum
3511 5640 3625 5682 sta-

2053 5706 2270 5750 tuerunt
2306 5714 2403 5753 nec
2429 5698 2597 5755 Deum
2625 5718 2750 5758 esse
2772 5720 2873 5761 nec
2901 5706 3197 5775 hominem,
3237 5716 3380 5781 quod
3415 5719 3620 5787 impos-

372 5771 500 5829 Said
526 5770 849 5828 Eanatrtk
882 5772 1165 5828 medicus:
1194 5770 1384 5829 Visum
1420 5787 1502 5833 est
1533 5779 1664 5832 mihi
1699 5780 1797 5833 hoc
1825 5782 1944 5835 loco
2044 5788 2206 5845 sibile
2238 5802 2323 5845 est
2360 5812 2372 5846 :
2411 5793 2555 5864 quod
2606 5797 2649 5849 si
2682 5796 2919 5853 divinam
2972 5814 3093 5858 esse
3137 5770 3268 5856 non'
3305 5770 3627 5873 bumanratu,

689 5870 956 5932 Panos.
987 5871 1105 5934 Ca.
1144 5871 1298 5937 CXI.

3226 5895 3304 5961 3L
