3976 6168
509 363 636 427 1071

1519 371 1883 431 Ευτγιιιιιι
1926 370 2453 430 ΑιλςΧΑΝυΒιΧι
2496 371 2713 429 l‘.‘t'l'll.

3609 361 3747 423 1072

506 480 726 545 psissct,
788 480 928 534 hami
980 480 1264 549 probavi—
1296 480 1593 551 imperator
1650 480 2075 547 descriptionem
2110 497 2149 547 Α
2184 480 2413 532 illtt-sltia
2446 493 2507 532 ac
2533 493 2701 544 aquas
2726 476 3008 531 :editicavit
3036 492 3051 539 ;
3081 484 3137 528 at
3170 472 3435 541 templum
3468 471 3519 523 in
3549 471 3749 524 montis

513 575 698 634 istam,
734 587 833 625 nec
862 572 1128 626 ullatenus
1174 571 1275 642 ipsi
1306 573 1543 643 placuit;
1574 590 1743 640 quare
1776 574 1928 625 valde
1961 572 2062 641 ipsi

509 663 677 715 iratus
716 664 1049 732 :Acceptos,
1110 664 1313 733 inquit,
1364 679 1617 718 nummos
1660 664 1759 719 tibi
1804 663 1905 732 ipsi
1933 679 2067 717 cono

503 756 747 823 gessisti,
798 755 1085 808 :editicium
1115 766 1295 811 autem
1325 757 1643 813 exstruxisti
1678 757 1817 811 male
1843 771 2068 822 compa-

504 854 675 905 ctum,
716 855 769 897 et
800 844 1088 897 i-tclesiam
1128 846 1475 900 tenebrosam
1527 844 1840 907 coniecisti,
1892 844 2069 897 nulla-

506 945 665 988 tenus
711 951 777 988 ex
824 945 1007 991 mente
1057 951 1175 991 mea
1229 935 1575 1001 fabricatam,
1624 952 1725 992 nec
1772 936 2065 989 consilium

508 1044 686 1080 meum
737 1037 960 1083 secutus
999 1044 1079 1083 es.
1128 1028 1428 1099 Capitoque
1459 1031 1639 1097 ipsum
1690 1029 1850 1099 plecti
1878 1028 2066 1097 jussit.

506 1120 723 1171 Struxit
758 1120 921 1172 etiam
955 1118 1303 1174 Justinianus
1353 1124 1647 1190 imperator
1677 1122 2072 1174 Constantino-

506 1210 613 1277 poli
682 1210 938 1280 templum
981 1209 1197 1265 Sancta:
1243 1210 1484 1281 Sophia,
1531 1210 1737 1265 fabrica
1776 1210 2070 1265 admodum

505 1302 759 1366 eleganti.

577 1393 743 1445 Porro
796 1402 1048 1449 mortuus
1070 1403 1156 1451 est
1179 1393 1296 1450 Mar
1319 1391 1463 1449 Saba
1496 1408 1670 1449 annos
1702 1402 1863 1447 natus
1894 1409 2072 1449 noua-

506 1486 653 1549 ginta
710 1496 962 1555 quatuor.
1032 1487 1167 1542 Cum
1229 1495 1408 1541 autem
1459 1487 1761 1541 audiiSsent
1816 1486 2072 1541 monachi

508 1578 706 1631 montis
743 1577 885 1632 Sina:
920 1579 987 1633 de
1027 1580 1169 1635 bona
1202 1579 1548 1650 imperatoris
1563 1578 1858 1635 Justiuiani
1891 1581 2074 1635 inten-

508 1682 673 1732 tione,
716 1685 989 1740 quamque
1009 1671 1309 1725 condendis
1337 1672 1589 1727 ecclesiis
1630 1680 1685 1727 et
1728 1673 2078 1728 monasteriis

506 1765 786 1817 struendis
814 1764 1203 1829 delectaretur,
1233 1764 1301 1819 ad
1331 1764 1507 1834 ipsum
1531 1764 1788 1834 profecti,
1826 1780 2075 1835 conque-

2168 575 2373 626 vertici:
2404 587 2568 640 supra
2600 573 2778 625 locum
2811 570 2865 623 in
2898 584 3007 638 quo
3034 567 3215 623 Moses
3278 567 3452 635 legem
3495 568 3701 631 accepit
3732 582 3745 615 :

2166 680 2366 718 nomen
2395 664 2655 731 ιιτωΐιοειο
2688 662 3005 717 monasterii
3035 670 3153 715 erat
3203 659 3397 714 Doula.
3473 657 3750 713 ltetersua

2166 767 2347 810 autem
2376 753 2833 810 .idJustinianum
2885 754 3267 822 imperatorem
3297 751 3509 819 legatus
3562 766 3751 804 narra-

2167 849 2245 901 \ll
2286 846 2390 915 ipsi
2422 861 2688 915 quasnam
2732 845 2994 899 ecclesias
3015 852 3074 898 et
3111 858 3233 912 qua!
3280 844 3615 897 monasteria
3646 861 3745 897 ex-

2166 948 2446 994 struxerat
2475 952 2491 1003 ;
2532 939 2824 1005 descripsit
2871 939 3037 990 etiam
3078 937 3180 1005 ipsi
3213 952 3326 1005 quo
3362 937 3525 989 modo
3554 950 3745 989 tuon:-

2166 1031 2393 1086 stcrium
2427 1033 2630 1085 montis
2662 1028 2809 1084 Sitne
2835 1028 3220 1084 aediﬁcarent.
3250 1027 3355 1082 Cui
3411 1026 3746 1096 inperator:

2169 1122 2407 1187 Errasti,
2464 1123 2662 1193 inquit,
2690 1131 2745 1177 et
2775 1124 3062 1177 monachis
3095 1121 3355 1189 injuriam
3386 1119 3589 1181 iecisti,
3609 1136 3750 1189 quos

2170 1220 2225 1273 in
2262 1217 2615 1271 inimicorum
2649 1231 2844 1270 manus
2877 1214 3174 1270 tradidisti.
3205 1214 3389 1279 Quare
3421 1226 3605 1268 autem
3638 1227 3747 1267 non

2171 1307 2226 1362 in
2266 1308 2472 1363 montis
2508 1308 2725 1361 vertice
2760 1308 3151 1360 tuouasterium
3211 1305 3529 1361 exstruxisti
3552 1304 3579 1356 2
3612 1301 3753 1357 Res-

2172 1396 2363 1469 pondit
2390 1399 2601 1469 legatus
2643 1417 2657 1451 :
2705 1397 2882 1467 lpsum
2908 1396 3058 1465 juxta
3085 1394 3281 1449 rubum
3304 1405 3358 1449 et
3388 1408 3555 1463 prope
3581 1408 3750 1463 aquas

2173 1491 2369 1562 posui;
2398 1490 2543 1562 quod
2570 1490 2615 1547 si
2648 1493 2699 1543 in
2731 1491 2935 1545 montis
2970 1488 3185 1557 fastigio
3209 1496 3552 1543 exstructum
3622 1486 3751 1540 luis-

2172 1594 2278 1649 set,
2301 1584 2613 1639 caruissent
2663 1580 2915 1638 monachi
2951 1594 3115 1651 aqua,
3147 1581 3282 1635 adeo
3331 1588 3395 1634 ut
3423 1582 3469 1634 si
3498 1581 3749 1634 obsessis

2173 1677 2467 1746 aliquando
2493 1676 2629 1745 ipsis
2655 1675 2952 1729 interclusa
3003 1683 3155 1729 esset
3184 1688 3352 1743 aqua.
3383 1686 3495 1743 pne
3519 1672 3616 1727 siti
3636 1686 3751 1723 ttio-

2177 1776 2430 1820 terentur
2460 1784 2475 1831 ;
2510 1766 2727 1837 longius
3133 1764 3358 1833 insuper
3386 1763 3455 1817 ab
3490 1764 3622 1830 ipsis
3654 1763 3753 1817 ab-

522 1859 593 1909 sti
625 1866 751 1911 sunt
804 1856 1008 1910 Arabes
1032 1856 1327 1911 lsmaelitas
1380 1858 1512 1928 ipsis
1541 1858 1800 1912 damnum
1851 1857 2075 1923 inferre,
2110 1844 2150 1900 Β
2180 1858 2375 1914 lu'sset
2446 1861 2634 1914 robus.
2672 1858 2817 1913 Dixit
2873 1860 3206 1927 imperator:
3266 1853 3587 1925 Equaudus
3623 1869 3752 1922 ergo

514 1963 708 2017 penum
734 1950 976 2017 ipsorum
1028 1949 1341 2005 devorando
1370 1950 1595 2021 locaque
1620 1950 1914 2018 diruendo,
1969 1951 2078 2004 cel-

511 2044 697 2108 tzisqne
732 2042 1097 2111 ingredientes
1123 2040 1395 2111 quidquid
1423 2039 1498 2096 ibi
1545 2049 1690 2095 esset
1732 2041 1997 2107 diripere.
2025 2052 2081 2095 et

512 2135 565 2187 in
601 2133 862 2187 ecclesias
896 2132 1169 2187 irruentes
1204 2132 1607 2187 Eucharistiam
1635 2134 1928 2202 deglutire.
1957 2134 2070 2186 llo-

508 2233 669 2293 gante
695 2237 823 2292 ergo
855 2224 1201 2291 imperatore.
1252 2223 1382 2293 quid
1415 2223 1631 2286 vellent,
1669 2222 2024 2295 161-163
2062 2240 2075 2275 :

512 2314 806 2386 Rogamus,
860 2316 1138 2385 inquiunt,
1188 2333 1222 2370 ο
1251 2331 1368 2381 rex,
1404 2324 1460 2367 ut
1494 2317 1652 2369 nobis
1684 2318 2077 2370 monasterium

510 2420 762 2463 exstruas
792 2410 844 2461 in
876 2423 985 2477 quo
1012 2409 1338 2463 muniantur.
1385 2407 1593 2478 (Neque
1623 2410 1770 2462 enim
1831 2415 1957 2463 ante
2014 2410 2083 2460 il-

515 2502 604 2554 Iud
636 2510 847 2571 tempus
893 2501 1065 2556 ullum
1121 2501 1224 2555 fuit
1284 2502 1339 2554 in
1374 2508 1554 2555 monte
1612 2500 1741 2555 Sina
1771 2501 2081 2557 coenobium

514 2597 568 2645 in
617 2610 725 2662 quo
782 2593 1137 2646 convenirent
1199 2592 1475 2649 monachi.
1538 2594 1633 2643 sed
1683 2590 1738 2643 in
1809 2590 2084 2643 montibus

514 2697 575 2736 ae
608 2684 832 2737 vallibus
876 2685 1021 2736 circa
1061 2684 1255 2738 rubum
1289 2700 1320 2735 e
1348 2698 1458 2752 quo
1496 2681 1638 2736 Deus
1667 2680 1855 2737 “(heu
1879 2684 2086 2738 allocu-

514 2786 602 2830 tus
622 2785 729 2837 est,
768 2777 999 2845 sparsim
1029 2773 1321 2845 «legerunt.
1348 2770 1473 2827 Fuit
1503 2781 1717 2827 tantum
1753 2775 1887 2843 ipsis
1916 2789 2080 2843 supra

515 2870 712 2924 rubum
752 2869 916 2922 turris
952 2882 1165 2938 magna,
1190 2882 1311 2937 quae
1343 2878 1397 2921 et
1429 2868 1585 2922 hodie
1617 2880 1890 2936 superest,
1922 2880 2085 2937 atque

515 2962 567 3014 in
602 2977 663 3016 ea
704 2962 966 3031 templum
999 2960 1213 3015 Sancta
1247 2959 1452 3026 )larir,
1486 2959 1552 3012 ad
1594 2975 1757 3030 quam
1807 2961 2083 3023 monachi,

515 3054 809 3110 act-edente
837 3056 1090 3125 quopiam
1124 3070 1154 3109 a
1180 3070 1294 3124 quo
1353 3054 1629 3115 ιίιιιει-ριιι,
1680 3051 2080 3124 confugientes.

520 3149 576 3199 in
604 3146 793 3200 eadem
857 3146 1070 3201 munire
1116 3162 1175 3200 se
1218 3145 1483 3201 solebant.
1519 3144 1665 3199 Misit
1696 3160 1825 3215 ergo
1849 3147 2082 3213 impera-

520 3252 603 3292 tur
637 3254 742 3292 una
782 3253 905 3293 eum
953 3238 1087 3308 ipsis
1133 3238 1370 3305 legatum
1421 3237 1617 3306 opibus
1639 3238 1827 3291 multis
1871 3237 2081 3291 instru-

514 3338 684 3390 ctum,
710 3328 930 3397 scriptis
956 3329 1121 3381 etiam
1150 3330 1217 3381 ad
1250 3327 1471 3398 .Egypti
1501 3326 1817 3398 praefectum
1853 3330 2078 3391 litteris,

517 3430 575 3474 ut
620 3421 792 3474 eidem
826 3432 1092 3489 quantum
1124 3420 1286 3473 vellet
1319 3435 1670 3474 nummorum
1727 3421 1987 3487 traderet,
2020 3438 2083 3476 ac

517 3515 663 3566 rivos
718 3513 881 3565 etiam
958 3512 1354 3581 suppeditaret,
1411 3512 1625 3582 ipsique
1680 3526 1955 3566 annonam
2017 3529 2083 3566 ex

517 3602 750 3672 Egypto
780 3603 1123 3657 deferendam
1155 3611 1376 3657 curaret
1408 3621 1421 3668 ;
1478 3604 1657 3673 legato
1713 3603 1766 3657 in
1812 3603 2084 3658 mandatis

513 3697 641 3748 dato
676 3707 734 3748 ut
767 3694 1057 3749 ecclesiam
1118 3694 1170 3747 in
1203 3693 1423 3749 italzem
1490 3704 1816 3753 exstrueret.
1868 3712 2085 3751 necnon

516 3787 900 3838 monasterium
936 3785 1114 3853 ltayz,
1158 3792 1325 3853 utque
1360 3785 1412 3837 in
1458 3792 1643 3839 monte
1708 3786 1840 3839 Sina
1900 3803 2087 3839 numa-

514 3878 741 3929 steriuut
776 3875 1097 3939 adiﬁcaret,
1162 3875 1415 3946 idemque
1457 3879 1813 3945 permuniret,
1864 3879 1999 3932 adeo
2028 3886 2088 3931 ut

516 3982 624 4020 non
650 3967 777 4020 δι.ὺί
810 3968 862 4017 in
905 3976 1021 4018 toto
1046 3965 1251 4022 mundo
1282 3969 1458 4037 magis
1491 3968 1761 4021 munitum
1816 3970 2089 4036 reperire-

515 4070 603 4113 tur
628 4056 871 4123 adeoque
911 4055 1181 4108 ﬁrmatum
1222 4056 1402 4119 daret,
1432 4066 1623 4110 utnon
1673 4057 1871 4112 alicubi
1938 4060 2091 4112 luens

516 4147 715 4217 aliquis
766 4155 911 4201 esset
965 4151 1107 4201 unde
1162 4148 1242 4200 rel
1300 4151 1633 4203 monasterio
1662 4150 1745 4202 rel
1803 4148 2091 4202 monachis

518 4240 777 4293 damnum
813 4236 1153 4294 inferendum
1190 4248 1545 4293 metueretur.
1604 4242 1739 4294 Cum
1798 4256 1930 4309 ergo
1962 4240 2091 4293 Kal-

518 4345 731 4385 zemum
764 4330 1098 4399 pervenisset
1125 4330 1337 4400 legatus
1370 4332 1472 4387 iste
1511 4332 1756 4387 condidit
1784 4334 1855 4386 ibi
1916 4335 2090 4388 eccle-

518 4424 653 4475 siam
676 4423 733 4474 δ.
758 4421 1040 4475 Athanasii
1068 4424 1486 4493 ;exstruxitque
1506 4425 1900 4478 monasterium
1931 4422 2093 4496 ltayae

2197 1951 2294 2002 tibi
2327 1965 2454 2003 cunt
2496 1960 2639 2003 terra
2682 1948 2782 2003 fuit
2816 1962 2973 2002 mons
3013 1948 3116 2003 iste
3146 1945 3241 2016 qui
3300 1961 3331 1999 a
3380 1945 3752 2015 septentrione

2182 2043 2515 2093 monasterio
2541 2039 2809 2094 imminet.
2850 2036 2952 2091 Cui
2992 2037 3198 2106 legatus
3243 2051 3257 2088 :
3293 2032 3351 2091 Si
3408 2045 3553 2088 totas
3598 2046 3750 2087 terra

2184 2132 2579 2196 llomanormn,
2626 2128 2868 2202 Egypti,
2903 2140 2955 2183 et
3005 2128 3175 2200 Syria!
3232 2144 3365 2198 opes
3394 2126 3750 2195 impendisse-

2184 2239 2325 2286 mus,
2382 2222 2526 2277 haud
2589 2226 2873 2292 possemus
2916 2230 3158 2273 montem
3213 2219 3376 2273 istum
3443 2218 3749 2270 absolvere.

2183 2315 2357 2369 Iratus
2391 2331 2523 2385 ergo
2556 2316 2854 2383 imperator
2879 2321 3041 2382 caput
3075 2312 3179 2381 ipsi
3241 2310 3515 2380 amputari
3562 2310 3748 2378 jussit.

2184 2408 2384 2463 Deinde
2412 2409 2576 2462 alium
2610 2406 2757 2461 misit
2810 2405 3069 2477 legatum,
3103 2420 3325 2474 unaque
3380 2419 3503 2457 cum
3554 2403 3698 2469 ipso,
3720 2419 3751 2455 e

2183 2502 2367 2557 vernis
2395 2495 2765 2555 Romanorum
2802 2515 2911 2553 utra
2968 2512 3092 2551 cum
3135 2495 3321 2551 liberis
3368 2506 3425 2550 et
3490 2495 3752 2549 uxoribus

2184 2596 2427 2664 ipsorum
2474 2604 2693 2647 centum
2723 2592 2891 2651 viros,
2920 2590 3120 2661 juheus
3154 2589 3313 2642 etiam
3340 2600 3399 2641 ut
3427 2603 3490 2643 ex
3516 2586 3751 2658 Egypt"

2182 2686 2320 2739 alios
2349 2695 2570 2738 centum
2609 2698 2716 2736 una
2765 2698 2890 2735 eum
2922 2683 3165 2750 ipsorum
3227 2679 3492 2734 uxoribus
3529 2691 3583 2731 et
3621 2679 3751 2731 lihe-

2182 2779 2261 2832 ris
2290 2780 2580 2847 acciperet,
2602 2773 2801 2845 quibus
2842 2784 2996 2827 extra
3030 2780 3273 2825 montem
3310 2770 3502 2825 Sinam
3566 2772 3752 2826 domos

2182 2874 2491 2925 exstrueret
2527 2868 2579 2921 in
2613 2866 2815 2937 quibus
2842 2864 2916 2919 ibi
2966 2866 3249 2936 degerent.
3306 2879 3417 2934 quo
3474 2870 3752 2917 monaste-

2191 2962 2335 3015 rium
2368 2973 2422 3015 et
2475 2963 2779 3016 monachos
2829 2960 3215 3025 custodirent;
3249 2968 3305 3012 et
3360 2961 3563 3013 victum
3625 2956 3753 3026 ipsis

2185 3052 2639 3121 suppeditandum
2668 3060 2911 3115 curaret,
2942 3052 3187 3120 ipsisque
3209 3057 3262 3103 et
3294 3049 3628 3102 monasterio
3690 3062 3751 3100 ex

2187 3144 2423 3215 Egypto
2456 3158 2689 3198 annonae
2726 3152 2990 3213 quantum
3026 3140 3323 3202 suﬁiceret,
3377 3139 3753 3194 deferendum.

2142 3227 2155 3249 ⁵
2185 3235 2321 3289 Cum
2360 3249 2493 3306 ergo
2522 3233 2592 3290 ad
2618 3246 2858 3288 montem
2917 3232 3105 3287 Sinam
3160 3231 3500 3302 pervenisset
3552 3232 3753 3299 legazus

2184 3338 2339 3382 extra
2375 3327 2770 3382 monasterium
2799 3322 3078 3379 Orientem
3099 3338 3294 3378 versus
3334 3322 3505 3377 multa
3536 3333 3751 3376 exstru-

2184 3418 2263 3473 xit
2300 3418 2604 3483 domicilia,
2640 3416 2939 3487 eademque
2970 3431 3101 3470 arce
3128 3415 3511 3487 communivit,
3553 3415 3611 3467 in
3633 3417 3751 3482 qni-

2185 3512 2289 3567 bus
2311 3527 2499 3568 servos
2526 3512 2663 3566 istos
2693 3510 2977 3565 collocarit
3011 3525 3119 3579 quo
3149 3486 3540 3563 monasterium
3574 3522 3672 3561 cus
3700 3524 3751 3557 αι

2184 3605 2385 3664 dirent.
2418 3605 2672 3672 idenrlue
2704 3615 3030 3666 tuerentur;
3059 3602 3151 3670 qui
3173 3601 3328 3655 locus
3345 3601 3412 3653 ad
3447 3600 3552 3653 hoc
3585 3615 3750 3665 usque

2188 3706 2406 3769 tempus
2442 3698 2533 3749 Dir
2557 3700 2611 3749 ol
2638 3695 2800 3755 Abid.
2868 3710 2985 3756 seu,
3026 3694 3419 3745 monasterium
3472 3707 3752 3745 servorum

2188 3786 2515 3854 appellatur.
2568 3783 2703 3838 Cum
2742 3798 2867 3836 vero
2899 3783 3101 3851 genitis
3152 3783 3339 3835 liberis
3387 3781 3751 3852 multiplicati.

2188 3874 2389 3926 diu'ibi
2420 3874 2820 3935 substitissent,
2853 3888 2915 3926 ac
2972 3871 3566 3927 Hohammedanismus
3620 3876 3751 3925 aliti.

2188 3974 2341 4019 neret
2366 3966 2529 4034 (quod
2568 3966 2671 4019 sub
2722 3963 2933 4019 Chalil'a
2968 3964 3123 4018 Abdil
3159 3962 3332 4018 hiulei:
3380 3965 3496 4019 Ebn
3527 3963 3741 4019 Merum

2188 4057 2409 4128 accidit)
2443 4058 2533 4112 alii
2568 4060 2623 4112 in
2662 4058 2803 4112 alios
2839 4059 3111 4111 irruentes
3142 4058 3349 4111 mutuis
3384 4075 3443 4111 se
3508 4059 3751 4113 Cl’dlltlll

2188 4150 2557 4213 sustulerunt,
2591 4150 2753 4204 casis
2773 4150 2917 4213 aliis,
2944 4149 3070 4204 aliis
3097 4148 3457 4218 fugientibus,
3487 4150 3613 4205 aliis
3648 4151 3749 4204 In.

2194 4242 2725 4297 hammedanismum
2751 4243 3039 4312 att-plexis,
3060 4258 3292 4311 quorum
3330 4243 3486 4297 liberi
3510 4242 3578 4296 ad
3604 4244 3756 4315 168

2192 4335 2341 4387 hunc
2394 4348 2568 4401 usque
2597 4335 2740 4386 diem
2772 4334 2825 4387 in
2855 4335 3226 4395 monasteriis.
3267 4334 3416 4388 illam
3449 4337 3752 4406 religionem

2192 4424 2509 4492 proﬁtentes
2540 4423 2692 4478 Banu
2739 4422 2943 4489 Salelii,
2973 4426 3334 4495 appellantur,
3366 4436 3419 4480 et
3461 4429 3614 4496 pueri
3642 4426 3753 4498 (seu

441 4529 448 4535 -
516 4525 631 4581 tum
664 4511 729 4566 ad
766 4520 1003 4569 montem
1046 4514 1235 4567 Sinam
1293 4513 1573 4583 protectus
1603 4514 1675 4567 ibi
1711 4521 1911 4568 rubum
1938 4517 2085 4569 inrc-
2122 4536 2167 4590 υ
2194 4517 2336 4569 servi
2370 4514 2389 4588 ]
2448 4519 2765 4571 monasterii
2806 4517 3038 4570 audiunt
3070 4534 3085 4581 ;
3112 4528 3350 4585 suntque
3374 4534 3439 4572 ex
3488 4519 3628 4588 ipsis
3656 4518 3749 4573 La-

518 4605 599 4655 nit
658 4605 711 4656 in
751 4602 871 4657 loco
900 4604 1043 4658 inter
1068 4604 1205 4658 duos
1226 4614 1444 4659 montes
1473 4614 1728 4676 angusto,
1766 4606 2085 4675 ibidemque

519 4696 719 4749 turrim
743 4710 907 4766 prope
928 4698 1122 4750 rubum
1144 4705 1499 4762 exstructam,
1522 4714 1732 4753 necnon
1755 4700 1914 4773 166
1933 4716 2088 4768 aqua:

518 4789 695 4841 futiles
726 4800 892 4856 prope
922 4786 1171 4840 eumdem
1232 4788 1620 4852 scaturientes,
1675 4796 1729 4841 at
1790 4794 2089 4843 monachos

518 4896 609 4947 per
647 4879 813 4933 valles
845 4878 1144 4946 dispersos.
1200 4877 1256 4931 In
1282 4880 1469 4933 animo
1501 4894 1632 4948 ergo
1665 4878 1853 4933 halmit
1895 4895 2087 4935 mona-

516 4969 743 5025 sterimn
770 4983 934 5041 supra
969 4976 1208 5023 montem
1277 4979 1563 5026 exstruere
1622 4971 1811 5025 relicto
1856 4973 1977 5027 rubi
2034 4982 2089 5027 et

518 5062 685 5113 turris
719 5059 859 5113 loco.
880 5059 1035 5126 Quod
1067 5068 1246 5111 tamen
1284 5076 1475 5113 rursus
1500 5075 1656 5129 aqua:
1678 5062 1847 5131 gratia
1884 5064 2087 5130 impro-

517 5152 687 5213 bat-it,
713 5149 834 5203 ideo
865 5150 1011 5219 quod
1044 5150 1191 5203 nulla
1230 5160 1379 5204 esset
1408 5167 1571 5220 supra
1616 5164 1855 5206 montem
1922 5168 2087 5223 aqua.

520 5244 798 5299 .‘Aall'tllll
852 5258 981 5313 ergo
1042 5246 1434 5297 monasterium
1492 5246 1649 5312 juxta
1716 5246 1909 5298 ruhum
1964 5246 2089 5300 loco

518 5338 707 5402 turris,
741 5339 873 5391 turri
911 5338 963 5390 in
993 5336 1326 5390 monasterio
1359 5335 1592 5389 inclusa.
1630 5332 1862 5404 Fuitque
1893 5351 2087 5390 mona-

517 5430 740 5482 sterium
772 5429 909 5481 inter
938 5426 1075 5481 duos
1128 5436 1343 5480 montes
1393 5429 1516 5479 loco
1552 5436 1807 5495 angusto,
1836 5428 1972 5481 adeo
2029 5436 2088 5479 nt

518 5521 561 5571 ui
612 5520 734 5585 quis
768 5518 967 5573 montis
1000 5517 1275 5587 fastigium
1323 5516 1755 5586 septentrionale
1807 5531 2083 5573 conscen-

518 5622 649 5666 ifens
679 5612 1154 5681 lapidetnjaceret,
1193 5609 1245 5663 in
1306 5608 1547 5662 medium
1580 5609 1840 5663 decidens
1896 5625 2087 5663 mona-

516 5706 745 5757 sterium
773 5703 1049 5755 monachis
1080 5708 1317 5755 noceret.
1355 5697 1420 5752 Et
1457 5702 1846 5755 monasterium
1868 5702 2083 5768 quidem

517 5791 574 5843 tu
611 5790 733 5841 loco
764 5790 876 5842 isto
906 5797 1137 5859 angusto
1163 5786 1318 5853 juxta
1370 5788 1563 5840 ruhunt
1623 5799 1675 5842 et
1734 5801 2085 5845 monumenta

2191 4606 2529 4661 cltmtenses.
2582 4605 2876 4659 Diruerunt
2939 4616 3122 4660 autem
3181 4608 3435 4661 monachi
3490 4609 3751 4663 domicilia

2189 4712 2467 4750 servorum
2499 4707 2787 4767 postquam
2847 4696 3237 4775 Multammedia
3274 4698 3595 4768 religionem
3652 4717 3754 4753 ant-

2190 4790 2331 4858 ptexi
2361 4799 2487 4843 sunt
2514 4808 2578 4843 ue
2606 4793 2730 4859 quis
2759 4806 2823 4845 ea
2862 4793 3147 4857 incoleret,
3169 4805 3292 4862 qua:
3320 4806 3456 4861 ergo
3486 4804 3543 4846 et
3600 4792 3754 4847 hodie

2188 4880 2429 4934 desolata
2467 4894 2705 4936 manent.

2262 4971 2431 5029 Porro
2455 4991 2601 5029 anno
2652 4977 2863 5043 imperii
2909 4974 3207 5032 Iustiniani
3252 4978 3495 5033 secundo
3560 4980 3755 5033 consti-

2188 5072 2337 5118 tutus
2375 5076 2461 5119 est
2504 5064 2820 5121 Bonifacius
2876 5070 3187 5138 patriarcha
3216 5067 3549 5134 Romanus;
3610 5086 3755 5124 cuin-

2188 5174 2294 5226 que
2322 5158 2465 5212 duos
2494 5173 2670 5213 annos
2699 5159 2929 5214 sedisset
2958 5170 3205 5218 mortuus
3234 5175 3337 5218 est.
3385 5164 3547 5218 Anno
3587 5163 3756 5233 impe-

2192 5248 2256 5302 rii
2286 5249 2527 5317 ejusdem
2567 5261 2763 5320 quarto
2797 5254 3133 5308 constitutus
3164 5264 3250 5309 est
3288 5255 3492 5309 ibidem
3517 5257 3751 5325 patriar-

2188 5342 2293 5395 cha
2332 5338 2595 5405 Joannes,
2625 5345 2718 5412 qui
2747 5349 2803 5396 et
2834 5342 2972 5396 duos
3016 5358 3191 5399 annos
3218 5346 3383 5410 sedit,
3411 5345 3541 5399 dein
3610 5362 3746 5399 mor-

2189 5443 2317 5487 tuus
2347 5443 2452 5487 est.
2511 5433 2671 5487 Anno
2698 5432 2940 5503 ejusdem
2972 5444 3147 5495 sexto.
3192 5436 3370 5490 factus
3410 5446 3497 5490 est
3557 5437 3753 5491 ibidem

2192 5526 2494 5594 patriarcha
2522 5526 2816 5595 Agapetus,
2852 5528 2943 5594 qui
2980 5544 3104 5579 eum
3138 5544 3305 5581 unum
3331 5544 3535 5582 annum
3574 5529 3750 5583 sedis-

2191 5628 2273 5670 set
2329 5625 2579 5672 tnortuus
2608 5627 2712 5672 est.
2750 5620 2906 5671 Auno
2938 5620 3182 5687 ejusdem
3215 5622 3451 5689 septimo
3474 5622 3741 5673 constitu-

2191 5717 2279 5757 tus
2324 5717 2405 5760 est
2432 5709 2501 5761 ihi
2560 5708 2870 5777 patriarcha
2906 5709 3225 5777 Sylrerins;
3288 5727 3461 5763 annos
3520 5712 3749 5780 quinque

2190 5798 2348 5863 sedit,
2381 5799 2507 5853 dein
2534 5792 2779 5853 mortuus
2812 5814 2911 5855 est.
2950 5805 3104 5856 Anno
3130 5802 3373 5866 eiusdem
3413 5803 3627 5855 decimo
3656 5816 3748 5855 trr-
