3976 6168
304 297 437 359 1013

1717 304 1760 363 Α
1773 302 2101 367 NNALES.

3420 302 3561 368 10H

298 420 375 462 tm
427 411 762 466 constitutus
783 422 868 468 est
896 413 1099 469 ihidem
1133 412 1446 485 patriarcha
1474 411 1705 484 Vigilius
1733 430 1747 478 ;
1783 415 1875 484 qui
1906 414 1956 473 Α
1982 412 2055 467 lio
2078 411 2379 485 Eutyehius
2415 414 2723 483 patriarcha
2748 410 3411 481 Constantinopolitanus.
3456 412 3575 467 Non

295 505 599 558 or'wlrcim
636 520 811 560 annos
863 507 1029 571 sedit,
1069 506 1194 561 dein
1254 516 1508 561 mortuus
1562 517 1677 574 est;
1718 508 1879 577 cuius

298 596 630 662 puniretur-.12
692 615 836 654 anno
902 601 1116 655 decimo
1169 602 1361 668 quinto
1434 600 1535 654 l'uit
1588 601 1881 655 concilium

294 689 571 758 quintum.
631 692 791 745 Anno
818 692 1029 761 imperii
1062 692 1308 762 ejusdem
1362 690 1677 753 (JnSIiniani
1729 692 1880 746 scili-

294 784 425 845 cet.)
460 781 694 849 decium,
722 787 1058 840 constitutus
1094 794 1179 841 est
1208 785 1543 855 Epiphanius
1575 785 1796 856 patriart
1816 785 1885 840 ha

291 876 953 946 Coustantinnpolitanns,
990 879 1083 950 qui
1108 876 1356 934 Jacobita
1389 877 1529 931 fuit:
1566 877 1708 931 sedit
1764 897 1865 930 au-

293 982 397 1023 nos
428 984 545 1028 ses.
575 969 700 1023 dein
735 981 986 1024 mortuus
1031 980 1138 1025 est.
1190 968 1427 1038 Scripsit
1479 981 1663 1024 autem
1711 968 1886 1023 Justi-

292 1062 491 1116 nianua
542 1064 838 1131 imperator
900 1064 1195 1133 epistolam
1250 1078 1502 1133 magnam
1579 1078 1700 1132 qua:
1757 1064 1881 1131 jura

293 1154 469 1209 multa
501 1164 556 1210 et
588 1156 735 1225 leges
780 1157 1110 1211 contineret.
1154 1155 1314 1211 Anno
1370 1156 1581 1225 imperii
1638 1157 1883 1228 ejusdem

290 1246 513 1302 decium
570 1248 807 1317 septimo
859 1247 1039 1303 factus
1086 1256 1171 1302 est
1214 1248 1517 1318 Entyehius
1577 1250 1885 1317 patriarcha

291 1340 938 1411 Constantinopolitanns
973 1343 1109 1409 :qui
1149 1349 1439 1409 postquam
1476 1342 1765 1398 duodecim
1788 1357 1889 1396 an-

297 1449 399 1489 nos
455 1432 689 1488 sedisset
749 1434 804 1487 in
842 1430 1194 1506 169-171
1230 1434 1484 1489 exsilium
1523 1435 1725 1490 missus
1778 1442 1885 1490 est.

293 1528 455 1583 Anno
519 1518 869 1596 prtel’ertur:e
908 1529 1026 1597 ejus
1087 1530 1374 1585 undecimo
1429 1529 1535 1583 fuit
1578 1528 1880 1586 concilium

295 1619 577 1685 quintum.
616 1619 773 1673 Anno
806 1620 1020 1688 imperii
1082 1617 1379 1676 Iustiniani
1411 1622 1629 1675 decimo
1687 1630 1884 1689 quarto

294 1714 629 1767 constitutus
674 1721 761 1767 cst
812 1710 1087 1767 Macarius
1125 1714 1438 1785 patriarcha
1488 1713 1883 1785 Hierosolymi-

1994 506 2169 562 adfuit
2217 510 2435 578 quidem
2480 510 2793 579 patriarcha
2858 506 3413 577 llicrosolymitanns.
3482 510 3581 563 sed

1994 602 2286 671 deputatus
2324 620 2455 659 suos
2484 605 2653 659 misit.
2686 603 2765 658 Ita
2802 618 2903 657 nec
2956 601 3206 657 interluit
3269 600 3582 669 patriarcha

1995 695 2297 757 Romanus,
2327 712 2424 748 nec
2454 694 2558 749 fuit
2589 696 2695 764 ipsi
2719 696 3015 764 deputatus
3047 712 3063 762 ;
3098 709 3223 749 cum
3291 693 3426 762 ipsis
3497 707 3586 745 ta-

1994 800 2116 839 men
2167 787 2471 848 consensit,
2546 804 2846 858 eorumque
2900 789 3229 843 sententiam
3281 787 3563 855 amplexos

1991 889 2097 931 est.
2146 877 2494 949 173-175
2524 880 2756 948 Fuitqne
2788 895 3055 936 numerus
3079 879 3465 951 episcoporum
3487 879 3598 950 qui

1995 968 2048 1023 iu
2086 970 2189 1023 huc
2244 971 2478 1025 concilio
2509 972 2703 1040 quinto
2739 979 3117 1027 convenerunt
3166 980 3387 1027 centum
3423 986 3582 1026 seta.

1992 1060 2141 1129 ginta
2177 1073 2440 1131 quatuor,
2466 1079 2575 1133 quo
2614 1064 2668 1119 in
2689 1066 2980 1134 episcopos
3018 1066 3155 1121 istos
3182 1075 3237 1121 et
3265 1081 3459 1121 omnes
3484 1067 3578 1135 qui

2002 1153 2148 1208 idem
2202 1169 2327 1210 cum
2373 1157 2507 1222 ipsis
2540 1171 2864 1214 asserem-nt
2923 1160 3213 1215 anathema
3272 1161 3576 1215 dixerunt:

1991 1246 2226 1310 (scilicet
2286 1248 2339 1302 in
2399 1248 2688 1319 Origenem
2750 1252 3095 1321 episc0pum,
3137 1251 3579 1324 Manhago-usmr,

1995 1337 2329 1394 Thaddaenm
2353 1341 2675 1411 episcopum
2726 1342 3154 1407 Massisiensetn,
3182 1345 3328 1401 Ibam
3366 1348 3513 1415 cpise
3527 1371 3575 1398 σε

1995 1446 2122 1502 pum
2159 1432 2467 1489 liohensem
2500 1442 2558 1490 et
2582 1434 2974 1491 Theodoritum
3015 1438 3337 1506 episco;mm
3398 1441 3573 1510 Ant-y-

1992 1527 2231 1581 ritanum
2265 1542 2279 1580 :
2318 1534 2629 1582 astruentes
2670 1544 2872 1598 corpus
2910 1529 3115 1585 Christi
3152 1530 3367 1585 Domini
3395 1534 3574 1587 nostri

1995 1633 2185 1672 verum
2220 1618 2416 1681 fuisse.
2449 1635 2557 1675 non
2594 1622 3006 1690 phantasticum
3043 1640 3057 1689 ;
3104 1638 3337 1692 esseque
3405 1625 3584 1694 ipsum

1996 1708 2163 1764 Deum
2212 1712 2540 1781 perlectum,
2572 1723 2626 1767 et
2671 1714 2943 1767 hominem
3003 1715 3330 1783 perfectum,
3358 1714 3581 1767 naturis

295 1814 463 1861 tanus
494 1821 509 1868 ;
542 1806 634 1875 qui
670 1804 809 1860 duos
844 1818 1020 1861 annos
1083 1807 1249 1867 sedit,
1278 1806 1407 1861 dein
1465 1819 1719 1861 mortuus
1783 1816 1891 1862 est.
1924 1786 1967 1844 Β
1995 1802 2235 1869 duabus,
2302 1804 2687 1859 voluntatibus
2736 1804 2973 1866 duabus,
3028 1804 3263 1859 duorum
3320 1819 3581 1872 generum

300 1902 461 1953 Anno
500 1898 715 1964 imperii
762 1896 1012 1967 ejusdem
1050 1898 1264 1953 decimo
1304 1901 1543 1970 septimo
1582 1899 1765 1954 factus
1795 1907 1883 1955 est

299 1990 606 2064 Eutyehins
644 1990 953 2061 patriarcha
998 1991 1556 2065 llierosolyinitanus,
1616 1993 1707 2063 qui
1742 1990 1889 2047 duo-

297 2083 479 2138 decim
514 2097 689 2137 annos
717 2082 881 2144 sedit,
908 2082 1033 2136 dcin
1070 2092 1321 2137 mortuus
1368 2091 1455 2139 est
1491 2101 1504 2136 :
1543 2083 1706 2151 cujus
1752 2097 1895 2150 prte-

300 2175 527 2230 fecturze
552 2190 699 2229 anno
734 2175 1028 2230 undecimo
1076 2177 1181 2229 fuit
1250 2177 1546 2232 concilium
1610 2176 1890 2245 quintum.

297 2268 460 2325 Anno
492 2268 703 2336 imperii
764 2267 1016 2335 ejusdem
1072 2268 1290 2323 decimo
1336 2270 1530 2339 quinto
1583 2268 1762 2323 fartus
1812 2277 1896 2324 est

302 2360 549 2416 Domnns
605 2362 914 2429 patriarcha
950 2363 1329 2418 Antiuchenus
1351 2405 1366 2427 ,
1401 2361 1496 2431 qui
1554 2362 1891 2429 quatuorde-

297 2453 412 2508 cini
442 2469 619 2510 annos
682 2454 847 2519 sedit,
900 2455 1025 2507 dein
1064 2462 1317 2510 mortuus
1348 2465 1453 2508 est.
1519 2455 1650 2523 Fjus
1708 2452 1898 2524 praefe-

297 2558 473 2603 cturae
500 2562 644 2601 anno
685 2549 899 2601 det-imo
941 2549 1103 2602 tt-t‘lit)
1135 2548 1236 2603 fuit
1274 2547 1572 2602 concilium
1610 2548 1891 2617 quintum.

300 2642 479 2699 Porro
508 2654 754 2713 ten-pore
797 2644 1091 2701 Justiniani
1125 2647 1473 2716 imperatoris
1514 2648 1771 2715 apparuit
1836 2647 1891 2698 in

298 2740 446 2793 coelo
469 2739 625 2794 stella
654 2752 849 2809 magna
875 2756 997 2809 quae
1026 2741 1444 2804 qnatuordceitn
1478 2740 1599 2795 dies
1635 2738 1891 2793 duravit:

300 2847 367 2886 ac
398 2840 585 2902 postea
618 2834 871 2900 apparuit
905 2833 959 2886 in
994 2834 1134 2887 coelo
1189 2836 1344 2887 hasta
1379 2835 1537 2904 ignea
1591 2849 1713 2902 qua:
1771 2833 1894 2886 dies

302 2923 511 2991 aliquot
569 2924 794 2979 mansit.
848 2924 972 2979 Fuit
1038 2926 1204 2980 etiam
1267 2935 1514 2996 tempore
1592 2925 1892 2981 Justiniaui

300 3014 565 3083 Origenes
592 3019 885 3088 episcopus
927 3018 1310 3088 Manhagensis
1335 3019 1427 3089 qul
1456 3019 1899 3092 mctcmpsyrhu-

1993 1895 2329 1960 actionibus,
2361 1907 2418 1950 at
2450 1911 2683 1965 persona
2723 1912 2830 1951 una
2863 1898 3132 1968 agnitum.
3168 1896 3583 1954 Conlirmarunt

1995 1990 2163 2045 etiam
2216 1991 2543 2045 sententiam
2592 2000 2831 2061 quatuor
2871 1991 3235 2046 conciliorum
3264 1991 3585 2063 praeceden-

1993 2081 2153 2144 tium,
2206 2097 2441 2152 esseque
2488 2081 2752 2136 mundum
2785 2083 2931 2137 hunc
2980 2084 3268 2150 caducum,
3315 2094 3371 2139 et
3397 2100 3583 2139 resur-

1993 2174 2295 2229 rectionem
2336 2175 2650 2229 neccssariu
2707 2174 2972 2237 futuram,
3025 2185 3429 2248 venturumque
3483 2179 3585 2230 lte-

1996 2266 2211 2322 tninutn
2244 2274 2492 2321 nostrum
2538 2267 2823 2321 Christum
2881 2283 3006 2323 cum
3041 2270 3212 2337 gloria
3251 2287 3469 2339 magna,
3530 2280 3586 2324 et

1992 2360 2369 2426 indicaturum
2391 2359 2545 2413 virus
2574 2368 2627 2413 et
2656 2370 2904 2414 mortuos
2934 2363 3396 2427 quemadmodum
3435 2365 3581 2417 alitr-

1999 2459 2219 2507 marunt
2247 2451 2480 2507 trecenti
2514 2451 2818 2505 octodecim
2876 2451 3118 2522 {Patresl
3168 2454 3301 2508 Dein
3330 2458 3584 2511 itttttnt'z'tli

2000 2551 2305 2607 redierunt.

2065 2640 2184 2698 1am
2218 2658 2249 2697 a
2281 2643 2520 2697 concilio
2558 2653 2755 2711 quarto
2788 2650 3174 2698 sescentorum
3214 2644 3433 2713 triginta
3480 2659 3578 2697 eo-

2002 2752 2121 2790 rum
2157 2736 2251 2803 qui
2294 2736 2632 2791 Chalcedoni
2665 2745 3063 2797 convenerunt,
3099 2751 3162 2789 ac
3203 2738 3493 2789 anathema
3532 2736 3586 2791 itt

1995 2826 2279 2884 Jacobitas
2325 2829 2744 2887 denuntiarunt.
2790 2828 2855 2879 ad
2902 2828 3198 2882 concilium
3247 2826 3393 2880 istud
3430 2828 3589 2897 quin-

1998 2931 2113 2977 tum
2166 2931 2385 2977 centum
2433 2922 2712 2990 sexaginta
2761 2931 3000 2989 quatuor
3039 2920 3446 2989 cpismportttu.
3496 2922 3587 2981 qui

1996 3013 2477 3083 Constantinopoli
2505 3014 2905 3076 Com-onerum.
2936 3012 3062 3066 anni
3105 3024 3236 3066 sunt
3267 3025 3488 3067 rentum
3527 3027 3583 3065 υι

302 3107 394 3164 sin
416 3109 676 3173 asseruit,
699 3112 1158 3167 resurrectionem
1184 3128 1408 3182 negans.
1445 3111 1693 3167 Fuerunt
1717 3114 1888 3168 etiam
1923 3143 1968 3202 ο
2001 3115 2152 3170 tres:
2194 3105 2405 3176 fuitque
2446 3104 2548 3159 hoc
2584 3120 2731 3159 ειιιηο
2765 3105 2975 3175 imperii
3011 3104 3313 3159 Ῐιιειῖηῖδιιί
3352 3106 3589 3174 ῖιιιΡι“¹’³⁶

307 3197 433 3255 Itas
464 3200 755 3269 episcopus
785 3198 1082 3268 Rohcnsis,
1109 3202 1410 3258 Thaddaeus
1429 3204 1721 3274 cpiscopus
1760 3203 1898 3258 llas-

306 3292 558 3358 sisensis,
616 3302 671 3345 et
723 3291 1096 3350 Thcodnritus
1167 3297 1464 3366 episcopus
1540 3297 1897 3368 Ancyrensis,

303 3384 405 3453 qui
464 3394 825 3440 asserncrnnt
876 3402 1082 3457 corpus
1137 3388 1350 3441 Domini
1423 3390 1598 3441 nostri
1660 3386 1893 3451 Christi,

308 3478 718 3545 phantasticum
770 3479 963 3542 fuisse,
999 3481 1133 3534 nihil
1179 3482 1232 3533 in
1263 3496 1322 3535 se
1352 3482 1465 3535 veri
1505 3480 1738 3535 habens:
1765 3495 1899 3550 quo-

309 3586 433 3625 rum
504 3572 779 3627 sententia
843 3573 1052 3630 audita.
1112 3573 1333 3626 mittens
1408 3574 1705 3641 imperator
1749 3556 1899 3643 ip'sos

306 3660 849 3729 Constantinopolim
880 3663 1188 3729 accersit-it,
1231 3662 1368 3731 ipsis
1396 3678 1461 3717 ac
1498 3663 1763 3735 Eutychio
1800 3681 1899 3733 pat-

311 3750 550 3805 triarcba
565 3750 1169 3821 Constantinopolitano
1182 3754 1474 3808 conveniri-
1488 3754 1677 3821 jussis.
1692 3754 1899 3821 Quibus

315 3844 477 3915 172
502 3843 833 3915 patriarcha,
864 3844 919 3899 Si
974 3842 1140 3899 fuerit
1176 3845 1398 3915 (inquit)
1447 3860 1651 3915 corpus
1690 3845 1897 3904 Christi

314 3938 626 4005 phantasia,
652 3938 749 4005 (uti
781 3940 1087 3993 autumatis
1126 3938 1267 4006 vos.)
1303 3947 1469 3993 erunt
1504 3940 1671 3994 etiam
1707 3940 1886 3995 actin-

315 4044 416 4083 nea
444 4037 501 4083 et
524 4044 706 4084 sermo
736 4030 911 4099 ipsius
954 4030 1267 4099 phantasia,
1310 4045 1375 4084 ac
1405 4032 1637 4099 proinde
1665 4032 1900 4101 quodvis

313 4133 521 4190 corpus
535 4121 677 4189 quod
695 4119 860 4175 alieni
891 4120 1173 4176 hominum
1197 4120 1511 4187 tribuimus,
1548 4130 1640 4175 aut
1666 4121 1897 4189 factum,

315 4221 412 4267 aut
444 4211 677 4275 dictum,
706 4212 905 4267 eodem
942 4211 1107 4267 modo
1139 4227 1198 4266 se
1236 4212 1481 4269 habebit.
1556 4212 1699 4266 Dixit
1734 4212 1898 4268 rtia-u

316 4303 577 4373 episcopo
615 4302 1015 4374 Hanbagensi:
1075 4302 1327 4358 Surrexit
1397 4302 1665 4359 Dominus
1716 4314 1901 4361 noster

315 4392 576 4449 Christus
631 4410 660 4447 a
707 4396 963 4459 mortuis,
1016 4395 1320 4464 eodemque
1367 4396 1533 4449 modo
1564 4398 1777 4449 scimus
1805 4397 1896 4450 die

2004 3198 2138 3254 toris
2173 3197 2553 3254 Romanorum
2585 3199 2849 3253 vicesimo
2892 3199 3152 3268 septimo.
3183 3196 3341 3264 Quod
3385 3198 3451 3251 ad
3478 3197 3588 3251 Ko-

2003 3293 2197 3347 liadent
2255 3290 2480 3346 Phirnzi
2550 3292 2721 3345 tilium
2784 3289 3077 3347 Persarum
3134 3307 3357 3361 regem,
3411 3292 3587 3359 ipsum

2002 3384 2238 3437 aversati
2276 3384 2527 3437 homines
2553 3398 2583 3437 e
2616 3383 2795 3437 medio
2825 3384 3013 3437 tollere
3048 3384 3398 3447 studui-runt,
3434 3382 3593 3453 1'76

2000 3474 2109 3530 nisi
2145 3475 2292 3545 quod
2324 3489 2354 3529 a
2395 3474 2605 3529 vicario
2634 3475 2808 3543 ipsius
2837 3473 3121 3529 Soaehcro
3161 3474 3440 3529 timerent.
3472 3473 3590 3526 Non

2000 3568 2331 3621 destiterunt
2360 3581 2493 3635 ergo
2525 3567 2703 3634 ipsum
2731 3579 2925 3619 contra
2959 3566 3224 3619 vicarium
3268 3581 3425 3616 suum
3459 3565 3592 3617 Soac

2000 3660 2233 3714 cherum
2288 3659 2417 3714 dolo
2477 3659 2710 3714 incitare
2763 3659 2937 3713 donec
2985 3660 3164 3729 ipsum
3221 3659 3593 3724 interliccrrt;

2000 3766 2163 3820 quem
2191 3751 2283 3807 tthi
2314 3751 2710 3818 interfecisset,
2728 3768 3018 3822 aggressus
3050 3753 3225 3821 ipsum
3252 3752 3471 3821 quidam
3497 3767 3594 3807 no-

2004 3839 2151 3895 mine
2193 3839 2417 3897 Mazdck
2446 3857 2571 3895 cum
2611 3844 2781 3897 sociis
2826 3844 2969 3905 suis,
3015 3841 3154 3897 dixit
3189 3842 3288 3910 ipsi
3332 3861 3345 3897 :
3378 3840 3594 3896 Constio

2004 3932 2108 3987 tuit
2163 3932 2306 3988 Dens
2353 3932 2689 4007 [hominum]
2732 3933 2981 3992 dimensa
3024 3935 3077 3989 in
3122 3945 3265 3989 terra
3319 3946 3374 3989 ut
3425 3945 3479 3988 tu
3532 3951 3591 3988 ea

2000 4025 2287 4093 aequaliter
2338 4025 2479 4095 ipsis
2538 4025 2879 4091 distrilmas,
2932 4041 3001 4083 ne
3059 4026 3131 4081 sit
3182 4027 3418 4096 ('tiipiattt
3472 4028 3593 4094 plus

2001 4132 2168 4185 quant
2225 4117 2436 4185 alteri;
2496 4133 2688 4174 verum
2750 4118 3004 4173 homines
3075 4119 3272 4188 injuria
3337 4122 3477 4173 inter
3536 4138 3596 4176 se

2005 4217 2197 4279 agunt.
2248 4224 2581 4280 unoquoque
2627 4225 2687 4266 se
2736 4210 2893 4265 fratri
2944 4225 3044 4266 suo
3079 4212 3452 4280 prcit-rente:
3495 4229 3594 4269 nos

2002 4314 2139 4373 ergo
2162 4300 2269 4356 hac
2310 4301 2379 4356 de
2423 4315 2483 4358 re
2516 4301 2896 4370 dispicientes,
2931 4304 3269 4373 pauperibus
3304 4302 3592 4377 [drhitalu

2004 4391 2271 4447 divitibus
2323 4394 2691 4464 accipiemus,
2724 4404 2779 4450 et
2828 4394 2898 4450 ab
2948 4396 3016 4450 iis
3066 4397 3265 4465 quibus
3301 4398 3423 4467 plus
3462 4400 3595 4454 satis

317 4482 506 4552 indicii
540 4483 790 4539 homines
845 4495 1284 4541 resurrecturus.
1324 4485 1473 4542 Dixit
1526 4486 1676 4540 enim
1735 4487 1898 4541 nobis
1927 4494 2089 4555 Dest
2131 4483 2455 4559 {detracta}
2503 4486 2877 4559 indigentibus
2927 4489 3261 4555 reddemus;
3314 4504 3367 4546 ct
3419 4493 3464 4546 si
3505 4495 3592 4546 cui

319 4581 374 4633 in
433 4577 728 4648 Evangelia
799 4592 903 4634 suo
947 4588 1186 4633 sancto:
1251 4578 1443 4634 Veniet
1500 4581 1633 4634 bora
1678 4581 1900 4650 quando

320 4686 512 4727 omnes
538 4670 634 4741 qui
667 4679 797 4726 sunt
837 4672 891 4725 in
942 4670 1209 4740 sepulcris
1265 4671 1551 4728 audientes
1583 4688 1775 4728 vocem
1808 4672 1902 4728 Fi-

318 4764 374 4819 lii
419 4760 514 4818 Dei
550 4762 748 4820 ricturi
779 4763 909 4818 sint.
933 4760 1223 4828 Quomodo
1260 4778 1392 4830 ergo
1421 4762 1610 4819 dicitis
1643 4779 1751 4818 non
1813 4763 1902 4818 fu-

320 4869 499 4911 turam
550 4853 1054 4910 resurrectionem?
1103 4852 1286 4921 Quare
1316 4856 1466 4919 ipsos
1518 4857 1901 4911 excommuni-

318 4948 463 5006 carit
508 4957 560 5003 et
590 4947 943 5003 anathemate
978 4947 1219 5004 devovit.
1260 4947 1439 5004 Iussit
1465 4950 1632 5005 etiam
1668 4950 1906 5020 impera-

316 5055 402 5095 tur
467 5040 634 5095 indici
682 5041 817 5106 ipsis
867 5041 1193 5101 concilium,
1261 5041 1314 5095 in
1384 5056 1496 5111 quo
1549 5043 1906 5098 anathemate

316 5133 636 5190 ferirentur.
700 5130 933 5205 Scriptis
990 5148 1122 5204 ergo
1147 5133 1214 5187 ad
1268 5142 1508 5202 quatuor
1562 5135 1907 5202 patriarchas

319 5222 521 5278 litteris
558 5237 653 5277 eos
684 5223 980 5278 convenire
1006 5223 1207 5292 jussit;
1264 5223 1518 5278 videlicet
1564 5223 1632 5277 ad
1702 5226 1907 5296 Apolli-

324 5314 537 5369 narium
569 5314 936 5386 patriarcltatn
984 5315 1443 5379 Alexandrinum,
1483 5315 1751 5371 Domuum
1807 5333 1904 5386 pa-

326 5409 623 5463 triarcham
655 5407 1089 5466 Antiochcuum,
1134 5405 1464 5478 Eutychium
1527 5411 1900 5477 patriarcham

327 5500 905 5570 llicrosnlytnitanum,
953 5508 1007 5552 et
1074 5498 1328 5567 Vigilinm
1374 5500 1746 5569 patriarcham
1797 5501 1905 5557 lto-

329 5611 547 5648 manum
577 5610 592 5658 ;
619 5602 679 5646 ut
721 5591 1263 5662 Constantinopolim
1293 5592 1644 5655 accedo-rent,
1678 5594 1772 5662 qui
1817 5595 1896 5648 is-

329 5694 509 5740 torunt
561 5684 949 5754 episcoporum
1002 5683 1556 5739 anathematizationl
1622 5685 1902 5741 adessent.

331 5779 431 5844 Qui
479 5792 611 5848 ergo
662 5783 1034 5833 accesserunt.
1069 5774 1324 5831 interfuit
1350 5779 1515 5830 etiam
1544 5777 1670 5832 huic
1706 5778 1903 5833 cont-i-

2011 4578 2135 4648 plus
2163 4593 2328 4649 quam
2377 4594 2476 4650 par
2507 4590 2595 4635 est
2639 4581 2806 4637 fuerit
2840 4597 3027 4653 opum,
3066 4586 3377 4648 mulierum,
3410 4602 3597 4641 servo-

2011 4686 2156 4735 runt,
2212 4681 2268 4726 et
2314 4672 2700 4742 supellectilis,
2757 4675 2888 4729 illud
2957 4677 3059 4747 ipsi
3106 4678 3424 4747 eripiemns,
3485 4695 3597 4748 quo

2011 4762 2191 4832 ipsum
2237 4772 2294 4820 et
2342 4764 2479 4819 alios
2533 4766 2676 4820 inter
2706 4781 2767 4821 se
2800 4782 2961 4836 pares
3006 4766 3295 4831 faciamus.
3329 4785 3429 4824 nec
3470 4772 3595 4840 quis

2013 4871 2125 4927 pra
2169 4856 2293 4912 aliis
2340 4858 2408 4910 ad
2459 4872 2574 4914 rem
2620 4856 2861 4927 aliquam
2892 4859 2986 4930 jus
3034 4860 3253 4915 haheat.
3300 4861 3597 4930 Coeperunt

2012 4950 2181 5022 igitur
2219 4950 2501 5005 hominum
2539 4950 2754 5016 domos,
2782 4954 3037 5007 mulieres
3066 4962 3123 5007 et
3152 4969 3282 5022 opes
3314 4954 3592 5012 iuradrrr.

2010 5042 2261 5112 Cumque
2313 5042 2699 5108 invaluissent,
2727 5042 2985 5101 Kobadcn
3024 5042 3244 5099 Phiruzi
3283 5046 3450 5101 lilium
3474 5049 3593 5102 lucu

2013 5133 2251 5205 quodam
2289 5133 2636 5189 includentcs
2671 5137 2760 5189 ubi
2807 5137 3009 5190 nemini
3062 5137 3239 5206 ipsum
3288 5136 3439 5193 adire
3471 5158 3593 5209 per-

2015 5225 2269 5286 missum,
2295 5226 2587 5295 quemdam
2631 5227 2852 5283 nomine
2879 5225 3161 5297 R'atnasph
3209 5230 3383 5299 ipsius
3427 5246 3595 5287 avun-

2014 5316 2200 5370 culum
2242 5317 2294 5369 in
2343 5316 2521 5371 locum
2574 5317 2695 5384 ejus
2727 5316 3084 5373 sulIecerunt.
3134 5317 3253 5385 Quo
3298 5334 3597 5391 conspectu

2014 5407 2163 5477 ipsos
2207 5410 2432 5464 adortus
2481 5409 2816 5465 Bazarmahr
2863 5426 2985 5466 cum
3037 5413 3244 5480 aliquot
3298 5414 3588 5469 Persarum

2014 5502 2318 5565 nobilibus,
2363 5501 2549 5558 multis
2585 5518 2617 5554 e
2647 5501 2888 5557 Maztlcki
2924 5505 3219 5559 comitilms
3271 5508 3593 5568 interfrclts.

2015 5593 2268 5647 Kuliaden
2307 5592 2527 5646 Phiruzi
2583 5594 2753 5647 lilium
2791 5595 2912 5649 loco
2968 5613 3250 5665 regnoque
3298 5613 3401 5650 suo
3435 5602 3594 5653 resti-

2016 5689 2141 5740 tttit.
2176 5686 2353 5755 cjt-cto
2382 5686 2706 5752 Rantaspho.
2745 5687 2805 5739 At
2844 5702 2947 5739 non
2998 5688 3328 5742 destiterunt
3373 5693 3466 5759 qui
3504 5706 3564 5745 stt

2016 5788 2269 5845 poterant
2312 5792 2339 5833 c
2380 5774 2747 5831 Mazdckianis
2795 5776 3049 5834 Koliznlcn
3093 5780 3368 5845 pt-llicrt‘c,
3411 5782 3591 5835 donec:
