3980 6152
442 228 579 291 1075

1468 230 1833 293 EUTYCHII
1872 230 2310 294 ALEXAND!“
2326 234 2402 293 Ni
2440 234 2657 297 PATR.

3556 225 3692 294 10Τῖ

436 341 609 397 Bazar
655 339 900 397 Ilahrnm
934 354 1110 397 morte
1152 345 1395 401 ιιιυιιαςετ
1418 354 1457 402 ι.
1498 346 1630 402 inde
1673 358 2009 404 commotum
2042 364 2082 415 Α
2116 348 2374 404 tioehiam
2406 350 2771 417 discrepantia
2802 354 2945 401 esset
2979 363 3101 419 qum
3130 347 3291 404 oculo
3319 348 3525 417 percipi
3564 364 3684 417 ρος-
3716 392 3719 397 γ

433 444 511 484 cst
554 442 745 487 contra
799 432 1161 505 177-179
1199 437 1379 508 ipsum
1437 454 1663 510 regnum
1713 442 1907 512 ipsius.
1956 453 2011 499 et

434 521 756 590 prodierunt
786 525 877 594 qui
917 526 1270 583 rebellionem
1308 531 1672 590 concitarent.
1715 533 1850 590 Cum
1880 552 2012 608 ergo

431 616 641 671 videret
672 633 782 685 quo
834 620 1206 686 pervenissent
1246 638 1334 680 res
1377 640 1512 689 sua,
1566 630 1888 697 ptcnitcntia
1939 630 2011 686 oh

430 703 768 763 Soacherem
808 711 1015 781 illiiqne
1051 713 1223 781 ipsius
1262 717 1463 772 caedem
1500 720 1700 777 ductus
1734 732 1839 777 cst.
1876 721 2008 778 Dein

433 812 684 858 mortuus
705 814 787 857 est
812 802 1083 871 Kohades.
1108 823 1231 864 cum
1258 822 1400 865 esset
1428 820 1603 870 totum
1626 828 1740 887 quo
1765 816 2010 885 regnavit

432 894 694 963 spatium,
728 912 836 953 una
870 913 995 954 cum
1026 901 1189 965 annis
1221 903 1421 972 quibus
1464 920 1692 977 regnum
1721 912 2009 981 occupavit

434 984 732 1059 ltamasph,
778 1004 1049 1048 annorum
1097 994 1457 1065 quadraginta
1495 999 1687 1055 trium.
1728 1000 2009 1060 Successit

431 1076 533 1147 ipsi
564 1079 709 1136 illius
743 1081 919 1149 ipsius
953 1085 1120 1142 (ἔθει-ει
1152 1087 1392 1145 Kohadis
1432 1091 1577 1147 Illius
1606 1092 1750 1150 idem
1779 1096 1873 1165 qui
1911 1109 2006 1167 ap-

430 1169 663 1237 pellatus
711 1184 796 1228 est
833 1176 1000 1231 etiam
1046 1179 1428 1237 Anushcrwan
1460 1199 1477 1246 ;
1514 1186 1611 1255 qui
1660 1199 1838 1242 annos
1870 1200 2007 1259 qua-

429 1262 680 1333 draginta
722 1279 930 1339 septem
980 1281 1035 1327 et
1078 1288 1175 1330 sex
1235 1291 1451 1333 menses
1502 1278 1789 1348 regnavit;
1843 1280 2008 1351 idque

429 1372 573 1413 anno
620 1360 831 1431 imperii
878 1364 1172 1423 Justiniaui
1233 1368 1603 1427 Romanorum
1653 1374 2003 1444 imperatori;

429 1461 647 1517 quarto.
688 1452 856 1511 Cesra
908 1469 1092 1515 autem
1140 1460 1620 1517 Mazdekianurum
1666 1465 2004 1536 principibus

429 1558 599 1614 regno
629 1561 730 1600 suo
780 1550 974 1619 pulsis.
1017 1566 1151 1620 opes
1196 1568 1337 1622 quas
1377 1554 1427 1610 vi
1472 1555 1813 1626 eripuerant,
1857 1560 2005 1612 acci-

427 1638 583 1705 piens
620 1638 860 1695 dominis
894 1643 1131 1698 reddidit
1160 1660 1177 1711 ;
1217 1653 1274 1703 et
1317 1645 1364 1701 si
1394 1646 1635 1715 cuipiam
1676 1663 1783 1703 non
1810 1663 2003 1718 super-

2112 454 2196 498 sct
2242 459 2256 496 :
2313 441 2493 510 qualis
2540 441 2632 496 ubi
2691 448 2971 503 “structa
3017 450 3163 495 esset
3212 438 3383 508 ipsam
3435 440 3685 494 [iamiam

2112 533 2428 606 appellavit,
2462 548 2638 604 eoque
2679 532 2988 589 Antiochia:
3025 532 3237 587 incolas
3276 530 3582 595 transtulit,
3618 532 3689 598 ad_

2110 642 2230 682 eam
2277 626 2643 697 incoleudam.
2688 625 2789 693 Qui
2826 625 2916 681 ubi
2966 624 3034 680 ad
3084 626 3261 695 ipsam
3304 626 3726 695 pervenit-uter

2112 721 2262 775 urhis
2296 728 2510 788 portam
2545 718 2779 788 ingrcssi
2809 725 3019 779 essent.
3048 717 3307 773 abierunt
3338 716 3568 784 singulae
3602 716 3681 768 σει-

2111 810 2275 865 milia:
2312 810 2369 864 in
2402 809 2548 865 ades
2579 810 2696 864 suis
2721 807 2948 872 similes,
2984 824 3049 864 ac
3085 808 3131 864 si
3162 807 3449 863 Antiochia
3477 806 3683 876 egressi

2112 901 2164 955 in
2197 903 2447 958 eamdem
2481 900 2684 957 reversi
2712 908 2921 956 essem.

2183 994 2354 1050 Ρωτο
2379 1009 2526 1049 anno
2565 991 2776 1064 imperii
2816 988 3116 1049 Iustiniani
3169 987 3546 1046 Romanorum
3584 987 3687 1041 itu-

2108 1101 2223 1158 per.
2257 1085 2534 1143 tricesimo
2563 1086 2741 1157 primo
2758 1086 3093 1141 constitutus
3141 1094 3226 1138 est
3277 1082 3538 1152 Pelagius
3592 1094 3687 1147 pa-

2108 1179 2345 1234 triareha
2390 1176 2693 1241 Romanus.
2724 1179 2819 1247 qui
2866 1193 2992 1233 cum
3026 1188 3261 1247 quatuor
3300 1189 3479 1230 annos
3516 1174 3687 1228 sedis»

2107 1279 2189 1326 sct
2229 1280 2480 1326 mortuus
2506 1280 2613 1327 eat.
2653 1272 2813 1325 Auno
2852 1270 3071 1340 imperii
3114 1270 3364 1339 ejusdem
3408 1266 3687 1320 tricesimo

2105 1363 2299 1434 quinto
2316 1363 2651 1419 constitutus
2668 1372 2752 1416 est
2777 1360 3016 1418 Joannes
3042 1362 3356 1432 patriarcha
3381 1359 3683 1414 Roruanus.

2103 1455 2394 1513 duodecim
2413 1471 2588 1511 annos
2617 1457 2778 1518 sedit,
2815 1457 2938 1510 dein
2970 1465 3223 1510 mortuus
3253 1460 3358 1508 est.
3386 1457 3551 1507 Auno
3577 1454 3669 1504 im-

2105 1550 2241 1619 perii
2295 1535 2470 1617 ipsius
2519 1548 2800 1603 tricesimo
2844 1548 3179 1602 coristitutus
3211 1555 3303 1601 est
3358 1545 3685 1599 Anastasius

2105 1656 2337 1712 magnus
2371 1642 2681 1711 patriarcha
2715 1641 3115 1702 Antiochenus.
3153 1639 3249 1711 qui
3285 1653 3411 1693 cum
3442 1653 3539 1693 ses
3589 1651 3684 1689 an-

429 1737 569 1782 asst-t
609 1730 783 1788 haeres
828 1732 939 1805 [cui
967 1737 1347 1810 redderentur]
1383 1754 1479 1795 eas
1503 1743 1647 1810 apud
1677 1758 1736 1797 se
1764 1742 1998 1798 detinuit
2031 1744 2075 1802 Β
2103 1749 2202 1788 nos
2234 1734 2469 1789 sedisset
2512 1734 2582 1788 ah
2615 1733 2973 1788 Antiochenis
3003 1733 3180 1802 stupri
3238 1740 3534 1785 accusatus
3572 1741 3677 1782 est.

428 1821 487 1873 ad
540 1825 899 1891 reparandum
945 1830 1090 1896 quod
1144 1840 1490 1900 corruptum,
1522 1842 1578 1887 et
1625 1834 2005 1891 admirandum

428 1915 567 1979 quod
621 1917 862 1974 dirutum
915 1920 1113 1978 fuerat.
1166 1923 1233 1980 Et
1284 1925 1332 1981 si
1368 1926 1457 1982 cui
1499 1928 1547 1981 vi
1602 1928 1780 1983 ablata
1828 1929 2007 1985 fuerat

428 2008 644 2068 itoinus.
679 2012 761 2066 vel
800 2028 951 2083 ager.
1006 2030 1067 2071 re
1119 2029 1408 2089 perspecta
1452 2034 1516 2074 ea
1571 2022 1675 2092 ipsi
1722 2023 2003 2089 restituit;

426 2112 483 2153 ac
528 2102 578 2156 si
608 2104 735 2172 quis
767 2105 1053 2164 mulierem
1085 2109 1193 2164 sibi
1235 2110 1288 2165 vi
1318 2123 1568 2181 ceperat,
1614 2114 1863 2173 eamdem
1900 2117 2003 2183 ipsi

426 2191 683 2251 intercus
719 2198 906 2254 dotem
953 2218 1082 2265 una,
1126 2203 1296 2274 duplo
1337 2205 1469 2261 dote
1511 2209 1686 2278 ipsius
1716 2210 2005 2278 majori-in,

426 2288 679 2355 mmpsit.
718 2290 822 2345 nisi
847 2307 975 2349 cum
1010 2294 1061 2350 ei
1093 2310 1190 2364 par
1226 2308 1394 2362 esset,
1425 2316 1661 2370 eamque
1699 2305 1768 2356 ab
1798 2303 1918 2371 ipso
1951 2306 2004 2355 in

425 2384 948 2463 uxorem‘obtineret
973 2405 987 2442 :
1014 2391 1165 2459 quod
1196 2391 1242 2445 si
1266 2395 1316 2448 ei
1353 2399 1588 2449 maritus
1608 2404 1777 2460 esset,
1810 2397 2007 2448 Illarilo

425 2470 569 2526 dotis
617 2484 850 2540 tantum.
893 2488 1187 2547 quantum,
1225 2498 1349 2538 cum
1397 2501 1518 2539 eam
1572 2489 1748 2556 primo
1778 2488 2006 2543 duceret

426 2577 733 2634 acceperat.
767 2570 919 2622 dedit
947 2587 962 2635 ;
997 2588 1232 2645 eantque
1269 2578 1523 2640 maritus,
1559 2578 1604 2632 si
1645 2594 1708 2633 ea
1738 2580 1838 2648 ipsi
1866 2595 2007 2646 opus

424 2670 590 2722 esset,
629 2664 733 2714 sibi
782 2662 993 2718 habuit.
1032 2664 1162 2723 Illud
1212 2679 1397 2725 autem
1433 2673 1576 2740 quod
1622 2673 1799 2740 ipsum
1840 2674 2008 2728 movit

431 2758 726 2818 llilt‘laailttlb
764 2757 1091 2825 supplicium
1139 2762 1207 2817 iis
1250 2763 1343 2833 qui
1376 2765 1583 2819 nefaria
1615 2767 2007 2821 commiserant

423 2843 671 2907 inlcrr-t,
714 2846 839 2912 luit,
880 2850 1025 2919 quod
1069 2855 1256 2922 pepuli
1307 2854 1470 2925 180
1516 2870 1706 2911 curam
1761 2858 2002 2921 haberet,

424 2949 579 3001 quem
602 2940 819 3006 penitus
847 2942 1074 3009 perdere
1110 2946 1307 3001 noluit.
1340 2944 1511 3002 .Inssit
1534 2947 1702 3001 etiam
1726 2954 2001 3002 numerari

422 3027 620 3084 liberos
640 3033 1097 3099 patrumfamilias
1135 3048 1187 3092 et
1212 3038 1474 3093 nobilium
1506 3041 1619 3107 qui.
1651 3055 1775 3094 eum
1810 3045 2003 3109 periis-

423 3128 541 3174 scnt
555 3122 646 3191 qui
669 3140 857 3177 eorum
888 3140 1076 3181 curam
1112 3143 1304 3199 gerere
1339 3130 1624 3195 deberent,
1657 3135 1721 3185 ad
1756 3132 1996 3202 inopiam

423 3210 628 3266 redacti
660 3224 811 3278 siml,
848 3225 904 3272 et
936 3217 988 3271 in
1026 3220 1268 3291 ipsorum
1299 3223 1579 3287 orphanos
1613 3223 1705 3290 qui
1742 3238 1998 3292 superes-

421 3315 543 3360 sent
572 3316 624 3358 et
678 3312 867 3364 tiuluas
918 3308 1197 3383 [inquiri],
1236 3312 1485 3383 ipsisque
1536 3319 1680 3384 quod
1725 3315 1992 3371 suﬁiceret

421 3396 777 3465 suppeditari,
832 3417 930 3455 nec
973 3418 1083 3457 non
1118 3404 1342 3458 edoceri
1386 3407 1530 3460 ﬁlios
1570 3408 1811 3475 ipsorum
1848 3420 1998 3462 artes

418 3488 615 3555 quibus
659 3488 835 3544 idonei
874 3502 1081 3555 essent,
1114 3492 1256 3547 ﬁlias
1302 3502 1485 3549 autem
1533 3497 1767 3559 paribus
1817 3497 1933 3551 suis
1965 3512 1997 3549 e

419 3578 712 3635 ditioribus
743 3594 970 3647 nuptum
998 3583 1135 3639 dari.
1161 3583 1334 3642 Jussit
1357 3589 1523 3641 etiam
1562 3588 1765 3656 inquiri
1795 3588 1849 3642 in
1876 3590 1993 3643 loca

418 3680 469 3731 et
511 3673 710 3743 praedia
772 3691 1007 3745 quorum
1061 3675 1275 3732 Domini
1329 3693 1455 3732 cum
1504 3680 1772 3735 tenuioris
1829 3680 1996 3733 sortis

418 3780 597 3824 essent
633 3770 699 3823 iis
729 3770 974 3823 colendis
1025 3786 1135 3826 non
1172 3783 1351 3833 erant,
1391 3783 1447 3827 ut
1496 3772 1717 3827 cﬂossis
1744 3772 1917 3825 alveis
1942 3783 1996 3825 ct

417 3860 700 3913 canalibus
749 3862 1138 3918 dei-irarentur
1184 3865 1251 3917 ad
1301 3879 1362 3918 ea
1419 3864 1591 3929 ﬂuvii,
1640 3865 1995 3933 ipsorumque

415 3952 657 4006 dominis
684 3954 1021 4023 suppeditari
1052 3956 1198 4024 quod
1229 3964 1521 4026 crogarent
1553 3956 1609 4011 in
1637 3957 1785 4023 agris
1810 3972 1998 4011 seren-

417 4045 497 4099 dis
521 4060 585 4099 ae
618 4060 815 4113 pecore
840 4047 1108 4107 curando,
1137 4049 1406 4103 rationein
1437 4049 1602 4103 etiam
1633 4049 1818 4105 haberi
1851 4048 1999 4103 vico-

416 4152 532 4188 rum
579 4138 673 4207 qui
714 4137 945 4191 desoluli
987 4138 1242 4210 inerant;
1281 4155 1345 4193 ac
1392 4140 1601 4194 rsstrui
1648 4154 1804 4194 arces
1851 4141 1997 4195 unde

415 4236 594 4282 metus
626 4243 747 4283 esse
786 4239 994 4299 posset.
1024 4229 1158 4285 Tum
1187 4230 1562 4295 consiliarios,
1595 4232 1884 4301 praefectos
1942 4242 1996 4285 tt

417 4308 627 4391 indica
658 4322 862 4376 electus
892 4323 945 4373 in
984 4324 1284 4392 provinciis
1314 4325 1626 4381 collocavit.
1666 4325 1719 4378 in
1757 4325 1993 4381 medium

2108 1825 2259 1897 Fuga
2315 1841 2447 1897 ergo
2495 1842 2558 1882 ac
2601 1825 2672 1883 ab
2715 1827 2826 1881 illis
2876 1825 3189 1894 subripiam-
3249 1834 3430 1879 vestes
3485 1822 3687 1891 quibus

2107 1932 2265 1974 sacra
2302 1934 2563 1990 peragere
2604 1918 2804 1975 solitus
2854 1918 3054 1980 fuerat,
3092 1915 3365 1986 sepeliiit,
3418 1930 3485 1969 ac
3528 1912 3687 1967 dissi-

2108 2012 2319 2067 mulato
2357 2011 2548 2066 habitu
2587 2010 2965 2081 Hierosolyma
3004 2008 3281 2080 protectus
3326 2017 3458 2070 est;
3498 2006 3591 2058 ubi
3635 2004 3687 2058 in

2107 2105 2311 2174 templo
2351 2100 2800 2159 Resurrcctionis
2835 2101 3160 2169 candelapta
3196 2101 3396 2162 fatuus,
3429 2098 3688 2152 lucernas

2110 2196 2409 2260 accendit;
2457 2209 2637 2265 coque
2699 2210 2929 2251 munere
2986 2193 3182 2266 viginti
3230 2201 3470 2263 quatuor
3527 2191 3689 2246 anuis

2109 2288 2331 2346 iunctus
2358 2296 2466 2355 est,
2495 2288 2758 2345 Ecclesia:
2797 2290 2886 2344 isti
2925 2287 3088 2361 ια
3121 2288 3452 2346 inserviens.
3505 2285 3689 2339 lucer-

2109 2400 2207 2439 nas
2270 2384 2327 2438 in
2378 2384 2497 2454 ipsa
2550 2382 2924 2445 accendendo,
2970 2382 3190 2437 nemine
3236 2381 3456 2436 interim
3507 2380 3689 2449 ipsum

2111 2478 2487 2550 patriarchatu
2526 2476 2771 2535 [uinctum
2808 2492 2934 2533 esse
2976 2476 3383 2544 dignosecntet
3420 2476 3475 2529 in
3508 2475 3689 2526 locum

2108 2582 2291 2629 autem
2340 2572 2515 2643 ipsius
2549 2570 2885 2628 substitutus
2923 2577 3008 2624 est
3037 2567 3336 2638 Gregorius
3374 2566 3689 2636 patriarcha

2108 2664 2510 2727 Antiocheaus.
2535 2664 2632 2734 qui
2665 2663 2859 2733 viginti
2889 2674 3127 2732 quatuor
3162 2677 3338 2715 annos
3363 2660 3530 2721 sedit,
3562 2660 3688 2711 dein

2109 2766 2361 2814 mortuus
2400 2764 2506 2811 est.
2540 2756 2705 2809 Anno
2731 2764 2914 2810 autem
2955 2754 3172 2822 imperii
3215 2751 3511 2808 .luatiuiani
3546 2752 3689 2805 vice-

2106 2853 2248 2909 simo
2283 2868 2429 2909 nono
2466 2852 2806 2908 constitutus
2848 2860 2935 2906 est
2968 2849 3244 2904 Macarius
3284 2846 3562 2903 secundus
3601 2858 3689 2912 pa-

2108 2948 2348 3001 triarcha
2386 2944 2938 3014 llicroaolymitanus,
2968 2944 3060 3012 qui
3108 2950 3347 3010 quatuor
3381 2953 3559 2992 annos
3606 2951 3687 2991 se

2106 3034 2212 3100 dit,
2246 3034 2372 3090 dein
2400 3042 2654 3090 mortuus
2674 3044 2779 3087 est.
2812 3034 2971 3087 Anno
3007 3031 3218 3099 imperii
3248 3028 3495 3097 ejusdem
3523 3024 3689 3079 trico-

2105 3134 2247 3186 simo
2312 3132 2482 3186 tertio
2541 3132 2880 3186 constitutus
2941 3139 3028 3185 est
3101 3129 3303 3180 ibidem
3372 3120 3690 3192 patriarcha

2098 3223 2362 3289 Joannes,
2416 3227 2509 3293 qui
2570 3228 2758 3279 decem
2812 3236 2990 3276 annos
3040 3222 3202 3283 sedit,
3256 3220 3383 3272 dein
3434 3223 3687 3268 tuortuus

2098 3327 2204 3373 est.
2235 3318 2396 3371 Anno
2421 3334 2553 3371 vero
2596 3316 2813 3387 imperii
2847 3315 2933 3370 sui
2963 3314 3230 3368 vicesimo
3256 3320 3456 3365 octavo
3482 3308 3685 3360 certior

2101 3409 2283 3464 factus
2313 3408 2647 3479 Eutychinm
2700 3409 3068 3479 patriarcham
3115 3402 3675 3469 Constantinopolita-

2099 3519 2229 3557 nuni
2253 3502 2472 3558 veritati
2488 3502 2871 3557 contradicere
2891 3516 2956 3555 ac
2973 3497 3277 3555 Jaeohitani
3306 3497 3513 3550 factum
3538 3510 3683 3557 case,

2100 3597 2278 3665 iptnnn
2313 3597 2369 3650 in
2415 3595 2670 3650 esailinm
2695 3592 2879 3661 eiecit,
2912 3592 3075 3660 cujus
3120 3592 3175 3644 in
3209 3590 3388 3644 locum
3419 3587 3683 3645 sulcetur

2097 3696 2183 3742 est
2212 3687 2286 3743 ibi
2332 3685 2577 3742 Joannes
2624 3696 2683 3740 nt
2733 3686 3144 3756 patriarchatus
3170 3680 3679 3747 Constantinopoli-

2102 3781 2214 3833 tani
2269 3795 2500 3835 munere
2534 3778 2891 3848 (iungeretur,
2928 3779 3022 3844 qui
3068 3784 3278 3846 septem
3326 3790 3504 3829 annos
3542 3774 3680 3829 sedit

2098 3874 2223 3927 dein
2266 3884 2523 3929 mortuus
2550 3882 2653 3928 est.
2690 3871 2831 3926 Tum
2864 3870 3165 3940 Eutychiua
3194 3868 3508 3939 patriarcha
3544 3865 3677 3921 ι·εό-

2098 3972 2257 4030 gatns
2290 3966 2679 4029 imperatorem
2722 3978 3018 4034 aggressus
3060 3970 3144 4016 cat
3191 3976 3295 4031 ope
3324 3960 3677 4015 consiliario-

2100 4071 2219 4107 rum
2246 4062 2298 4106 ct
2322 4055 2550 4115 ducum.
2590 4055 2683 4123 qui
2718 4055 2896 4121 ipsum
2939 4061 3207 4122 rogarunt
3240 4062 3298 4105 ut
3331 4068 3454 4105 eum
3491 4052 3677 4105 cathe-

2097 4146 2209 4201 dra:
2236 4149 2572 4207 restitueret,
2603 4144 2871 4215 siquidem
2907 4143 3100 4199 falsum
3138 4144 3311 4199 fuisse
3336 4144 3483 4211 quod
3517 4141 3587 4195 de
3615 4154 3678 4195 eo

2099 4241 2304 4293 dictum
2350 4240 2553 4293 fuerat.
2586 4234 2873 4292 Cathedra
2899 4251 3031 4305 ergo
3058 4235 3127 4290 ab
3159 4236 3493 4304 imperatore
3522 4234 3676 4288 restio

2099 4338 2429 4386 tutus-cst:
2485 4346 2646 4397 quam
2709 4344 2833 4384 cum
2893 4326 3258 4397 quadriennio
3310 4334 3678 4393 occupaverat

414 4416 585 4470 etiam
630 4414 854 4482 prolatis
902 4414 1156 4468 Azdshiri
1200 4416 1356 4471 libris
1388 4418 1479 4485 qui
1531 4420 1704 4486 ipsius
1744 4419 1990 4472 instituta
2026 4441 2068 4495 ο
2100 4432 2352 4476 mortuus
2376 4432 2485 4477 est.
2536 4420 2697 4475 Anno
2724 4421 2974 4489 ejusdem
3003 4419 3289 4474 tricesimo
3336 4432 3509 4477 nono.
3548 4432 3678 4471 eon-

416 4522 535 4575 quc
567 4506 862 4561 observare
906 4506 1113 4559 solebat
1152 4506 1523 4569 continerent.
1575 4510 1639 4561 ad
1689 4526 1751 4563 ea
1798 4510 1992 4565 obser-

417 4595 592 4652 vanda
648 4597 899 4650 homines
951 4595 1153 4663 adegit.
1211 4598 1373 4666 idque
1434 4602 1644 4668 scripto
1694 4600 1993 4667 provinciis

416 4688 761 4765 signiﬁcavit.
786 4687 990 4743 Deinde
1021 4700 1307 4757 postquam
1338 4707 1531 4748 novem
1565 4710 1735 4751 annos
1768 4707 1990 4762 regnas-

416 4768 513 4845 set.
547 4798 800 4851 annoque
845 4781 1060 4849 imperii
1113 4780 1412 4840 Justiniani
1470 4782 1847 4840 Romanorum
1884 4786 1988 4839 im-

416 4880 677 4944 peratoris
710 4876 1059 4933 duodecimo.
1095 4878 1281 4945 copias
1312 4894 1445 4934 suas
1479 4878 1832 4944 Antiochiam
1871 4893 1990 4930 ver-

417 4986 504 5025 sus
564 4969 791 5029 edusit,
862 4968 952 5021 uhi
1018 4966 1312 5026 Iustiniani
1384 4969 1691 5024 exercitum
1763 4968 1986 5022 obvium

416 5066 645 5129 habens,
707 5061 895 5133 pmlio
946 5078 1071 5115 cum
1127 5062 1257 5132 ipsis
1314 5064 1635 5127 decertavit,
1691 5063 1989 5130 urbemque

416 5154 556 5224 repit
603 5171 617 5208 :
660 5154 970 5224 jttbensqttn
1023 5153 1234 5225 (li-pingi
1291 5155 1393 5208 sibi
1449 5158 1639 5209 urbem
1682 5156 1984 5210 secundum

416 5262 721 5301 mensuram
752 5263 905 5300 suam
940 5262 999 5299 ac
1028 5247 1421 5301 domiciliorum
1463 5261 1771 5310 numerum,
1800 5248 1986 5319 ιοιο

418 5338 578 5412 183
606 5350 714 5394 tam
752 5342 1001 5409 superius
1049 5357 1209 5408 quam
1248 5342 1499 5408 interius,
1544 5342 1832 5413 ipsiusque
1874 5344 1989 5395 vias

418 5451 477 5487 ac
504 5435 686 5489 otnuia
714 5450 836 5503 qua:
864 5434 914 5486 in
952 5436 1063 5505 ipsa
1100 5446 1300 5496 essent,
1347 5437 1571 5506 figuram
1604 5436 1764 5492 istam
1800 5436 1864 5489 ad
1896 5435 1990 5488 de-

417 5534 663 5596 putatum
707 5543 866 5582 suum
898 5531 950 5581 in
989 5530 1049 5579 Al
1088 5526 1348 5597 lladayen
1385 5527 1625 5590 mittens,
1662 5527 1829 5593 jussit
1861 5543 1984 5579 eum

418 5618 600 5674 urbem
649 5619 752 5689 sibi
806 5619 871 5673 ad
905 5633 1026 5673 eam
1066 5635 1289 5688 prmus
1336 5618 1561 5675 ianuam
1616 5629 1666 5673 et
1714 5620 1981 5673 rationein

415 5712 666 5781 condere,
716 5712 851 5769 adeo
909 5721 971 5766 tit
1023 5713 1167 5768 ttuiia
1199 5730 1421 5770 Oilllilliq
1460 5724 1596 5770 inter
1637 5728 1750 5771 Cum
1785 5724 1837 5767 ct
1868 5714 1977 5764 Att—

2096 4518 2325 4574 stitutus
2374 4527 2461 4572 est
2502 4517 2753 4571 Joannes
2802 4516 3113 4586 patriarcha
3164 4512 3674 4579 Constantinopoli-

2096 4617 2258 4660 Ianus
2313 4622 2326 4655 :
2380 4622 2558 4663 armos
2596 4603 2856 4666 tredecim
2906 4602 3065 4660 sedit.
3099 4602 3225 4657 dein
3268 4611 3521 4653 mortuus
3574 4608 3673 4650 rat.

2094 4695 2244 4751 Obiit
2285 4708 2472 4757 autem
2526 4693 2898 4763 Apollinarius
2954 4689 3309 4762 λεδ-18⁷
3365 4688 3674 4758 patriarcha

2097 4789 2505 4845 Alexandrinus
2535 4802 2661 4841 cum
2696 4784 3075 4841 novemdecim
3107 4797 3284 4838 annos
3317 4795 3547 4833 munera
3585 4780 3674 4829 illo

2094 4882 2319 4938 l‘unrtus
2373 4881 2592 4945 fuerat,
2649 4880 2810 4948 cujus
2869 4873 3207 4947 premetur-.1:
3257 4887 3406 4928 anno
3460 4871 3674 4924 decimo

2095 4976 2256 5031 tertio
2296 4974 2635 5029 celebratum
2681 4985 2767 5027 est
2816 4969 3112 5023 concilimn
3159 4965 3439 5035 quintmn.
3468 4964 3573 5027 Cui
3621 4965 3673 5019 in

2099 5066 2474 5134 patriarchatu
2518 5060 2897 5117 Alexandrino
2943 5056 3217 5113 successit
3262 5053 3527 5115 Joannes.
3577 5053 3671 5122 qui

2101 5155 2432 5210 Manichacus
2466 5155 2589 5221 fuit,
2620 5166 2907 5223 annosque
2944 5160 3059 5205 tres
3089 5148 3233 5205 sedit
3262 5148 3391 5201 dein
3424 5155 3669 5200 mortuus

2094 5258 2198 5303 est.
2228 5252 2389 5303 Anno
2420 5249 2629 5316 imperii
2663 5244 2911 5315 ejusdem
2940 5243 3237 5299 Justiniani
3274 5242 3555 5300 tricesimo
3581 5254 3667 5294 se-

2095 5346 2265 5409 ptimo
2316 5343 2653 5395 constitulus
2700 5348 2783 5393 est
2830 5335 3032 5392 Petrus
3082 5334 3390 5404 patriarcha
3444 5330 3667 5391 ibidem.

2092 5434 2187 5500 qui
2235 5433 2483 5487 Jucobila
2533 5432 2654 5489 fuit.
2707 5433 2895 5485 Annos
2945 5430 3083 5484 duos
3135 5426 3298 5485 sedit.
3349 5424 3476 5477 dein
3511 5421 3665 5476 obiit.

2093 5526 2215 5580 Fuit
2250 5537 2427 5579 autem
2462 5523 2803 5579 lustiniauus
2848 5523 3143 5591 imperator
3173 5518 3277 5571 title
3305 5515 3666 5575 orthudoans,

2094 5621 2219 5673 boui
2251 5634 2467 5677 amans,
2514 5616 2887 5673 Jacohitaruni
2922 5614 3186 5667 doctrinm
3234 5610 3490 5668 infestus,
3546 5622 3664 5661 aen-

2094 5713 2273 5767 tt-ntin:
2302 5710 2677 5765 Μιειιιιίιιιτιιηι
2715 5690 3106 5772 propugnator.
3138 5703 3380 5757 Mortuus
3413 5709 3493 5755 est
3519 5707 3664 5763 post-
