  <div class='ocr_page' id='page_1' title='image "/cluster/home/n/w/nwhite01/storage/ocr_20150623/111/mdp.39015009379887/547.png"; bbox 0 0 3980 6152; ppageno 0'>
   <div class='ocr_carea' id='block_1_1' title="bbox 446 294 582 359">
    <p class='ocr_par' dir='ltr' id='par_1_1' title="bbox 446 294 582 359">
     <span class='ocr_line' id='line_1_1' title="bbox 446 294 582 359; baseline 0.015 -2"><span class='ocrx_word' id='word_1_1' title='bbox 446 294 582 359; x_wconf 80' lang='grc'><strong>1079</strong></span> 
     </span>
    </p>
   </div>
   <div class='ocr_carea' id='block_1_2' title="bbox 1478 305 2684 366">
    <p class='ocr_par' dir='ltr' id='par_1_2' title="bbox 1478 305 2684 366">
     <span class='ocr_line' id='line_1_2' title="bbox 1478 305 2684 366; baseline 0.002 -4"><span class='ocrx_word' id='word_1_2' title='bbox 1478 306 1835 365; x_wconf 77' lang='lat' dir='ltr'><strong>EUTYL‘IIH</strong></span> <span class='ocrx_word' id='word_1_3' title='bbox 1885 310 1925 364; x_wconf 83' lang='lat'><strong>.-\</strong></span> <span class='ocrx_word' id='word_1_4' title='bbox 1942 305 2409 365; x_wconf 60' lang='grc' dir='ltr'><strong>ιεχλκυῐιιλτι</strong></span> <span class='ocrx_word' id='word_1_5' title='bbox 2459 310 2596 366; x_wconf 70' lang='lat' dir='ltr'><strong>l’.\&#39;l‘</strong></span> <span class='ocrx_word' id='word_1_6' title='bbox 2612 309 2684 364; x_wconf 76' lang='lat' dir='ltr'><strong>ll.</strong></span> 
     </span>
    </p>
   </div>
   <div class='ocr_carea' id='block_1_3' title="bbox 3557 302 3708 369">
    <p class='ocr_par' dir='ltr' id='par_1_3' title="bbox 3557 302 3708 369">
     <span class='ocr_line' id='line_1_3' title="bbox 3557 302 3708 369; baseline 0.007 -5"><span class='ocrx_word' id='word_1_7' title='bbox 3557 302 3708 369; x_wconf 79' lang='lat'><strong>1080</strong></span> 
     </span>
    </p>
   </div>
   <div class='ocr_carea' id='block_1_4' title="bbox 442 411 3706 488">
    <p class='ocr_par' dir='ltr' id='par_1_4' title="bbox 442 411 3706 488">
     <span class='ocr_line' id='line_1_4' title="bbox 442 411 3706 488; baseline 0.001 -25"><span class='ocrx_word' id='word_1_8' title='bbox 442 411 783 477; x_wconf 76' lang='lat' dir='ltr'><strong>Iandrintts;</strong></span> <span class='ocrx_word' id='word_1_9' title='bbox 839 418 929 483; x_wconf 90' lang='lat' dir='ltr'><strong>qui</strong></span> <span class='ocrx_word' id='word_1_10' title='bbox 968 430 1143 471; x_wconf 88' lang='lat' dir='ltr'><strong>annos</strong></span> <span class='ocrx_word' id='word_1_11' title='bbox 1170 418 1355 488; x_wconf 80' lang='lat' dir='ltr'><strong>viginti</strong></span> <span class='ocrx_word' id='word_1_12' title='bbox 1390 417 1552 477; x_wconf 84' lang='lat' dir='ltr'><strong>sedit,</strong></span> <span class='ocrx_word' id='word_1_13' title='bbox 1599 420 1723 471; x_wconf 69' lang='lat' dir='ltr'><strong>dvin</strong></span> <span class='ocrx_word' id='word_1_14' title='bbox 1759 430 2009 471; x_wconf 79' lang='lat' dir='ltr'><strong>mortuus</strong></span> <span class='ocrx_word' id='word_1_15' title='bbox 2044 424 2086 474; x_wconf 76' lang='grc' dir='ltr'><strong>Α</strong></span> <span class='ocrx_word' id='word_1_16' title='bbox 2120 417 2297 486; x_wconf 78' lang='lat' dir='ltr'><strong>ipsum</strong></span> <span class='ocrx_word' id='word_1_17' title='bbox 2335 429 2609 472; x_wconf 86' lang='lat' dir='ltr'><strong>mortuum</strong></span> <span class='ocrx_word' id='word_1_18' title='bbox 2647 417 2876 480; x_wconf 58' lang='lat' dir='ltr'><strong>iuvi-nit,</strong></span> <span class='ocrx_word' id='word_1_19' title='bbox 2935 417 3158 470; x_wconf 75' lang='lat' dir='ltr'><strong>sudatio</strong></span> <span class='ocrx_word' id='word_1_20' title='bbox 3192 417 3367 469; x_wconf 74' lang='lat' dir='ltr'><strong>oculs</strong></span> <span class='ocrx_word' id='word_1_21' title='bbox 3407 417 3706 485; x_wconf 79' lang='lat' dir='ltr'><strong>inposito;</strong></span> 
     </span>
    </p>
   </div>
   <div class='ocr_carea' id='block_1_5' title="bbox 437 505 1817 579">
    <p class='ocr_par' dir='ltr' id='par_1_5' title="bbox 437 505 1817 579">
     <span class='ocr_line' id='line_1_5' title="bbox 437 505 1817 579; baseline 0.006 -24"><span class='ocrx_word' id='word_1_22' title='bbox 437 512 523 555; x_wconf 85' lang='lat' dir='ltr'><strong>est</strong></span> <span class='ocrx_word' id='word_1_23' title='bbox 554 505 873 573; x_wconf 85' lang='lat' dir='ltr'><strong>(secundum</strong></span> <span class='ocrx_word' id='word_1_24' title='bbox 904 510 1046 562; x_wconf 89' lang='lat' dir='ltr'><strong>aliud</strong></span> <span class='ocrx_word' id='word_1_25' title='bbox 1083 512 1385 579; x_wconf 73' lang='lat' dir='ltr'><strong>exemplar,</strong></span> <span class='ocrx_word' id='word_1_26' title='bbox 1418 526 1595 564; x_wconf 81' lang='lat' dir='ltr'><strong>annos</strong></span> <span class='ocrx_word' id='word_1_27' title='bbox 1629 513 1817 571; x_wconf 83' lang='lat' dir='ltr'><strong>duos).</strong></span> 
     </span>
    </p>
   </div>
   <div class='ocr_carea' id='block_1_6' title="bbox 514 596 2011 672">
    <p class='ocr_par' dir='ltr' id='par_1_6' title="bbox 514 596 2011 672">
     <span class='ocr_line' id='line_1_6' title="bbox 514 596 2011 672; baseline 0.006 -23"><span class='ocrx_word' id='word_1_28' title='bbox 514 596 679 650; x_wconf 84' lang='lat' dir='ltr'><strong>Porro</strong></span> <span class='ocrx_word' id='word_1_29' title='bbox 714 609 960 664; x_wconf 85' lang='lat' dir='ltr'><strong>tempore</strong></span> <span class='ocrx_word' id='word_1_30' title='bbox 999 601 1248 656; x_wconf 78' lang='lat' dir='ltr'><strong>Mauricii</strong></span> <span class='ocrx_word' id='word_1_31' title='bbox 1308 603 1662 669; x_wconf 76' lang='lat' dir='ltr'><strong>imperatoris</strong></span> <span class='ocrx_word' id='word_1_32' title='bbox 1715 605 1852 655; x_wconf 72' lang='lat' dir='ltr'><strong>latro</strong></span> <span class='ocrx_word' id='word_1_33' title='bbox 1886 605 2011 672; x_wconf 83' lang='lat' dir='ltr'><strong>qui-</strong></span> 
     </span>
    </p>
   </div>
   <div class='ocr_carea' id='block_1_7' title="bbox 436 688 2014 763">
    <p class='ocr_par' dir='ltr' id='par_1_7' title="bbox 436 688 2014 763">
     <span class='ocr_line' id='line_1_7' title="bbox 436 688 2014 763; baseline 0.003 -21"><span class='ocrx_word' id='word_1_34' title='bbox 436 688 561 742; x_wconf 74' lang='lat' dir='ltr'><strong>titul</strong></span> <span class='ocrx_word' id='word_1_35' title='bbox 592 689 694 742; x_wconf 86' lang='lat' dir='ltr'><strong>fuit</strong></span> <span class='ocrx_word' id='word_1_36' title='bbox 728 691 781 742; x_wconf 89' lang='lat' dir='ltr'><strong>in</strong></span> <span class='ocrx_word' id='word_1_37' title='bbox 817 693 951 746; x_wconf 89' lang='lat' dir='ltr'><strong>urbe</strong></span> <span class='ocrx_word' id='word_1_38' title='bbox 983 694 1265 760; x_wconf 85' lang='lat' dir='ltr'><strong>(quadam)</strong></span> <span class='ocrx_word' id='word_1_39' title='bbox 1300 694 1514 753; x_wconf 75' lang='lat' dir='ltr'><strong>Africze.</strong></span> <span class='ocrx_word' id='word_1_40' title='bbox 1555 696 1809 763; x_wconf 73' lang='lat' dir='ltr'><strong>princeps</strong></span> <span class='ocrx_word' id='word_1_41' title='bbox 1846 696 2014 749; x_wconf 76' lang='lat' dir='ltr'><strong>latro—</strong></span> 
     </span>
    </p>
   </div>
   <div class='ocr_carea' id='block_1_8' title="bbox 438 784 2007 856">
    <p class='ocr_par' dir='ltr' id='par_1_8' title="bbox 438 784 2007 856">
     <span class='ocr_line' id='line_1_8' title="bbox 438 784 2007 856; baseline 0.004 -22"><span class='ocrx_word' id='word_1_42' title='bbox 438 798 591 843; x_wconf 87' lang='lat' dir='ltr'><strong>num,</strong></span> <span class='ocrx_word' id='word_1_43' title='bbox 644 784 736 850; x_wconf 88' lang='lat' dir='ltr'><strong>qui</strong></span> <span class='ocrx_word' id='word_1_44' title='bbox 790 787 993 839; x_wconf 81' lang='lat' dir='ltr'><strong>nemini</strong></span> <span class='ocrx_word' id='word_1_45' title='bbox 1047 789 1288 840; x_wconf 87' lang='lat' dir='ltr'><strong>occurrit</strong></span> <span class='ocrx_word' id='word_1_46' title='bbox 1351 805 1512 856; x_wconf 83' lang='lat' dir='ltr'><strong>quem</strong></span> <span class='ocrx_word' id='word_1_47' title='bbox 1568 805 1675 841; x_wconf 89' lang='lat' dir='ltr'><strong>non</strong></span> <span class='ocrx_word' id='word_1_48' title='bbox 1727 799 1773 840; x_wconf 91' lang='lat' dir='ltr'><strong>et</strong></span> <span class='ocrx_word' id='word_1_49' title='bbox 1813 790 2007 841; x_wconf 72' lang='lat' dir='ltr'><strong>vitaet</strong></span> 
     </span>
    </p>
   </div>
   <div class='ocr_carea' id='block_1_9' title="bbox 440 875 2012 941">
    <p class='ocr_par' dir='ltr' id='par_1_9' title="bbox 440 875 2012 941">
     <span class='ocr_line' id='line_1_9' title="bbox 440 875 2012 941; baseline 0.006 -18"><span class='ocrx_word' id='word_1_50' title='bbox 440 875 598 929; x_wconf 84' lang='lat' dir='ltr'><strong>bonis</strong></span> <span class='ocrx_word' id='word_1_51' title='bbox 635 876 917 941; x_wconf 79' lang='lat' dir='ltr'><strong>spoliaret,</strong></span> <span class='ocrx_word' id='word_1_52' title='bbox 951 879 1087 930; x_wconf 85' lang='lat' dir='ltr'><strong>adeo</strong></span> <span class='ocrx_word' id='word_1_53' title='bbox 1121 888 1178 931; x_wconf 89' lang='lat' dir='ltr'><strong>ttt</strong></span> <span class='ocrx_word' id='word_1_54' title='bbox 1212 880 1424 933; x_wconf 79' lang='lat' dir='ltr'><strong>deserta</strong></span> <span class='ocrx_word' id='word_1_55' title='bbox 1464 878 1626 931; x_wconf 81' lang='lat' dir='ltr'><strong>fuerit</strong></span> <span class='ocrx_word' id='word_1_56' title='bbox 1656 882 1760 941; x_wconf 87' lang='lat' dir='ltr'><strong>via,</strong></span> <span class='ocrx_word' id='word_1_57' title='bbox 1795 881 2012 932; x_wconf 86' lang='lat' dir='ltr'><strong>nemine</strong></span> 
     </span>
    </p>
   </div>
   <div class='ocr_carea' id='block_1_10' title="bbox 440 970 2011 1042">
    <p class='ocr_par' dir='ltr' id='par_1_10' title="bbox 440 970 2011 1042">
     <span class='ocr_line' id='line_1_10' title="bbox 440 970 2011 1042; baseline 0.003 -22"><span class='ocrx_word' id='word_1_58' title='bbox 440 983 534 1035; x_wconf 78' lang='lat' dir='ltr'><strong>per</strong></span> <span class='ocrx_word' id='word_1_59' title='bbox 580 984 699 1021; x_wconf 86' lang='lat' dir='ltr'><strong>eam</strong></span> <span class='ocrx_word' id='word_1_60' title='bbox 762 970 865 1024; x_wconf 90' lang='lat' dir='ltr'><strong>iter</strong></span> <span class='ocrx_word' id='word_1_61' title='bbox 923 971 1170 1037; x_wconf 55' lang='lat' dir='ltr'><strong>faciente,</strong></span> <span class='ocrx_word' id='word_1_62' title='bbox 1225 984 1319 1026; x_wconf 88' lang='lat' dir='ltr'><strong>ant</strong></span> <span class='ocrx_word' id='word_1_63' title='bbox 1387 983 1725 1036; x_wconf 59' lang='lat' dir='ltr'><strong>transeunte,</strong></span> <span class='ocrx_word' id='word_1_64' title='bbox 1796 992 1901 1042; x_wconf 86' lang='lat' dir='ltr'><strong>qua</strong></span> <span class='ocrx_word' id='word_1_65' title='bbox 1958 974 2011 1026; x_wconf 88' lang='lat' dir='ltr'><strong>iu</strong></span> 
     </span>
    </p>
   </div>
   <div class='ocr_carea' id='block_1_11' title="bbox 434 1060 2011 1133">
    <p class='ocr_par' dir='ltr' id='par_1_11' title="bbox 434 1060 2011 1133">
     <span class='ocr_line' id='line_1_11' title="bbox 434 1060 2011 1133; baseline 0.003 -18"><span class='ocrx_word' id='word_1_66' title='bbox 434 1060 677 1115; x_wconf 79' lang='lat' dir='ltr'><strong>Africam</strong></span> <span class='ocrx_word' id='word_1_67' title='bbox 714 1062 954 1127; x_wconf 85' lang='lat' dir='ltr'><strong>duceret,</strong></span> <span class='ocrx_word' id='word_1_68' title='bbox 1011 1075 1152 1118; x_wconf 86' lang='lat' dir='ltr'><strong>tuctn</strong></span> <span class='ocrx_word' id='word_1_69' title='bbox 1196 1066 1426 1120; x_wconf 78' lang='lat' dir='ltr'><strong>lationis</strong></span> <span class='ocrx_word' id='word_1_70' title='bbox 1468 1067 1645 1120; x_wconf 77' lang='lat' dir='ltr'><strong>istius.</strong></span> <span class='ocrx_word' id='word_1_71' title='bbox 1678 1065 1852 1133; x_wconf 84' lang='lat' dir='ltr'><strong>Quem</strong></span> <span class='ocrx_word' id='word_1_72' title='bbox 1883 1068 2011 1121; x_wconf 86' lang='lat' dir='ltr'><strong>licet</strong></span> 
     </span>
    </p>
   </div>
   <div class='ocr_carea' id='block_1_12' title="bbox 439 1154 2010 1227">
    <p class='ocr_par' dir='ltr' id='par_1_12' title="bbox 439 1154 2010 1227">
     <span class='ocr_line' id='line_1_12' title="bbox 439 1154 2010 1227; baseline 0.004 -23"><span class='ocrx_word' id='word_1_73' title='bbox 439 1154 588 1206; x_wconf 86' lang='lat' dir='ltr'><strong>omni</strong></span> <span class='ocrx_word' id='word_1_74' title='bbox 626 1154 911 1224; x_wconf 72' lang='lat' dir='ltr'><strong>diligentia</strong></span> <span class='ocrx_word' id='word_1_75' title='bbox 948 1158 1208 1227; x_wconf 88' lang='lat' dir='ltr'><strong>omnique</strong></span> <span class='ocrx_word' id='word_1_76' title='bbox 1242 1170 1357 1213; x_wconf 89' lang='lat' dir='ltr'><strong>arte</strong></span> <span class='ocrx_word' id='word_1_77' title='bbox 1387 1173 1451 1213; x_wconf 87' lang='lat' dir='ltr'><strong>ac</strong></span> <span class='ocrx_word' id='word_1_78' title='bbox 1484 1168 1798 1214; x_wconf 85' lang='lat' dir='ltr'><strong>commento</strong></span> <span class='ocrx_word' id='word_1_79' title='bbox 1830 1171 2010 1214; x_wconf 74' lang='lat' dir='ltr'><strong>uterc-</strong></span> 
     </span>
    </p>
   </div>
   <div class='ocr_carea' id='block_1_13' title="bbox 438 1245 2009 1323">
    <p class='ocr_par' dir='ltr' id='par_1_13' title="bbox 438 1245 2009 1323">
     <span class='ocr_line' id='line_1_13' title="bbox 438 1245 2009 1323; baseline 0.004 -25"><span class='ocrx_word' id='word_1_80' title='bbox 438 1254 527 1298; x_wconf 92' lang='lat' dir='ltr'><strong>tur</strong></span> <span class='ocrx_word' id='word_1_81' title='bbox 557 1245 754 1301; x_wconf 62' lang='lat' dir='ltr'><strong>Africa“:</strong></span> <span class='ocrx_word' id='word_1_82' title='bbox 788 1249 1054 1317; x_wconf 85' lang='lat' dir='ltr'><strong>patricius</strong></span> <span class='ocrx_word' id='word_1_83' title='bbox 1094 1266 1205 1319; x_wconf 88' lang='lat' dir='ltr'><strong>quo</strong></span> <span class='ocrx_word' id='word_1_84' title='bbox 1257 1251 1435 1320; x_wconf 85' lang='lat' dir='ltr'><strong>ipsum</strong></span> <span class='ocrx_word' id='word_1_85' title='bbox 1492 1252 1879 1323; x_wconf 82' lang='lat' dir='ltr'><strong>preltendcret,</strong></span> <span class='ocrx_word' id='word_1_86' title='bbox 1915 1268 2009 1304; x_wconf 88' lang='lat' dir='ltr'><strong>ca-</strong></span> 
     </span>
    </p>
   </div>
   <div class='ocr_carea' id='block_1_14' title="bbox 439 1341 2010 1416">
    <p class='ocr_par' dir='ltr' id='par_1_14' title="bbox 439 1341 2010 1416">
     <span class='ocr_line' id='line_1_14' title="bbox 439 1341 2010 1416; baseline 0.003 -25"><span class='ocrx_word' id='word_1_87' title='bbox 439 1351 570 1405; x_wconf 84' lang='lat' dir='ltr'><strong>pere</strong></span> <span class='ocrx_word' id='word_1_88' title='bbox 609 1348 788 1393; x_wconf 88' lang='lat' dir='ltr'><strong>tamen</strong></span> <span class='ocrx_word' id='word_1_89' title='bbox 826 1354 933 1394; x_wconf 89' lang='lat' dir='ltr'><strong>non</strong></span> <span class='ocrx_word' id='word_1_90' title='bbox 975 1344 1171 1407; x_wconf 86' lang='lat' dir='ltr'><strong>potuit.</strong></span> <span class='ocrx_word' id='word_1_91' title='bbox 1207 1341 1319 1398; x_wconf 90' lang='lat' dir='ltr'><strong>lloc</strong></span> <span class='ocrx_word' id='word_1_92' title='bbox 1352 1358 1475 1397; x_wconf 88' lang='lat' dir='ltr'><strong>cum</strong></span> <span class='ocrx_word' id='word_1_93' title='bbox 1513 1343 1677 1416; x_wconf 73' lang='lat'><strong>196</strong></span> <span class='ocrx_word' id='word_1_94' title='bbox 1711 1344 1777 1399; x_wconf 87' lang='lat' dir='ltr'><strong>ad</strong></span> <span class='ocrx_word' id='word_1_95' title='bbox 1811 1344 2010 1398; x_wconf 78' lang='lat' dir='ltr'><strong>Mauri-</strong></span> 
     </span>
    </p>
   </div>
   <div class='ocr_carea' id='block_1_15' title="bbox 436 1426 2011 1505">
    <p class='ocr_par' dir='ltr' id='par_1_15' title="bbox 436 1426 2011 1505">
     <span class='ocr_line' id='line_1_15' title="bbox 436 1426 2011 1505; baseline 0.008 -26"><span class='ocrx_word' id='word_1_96' title='bbox 436 1426 507 1479; x_wconf 90' lang='lat' dir='ltr'><strong>cii</strong></span> <span class='ocrx_word' id='word_1_97' title='bbox 541 1428 886 1498; x_wconf 88' lang='lat' dir='ltr'><strong>imperatoris</strong></span> <span class='ocrx_word' id='word_1_98' title='bbox 940 1434 1190 1487; x_wconf 85' lang='lat' dir='ltr'><strong>notitiam</strong></span> <span class='ocrx_word' id='word_1_99' title='bbox 1246 1436 1607 1505; x_wconf 87' lang='lat' dir='ltr'><strong>pervenisset,</strong></span> <span class='ocrx_word' id='word_1_100' title='bbox 1640 1436 1757 1505; x_wconf 90' lang='lat' dir='ltr'><strong>ipse</strong></span> <span class='ocrx_word' id='word_1_101' title='bbox 1784 1436 1952 1491; x_wconf 87' lang='lat' dir='ltr'><strong>misso</strong></span> <span class='ocrx_word' id='word_1_102' title='bbox 1981 1456 2011 1488; x_wconf 75' lang='grc' dir='ltr'><strong>ιε</strong></span> 
     </span>
    </p>
   </div>
   <div class='ocr_carea' id='block_1_16' title="bbox 436 1517 2011 1594">
    <p class='ocr_par' dir='ltr' id='par_1_16' title="bbox 436 1517 2011 1594">
     <span class='ocr_line' id='line_1_16' title="bbox 436 1517 2011 1594; baseline 0.006 -23"><span class='ocrx_word' id='word_1_103' title='bbox 436 1517 659 1577; x_wconf 79' lang='lat' dir='ltr'><strong>famulis</strong></span> <span class='ocrx_word' id='word_1_104' title='bbox 692 1523 807 1577; x_wconf 86' lang='lat' dir='ltr'><strong>suis</strong></span> <span class='ocrx_word' id='word_1_105' title='bbox 858 1525 1095 1594; x_wconf 87' lang='lat' dir='ltr'><strong>quodam</strong></span> <span class='ocrx_word' id='word_1_106' title='bbox 1133 1527 1484 1581; x_wconf 78' lang='lat' dir='ltr'><strong>securitatem</strong></span> <span class='ocrx_word' id='word_1_107' title='bbox 1541 1528 1738 1583; x_wconf 84' lang='lat' dir='ltr'><strong>latroni</strong></span> <span class='ocrx_word' id='word_1_108' title='bbox 1791 1528 1879 1583; x_wconf 87' lang='lat' dir='ltr'><strong>isti</strong></span> <span class='ocrx_word' id='word_1_109' title='bbox 1913 1530 2011 1580; x_wconf 87' lang='lat' dir='ltr'><strong>ob-</strong></span> 
     </span>
    </p>
   </div>
   <div class='ocr_carea' id='block_1_17' title="bbox 433 1611 2006 1691">
    <p class='ocr_par' dir='ltr' id='par_1_17' title="bbox 433 1611 2006 1691">
     <span class='ocr_line' id='line_1_17' title="bbox 433 1611 2006 1691; baseline 0.004 -26"><span class='ocrx_word' id='word_1_110' title='bbox 433 1611 602 1678; x_wconf 86' lang='lat' dir='ltr'><strong>tulit;</strong></span> <span class='ocrx_word' id='word_1_111' title='bbox 637 1628 803 1683; x_wconf 87' lang='lat' dir='ltr'><strong>quam</strong></span> <span class='ocrx_word' id='word_1_112' title='bbox 839 1630 963 1670; x_wconf 89' lang='lat' dir='ltr'><strong>cum</strong></span> <span class='ocrx_word' id='word_1_113' title='bbox 995 1616 1083 1671; x_wconf 85' lang='lat' dir='ltr'><strong>ille</strong></span> <span class='ocrx_word' id='word_1_114' title='bbox 1114 1624 1485 1690; x_wconf 78' lang='lat' dir='ltr'><strong>acceptasset,</strong></span> <span class='ocrx_word' id='word_1_115' title='bbox 1521 1618 1590 1675; x_wconf 90' lang='lat' dir='ltr'><strong>ad</strong></span> <span class='ocrx_word' id='word_1_116' title='bbox 1621 1620 2006 1691; x_wconf 78' lang='lat' dir='ltr'><strong>imperatorem</strong></span> 
     </span>
    </p>
   </div>
   <div class='ocr_carea' id='block_1_18' title="bbox 434 1704 2010 1783">
    <p class='ocr_par' dir='ltr' id='par_1_18' title="bbox 434 1704 2010 1783">
     <span class='ocr_line' id='line_1_18' title="bbox 434 1704 2010 1783; baseline 0.008 -28"><span class='ocrx_word' id='word_1_117' title='bbox 434 1704 717 1773; x_wconf 79' lang='lat' dir='ltr'><strong>profectus</strong></span> <span class='ocrx_word' id='word_1_118' title='bbox 758 1707 987 1778; x_wconf 86' lang='lat' dir='ltr'><strong>benigne</strong></span> <span class='ocrx_word' id='word_1_119' title='bbox 1042 1718 1208 1779; x_wconf 89' lang='lat' dir='ltr'><strong>atque</strong></span> <span class='ocrx_word' id='word_1_120' title='bbox 1265 1711 1566 1769; x_wconf 89' lang='lat' dir='ltr'><strong>houorillce</strong></span> <span class='ocrx_word' id='word_1_121' title='bbox 1610 1713 1680 1767; x_wconf 91' lang='lat' dir='ltr'><strong>ab</strong></span> <span class='ocrx_word' id='word_1_122' title='bbox 1724 1712 1847 1783; x_wconf 87' lang='lat' dir='ltr'><strong>ipso</strong></span> <span class='ocrx_word' id='word_1_123' title='bbox 1901 1721 2010 1768; x_wconf 89' lang='lat' dir='ltr'><strong>tra-</strong></span> 
     </span>
    </p>
   </div>
   <div class='ocr_carea' id='block_1_19' title="bbox 432 1798 2004 1869">
    <p class='ocr_par' dir='ltr' id='par_1_19' title="bbox 432 1798 2004 1869">
     <span class='ocr_line' id='line_1_19' title="bbox 432 1798 2004 1869; baseline 0.004 -22"><span class='ocrx_word' id='word_1_124' title='bbox 432 1803 614 1851; x_wconf 83' lang='lat' dir='ltr'><strong>ctatus</strong></span> <span class='ocrx_word' id='word_1_125' title='bbox 640 1804 724 1850; x_wconf 89' lang='lat' dir='ltr'><strong>est</strong></span> <span class='ocrx_word' id='word_1_126' title='bbox 753 1805 805 1850; x_wconf 90' lang='lat' dir='ltr'><strong>et</strong></span> <span class='ocrx_word' id='word_1_127' title='bbox 838 1802 903 1851; x_wconf 90' lang='lat' dir='ltr'><strong>ad</strong></span> <span class='ocrx_word' id='word_1_128' title='bbox 934 1798 1255 1868; x_wconf 79' lang='lat' dir='ltr'><strong>dignitatem</strong></span> <span class='ocrx_word' id='word_1_129' title='bbox 1289 1812 1535 1858; x_wconf 85' lang='lat' dir='ltr'><strong>evectus.</strong></span> <span class='ocrx_word' id='word_1_130' title='bbox 1576 1800 1767 1857; x_wconf 76' lang='lat' dir='ltr'><strong>Morbo</strong></span> <span class='ocrx_word' id='word_1_131' title='bbox 1797 1811 2004 1869; x_wconf 88' lang='lat' dir='ltr'><strong>autem,</strong></span> 
     </span>
    </p>
   </div>
   <div class='ocr_carea' id='block_1_20' title="bbox 433 1888 2004 1964">
    <p class='ocr_par' dir='ltr' id='par_1_20' title="bbox 433 1888 2004 1964">
     <span class='ocr_line' id='line_1_20' title="bbox 433 1888 2004 1964; baseline 0.005 -24"><span class='ocrx_word' id='word_1_132' title='bbox 433 1888 717 1955; x_wconf 84' lang='lat' dir='ltr'><strong>aliquanto</strong></span> <span class='ocrx_word' id='word_1_133' title='bbox 747 1901 865 1958; x_wconf 89' lang='lat' dir='ltr'><strong>post</strong></span> <span class='ocrx_word' id='word_1_134' title='bbox 914 1900 1180 1959; x_wconf 89' lang='lat' dir='ltr'><strong>tempore,</strong></span> <span class='ocrx_word' id='word_1_135' title='bbox 1207 1904 1500 1964; x_wconf 84' lang='lat' dir='ltr'><strong>correptus</strong></span> <span class='ocrx_word' id='word_1_136' title='bbox 1532 1895 1585 1948; x_wconf 93' lang='lat' dir='ltr'><strong>in</strong></span> <span class='ocrx_word' id='word_1_137' title='bbox 1625 1898 2004 1950; x_wconf 85' lang='lat' dir='ltr'><strong>nusocomium</strong></span> 
     </span>
    </p>
   </div>
   <div class='ocr_carea' id='block_1_21' title="bbox 430 1978 2003 2054">
    <p class='ocr_par' dir='ltr' id='par_1_21' title="bbox 430 1978 2003 2054">
     <span class='ocr_line' id='line_1_21' title="bbox 430 1978 2003 2054; baseline 0.007 -23"><span class='ocrx_word' id='word_1_138' title='bbox 430 1978 576 2046; x_wconf 89' lang='lat' dir='ltr'><strong>quod</strong></span> <span class='ocrx_word' id='word_1_139' title='bbox 606 1981 659 2034; x_wconf 91' lang='lat' dir='ltr'><strong>in</strong></span> <span class='ocrx_word' id='word_1_140' title='bbox 696 1983 831 2036; x_wconf 86' lang='lat' dir='ltr'><strong>urbe</strong></span> <span class='ocrx_word' id='word_1_141' title='bbox 862 1982 1475 2054; x_wconf 86' lang='lat' dir='ltr'><strong>Constantinopolitana</strong></span> <span class='ocrx_word' id='word_1_142' title='bbox 1509 1985 1632 2050; x_wconf 81' lang='lat' dir='ltr'><strong>fuit,</strong></span> <span class='ocrx_word' id='word_1_143' title='bbox 1657 1987 1871 2040; x_wconf 78' lang='lat' dir='ltr'><strong>delatus</strong></span> <span class='ocrx_word' id='word_1_144' title='bbox 1898 2000 2003 2043; x_wconf 83' lang='lat' dir='ltr'><strong>cst.</strong></span> 
     </span>
    </p>
   </div>
   <div class='ocr_carea' id='block_1_22' title="bbox 432 2073 2003 2150">
    <p class='ocr_par' dir='ltr' id='par_1_22' title="bbox 432 2073 2003 2150">
     <span class='ocr_line' id='line_1_22' title="bbox 432 2073 2003 2150; baseline 0.005 -24"><span class='ocrx_word' id='word_1_145' title='bbox 432 2073 681 2141; x_wconf 84' lang='lat' dir='ltr'><strong>Cumque</strong></span> <span class='ocrx_word' id='word_1_146' title='bbox 736 2084 895 2129; x_wconf 89' lang='lat' dir='ltr'><strong>nocte</strong></span> <span class='ocrx_word' id='word_1_147' title='bbox 926 2076 1162 2146; x_wconf 89' lang='lat' dir='ltr'><strong>quadam</strong></span> <span class='ocrx_word' id='word_1_148' title='bbox 1194 2076 1275 2149; x_wconf 82' lang='lat' dir='ltr'><strong>[in</strong></span> <span class='ocrx_word' id='word_1_149' title='bbox 1323 2077 1548 2150; x_wconf 82' lang='lat' dir='ltr'><strong>lectum]</strong></span> <span class='ocrx_word' id='word_1_150' title='bbox 1594 2078 1869 2148; x_wconf 78' lang='lat' dir='ltr'><strong>projertus</strong></span> <span class='ocrx_word' id='word_1_151' title='bbox 1907 2094 2003 2149; x_wconf 86' lang='lat' dir='ltr'><strong>op-</strong></span> 
     </span>
    </p>
   </div>
   <div class='ocr_carea' id='block_1_23' title="bbox 435 2162 2004 2238">
    <p class='ocr_par' dir='ltr' id='par_1_23' title="bbox 435 2162 2004 2238">
     <span class='ocr_line' id='line_1_23' title="bbox 435 2162 2004 2238; baseline 0.006 -21"><span class='ocrx_word' id='word_1_152' title='bbox 435 2162 594 2232; x_wconf 86' lang='lat' dir='ltr'><strong>primi</strong></span> <span class='ocrx_word' id='word_1_153' title='bbox 629 2180 689 2219; x_wconf 88' lang='lat' dir='ltr'><strong>se</strong></span> <span class='ocrx_word' id='word_1_154' title='bbox 739 2165 948 2230; x_wconf 87' lang='lat' dir='ltr'><strong>dolore,</strong></span> <span class='ocrx_word' id='word_1_155' title='bbox 983 2183 1143 2235; x_wconf 82' lang='lat' dir='ltr'><strong>quem</strong></span> <span class='ocrx_word' id='word_1_156' title='bbox 1181 2168 1515 2238; x_wconf 88' lang='lat' dir='ltr'><strong>patiebatur.</strong></span> <span class='ocrx_word' id='word_1_157' title='bbox 1576 2169 1809 2234; x_wconf 86' lang='lat' dir='ltr'><strong>videret,</strong></span> <span class='ocrx_word' id='word_1_158' title='bbox 1866 2176 2004 2227; x_wconf 88' lang='lat' dir='ltr'><strong>adeo</strong></span> 
     </span>
    </p>
   </div>
   <div class='ocr_carea' id='block_1_24' title="bbox 435 2260 2008 2326">
    <p class='ocr_par' dir='ltr' id='par_1_24' title="bbox 435 2260 2008 2326">
     <span class='ocr_line' id='line_1_24' title="bbox 435 2260 2008 2326; baseline 0.007 -16"><span class='ocrx_word' id='word_1_159' title='bbox 435 2265 495 2311; x_wconf 88' lang='lat' dir='ltr'><strong>ut</strong></span> <span class='ocrx_word' id='word_1_160' title='bbox 524 2267 706 2313; x_wconf 88' lang='lat' dir='ltr'><strong>certus</strong></span> <span class='ocrx_word' id='word_1_161' title='bbox 739 2267 881 2315; x_wconf 84' lang='lat' dir='ltr'><strong>esset</strong></span> <span class='ocrx_word' id='word_1_162' title='bbox 918 2260 1211 2326; x_wconf 89' lang='lat' dir='ltr'><strong>tuoriendi,</strong></span> <span class='ocrx_word' id='word_1_163' title='bbox 1250 2263 1317 2315; x_wconf 90' lang='lat' dir='ltr'><strong>ad</strong></span> <span class='ocrx_word' id='word_1_164' title='bbox 1350 2262 1639 2317; x_wconf 89' lang='lat' dir='ltr'><strong>Dominum</strong></span> <span class='ocrx_word' id='word_1_165' title='bbox 1698 2280 1861 2319; x_wconf 83' lang='lat' dir='ltr'><strong>suum</strong></span> <span class='ocrx_word' id='word_1_166' title='bbox 1895 2266 2008 2321; x_wconf 78' lang='lat' dir='ltr'><strong>cle-</strong></span> 
     </span>
    </p>
   </div>
   <div class='ocr_carea' id='block_1_25' title="bbox 433 2354 2007 2421">
    <p class='ocr_par' dir='ltr' id='par_1_25' title="bbox 433 2354 2007 2421">
     <span class='ocr_line' id='line_1_25' title="bbox 433 2354 2007 2421; baseline 0.006 -20"><span class='ocrx_word' id='word_1_167' title='bbox 433 2357 668 2404; x_wconf 85' lang='lat' dir='ltr'><strong>mentem</strong></span> <span class='ocrx_word' id='word_1_168' title='bbox 703 2359 756 2404; x_wconf 90' lang='lat' dir='ltr'><strong>et</strong></span> <span class='ocrx_word' id='word_1_169' title='bbox 807 2366 934 2421; x_wconf 83' lang='lat' dir='ltr'><strong>erga</strong></span> <span class='ocrx_word' id='word_1_170' title='bbox 977 2367 1166 2408; x_wconf 83' lang='lat' dir='ltr'><strong>servos</strong></span> <span class='ocrx_word' id='word_1_171' title='bbox 1205 2368 1337 2409; x_wconf 84' lang='lat' dir='ltr'><strong>suos</strong></span> <span class='ocrx_word' id='word_1_172' title='bbox 1374 2354 1813 2417; x_wconf 87' lang='lat' dir='ltr'><strong>misericordem,</strong></span> <span class='ocrx_word' id='word_1_173' title='bbox 1854 2372 2007 2411; x_wconf 82' lang='lat' dir='ltr'><strong>rece-</strong></span> 
     </span>
    </p>
   </div>
   <div class='ocr_carea' id='block_1_26' title="bbox 430 2440 2003 2516">
    <p class='ocr_par' dir='ltr' id='par_1_26' title="bbox 430 2440 2003 2516">
     <span class='ocr_line' id='line_1_26' title="bbox 430 2440 2003 2516; baseline 0.005 -23"><span class='ocrx_word' id='word_1_174' title='bbox 430 2440 528 2507; x_wconf 86' lang='lat' dir='ltr'><strong>pit,</strong></span> <span class='ocrx_word' id='word_1_175' title='bbox 566 2442 821 2513; x_wconf 83' lang='lat' dir='ltr'><strong>lacrymis</strong></span> <span class='ocrx_word' id='word_1_176' title='bbox 853 2454 907 2499; x_wconf 90' lang='lat' dir='ltr'><strong>et</strong></span> <span class='ocrx_word' id='word_1_177' title='bbox 959 2446 1463 2516; x_wconf 84' lang='lat' dir='ltr'><strong>supplicationibus</strong></span> <span class='ocrx_word' id='word_1_178' title='bbox 1522 2446 1713 2506; x_wconf 75' lang='lat' dir='ltr'><strong>effusis</strong></span> <span class='ocrx_word' id='word_1_179' title='bbox 1765 2449 2003 2503; x_wconf 75' lang='lat' dir='ltr'><strong>tiiCt&#39;ltS:</strong></span> 
     </span>
    </p>
   </div>
   <div class='ocr_carea' id='block_1_27' title="bbox 430 2531 2009 2612">
    <p class='ocr_par' dir='ltr' id='par_1_27' title="bbox 430 2531 2009 2612">
     <span class='ocr_line' id='line_1_27' title="bbox 430 2531 2009 2612; baseline 0.009 -27"><span class='ocrx_word' id='word_1_180' title='bbox 430 2531 580 2603; x_wconf 75' lang='lat' dir='ltr'><strong>Rogo</strong></span> <span class='ocrx_word' id='word_1_181' title='bbox 630 2544 702 2598; x_wconf 88' lang='lat' dir='ltr'><strong>te,</strong></span> <span class='ocrx_word' id='word_1_182' title='bbox 762 2535 1009 2602; x_wconf 83' lang='lat' dir='ltr'><strong>Domine,</strong></span> <span class='ocrx_word' id='word_1_183' title='bbox 1064 2540 1209 2593; x_wconf 80' lang='lat' dir='ltr'><strong>sicut</strong></span> <span class='ocrx_word' id='word_1_184' title='bbox 1259 2539 1404 2594; x_wconf 86' lang='lat' dir='ltr'><strong>l’ctri</strong></span> <span class='ocrx_word' id='word_1_185' title='bbox 1460 2541 1714 2612; x_wconf 66' lang='lat' dir='ltr'><strong>lacryuuis</strong></span> <span class='ocrx_word' id='word_1_186' title='bbox 1766 2546 2009 2612; x_wconf 65' lang='lat' dir='ltr'><strong>acceptis</strong></span> 
     </span>
    </p>
   </div>
   <div class='ocr_carea' id='block_1_28' title="bbox 429 2627 2005 2705">
    <p class='ocr_par' dir='ltr' id='par_1_28' title="bbox 429 2627 2005 2705">
     <span class='ocr_line' id='line_1_28' title="bbox 429 2627 2005 2705; baseline 0.004 -26"><span class='ocrx_word' id='word_1_187' title='bbox 429 2627 532 2694; x_wconf 87' lang='lat' dir='ltr'><strong>ipsi</strong></span> <span class='ocrx_word' id='word_1_188' title='bbox 588 2645 720 2697; x_wconf 80' lang='lat' dir='ltr'><strong>prop</strong></span> <span class='ocrx_word' id='word_1_189' title='bbox 746 2633 853 2684; x_wconf 84' lang='lat' dir='ltr'><strong>tius</strong></span> <span class='ocrx_word' id='word_1_190' title='bbox 892 2630 1061 2696; x_wconf 81' lang='lat' dir='ltr'><strong>fuisti,</strong></span> <span class='ocrx_word' id='word_1_191' title='bbox 1097 2641 1263 2702; x_wconf 86' lang='lat' dir='ltr'><strong>utque</strong></span> <span class='ocrx_word' id='word_1_192' title='bbox 1295 2632 1503 2697; x_wconf 65' lang='lat' dir='ltr'><strong>Ezt-ltia:</strong></span> <span class='ocrx_word' id='word_1_193' title='bbox 1541 2635 1810 2705; x_wconf 80' lang='lat' dir='ltr'><strong>laerymas</strong></span> <span class='ocrx_word' id='word_1_194' title='bbox 1845 2652 2005 2688; x_wconf 73' lang='lat' dir='ltr'><strong>acce-</strong></span> 
     </span>
    </p>
   </div>
   <div class='ocr_carea' id='block_1_29' title="bbox 430 2723 1999 2796">
    <p class='ocr_par' dir='ltr' id='par_1_29' title="bbox 430 2723 1999 2796">
     <span class='ocr_line' id='line_1_29' title="bbox 430 2723 1999 2796; baseline 0.006 -24"><span class='ocrx_word' id='word_1_195' title='bbox 430 2723 853 2787; x_wconf 59' lang='lat' dir='ltr'><strong>ptasbalmisti,</strong></span> <span class='ocrx_word' id='word_1_196' title='bbox 891 2740 989 2778; x_wconf 89' lang='lat' dir='ltr'><strong>nec</strong></span> <span class='ocrx_word' id='word_1_197' title='bbox 1048 2741 1155 2779; x_wconf 89' lang='lat' dir='ltr'><strong>non</strong></span> <span class='ocrx_word' id='word_1_198' title='bbox 1211 2726 1441 2780; x_wconf 79' lang='lat' dir='ltr'><strong>latronis</strong></span> <span class='ocrx_word' id='word_1_199' title='bbox 1496 2728 1590 2796; x_wconf 86' lang='lat' dir='ltr'><strong>qui</strong></span> <span class='ocrx_word' id='word_1_200' title='bbox 1652 2738 1833 2782; x_wconf 83' lang='lat' dir='ltr'><strong>tecum</strong></span> <span class='ocrx_word' id='word_1_201' title='bbox 1898 2746 1999 2781; x_wconf 83' lang='lat' dir='ltr'><strong>uua</strong></span> 
     </span>
    </p>
   </div>
   <div class='ocr_carea' id='block_1_30' title="bbox 428 2815 2004 2891">
    <p class='ocr_par' dir='ltr' id='par_1_30' title="bbox 428 2815 2004 2891">
     <span class='ocr_line' id='line_1_30' title="bbox 428 2815 2004 2891; baseline 0.007 -25"><span class='ocrx_word' id='word_1_202' title='bbox 428 2815 729 2867; x_wconf 76' lang='lat' dir='ltr'><strong>crucifixus</strong></span> <span class='ocrx_word' id='word_1_203' title='bbox 784 2828 870 2869; x_wconf 84' lang='lat' dir='ltr'><strong>cst</strong></span> <span class='ocrx_word' id='word_1_204' title='bbox 928 2819 1220 2889; x_wconf 73' lang='lat' dir='ltr'><strong>laenymas,</strong></span> <span class='ocrx_word' id='word_1_205' title='bbox 1275 2820 1349 2873; x_wconf 90' lang='lat' dir='ltr'><strong>ita</strong></span> <span class='ocrx_word' id='word_1_206' title='bbox 1406 2828 1462 2872; x_wconf 90' lang='lat' dir='ltr'><strong>et</strong></span> <span class='ocrx_word' id='word_1_207' title='bbox 1518 2821 1791 2891; x_wconf 87' lang='lat' dir='ltr'><strong>lacrymas</strong></span> <span class='ocrx_word' id='word_1_208' title='bbox 1854 2837 2004 2877; x_wconf 86' lang='lat' dir='ltr'><strong>meas</strong></span> 
     </span>
    </p>
   </div>
   <div class='ocr_carea' id='block_1_31' title="bbox 431 2906 2005 2982">
    <p class='ocr_par' dir='ltr' id='par_1_31' title="bbox 431 2906 2005 2982">
     <span class='ocr_line' id='line_1_31' title="bbox 431 2906 2005 2982; baseline 0.007 -24"><span class='ocrx_word' id='word_1_209' title='bbox 431 2906 705 2975; x_wconf 81' lang='lat' dir='ltr'><strong>respicere</strong></span> <span class='ocrx_word' id='word_1_210' title='bbox 758 2908 915 2972; x_wconf 81' lang='lat' dir='ltr'><strong>velis,</strong></span> <span class='ocrx_word' id='word_1_211' title='bbox 953 2910 1131 2979; x_wconf 86' lang='lat' dir='ltr'><strong>iisque</strong></span> <span class='ocrx_word' id='word_1_212' title='bbox 1168 2919 1392 2978; x_wconf 88' lang='lat' dir='ltr'><strong>peccata</strong></span> <span class='ocrx_word' id='word_1_213' title='bbox 1429 2926 1548 2965; x_wconf 87' lang='lat' dir='ltr'><strong>mea</strong></span> <span class='ocrx_word' id='word_1_214' title='bbox 1601 2912 1920 2982; x_wconf 81' lang='lat' dir='ltr'><strong>abstergere</strong></span> <span class='ocrx_word' id='word_1_215' title='bbox 1950 2924 2005 2969; x_wconf 93' lang='lat' dir='ltr'><strong>et</strong></span> 
     </span>
    </p>
   </div>
   <div class='ocr_carea' id='block_1_32' title="bbox 430 2999 2001 3075">
    <p class='ocr_par' dir='ltr' id='par_1_32' title="bbox 430 2999 2001 3075">
     <span class='ocr_line' id='line_1_32' title="bbox 430 2999 2001 3075; baseline 0.009 -28"><span class='ocrx_word' id='word_1_216' title='bbox 430 3013 529 3063; x_wconf 84' lang='lat' dir='ltr'><strong>pro</strong></span> <span class='ocrx_word' id='word_1_217' title='bbox 584 2999 932 3053; x_wconf 87' lang='lat' dir='ltr'><strong>multitudine</strong></span> <span class='ocrx_word' id='word_1_218' title='bbox 994 3002 1387 3057; x_wconf 63' lang='lat' dir='ltr'><strong>misericordiae</strong></span> <span class='ocrx_word' id='word_1_219' title='bbox 1443 3017 1549 3058; x_wconf 77' lang='lat' dir='ltr'><strong>tua:</strong></span> <span class='ocrx_word' id='word_1_220' title='bbox 1610 3021 1800 3075; x_wconf 79' lang='lat' dir='ltr'><strong>preces</strong></span> <span class='ocrx_word' id='word_1_221' title='bbox 1853 3023 2001 3061; x_wconf 85' lang='lat' dir='ltr'><strong>meas</strong></span> 
     </span>
    </p>
   </div>
   <div class='ocr_carea' id='block_1_33' title="bbox 2118 509 3708 580">
    <p class='ocr_par' dir='ltr' id='par_1_33' title="bbox 2118 509 3708 580">
     <span class='ocr_line' id='line_1_33' title="bbox 2118 509 3708 580; baseline 0 -16"><span class='ocrx_word' id='word_1_222' title='bbox 2118 520 2519 580; x_wconf 87' lang='lat' dir='ltr'><strong>narraruntque</strong></span> <span class='ocrx_word' id='word_1_223' title='bbox 2574 509 2649 563; x_wconf 85' lang='lat' dir='ltr'><strong>illi</strong></span> <span class='ocrx_word' id='word_1_224' title='bbox 2699 510 2789 578; x_wconf 85' lang='lat' dir='ltr'><strong>qui</strong></span> <span class='ocrx_word' id='word_1_225' title='bbox 2837 510 2995 579; x_wconf 71' lang='lat' dir='ltr'><strong>juxta</strong></span> <span class='ocrx_word' id='word_1_226' title='bbox 3058 510 3329 563; x_wconf 72' lang='lat' dir='ltr'><strong>latronem</strong></span> <span class='ocrx_word' id='word_1_227' title='bbox 3387 509 3708 564; x_wconf 71' lang='lat' dir='ltr'><strong>dortuirc-ut</strong></span> 
     </span>
    </p>
   </div>
   <div class='ocr_carea' id='block_1_34' title="bbox 2114 600 3701 671">
    <p class='ocr_par' dir='ltr' id='par_1_34' title="bbox 2114 600 3701 671">
     <span class='ocr_line' id='line_1_34' title="bbox 2114 600 3701 671; baseline -0.003 -16"><span class='ocrx_word' id='word_1_228' title='bbox 2114 618 2255 671; x_wconf 88' lang='lat' dir='ltr'><strong>quos</strong></span> <span class='ocrx_word' id='word_1_229' title='bbox 2288 602 2463 671; x_wconf 80' lang='lat' dir='ltr'><strong>ipsius</strong></span> <span class='ocrx_word' id='word_1_230' title='bbox 2492 601 2653 656; x_wconf 84' lang='lat' dir='ltr'><strong>fletus</strong></span> <span class='ocrx_word' id='word_1_231' title='bbox 2681 612 2736 655; x_wconf 90' lang='lat' dir='ltr'><strong>et</strong></span> <span class='ocrx_word' id='word_1_232' title='bbox 2767 600 3203 671; x_wconf 74' lang='lat' dir='ltr'><strong>supplicationes</strong></span> <span class='ocrx_word' id='word_1_233' title='bbox 3231 601 3543 655; x_wconf 85' lang='lat' dir='ltr'><strong>audierant.</strong></span> <span class='ocrx_word' id='word_1_234' title='bbox 3584 602 3701 652; x_wconf 62' lang='grc' dir='ltr'><strong>διες</strong></span> 
     </span>
    </p>
   </div>
   <div class='ocr_carea' id='block_1_35' title="bbox 2116 692 3705 763">
    <p class='ocr_par' dir='ltr' id='par_1_35' title="bbox 2116 692 3705 763">
     <span class='ocr_line' id='line_1_35' title="bbox 2116 692 3705 763; baseline -0.003 -14"><span class='ocrx_word' id='word_1_235' title='bbox 2116 694 2273 749; x_wconf 88' lang='lat' dir='ltr'><strong>dicus</strong></span> <span class='ocrx_word' id='word_1_236' title='bbox 2305 709 2437 759; x_wconf 80' lang='lat' dir='ltr'><strong>ergo</strong></span> <span class='ocrx_word' id='word_1_237' title='bbox 2471 703 2696 763; x_wconf 79' lang='lat' dir='ltr'><strong>accepto</strong></span> <span class='ocrx_word' id='word_1_238' title='bbox 2745 693 2971 747; x_wconf 71' lang='lat' dir='ltr'><strong>sudario</strong></span> <span class='ocrx_word' id='word_1_239' title='bbox 3025 693 3091 746; x_wconf 88' lang='lat' dir='ltr'><strong>ad</strong></span> <span class='ocrx_word' id='word_1_240' title='bbox 3145 692 3472 747; x_wconf 67' lang='lat' dir='ltr'><strong>blanricium</strong></span> <span class='ocrx_word' id='word_1_241' title='bbox 3526 692 3705 755; x_wconf 74' lang='lat' dir='ltr'><strong>imre-</strong></span> 
     </span>
    </p>
   </div>
   <div class='ocr_carea' id='block_1_36' title="bbox 2117 782 3706 854">
    <p class='ocr_par' dir='ltr' id='par_1_36' title="bbox 2117 782 3706 854">
     <span class='ocr_line' id='line_1_36' title="bbox 2117 782 3706 854; baseline -0.002 -16"><span class='ocrx_word' id='word_1_242' title='bbox 2117 794 2355 838; x_wconf 85' lang='lat' dir='ltr'><strong>ratoretu</strong></span> <span class='ocrx_word' id='word_1_243' title='bbox 2388 786 2671 854; x_wconf 85' lang='lat' dir='ltr'><strong>ingressus</strong></span> <span class='ocrx_word' id='word_1_244' title='bbox 2706 783 2839 838; x_wconf 86' lang='lat' dir='ltr'><strong>illud</strong></span> <span class='ocrx_word' id='word_1_245' title='bbox 2876 784 2979 853; x_wconf 87' lang='lat' dir='ltr'><strong>ipsi</strong></span> <span class='ocrx_word' id='word_1_246' title='bbox 3018 784 3257 838; x_wconf 85' lang='lat' dir='ltr'><strong>ostendit</strong></span> <span class='ocrx_word' id='word_1_247' title='bbox 3308 792 3363 837; x_wconf 89' lang='lat' dir='ltr'><strong>et</strong></span> <span class='ocrx_word' id='word_1_248' title='bbox 3416 792 3531 836; x_wconf 88' lang='lat' dir='ltr'><strong>tum</strong></span> <span class='ocrx_word' id='word_1_249' title='bbox 3561 782 3706 851; x_wconf 87' lang='lat' dir='ltr'><strong>quid</strong></span> 
     </span>
    </p>
   </div>
   <div class='ocr_carea' id='block_1_37' title="bbox 2122 875 3706 947">
    <p class='ocr_par' dir='ltr' id='par_1_37' title="bbox 2122 875 3706 947">
     <span class='ocr_line' id='line_1_37' title="bbox 2122 875 3706 947; baseline -0.001 -18"><span class='ocrx_word' id='word_1_250' title='bbox 2122 878 2176 929; x_wconf 90' lang='lat' dir='ltr'><strong>iu</strong></span> <span class='ocrx_word' id='word_1_251' title='bbox 2208 876 2424 931; x_wconf 88' lang='lat' dir='ltr'><strong>somnio</strong></span> <span class='ocrx_word' id='word_1_252' title='bbox 2456 890 2560 931; x_wconf 82' lang='lat' dir='ltr'><strong>suo</strong></span> <span class='ocrx_word' id='word_1_253' title='bbox 2589 876 2820 941; x_wconf 85' lang='lat' dir='ltr'><strong>viderat,</strong></span> <span class='ocrx_word' id='word_1_254' title='bbox 2870 886 2984 930; x_wconf 90' lang='lat' dir='ltr'><strong>tum</strong></span> <span class='ocrx_word' id='word_1_255' title='bbox 3020 875 3149 945; x_wconf 88' lang='lat' dir='ltr'><strong>quid</strong></span> <span class='ocrx_word' id='word_1_256' title='bbox 3186 878 3253 930; x_wconf 86' lang='lat' dir='ltr'><strong>ab</strong></span> <span class='ocrx_word' id='word_1_257' title='bbox 3288 876 3393 931; x_wconf 88' lang='lat' dir='ltr'><strong>illis</strong></span> <span class='ocrx_word' id='word_1_258' title='bbox 3423 876 3517 947; x_wconf 88' lang='lat' dir='ltr'><strong>qui</strong></span> <span class='ocrx_word' id='word_1_259' title='bbox 3540 875 3706 946; x_wconf 71' lang='lat' dir='ltr'><strong>juxta</strong></span> 
     </span>
    </p>
   </div>
   <div class='ocr_carea' id='block_1_38' title="bbox 2116 968 3708 1039">
    <p class='ocr_par' dir='ltr' id='par_1_38' title="bbox 2116 968 3708 1039">
     <span class='ocr_line' id='line_1_38' title="bbox 2116 968 3708 1039; baseline 0.001 -20"><span class='ocrx_word' id='word_1_260' title='bbox 2116 968 2382 1022; x_wconf 81' lang='lat' dir='ltr'><strong>latronem</strong></span> <span class='ocrx_word' id='word_1_261' title='bbox 2428 968 2597 1039; x_wconf 69' lang='lat'><strong>200</strong></span> <span class='ocrx_word' id='word_1_262' title='bbox 2666 969 2978 1023; x_wconf 85' lang='lat' dir='ltr'><strong>dormirent</strong></span> <span class='ocrx_word' id='word_1_263' title='bbox 3031 969 3339 1034; x_wconf 83' lang='lat' dir='ltr'><strong>audiverat,</strong></span> <span class='ocrx_word' id='word_1_264' title='bbox 3410 972 3708 1035; x_wconf 84' lang='lat' dir='ltr'><strong>narravit;</strong></span> 
     </span>
    </p>
   </div>
   <div class='ocr_carea' id='block_1_39' title="bbox 2115 1058 3706 1131">
    <p class='ocr_par' dir='ltr' id='par_1_39' title="bbox 2115 1058 3706 1131">
     <span class='ocr_line' id='line_1_39' title="bbox 2115 1058 3706 1131; baseline 0.001 -19"><span class='ocrx_word' id='word_1_265' title='bbox 2115 1058 2359 1130; x_wconf 78' lang='lat' dir='ltr'><strong>dixitque</strong></span> <span class='ocrx_word' id='word_1_266' title='bbox 2394 1060 2716 1130; x_wconf 87' lang='lat' dir='ltr'><strong>imperatori</strong></span> <span class='ocrx_word' id='word_1_267' title='bbox 2750 1080 2763 1114; x_wconf 86' lang='lat'>:</span> <span class='ocrx_word' id='word_1_268' title='bbox 2800 1061 2912 1115; x_wconf 87' lang='lat' dir='ltr'><strong>Deo</strong></span> <span class='ocrx_word' id='word_1_269' title='bbox 2945 1060 3063 1116; x_wconf 85' lang='lat' dir='ltr'><strong>laus</strong></span> <span class='ocrx_word' id='word_1_270' title='bbox 3094 1061 3188 1130; x_wconf 90' lang='lat' dir='ltr'><strong>qui</strong></span> <span class='ocrx_word' id='word_1_271' title='bbox 3223 1075 3327 1131; x_wconf 87' lang='lat' dir='ltr'><strong>ope</strong></span> <span class='ocrx_word' id='word_1_272' title='bbox 3377 1068 3472 1115; x_wconf 87' lang='lat' dir='ltr'><strong>tua</strong></span> <span class='ocrx_word' id='word_1_273' title='bbox 3524 1060 3706 1115; x_wconf 86' lang='lat' dir='ltr'><strong>latro-</strong></span> 
     </span>
    </p>
   </div>
   <div class='ocr_carea' id='block_1_40' title="bbox 2116 1152 3706 1221">
    <p class='ocr_par' dir='ltr' id='par_1_40' title="bbox 2116 1152 3706 1221">
     <span class='ocr_line' id='line_1_40' title="bbox 2116 1152 3706 1221; baseline 0.001 -18"><span class='ocrx_word' id='word_1_274' title='bbox 2116 1167 2238 1204; x_wconf 85' lang='lat' dir='ltr'><strong>nem</strong></span> <span class='ocrx_word' id='word_1_275' title='bbox 2284 1152 2507 1218; x_wconf 85' lang='lat' dir='ltr'><strong>recepit,</strong></span> <span class='ocrx_word' id='word_1_276' title='bbox 2544 1152 2758 1221; x_wconf 82' lang='lat' dir='ltr'><strong>ipsique</strong></span> <span class='ocrx_word' id='word_1_277' title='bbox 2805 1152 3158 1218; x_wconf 79' lang='lat' dir='ltr'><strong>condonavit,</strong></span> <span class='ocrx_word' id='word_1_278' title='bbox 3211 1160 3269 1207; x_wconf 91' lang='lat' dir='ltr'><strong>ut</strong></span> <span class='ocrx_word' id='word_1_279' title='bbox 3321 1162 3378 1207; x_wconf 88' lang='lat' dir='ltr'><strong>et</strong></span> <span class='ocrx_word' id='word_1_280' title='bbox 3419 1153 3706 1207; x_wconf 74' lang='lat' dir='ltr'><strong>latronem</strong></span> 
     </span>
    </p>
   </div>
   <div class='ocr_carea' id='block_1_41' title="bbox 2116 1242 3704 1314">
    <p class='ocr_par' dir='ltr' id='par_1_41' title="bbox 2116 1242 3704 1314">
     <span class='ocr_line' id='line_1_41' title="bbox 2116 1242 3704 1314; baseline 0.006 -24"><span class='ocrx_word' id='word_1_281' title='bbox 2116 1242 2353 1309; x_wconf 68' lang='lat' dir='ltr'><strong>puiorcm</strong></span> <span class='ocrx_word' id='word_1_282' title='bbox 2391 1243 2445 1297; x_wconf 92' lang='lat' dir='ltr'><strong>in</strong></span> <span class='ocrx_word' id='word_1_283' title='bbox 2483 1260 2648 1297; x_wconf 80' lang='lat' dir='ltr'><strong>cruce</strong></span> <span class='ocrx_word' id='word_1_284' title='bbox 2687 1245 2949 1299; x_wconf 83' lang='lat' dir='ltr'><strong>admisit:</strong></span> <span class='ocrx_word' id='word_1_285' title='bbox 3005 1244 3106 1297; x_wconf 85' lang='lat' dir='ltr'><strong>fuit</strong></span> <span class='ocrx_word' id='word_1_286' title='bbox 3162 1244 3253 1298; x_wconf 91' lang='lat' dir='ltr'><strong>ille</strong></span> <span class='ocrx_word' id='word_1_287' title='bbox 3308 1246 3543 1314; x_wconf 75' lang='lat' dir='ltr'><strong>primus.</strong></span> <span class='ocrx_word' id='word_1_288' title='bbox 3604 1246 3704 1299; x_wconf 88' lang='lat' dir='ltr'><strong>hic</strong></span> 
     </span>
    </p>
   </div>
   <div class='ocr_carea' id='block_1_42' title="bbox 2113 1334 3705 1401">
    <p class='ocr_par' dir='ltr' id='par_1_42' title="bbox 2113 1334 3705 1401">
     <span class='ocr_line' id='line_1_42' title="bbox 2113 1334 3705 1401; baseline 0 -15"><span class='ocrx_word' id='word_1_289' title='bbox 2113 1334 2409 1388; x_wconf 88' lang='lat' dir='ltr'><strong>secundus.</strong></span> <span class='ocrx_word' id='word_1_290' title='bbox 2448 1334 2616 1389; x_wconf 85' lang='lat' dir='ltr'><strong>Porro</strong></span> <span class='ocrx_word' id='word_1_291' title='bbox 2648 1335 2884 1391; x_wconf 63' lang='grc' dir='ltr'><strong>Ποῖ-ιιιοῑ</strong></span> <span class='ocrx_word' id='word_1_292' title='bbox 2918 1336 3000 1389; x_wconf 85' lang='lat' dir='ltr'><strong>lil.</strong></span> <span class='ocrx_word' id='word_1_293' title='bbox 3035 1334 3460 1401; x_wconf 80' lang='lat' dir='ltr'><strong>Anusherwani,</strong></span> <span class='ocrx_word' id='word_1_294' title='bbox 3490 1336 3705 1391; x_wconf 75' lang='lat' dir='ltr'><strong>Persa-</strong></span> 
     </span>
    </p>
   </div>
   <div class='ocr_carea' id='block_1_43' title="bbox 2114 1425 3705 1500">
    <p class='ocr_par' dir='ltr' id='par_1_43' title="bbox 2114 1425 3705 1500">
     <span class='ocr_line' id='line_1_43' title="bbox 2114 1425 3705 1500; baseline 0.002 -21"><span class='ocrx_word' id='word_1_295' title='bbox 2114 1441 2234 1479; x_wconf 89' lang='lat' dir='ltr'><strong>rum</strong></span> <span class='ocrx_word' id='word_1_296' title='bbox 2269 1443 2358 1481; x_wconf 75' lang='lat' dir='ltr'><strong>rex</strong></span> <span class='ocrx_word' id='word_1_297' title='bbox 2396 1425 2468 1481; x_wconf 91' lang='lat' dir='ltr'><strong>ob</strong></span> <span class='ocrx_word' id='word_1_298' title='bbox 2507 1427 2801 1483; x_wconf 77' lang='lat' dir='ltr'><strong>ferociam.</strong></span> <span class='ocrx_word' id='word_1_299' title='bbox 2836 1428 3091 1481; x_wconf 86' lang='lat' dir='ltr'><strong>duritiem</strong></span> <span class='ocrx_word' id='word_1_300' title='bbox 3138 1436 3194 1482; x_wconf 86' lang='lat' dir='ltr'><strong>et</strong></span> <span class='ocrx_word' id='word_1_301' title='bbox 3228 1428 3575 1500; x_wconf 76' lang='lat' dir='ltr'><strong>tyrannidem</strong></span> <span class='ocrx_word' id='word_1_302' title='bbox 3609 1429 3705 1482; x_wconf 83' lang='lat' dir='ltr'><strong>in-</strong></span> 
     </span>
    </p>
   </div>
   <div class='ocr_carea' id='block_1_44' title="bbox 2113 1516 3703 1589">
    <p class='ocr_par' dir='ltr' id='par_1_44' title="bbox 2113 1516 3703 1589">
     <span class='ocr_line' id='line_1_44' title="bbox 2113 1516 3703 1589; baseline 0 -20"><span class='ocrx_word' id='word_1_303' title='bbox 2113 1517 2275 1571; x_wconf 86' lang='lat' dir='ltr'><strong>famis</strong></span> <span class='ocrx_word' id='word_1_304' title='bbox 2309 1516 2431 1581; x_wconf 85' lang='lat' dir='ltr'><strong>fuit,</strong></span> <span class='ocrx_word' id='word_1_305' title='bbox 2483 1519 2623 1575; x_wconf 86' lang='lat' dir='ltr'><strong>male</strong></span> <span class='ocrx_word' id='word_1_306' title='bbox 2659 1519 2909 1574; x_wconf 82' lang='lat' dir='ltr'><strong>homines</strong></span> <span class='ocrx_word' id='word_1_307' title='bbox 2940 1528 3203 1580; x_wconf 86' lang='lat' dir='ltr'><strong>tractans,</strong></span> <span class='ocrx_word' id='word_1_308' title='bbox 3264 1532 3471 1589; x_wconf 80' lang='lat' dir='ltr'><strong>eosque</strong></span> <span class='ocrx_word' id='word_1_309' title='bbox 3508 1520 3560 1573; x_wconf 90' lang='lat' dir='ltr'><strong>in</strong></span> <span class='ocrx_word' id='word_1_310' title='bbox 3591 1535 3703 1571; x_wconf 85' lang='lat' dir='ltr'><strong>an-</strong></span> 
     </span>
    </p>
   </div>
   <div class='ocr_carea' id='block_1_45' title="bbox 2112 1610 3704 1679">
    <p class='ocr_par' dir='ltr' id='par_1_45' title="bbox 2112 1610 3704 1679">
     <span class='ocr_line' id='line_1_45' title="bbox 2112 1610 3704 1679; baseline 0.003 -16"><span class='ocrx_word' id='word_1_311' title='bbox 2112 1612 2323 1679; x_wconf 82' lang='lat' dir='ltr'><strong>gustias</strong></span> <span class='ocrx_word' id='word_1_312' title='bbox 2384 1610 2682 1679; x_wconf 77' lang='lat' dir='ltr'><strong>redigeus;</strong></span> <span class='ocrx_word' id='word_1_313' title='bbox 2738 1610 2923 1666; x_wconf 86' lang='lat' dir='ltr'><strong>multis</strong></span> <span class='ocrx_word' id='word_1_314' title='bbox 2974 1610 3321 1666; x_wconf 87' lang='lat' dir='ltr'><strong>subditorum</strong></span> <span class='ocrx_word' id='word_1_315' title='bbox 3378 1626 3603 1666; x_wconf 75' lang='lat' dir='ltr'><strong>suorum</strong></span> <span class='ocrx_word' id='word_1_316' title='bbox 3640 1612 3704 1668; x_wconf 68' lang='lat' dir='ltr'><strong>in</strong></span> 
     </span>
    </p>
   </div>
   <div class='ocr_carea' id='block_1_46' title="bbox 2112 1701 3705 1773">
    <p class='ocr_par' dir='ltr' id='par_1_46' title="bbox 2112 1701 3705 1773">
     <span class='ocr_line' id='line_1_46' title="bbox 2112 1701 3705 1773; baseline 0.002 -18"><span class='ocrx_word' id='word_1_317' title='bbox 2112 1716 2395 1759; x_wconf 88' lang='lat' dir='ltr'><strong>carcerem</strong></span> <span class='ocrx_word' id='word_1_318' title='bbox 2432 1703 2703 1772; x_wconf 77' lang='lat' dir='ltr'><strong>conjectis</strong></span> <span class='ocrx_word' id='word_1_319' title='bbox 2754 1713 2807 1759; x_wconf 90' lang='lat' dir='ltr'><strong>et</strong></span> <span class='ocrx_word' id='word_1_320' title='bbox 2841 1701 2909 1757; x_wconf 89' lang='lat' dir='ltr'><strong>de</strong></span> <span class='ocrx_word' id='word_1_321' title='bbox 2961 1704 3134 1773; x_wconf 78' lang='lat' dir='ltr'><strong>gradu</strong></span> <span class='ocrx_word' id='word_1_322' title='bbox 3188 1702 3524 1759; x_wconf 82' lang='lat' dir='ltr'><strong>deturbatis.</strong></span> <span class='ocrx_word' id='word_1_323' title='bbox 3580 1703 3705 1759; x_wconf 74' lang='lat' dir='ltr'><strong>liae</strong></span> 
     </span>
    </p>
   </div>
   <div class='ocr_carea' id='block_1_47' title="bbox 2113 1794 3700 1864">
    <p class='ocr_par' dir='ltr' id='par_1_47' title="bbox 2113 1794 3700 1864">
     <span class='ocr_line' id='line_1_47' title="bbox 2113 1794 3700 1864; baseline 0.003 -18"><span class='ocrx_word' id='word_1_324' title='bbox 2113 1801 2296 1848; x_wconf 86' lang='lat' dir='ltr'><strong>autem</strong></span> <span class='ocrx_word' id='word_1_325' title='bbox 2354 1794 2516 1849; x_wconf 89' lang='lat' dir='ltr'><strong>modo</strong></span> <span class='ocrx_word' id='word_1_326' title='bbox 2550 1794 2682 1849; x_wconf 88' lang='lat' dir='ltr'><strong>dum</strong></span> <span class='ocrx_word' id='word_1_327' title='bbox 2730 1810 2790 1851; x_wconf 85' lang='lat' dir='ltr'><strong>se</strong></span> <span class='ocrx_word' id='word_1_328' title='bbox 2846 1804 3083 1864; x_wconf 80' lang='lat' dir='ltr'><strong>gereret.</strong></span> <span class='ocrx_word' id='word_1_329' title='bbox 3140 1810 3271 1851; x_wconf 77' lang='lat' dir='ltr'><strong>ecce</strong></span> <span class='ocrx_word' id='word_1_330' title='bbox 3318 1805 3515 1852; x_wconf 85' lang='lat' dir='ltr'><strong>contra</strong></span> <span class='ocrx_word' id='word_1_331' title='bbox 3563 1813 3700 1851; x_wconf 71' lang='lat' dir='ltr'><strong>etim</strong></span> 
     </span>
    </p>
   </div>
   <div class='ocr_carea' id='block_1_48' title="bbox 2111 1886 3699 1956">
    <p class='ocr_par' dir='ltr' id='par_1_48' title="bbox 2111 1886 3699 1956">
     <span class='ocr_line' id='line_1_48' title="bbox 2111 1886 3699 1956; baseline 0.003 -17"><span class='ocrx_word' id='word_1_332' title='bbox 2111 1887 2397 1956; x_wconf 85' lang='lat' dir='ltr'><strong>profectus</strong></span> <span class='ocrx_word' id='word_1_333' title='bbox 2426 1897 2511 1944; x_wconf 86' lang='lat' dir='ltr'><strong>est</strong></span> <span class='ocrx_word' id='word_1_334' title='bbox 2543 1886 2768 1943; x_wconf 79' lang='lat' dir='ltr'><strong>Chakan</strong></span> <span class='ocrx_word' id='word_1_335' title='bbox 2805 1902 2932 1941; x_wconf 89' lang='lat' dir='ltr'><strong>cum</strong></span> <span class='ocrx_word' id='word_1_336' title='bbox 2960 1888 3297 1945; x_wconf 71' lang='lat' dir='ltr'><strong>exercitibus</strong></span> <span class='ocrx_word' id='word_1_337' title='bbox 3338 1890 3699 1954; x_wconf 79' lang='lat' dir='ltr'><strong>numerosis;</strong></span> 
     </span>
    </p>
   </div>
   <div class='ocr_carea' id='block_1_49' title="bbox 2106 1978 3693 2050">
    <p class='ocr_par' dir='ltr' id='par_1_49' title="bbox 2106 1978 3693 2050">
     <span class='ocr_line' id='line_1_49' title="bbox 2106 1978 3693 2050; baseline 0.001 -18"><span class='ocrx_word' id='word_1_338' title='bbox 2106 1980 2308 2050; x_wconf 78' lang='lat' dir='ltr'><strong>quibus</strong></span> <span class='ocrx_word' id='word_1_339' title='bbox 2339 1982 2557 2036; x_wconf 90' lang='lat' dir='ltr'><strong>obviam</strong></span> <span class='ocrx_word' id='word_1_340' title='bbox 2593 1981 2739 2036; x_wconf 84' lang='lat' dir='ltr'><strong>misit</strong></span> <span class='ocrx_word' id='word_1_341' title='bbox 2768 1978 3005 2035; x_wconf 85' lang='lat' dir='ltr'><strong>Hormoz</strong></span> <span class='ocrx_word' id='word_1_342' title='bbox 3041 1980 3216 2036; x_wconf 88' lang='lat' dir='ltr'><strong>virum</strong></span> <span class='ocrx_word' id='word_1_343' title='bbox 3249 1981 3545 2050; x_wconf 83' lang='lat' dir='ltr'><strong>quemdam</strong></span> <span class='ocrx_word' id='word_1_344' title='bbox 3582 1998 3693 2035; x_wconf 81' lang='lat' dir='ltr'><strong>no-</strong></span> 
     </span>
    </p>
   </div>
   <div class='ocr_carea' id='block_1_50' title="bbox 2108 2073 3702 2143">
    <p class='ocr_par' dir='ltr' id='par_1_50' title="bbox 2108 2073 3702 2143">
     <span class='ocr_line' id='line_1_50' title="bbox 2108 2073 3702 2143; baseline 0.003 -16"><span class='ocrx_word' id='word_1_345' title='bbox 2108 2075 2256 2128; x_wconf 83' lang='lat' dir='ltr'><strong>mine</strong></span> <span class='ocrx_word' id='word_1_346' title='bbox 2280 2075 2631 2136; x_wconf 87' lang='lat' dir='ltr'><strong>Baltramnm,</strong></span> <span class='ocrx_word' id='word_1_347' title='bbox 2682 2073 2933 2128; x_wconf 86' lang='lat' dir='ltr'><strong>Baltrami</strong></span> <span class='ocrx_word' id='word_1_348' title='bbox 2970 2073 3137 2130; x_wconf 81' lang='lat' dir='ltr'><strong>ﬁlium</strong></span> <span class='ocrx_word' id='word_1_349' title='bbox 3175 2074 3289 2143; x_wconf 87' lang='lat' dir='ltr'><strong>(qui</strong></span> <span class='ocrx_word' id='word_1_350' title='bbox 3316 2076 3479 2129; x_wconf 90' lang='lat' dir='ltr'><strong>etiam</strong></span> <span class='ocrx_word' id='word_1_351' title='bbox 3528 2075 3702 2131; x_wconf 88' lang='lat' dir='ltr'><strong>Sunir</strong></span> 
     </span>
    </p>
   </div>
   <div class='ocr_carea' id='block_1_51' title="bbox 2113 2166 3703 2235">
    <p class='ocr_par' dir='ltr' id='par_1_51' title="bbox 2113 2166 3703 2235">
     <span class='ocr_line' id='line_1_51' title="bbox 2113 2166 3703 2235; baseline 0.002 -15"><span class='ocrx_word' id='word_1_352' title='bbox 2113 2167 2316 2234; x_wconf 89' lang='lat' dir='ltr'><strong>dictus)</strong></span> <span class='ocrx_word' id='word_1_353' title='bbox 2342 2210 2355 2227; x_wconf 91' lang='lat'><strong>.</strong></span> <span class='ocrx_word' id='word_1_354' title='bbox 2380 2184 2503 2221; x_wconf 89' lang='lat' dir='ltr'><strong>cum</strong></span> <span class='ocrx_word' id='word_1_355' title='bbox 2532 2168 2821 2221; x_wconf 83' lang='lat' dir='ltr'><strong>duodecim</strong></span> <span class='ocrx_word' id='word_1_356' title='bbox 2856 2167 3088 2221; x_wconf 89' lang='lat' dir='ltr'><strong>militum</strong></span> <span class='ocrx_word' id='word_1_357' title='bbox 3121 2166 3387 2222; x_wconf 88' lang='lat' dir='ltr'><strong>millibus.</strong></span> <span class='ocrx_word' id='word_1_358' title='bbox 3413 2166 3703 2235; x_wconf 73' lang='lat' dir='ltr'><strong>lnterfecit</strong></span> 
     </span>
    </p>
   </div>
   <div class='ocr_carea' id='block_1_52' title="bbox 2108 2258 3701 2330">
    <p class='ocr_par' dir='ltr' id='par_1_52' title="bbox 2108 2258 3701 2330">
     <span class='ocr_line' id='line_1_52' title="bbox 2108 2258 3701 2330; baseline 0.001 -17"><span class='ocrx_word' id='word_1_359' title='bbox 2108 2275 2237 2329; x_wconf 80' lang='lat' dir='ltr'><strong>ergo</strong></span> <span class='ocrx_word' id='word_1_360' title='bbox 2274 2259 2508 2313; x_wconf 81' lang='lat' dir='ltr'><strong>Baltram</strong></span> <span class='ocrx_word' id='word_1_361' title='bbox 2569 2258 2734 2314; x_wconf 86' lang='lat' dir='ltr'><strong>Sunir</strong></span> <span class='ocrx_word' id='word_1_362' title='bbox 2768 2258 3111 2325; x_wconf 76' lang='lat' dir='ltr'><strong>Cltakanum,</strong></span> <span class='ocrx_word' id='word_1_363' title='bbox 3168 2260 3466 2329; x_wconf 81' lang='lat' dir='ltr'><strong>copiasque</strong></span> <span class='ocrx_word' id='word_1_364' title='bbox 3518 2260 3701 2330; x_wconf 73' lang='lat' dir='ltr'><strong>ipsi-2s</strong></span> 
     </span>
    </p>
   </div>
   <div class='ocr_carea' id='block_1_53' title="bbox 2107 2351 3694 2422">
    <p class='ocr_par' dir='ltr' id='par_1_53' title="bbox 2107 2351 3694 2422">
     <span class='ocr_line' id='line_1_53' title="bbox 2107 2351 3694 2422; baseline 0.001 -17"><span class='ocrx_word' id='word_1_365' title='bbox 2107 2351 2429 2420; x_wconf 85' lang='lat' dir='ltr'><strong>spoliandas</strong></span> <span class='ocrx_word' id='word_1_366' title='bbox 2460 2352 2628 2409; x_wconf 89' lang='lat' dir='ltr'><strong>dedit.</strong></span> <span class='ocrx_word' id='word_1_367' title='bbox 2670 2355 2737 2405; x_wconf 74' lang='lat' dir='ltr'><strong>At</strong></span> <span class='ocrx_word' id='word_1_368' title='bbox 2770 2368 2893 2406; x_wconf 90' lang='lat' dir='ltr'><strong>cum</strong></span> <span class='ocrx_word' id='word_1_369' title='bbox 2933 2354 3210 2422; x_wconf 80' lang='lat' dir='ltr'><strong>negotium</strong></span> <span class='ocrx_word' id='word_1_370' title='bbox 3245 2355 3346 2407; x_wconf 87' lang='lat' dir='ltr'><strong>hoc</strong></span> <span class='ocrx_word' id='word_1_371' title='bbox 3386 2369 3512 2407; x_wconf 90' lang='lat' dir='ltr'><strong>cum</strong></span> <span class='ocrx_word' id='word_1_372' title='bbox 3542 2352 3694 2408; x_wconf 71' lang='lat' dir='ltr'><strong>Clua-</strong></span> 
     </span>
    </p>
   </div>
   <div class='ocr_carea' id='block_1_54' title="bbox 2107 2445 3698 2515">
    <p class='ocr_par' dir='ltr' id='par_1_54' title="bbox 2107 2445 3698 2515">
     <span class='ocr_line' id='line_1_54' title="bbox 2107 2445 3698 2515; baseline -0.001 -14"><span class='ocrx_word' id='word_1_373' title='bbox 2107 2447 2250 2501; x_wconf 79' lang='lat' dir='ltr'><strong>itzttlo</strong></span> <span class='ocrx_word' id='word_1_374' title='bbox 2283 2446 2675 2515; x_wconf 78' lang='lat' dir='ltr'><strong>expcdivisset,</strong></span> <span class='ocrx_word' id='word_1_375' title='bbox 2735 2446 2788 2500; x_wconf 90' lang='lat' dir='ltr'><strong>in</strong></span> <span class='ocrx_word' id='word_1_376' title='bbox 2842 2455 3077 2501; x_wconf 83' lang='lat' dir='ltr'><strong>tuentem</strong></span> <span class='ocrx_word' id='word_1_377' title='bbox 3133 2460 3394 2501; x_wconf 85' lang='lat' dir='ltr'><strong>revocans</strong></span> <span class='ocrx_word' id='word_1_378' title='bbox 3432 2445 3698 2502; x_wconf 87' lang='lat' dir='ltr'><strong>llormozi</strong></span> 
     </span>
    </p>
   </div>
   <div class='ocr_carea' id='block_1_55' title="bbox 2107 2537 3699 2611">
    <p class='ocr_par' dir='ltr' id='par_1_55' title="bbox 2107 2537 3699 2611">
     <span class='ocr_line' id='line_1_55' title="bbox 2107 2537 3699 2611; baseline 0 -18"><span class='ocrx_word' id='word_1_379' title='bbox 2107 2539 2367 2594; x_wconf 76' lang='lat' dir='ltr'><strong>ferociam</strong></span> <span class='ocrx_word' id='word_1_380' title='bbox 2425 2551 2481 2595; x_wconf 91' lang='lat' dir='ltr'><strong>et</strong></span> <span class='ocrx_word' id='word_1_381' title='bbox 2538 2538 2905 2611; x_wconf 82' lang='lat' dir='ltr'><strong>tyrannidem,</strong></span> <span class='ocrx_word' id='word_1_382' title='bbox 2961 2551 3210 2609; x_wconf 84' lang='lat' dir='ltr'><strong>quaSque</strong></span> <span class='ocrx_word' id='word_1_383' title='bbox 3264 2538 3333 2591; x_wconf 85' lang='lat' dir='ltr'><strong>de.</strong></span> <span class='ocrx_word' id='word_1_384' title='bbox 3370 2537 3609 2593; x_wconf 84' lang='lat' dir='ltr'><strong>ducibus</strong></span> <span class='ocrx_word' id='word_1_385' title='bbox 3642 2548 3699 2593; x_wconf 87' lang='lat' dir='ltr'><strong>et</strong></span> 
     </span>
    </p>
   </div>
   <div class='ocr_carea' id='block_1_56' title="bbox 2107 2633 3697 2705">
    <p class='ocr_par' dir='ltr' id='par_1_56' title="bbox 2107 2633 3697 2705">
     <span class='ocr_line' id='line_1_56' title="bbox 2107 2633 3697 2705; baseline -0.003 -13"><span class='ocrx_word' id='word_1_386' title='bbox 2107 2636 2443 2692; x_wconf 71' lang='lat' dir='ltr'><strong>ext-rcitibus</strong></span> <span class='ocrx_word' id='word_1_387' title='bbox 2480 2637 2595 2691; x_wconf 82' lang='lat' dir='ltr'><strong>suis</strong></span> <span class='ocrx_word' id='word_1_388' title='bbox 2648 2635 2997 2705; x_wconf 86' lang='lat' dir='ltr'><strong>suspiciones</strong></span> <span class='ocrx_word' id='word_1_389' title='bbox 3039 2634 3211 2687; x_wconf 86' lang='lat' dir='ltr'><strong>malas</strong></span> <span class='ocrx_word' id='word_1_390' title='bbox 3247 2633 3473 2699; x_wconf 77' lang='lat' dir='ltr'><strong>foveret,</strong></span> <span class='ocrx_word' id='word_1_391' title='bbox 3508 2635 3697 2688; x_wconf 71' lang='lat' dir='ltr'><strong>timuit</strong></span> 
     </span>
    </p>
   </div>
   <div class='ocr_carea' id='block_1_57' title="bbox 2110 2724 3695 2801">
    <p class='ocr_par' dir='ltr' id='par_1_57' title="bbox 2110 2724 3695 2801">
     <span class='ocr_line' id='line_1_57' title="bbox 2110 2724 3695 2801; baseline -0.003 -19"><span class='ocrx_word' id='word_1_392' title='bbox 2110 2730 2175 2783; x_wconf 89' lang='lat' dir='ltr'><strong>ad</strong></span> <span class='ocrx_word' id='word_1_393' title='bbox 2207 2731 2382 2801; x_wconf 85' lang='lat' dir='ltr'><strong>ipsum</strong></span> <span class='ocrx_word' id='word_1_394' title='bbox 2414 2729 2611 2789; x_wconf 86' lang='lat' dir='ltr'><strong>redire.</strong></span> <span class='ocrx_word' id='word_1_395' title='bbox 2652 2728 2880 2795; x_wconf 84' lang='lat' dir='ltr'><strong>ideoque</strong></span> <span class='ocrx_word' id='word_1_396' title='bbox 2906 2725 3033 2780; x_wconf 91' lang='lat' dir='ltr'><strong>dum</strong></span> <span class='ocrx_word' id='word_1_397' title='bbox 3063 2725 3244 2780; x_wconf 84' lang='lat' dir='ltr'><strong>adhuc</strong></span> <span class='ocrx_word' id='word_1_398' title='bbox 3281 2725 3334 2779; x_wconf 92' lang='lat' dir='ltr'><strong>in</strong></span> <span class='ocrx_word' id='word_1_399' title='bbox 3365 2724 3695 2780; x_wconf 79' lang='lat' dir='ltr'><strong>Cliarasano</strong></span> 
     </span>
    </p>
   </div>
   <div class='ocr_carea' id='block_1_58' title="bbox 2107 2819 3696 2892">
    <p class='ocr_par' dir='ltr' id='par_1_58' title="bbox 2107 2819 3696 2892">
     <span class='ocr_line' id='line_1_58' title="bbox 2107 2819 3696 2892; baseline -0.004 -15"><span class='ocrx_word' id='word_1_400' title='bbox 2107 2836 2250 2878; x_wconf 86' lang='lat' dir='ltr'><strong>esset</strong></span> <span class='ocrx_word' id='word_1_401' title='bbox 2307 2822 2361 2876; x_wconf 88' lang='lat' dir='ltr'><strong>in</strong></span> <span class='ocrx_word' id='word_1_402' title='bbox 2413 2823 2591 2892; x_wconf 90' lang='lat' dir='ltr'><strong>ipsum</strong></span> <span class='ocrx_word' id='word_1_403' title='bbox 2629 2820 2929 2884; x_wconf 81' lang='lat' dir='ltr'><strong>rebellavit,</strong></span> <span class='ocrx_word' id='word_1_404' title='bbox 2964 2834 3293 2888; x_wconf 87' lang='lat' dir='ltr'><strong>manumque</strong></span> <span class='ocrx_word' id='word_1_405' title='bbox 3319 2820 3387 2872; x_wconf 85' lang='lat' dir='ltr'><strong>ab</strong></span> <span class='ocrx_word' id='word_1_406' title='bbox 3415 2819 3696 2888; x_wconf 85' lang='lat' dir='ltr'><strong>obsequio</strong></span> 
     </span>
    </p>
   </div>
   <div class='ocr_carea' id='block_1_59' title="bbox 2109 2910 3693 2984">
    <p class='ocr_par' dir='ltr' id='par_1_59' title="bbox 2109 2910 3693 2984">
     <span class='ocr_line' id='line_1_59' title="bbox 2109 2910 3693 2984; baseline -0.003 -16"><span class='ocrx_word' id='word_1_407' title='bbox 2109 2916 2211 2984; x_wconf 88' lang='lat' dir='ltr'><strong>ipsi</strong></span> <span class='ocrx_word' id='word_1_408' title='bbox 2252 2913 2559 2982; x_wconf 41' lang='lat' dir='ltr'><strong>pra‘staudo</strong></span> <span class='ocrx_word' id='word_1_409' title='bbox 2612 2912 2913 2966; x_wconf 74' lang='lat' dir='ltr'><strong>subtraxit.</strong></span> <span class='ocrx_word' id='word_1_410' title='bbox 2970 2910 3245 2965; x_wconf 88' lang='lat' dir='ltr'><strong>lrruentes</strong></span> <span class='ocrx_word' id='word_1_411' title='bbox 3276 2911 3439 2963; x_wconf 86' lang='lat' dir='ltr'><strong>etiam</strong></span> <span class='ocrx_word' id='word_1_412' title='bbox 3477 2925 3600 2979; x_wconf 76' lang='lat' dir='ltr'><strong>qurv-</strong></span> <span class='ocrx_word' id='word_1_413' title='bbox 3636 2912 3693 2965; x_wconf 84' lang='lat' dir='ltr'><strong>in</strong></span> 
     </span>
    </p>
   </div>
   <div class='ocr_carea' id='block_1_60' title="bbox 2114 3000 3693 3075">
    <p class='ocr_par' dir='ltr' id='par_1_60' title="bbox 2114 3000 3693 3075">
     <span class='ocr_line' id='line_1_60' title="bbox 2114 3000 3693 3075; baseline -0.002 -17"><span class='ocrx_word' id='word_1_414' title='bbox 2114 3004 2292 3060; x_wconf 82' lang='lat' dir='ltr'><strong>Eraco</strong></span> <span class='ocrx_word' id='word_1_415' title='bbox 2320 3016 2478 3061; x_wconf 78' lang='lat' dir='ltr'><strong>erant</strong></span> <span class='ocrx_word' id='word_1_416' title='bbox 2512 3006 2681 3075; x_wconf 70' lang='lat' dir='ltr'><strong>copia:</strong></span> <span class='ocrx_word' id='word_1_417' title='bbox 2731 3004 2783 3059; x_wconf 88' lang='lat' dir='ltr'><strong>in</strong></span> <span class='ocrx_word' id='word_1_418' title='bbox 2817 3005 3169 3063; x_wconf 80' lang='lat' dir='ltr'><strong>llormozum,</strong></span> <span class='ocrx_word' id='word_1_419' title='bbox 3205 3000 3275 3056; x_wconf 91' lang='lat' dir='ltr'><strong>ob</strong></span> <span class='ocrx_word' id='word_1_420' title='bbox 3307 3001 3509 3055; x_wconf 87' lang='lat' dir='ltr'><strong>malum</strong></span> <span class='ocrx_word' id='word_1_421' title='bbox 3543 3001 3693 3073; x_wconf 88' lang='lat' dir='ltr'><strong>quod</strong></span> 
     </span>
    </p>
   </div>
   <div class='ocr_carea' id='block_1_61' title="bbox 428 3093 3693 3169">
    <p class='ocr_par' dir='ltr' id='par_1_61' title="bbox 428 3093 3693 3169">
     <span class='ocr_line' id='line_1_61' title="bbox 428 3093 3693 3169; baseline 0.001 -26"><span class='ocrx_word' id='word_1_422' title='bbox 428 3099 679 3159; x_wconf 83' lang='lat' dir='ltr'><strong>acceptas</strong></span> <span class='ocrx_word' id='word_1_423' title='bbox 711 3093 943 3155; x_wconf 84' lang='lat' dir='ltr'><strong>habere;</strong></span> <span class='ocrx_word' id='word_1_424' title='bbox 970 3093 1158 3147; x_wconf 79' lang='lat' dir='ltr'><strong>oculos</strong></span> <span class='ocrx_word' id='word_1_425' title='bbox 1192 3094 1411 3149; x_wconf 89' lang='lat' dir='ltr'><strong>interim</strong></span> <span class='ocrx_word' id='word_1_426' title='bbox 1446 3112 1577 3153; x_wconf 88' lang='lat' dir='ltr'><strong>suos</strong></span> <span class='ocrx_word' id='word_1_427' title='bbox 1611 3098 1840 3152; x_wconf 83' lang='lat' dir='ltr'><strong>sudario</strong></span> <span class='ocrx_word' id='word_1_428' title='bbox 1858 3100 2000 3167; x_wconf 89' lang='lat' dir='ltr'><strong>quod</strong></span> <span class='ocrx_word' id='word_1_429' title='bbox 2032 3112 2078 3169; x_wconf 77' lang='grc' dir='ltr'><strong>ο</strong></span> <span class='ocrx_word' id='word_1_430' title='bbox 2114 3099 2374 3155; x_wconf 85' lang='lat' dir='ltr'><strong>viderunt</strong></span> <span class='ocrx_word' id='word_1_431' title='bbox 2408 3099 2582 3169; x_wconf 84' lang='lat' dir='ltr'><strong>ipsius</strong></span> <span class='ocrx_word' id='word_1_432' title='bbox 2618 3098 2882 3167; x_wconf 82' lang='lat' dir='ltr'><strong>regimen,</strong></span> <span class='ocrx_word' id='word_1_433' title='bbox 2912 3094 3095 3166; x_wconf 89' lang='lat' dir='ltr'><strong>ipsum</strong></span> <span class='ocrx_word' id='word_1_434' title='bbox 3129 3108 3299 3165; x_wconf 81' lang='lat' dir='ltr'><strong>regno</strong></span> <span class='ocrx_word' id='word_1_435' title='bbox 3323 3094 3657 3150; x_wconf 82' lang='lat' dir='ltr'><strong>abdicarunt</strong></span> <span class='ocrx_word' id='word_1_436' title='bbox 3678 3137 3693 3160; x_wconf 88' lang='lat'><strong>,</strong></span> 
     </span>
    </p>
   </div>
   <div class='ocr_carea' id='block_1_62' title="bbox 426 3180 2004 3261">
    <p class='ocr_par' dir='ltr' id='par_1_62' title="bbox 426 3180 2004 3261">
     <span class='ocr_line' id='line_1_62' title="bbox 426 3180 2004 3261; baseline 0.007 -26"><span class='ocrx_word' id='word_1_437' title='bbox 426 3195 594 3249; x_wconf 86' lang='lat' dir='ltr'><strong>super</strong></span> <span class='ocrx_word' id='word_1_438' title='bbox 627 3180 764 3235; x_wconf 84' lang='lat' dir='ltr'><strong>facie</strong></span> <span class='ocrx_word' id='word_1_439' title='bbox 793 3183 966 3253; x_wconf 88' lang='lat' dir='ltr'><strong>ipsius</strong></span> <span class='ocrx_word' id='word_1_440' title='bbox 1004 3182 1182 3239; x_wconf 85' lang='lat' dir='ltr'><strong>fuerat</strong></span> <span class='ocrx_word' id='word_1_441' title='bbox 1216 3186 1524 3257; x_wconf 76' lang='lat' dir='ltr'><strong>detergens.</strong></span> <span class='ocrx_word' id='word_1_442' title='bbox 1578 3188 1833 3261; x_wconf 84' lang='lat' dir='ltr'><strong>Cumth</strong></span> <span class='ocrx_word' id='word_1_443' title='bbox 1902 3191 2004 3246; x_wconf 87' lang='lat' dir='ltr'><strong>hoc</strong></span> 
     </span>
    </p>
   </div>
   <div class='ocr_carea' id='block_1_63' title="bbox 431 3272 2005 3350">
    <p class='ocr_par' dir='ltr' id='par_1_63' title="bbox 431 3272 2005 3350">
     <span class='ocr_line' id='line_1_63' title="bbox 431 3272 2005 3350; baseline 0.006 -23"><span class='ocrx_word' id='word_1_444' title='bbox 431 3272 592 3328; x_wconf 92' lang='lat' dir='ltr'><strong>modo</strong></span> <span class='ocrx_word' id='word_1_445' title='bbox 623 3274 816 3330; x_wconf 89' lang='lat' dir='ltr'><strong>multis</strong></span> <span class='ocrx_word' id='word_1_446' title='bbox 861 3275 1012 3332; x_wconf 90' lang='lat' dir='ltr'><strong>horis</strong></span> <span class='ocrx_word' id='word_1_447' title='bbox 1048 3277 1385 3347; x_wconf 88' lang='lat' dir='ltr'><strong>perstitisset</strong></span> <span class='ocrx_word' id='word_1_448' title='bbox 1415 3277 1710 3333; x_wconf 88' lang='lat' dir='ltr'><strong>Dominum</strong></span> <span class='ocrx_word' id='word_1_449' title='bbox 1749 3281 2005 3350; x_wconf 88' lang='lat' dir='ltr'><strong>precibus</strong></span> 
     </span>
    </p>
   </div>
   <div class='ocr_carea' id='block_1_64' title="bbox 431 3367 2006 3443">
    <p class='ocr_par' dir='ltr' id='par_1_64' title="bbox 431 3367 2006 3443">
     <span class='ocr_line' id='line_1_64' title="bbox 431 3367 2006 3443; baseline 0.005 -23"><span class='ocrx_word' id='word_1_450' title='bbox 431 3367 780 3422; x_wconf 86' lang='lat' dir='ltr'><strong>inclamaudo</strong></span> <span class='ocrx_word' id='word_1_451' title='bbox 808 3379 861 3424; x_wconf 91' lang='lat' dir='ltr'><strong>et</strong></span> <span class='ocrx_word' id='word_1_452' title='bbox 892 3379 1120 3440; x_wconf 67' lang='lat' dir='ltr'><strong>peccata</strong></span> <span class='ocrx_word' id='word_1_453' title='bbox 1157 3386 1256 3427; x_wconf 85' lang='lat' dir='ltr'><strong>sua</strong></span> <span class='ocrx_word' id='word_1_454' title='bbox 1293 3371 1628 3434; x_wconf 82' lang='lat' dir='ltr'><strong>confitendo.</strong></span> <span class='ocrx_word' id='word_1_455' title='bbox 1663 3373 1785 3429; x_wconf 87' lang='lat' dir='ltr'><strong>dein</strong></span> <span class='ocrx_word' id='word_1_456' title='bbox 1840 3374 2006 3443; x_wconf 85' lang='lat' dir='ltr'><strong>spiri-</strong></span> 
     </span>
    </p>
   </div>
   <div class='ocr_carea' id='block_1_65' title="bbox 433 3462 2008 3537">
    <p class='ocr_par' dir='ltr' id='par_1_65' title="bbox 433 3462 2008 3537">
     <span class='ocr_line' id='line_1_65' title="bbox 433 3462 2008 3537; baseline 0.004 -23"><span class='ocrx_word' id='word_1_457' title='bbox 433 3471 546 3514; x_wconf 85' lang='lat' dir='ltr'><strong>tum</strong></span> <span class='ocrx_word' id='word_1_458' title='bbox 582 3476 742 3515; x_wconf 88' lang='lat' dir='ltr'><strong>suum</strong></span> <span class='ocrx_word' id='word_1_459' title='bbox 775 3463 981 3519; x_wconf 88' lang='lat' dir='ltr'><strong>emisit.</strong></span> <span class='ocrx_word' id='word_1_460' title='bbox 1020 3462 1143 3518; x_wconf 84' lang='lat' dir='ltr'><strong>F-uit</strong></span> <span class='ocrx_word' id='word_1_461' title='bbox 1177 3474 1359 3519; x_wconf 87' lang='lat' dir='ltr'><strong>autem</strong></span> <span class='ocrx_word' id='word_1_462' title='bbox 1413 3463 1890 3537; x_wconf 86' lang='lat' dir='ltr'><strong>Constantinopoli</strong></span> <span class='ocrx_word' id='word_1_463' title='bbox 1927 3466 2008 3521; x_wconf 83' lang='lat' dir='ltr'><strong>vir</strong></span> 
     </span>
    </p>
   </div>
   <div class='ocr_carea' id='block_1_66' title="bbox 433 3556 2009 3637">
    <p class='ocr_par' dir='ltr' id='par_1_66' title="bbox 433 3556 2009 3637">
     <span class='ocr_line' id='line_1_66' title="bbox 433 3556 2009 3637; baseline 0.003 -28"><span class='ocrx_word' id='word_1_464' title='bbox 433 3556 659 3624; x_wconf 82' lang='lat' dir='ltr'><strong>quidam</strong></span> <span class='ocrx_word' id='word_1_465' title='bbox 697 3570 728 3610; x_wconf 87' lang='lat' dir='ltr'><strong>e</strong></span> <span class='ocrx_word' id='word_1_466' title='bbox 783 3557 1128 3637; x_wconf 81' lang='lat' dir='ltr'><strong>principibus</strong></span> <span class='ocrx_word' id='word_1_467' title='bbox 1164 3558 1521 3622; x_wconf 82' lang='lat' dir='ltr'><strong>medicorum,</strong></span> <span class='ocrx_word' id='word_1_468' title='bbox 1576 3558 1812 3612; x_wconf 71' lang='lat' dir='ltr'><strong>eximius</strong></span> <span class='ocrx_word' id='word_1_469' title='bbox 1845 3568 2009 3629; x_wconf 82' lang='lat' dir='ltr'><strong>atque</strong></span> 
     </span>
    </p>
   </div>
   <div class='ocr_carea' id='block_1_67' title="bbox 431 3648 2007 3721">
    <p class='ocr_par' dir='ltr' id='par_1_67' title="bbox 431 3648 2007 3721">
     <span class='ocr_line' id='line_1_67' title="bbox 431 3648 2007 3721; baseline 0.002 -19"><span class='ocrx_word' id='word_1_470' title='bbox 431 3649 705 3718; x_wconf 76' lang='lat' dir='ltr'><strong>egregius,</strong></span> <span class='ocrx_word' id='word_1_471' title='bbox 739 3651 831 3719; x_wconf 89' lang='lat' dir='ltr'><strong>qui</strong></span> <span class='ocrx_word' id='word_1_472' title='bbox 862 3648 1109 3717; x_wconf 83' lang='lat' dir='ltr'><strong>quotidie</strong></span> <span class='ocrx_word' id='word_1_473' title='bbox 1138 3661 1375 3721; x_wconf 55' lang='lat' dir='ltr'><strong>agrotos</strong></span> <span class='ocrx_word' id='word_1_474' title='bbox 1424 3649 1517 3719; x_wconf 88' lang='lat' dir='ltr'><strong>qui</strong></span> <span class='ocrx_word' id='word_1_475' title='bbox 1574 3650 1626 3703; x_wconf 90' lang='lat' dir='ltr'><strong>in</strong></span> <span class='ocrx_word' id='word_1_476' title='bbox 1684 3651 2007 3705; x_wconf 86' lang='lat' dir='ltr'><strong>nosocomio</strong></span> 
     </span>
    </p>
   </div>
   <div class='ocr_carea' id='block_1_68' title="bbox 427 3740 2004 3806">
    <p class='ocr_par' dir='ltr' id='par_1_68' title="bbox 427 3740 2004 3806">
     <span class='ocr_line' id='line_1_68' title="bbox 427 3740 2004 3806; baseline 0.001 -14"><span class='ocrx_word' id='word_1_477' title='bbox 427 3740 678 3806; x_wconf 81' lang='lat' dir='ltr'><strong>fuerunt,</strong></span> <span class='ocrx_word' id='word_1_478' title='bbox 711 3741 937 3798; x_wconf 87' lang='lat' dir='ltr'><strong>visitare</strong></span> <span class='ocrx_word' id='word_1_479' title='bbox 987 3741 1219 3797; x_wconf 90' lang='lat' dir='ltr'><strong>solebat.</strong></span> <span class='ocrx_word' id='word_1_480' title='bbox 1276 3741 1375 3796; x_wconf 88' lang='lat' dir='ltr'><strong>llic</strong></span> <span class='ocrx_word' id='word_1_481' title='bbox 1432 3741 1574 3797; x_wconf 87' lang='lat' dir='ltr'><strong>inter</strong></span> <span class='ocrx_word' id='word_1_482' title='bbox 1624 3741 2004 3797; x_wconf 87' lang='lat' dir='ltr'><strong>dormiendum</strong></span> 
     </span>
    </p>
   </div>
   <div class='ocr_carea' id='block_1_69' title="bbox 430 3832 2007 3902">
    <p class='ocr_par' dir='ltr' id='par_1_69' title="bbox 430 3832 2007 3902">
     <span class='ocr_line' id='line_1_69' title="bbox 430 3832 2007 3902; baseline -0.001 -15"><span class='ocrx_word' id='word_1_483' title='bbox 430 3832 579 3887; x_wconf 88' lang='lat' dir='ltr'><strong>domi</strong></span> <span class='ocrx_word' id='word_1_484' title='bbox 611 3849 724 3889; x_wconf 66' lang='lat' dir='ltr'><strong>suae</strong></span> <span class='ocrx_word' id='word_1_485' title='bbox 777 3833 831 3887; x_wconf 89' lang='lat' dir='ltr'><strong>in</strong></span> <span class='ocrx_word' id='word_1_486' title='bbox 889 3834 1105 3888; x_wconf 88' lang='lat' dir='ltr'><strong>somnio</strong></span> <span class='ocrx_word' id='word_1_487' title='bbox 1152 3832 1343 3887; x_wconf 86' lang='lat' dir='ltr'><strong>eadem</strong></span> <span class='ocrx_word' id='word_1_488' title='bbox 1404 3832 1537 3887; x_wconf 90' lang='lat' dir='ltr'><strong>hora</strong></span> <span class='ocrx_word' id='word_1_489' title='bbox 1595 3847 1701 3902; x_wconf 87' lang='lat' dir='ltr'><strong>qua</strong></span> <span class='ocrx_word' id='word_1_490' title='bbox 1757 3841 2007 3886; x_wconf 80' lang='lat' dir='ltr'><strong>mortuus</strong></span> 
     </span>
    </p>
   </div>
   <div class='ocr_carea' id='block_1_70' title="bbox 435 3924 2005 3996">
    <p class='ocr_par' dir='ltr' id='par_1_70' title="bbox 435 3924 2005 3996">
     <span class='ocr_line' id='line_1_70' title="bbox 435 3924 2005 3996; baseline -0.006 -10"><span class='ocrx_word' id='word_1_491' title='bbox 435 3924 797 3996; x_wconf 78' lang='grc'><strong>197-199</strong></span> <span class='ocrx_word' id='word_1_492' title='bbox 821 3936 906 3981; x_wconf 83' lang='lat' dir='ltr'><strong>est</strong></span> <span class='ocrx_word' id='word_1_493' title='bbox 939 3925 1084 3979; x_wconf 90' lang='lat' dir='ltr'><strong>latro</strong></span> <span class='ocrx_word' id='word_1_494' title='bbox 1114 3924 1250 3980; x_wconf 88' lang='lat' dir='ltr'><strong>vidit</strong></span> <span class='ocrx_word' id='word_1_495' title='bbox 1279 3924 1616 3994; x_wconf 79' lang='lat' dir='ltr'><strong>Nigritarum</strong></span> <span class='ocrx_word' id='word_1_496' title='bbox 1646 3924 1889 3989; x_wconf 89' lang='lat' dir='ltr'><strong>turbam,</strong></span> <span class='ocrx_word' id='word_1_497' title='bbox 1912 3925 2005 3993; x_wconf 87' lang='lat' dir='ltr'><strong>qui</strong></span> 
     </span>
    </p>
   </div>
   <div class='ocr_carea' id='block_1_71' title="bbox 433 4016 2002 4072">
    <p class='ocr_par' dir='ltr' id='par_1_71' title="bbox 433 4016 2002 4072">
     <span class='ocr_line' id='line_1_71' title="bbox 433 4016 2002 4072; baseline -0.001 -2"><span class='ocrx_word' id='word_1_498' title='bbox 433 4017 500 4071; x_wconf 82' lang='lat' dir='ltr'><strong>ad</strong></span> <span class='ocrx_word' id='word_1_499' title='bbox 535 4019 763 4071; x_wconf 86' lang='lat' dir='ltr'><strong>latronis</strong></span> <span class='ocrx_word' id='word_1_500' title='bbox 801 4016 999 4072; x_wconf 79' lang='lat' dir='ltr'><strong>lectum</strong></span> <span class='ocrx_word' id='word_1_501' title='bbox 1057 4016 1382 4071; x_wconf 83' lang='lat' dir='ltr'><strong>accedentes</strong></span> <span class='ocrx_word' id='word_1_502' title='bbox 1432 4016 1655 4071; x_wconf 86' lang='lat' dir='ltr'><strong>chartas</strong></span> <span class='ocrx_word' id='word_1_503' title='bbox 1686 4032 1870 4072; x_wconf 85' lang='lat' dir='ltr'><strong>secum</strong></span> <span class='ocrx_word' id='word_1_504' title='bbox 1910 4018 2002 4069; x_wconf 81' lang='lat' dir='ltr'><strong>lia-</strong></span> 
     </span>
    </p>
   </div>
   <div class='ocr_carea' id='block_1_72' title="bbox 432 4110 2008 4181">
    <p class='ocr_par' dir='ltr' id='par_1_72' title="bbox 432 4110 2008 4181">
     <span class='ocr_line' id='line_1_72' title="bbox 432 4110 2008 4181; baseline 0.001 -15"><span class='ocrx_word' id='word_1_505' title='bbox 432 4116 624 4166; x_wconf 82' lang='lat' dir='ltr'><strong>bereut</strong></span> <span class='ocrx_word' id='word_1_506' title='bbox 649 4112 849 4181; x_wconf 85' lang='lat' dir='ltr'><strong>quibus</strong></span> <span class='ocrx_word' id='word_1_507' title='bbox 880 4111 1143 4181; x_wconf 89' lang='lat' dir='ltr'><strong>inscripta</strong></span> <span class='ocrx_word' id='word_1_508' title='bbox 1178 4119 1333 4164; x_wconf 86' lang='lat' dir='ltr'><strong>erant</strong></span> <span class='ocrx_word' id='word_1_509' title='bbox 1357 4110 1479 4177; x_wconf 84' lang='lat' dir='ltr'><strong>ejus</strong></span> <span class='ocrx_word' id='word_1_510' title='bbox 1509 4120 1731 4180; x_wconf 83' lang='lat' dir='ltr'><strong>peccata</strong></span> <span class='ocrx_word' id='word_1_511' title='bbox 1766 4128 1780 4174; x_wconf 87' lang='lat'><strong>;</strong></span> <span class='ocrx_word' id='word_1_512' title='bbox 1815 4111 2008 4167; x_wconf 81' lang='lat' dir='ltr'><strong>deinde</strong></span> 
     </span>
    </p>
   </div>
   <div class='ocr_carea' id='block_1_73' title="bbox 430 4201 2011 4273">
    <p class='ocr_par' dir='ltr' id='par_1_73' title="bbox 430 4201 2011 4273">
     <span class='ocr_line' id='line_1_73' title="bbox 430 4201 2011 4273; baseline -0.002 -16"><span class='ocrx_word' id='word_1_513' title='bbox 430 4213 485 4258; x_wconf 88' lang='lat' dir='ltr'><strong>et</strong></span> <span class='ocrx_word' id='word_1_514' title='bbox 533 4204 677 4257; x_wconf 84' lang='lat' dir='ltr'><strong>viros</strong></span> <span class='ocrx_word' id='word_1_515' title='bbox 722 4202 859 4257; x_wconf 63' lang='lat' dir='ltr'><strong>deos</strong></span> <span class='ocrx_word' id='word_1_516' title='bbox 890 4218 1123 4267; x_wconf 87' lang='lat' dir='ltr'><strong>quorum</strong></span> <span class='ocrx_word' id='word_1_517' title='bbox 1158 4202 1341 4257; x_wconf 88' lang='lat' dir='ltr'><strong>vultus</strong></span> <span class='ocrx_word' id='word_1_518' title='bbox 1374 4201 1850 4273; x_wconf 82' lang='lat' dir='ltr'><strong>splendesccbaut,</strong></span> <span class='ocrx_word' id='word_1_519' title='bbox 1880 4217 2011 4255; x_wconf 78' lang='lat' dir='ltr'><strong>can-</strong></span> 
     </span>
    </p>
   </div>
   <div class='ocr_carea' id='block_1_74' title="bbox 430 4291 2010 4364">
    <p class='ocr_par' dir='ltr' id='par_1_74' title="bbox 430 4291 2010 4364">
     <span class='ocr_line' id='line_1_74' title="bbox 430 4291 2010 4364; baseline -0.003 -14"><span class='ocrx_word' id='word_1_520' title='bbox 430 4296 566 4350; x_wconf 92' lang='lat' dir='ltr'><strong>dore</strong></span> <span class='ocrx_word' id='word_1_521' title='bbox 603 4294 738 4359; x_wconf 86' lang='lat' dir='ltr'><strong>uivi,</strong></span> <span class='ocrx_word' id='word_1_522' title='bbox 782 4293 1190 4364; x_wconf 86' lang='lat' dir='ltr'><strong>pulchritudine</strong></span> <span class='ocrx_word' id='word_1_523' title='bbox 1240 4292 1342 4347; x_wconf 85' lang='lat' dir='ltr'><strong>soli</strong></span> <span class='ocrx_word' id='word_1_524' title='bbox 1380 4292 1613 4353; x_wconf 83' lang='lat' dir='ltr'><strong>similes.</strong></span> <span class='ocrx_word' id='word_1_525' title='bbox 1676 4291 1870 4348; x_wconf 88' lang='lat' dir='ltr'><strong>libram</strong></span> <span class='ocrx_word' id='word_1_526' title='bbox 1927 4302 2010 4347; x_wconf 88' lang='lat' dir='ltr'><strong>te-</strong></span> 
     </span>
    </p>
   </div>
   <div class='ocr_carea' id='block_1_75' title="bbox 433 4384 2008 4457">
    <p class='ocr_par' dir='ltr' id='par_1_75' title="bbox 433 4384 2008 4457">
     <span class='ocr_line' id='line_1_75' title="bbox 433 4384 2008 4457; baseline -0.002 -13"><span class='ocrx_word' id='word_1_527' title='bbox 433 4401 672 4445; x_wconf 83' lang='lat' dir='ltr'><strong>nentes:</strong></span> <span class='ocrx_word' id='word_1_528' title='bbox 741 4388 1174 4457; x_wconf 78' lang='lat' dir='ltr'><strong>acccdeutesquc</strong></span> <span class='ocrx_word' id='word_1_529' title='bbox 1241 4384 1481 4457; x_wconf 79' lang='lat' dir='ltr'><strong>Nigritas</strong></span> <span class='ocrx_word' id='word_1_530' title='bbox 1564 4386 1787 4441; x_wconf 85' lang='lat' dir='ltr'><strong>chartas</strong></span> <span class='ocrx_word' id='word_1_531' title='bbox 1871 4386 2008 4441; x_wconf 84' lang='lat' dir='ltr'><strong>istas</strong></span> 
     </span>
    </p>
   </div>
   <div class='ocr_carea' id='block_1_76' title="bbox 2110 3188 3186 3258">
    <p class='ocr_par' dir='ltr' id='par_1_76' title="bbox 2110 3188 3186 3258">
     <span class='ocr_line' id='line_1_76' title="bbox 2110 3188 3186 3258; baseline -0.007 -10"><span class='ocrx_word' id='word_1_532' title='bbox 2110 3191 2428 3248; x_wconf 79' lang='lat' dir='ltr'><strong>interimere</strong></span> <span class='ocrx_word' id='word_1_533' title='bbox 2460 3200 2640 3246; x_wconf 87' lang='lat' dir='ltr'><strong>tamen</strong></span> <span class='ocrx_word' id='word_1_534' title='bbox 2684 3190 2865 3258; x_wconf 86' lang='lat' dir='ltr'><strong>ipsum</strong></span> <span class='ocrx_word' id='word_1_535' title='bbox 2905 3188 3186 3241; x_wconf 86' lang='lat' dir='ltr'><strong>timentes.</strong></span> 
     </span>
    </p>
   </div>
   <div class='ocr_carea' id='block_1_77' title="bbox 2178 3277 3673 3347">
    <p class='ocr_par' dir='ltr' id='par_1_77' title="bbox 2178 3277 3673 3347">
     <span class='ocr_line' id='line_1_77' title="bbox 2178 3277 3673 3347; baseline -0.005 -7"><span class='ocrx_word' id='word_1_536' title='bbox 2178 3284 2303 3340; x_wconf 82' lang='lat' dir='ltr'><strong>Fuit</strong></span> <span class='ocrx_word' id='word_1_537' title='bbox 2339 3296 2519 3339; x_wconf 84' lang='lat' dir='ltr'><strong>autem</strong></span> <span class='ocrx_word' id='word_1_538' title='bbox 2545 3282 2817 3336; x_wconf 80' lang='lat' dir='ltr'><strong>llormozo</strong></span> <span class='ocrx_word' id='word_1_539' title='bbox 2835 3280 2979 3334; x_wconf 77' lang='lat' dir='ltr'><strong>filius</strong></span> <span class='ocrx_word' id='word_1_540' title='bbox 3009 3278 3095 3334; x_wconf 84' lang='lat' dir='ltr'><strong>cui</strong></span> <span class='ocrx_word' id='word_1_541' title='bbox 3124 3292 3324 3333; x_wconf 89' lang='lat' dir='ltr'><strong>nomen</strong></span> <span class='ocrx_word' id='word_1_542' title='bbox 3355 3277 3545 3342; x_wconf 82' lang='lat' dir='ltr'><strong>Cesra,</strong></span> <span class='ocrx_word' id='word_1_543' title='bbox 3580 3282 3673 3347; x_wconf 85' lang='lat' dir='ltr'><strong>qui</strong></span> 
     </span>
    </p>
   </div>
   <div class='ocr_carea' id='block_1_78' title="bbox 2112 3370 3689 3448">
    <p class='ocr_par' dir='ltr' id='par_1_78' title="bbox 2112 3370 3689 3448">
     <span class='ocr_line' id='line_1_78' title="bbox 2112 3370 3689 3448; baseline -0.007 -15"><span class='ocrx_word' id='word_1_544' title='bbox 2112 3376 2182 3433; x_wconf 84' lang='lat' dir='ltr'><strong>ab</strong></span> <span class='ocrx_word' id='word_1_545' title='bbox 2208 3378 2329 3448; x_wconf 89' lang='lat' dir='ltr'><strong>ipso</strong></span> <span class='ocrx_word' id='word_1_546' title='bbox 2358 3376 2413 3430; x_wconf 93' lang='lat' dir='ltr'><strong>in</strong></span> <span class='ocrx_word' id='word_1_547' title='bbox 2456 3373 2791 3445; x_wconf 79' lang='lat' dir='ltr'><strong>Aderbijauo</strong></span> <span class='ocrx_word' id='word_1_548' title='bbox 2824 3373 3021 3429; x_wconf 86' lang='lat' dir='ltr'><strong>abfuit.</strong></span> <span class='ocrx_word' id='word_1_549' title='bbox 3059 3370 3160 3427; x_wconf 86' lang='lat' dir='ltr'><strong>llic</strong></span> <span class='ocrx_word' id='word_1_550' title='bbox 3192 3372 3381 3426; x_wconf 87' lang='lat' dir='ltr'><strong>audito</strong></span> <span class='ocrx_word' id='word_1_551' title='bbox 3420 3372 3552 3442; x_wconf 84' lang='lat' dir='ltr'><strong>quid</strong></span> <span class='ocrx_word' id='word_1_552' title='bbox 3586 3372 3689 3423; x_wconf 58' lang='grc'><strong>1³³-</strong></span> 
     </span>
    </p>
   </div>
   <div class='ocr_carea' id='block_1_79' title="bbox 2108 3463 3690 3534">
    <p class='ocr_par' dir='ltr' id='par_1_79' title="bbox 2108 3463 3690 3534">
     <span class='ocr_line' id='line_1_79' title="bbox 2108 3463 3690 3534; baseline -0.006 -7"><span class='ocrx_word' id='word_1_553' title='bbox 2108 3472 2183 3527; x_wconf 91' lang='lat' dir='ltr'><strong>tri</strong></span> <span class='ocrx_word' id='word_1_554' title='bbox 2232 3486 2334 3525; x_wconf 86' lang='lat' dir='ltr'><strong>suo</strong></span> <span class='ocrx_word' id='word_1_555' title='bbox 2376 3468 2670 3524; x_wconf 87' lang='lat' dir='ltr'><strong>accidisset</strong></span> <span class='ocrx_word' id='word_1_556' title='bbox 2699 3483 2805 3521; x_wconf 91' lang='lat' dir='ltr'><strong>una</strong></span> <span class='ocrx_word' id='word_1_557' title='bbox 2849 3482 2974 3521; x_wconf 89' lang='lat' dir='ltr'><strong>cum</strong></span> <span class='ocrx_word' id='word_1_558' title='bbox 3021 3463 3327 3518; x_wconf 81' lang='lat' dir='ltr'><strong>comitibus</strong></span> <span class='ocrx_word' id='word_1_559' title='bbox 3366 3466 3485 3522; x_wconf 84' lang='lat' dir='ltr'><strong>suis</strong></span> <span class='ocrx_word' id='word_1_560' title='bbox 3528 3482 3690 3534; x_wconf 75' lang='lat' dir='ltr'><strong>opem</strong></span> 
     </span>
    </p>
   </div>
   <div class='ocr_carea' id='block_1_80' title="bbox 2108 3558 3689 3634">
    <p class='ocr_par' dir='ltr' id='par_1_80' title="bbox 2108 3558 3689 3634">
     <span class='ocr_line' id='line_1_80' title="bbox 2108 3558 3689 3634; baseline -0.01 -9"><span class='ocrx_word' id='word_1_561' title='bbox 2108 3559 2467 3634; x_wconf 74' lang='lat'><strong>201-203</strong></span> <span class='ocrx_word' id='word_1_562' title='bbox 2500 3558 2606 3630; x_wconf 88' lang='lat' dir='ltr'><strong>ipsi</strong></span> <span class='ocrx_word' id='word_1_563' title='bbox 2638 3560 2811 3615; x_wconf 87' lang='lat' dir='ltr'><strong>latum</strong></span> <span class='ocrx_word' id='word_1_564' title='bbox 2851 3563 3089 3617; x_wconf 84' lang='lat' dir='ltr'><strong>accessit</strong></span> <span class='ocrx_word' id='word_1_565' title='bbox 3118 3580 3130 3613; x_wconf 90' lang='lat'>:</span> <span class='ocrx_word' id='word_1_566' title='bbox 3177 3572 3232 3615; x_wconf 81' lang='lat' dir='ltr'><strong>at</strong></span> <span class='ocrx_word' id='word_1_567' title='bbox 3262 3575 3386 3612; x_wconf 78' lang='lat' dir='ltr'><strong>t‘.lll|l</strong></span> <span class='ocrx_word' id='word_1_568' title='bbox 3421 3560 3514 3613; x_wconf 92' lang='lat' dir='ltr'><strong>illo</strong></span> <span class='ocrx_word' id='word_1_569' title='bbox 3546 3574 3689 3627; x_wconf 73' lang='lat' dir='ltr'><strong>pra:-</strong></span> 
     </span>
    </p>
   </div>
   <div class='ocr_carea' id='block_1_81' title="bbox 2109 3650 3691 3721">
    <p class='ocr_par' dir='ltr' id='par_1_81' title="bbox 2109 3650 3691 3721">
     <span class='ocr_line' id='line_1_81' title="bbox 2109 3650 3691 3721; baseline -0.005 -10"><span class='ocrx_word' id='word_1_570' title='bbox 2109 3653 2301 3711; x_wconf 84' lang='lat' dir='ltr'><strong>staudo</strong></span> <span class='ocrx_word' id='word_1_571' title='bbox 2344 3669 2451 3707; x_wconf 90' lang='lat' dir='ltr'><strong>non</strong></span> <span class='ocrx_word' id='word_1_572' title='bbox 2488 3659 2668 3716; x_wconf 82' lang='lat' dir='ltr'><strong>esset,</strong></span> <span class='ocrx_word' id='word_1_573' title='bbox 2714 3650 2931 3721; x_wconf 80' lang='lat' dir='ltr'><strong>fugiens</strong></span> <span class='ocrx_word' id='word_1_574' title='bbox 2982 3652 3260 3708; x_wconf 81' lang='lat' dir='ltr'><strong>Romanos</strong></span> <span class='ocrx_word' id='word_1_575' title='bbox 3314 3666 3510 3707; x_wconf 85' lang='lat' dir='ltr'><strong>versus</strong></span> <span class='ocrx_word' id='word_1_576' title='bbox 3569 3667 3691 3718; x_wconf 71' lang='lat' dir='ltr'><strong>prr-</strong></span> 
     </span>
    </p>
   </div>
   <div class='ocr_carea' id='block_1_82' title="bbox 2109 3743 3689 3817">
    <p class='ocr_par' dir='ltr' id='par_1_82' title="bbox 2109 3743 3689 3817">
     <span class='ocr_line' id='line_1_82' title="bbox 2109 3743 3689 3817; baseline -0.004 -16"><span class='ocrx_word' id='word_1_577' title='bbox 2109 3748 2288 3809; x_wconf 76' lang='lat' dir='ltr'><strong>rexit,</strong></span> <span class='ocrx_word' id='word_1_578' title='bbox 2336 3746 2600 3800; x_wconf 68' lang='lat' dir='ltr'><strong>auxilium</strong></span> <span class='ocrx_word' id='word_1_579' title='bbox 2639 3759 2669 3799; x_wconf 85' lang='lat' dir='ltr'><strong>a</strong></span> <span class='ocrx_word' id='word_1_580' title='bbox 2718 3743 2986 3799; x_wconf 75' lang='lat' dir='ltr'><strong>Mauricio</strong></span> <span class='ocrx_word' id='word_1_581' title='bbox 3038 3746 3368 3817; x_wconf 83' lang='lat' dir='ltr'><strong>imperatore</strong></span> <span class='ocrx_word' id='word_1_582' title='bbox 3423 3745 3689 3814; x_wconf 85' lang='lat' dir='ltr'><strong>implora-</strong></span> 
     </span>
    </p>
   </div>
   <div class='ocr_carea' id='block_1_83' title="bbox 2110 3835 3685 3906">
    <p class='ocr_par' dir='ltr' id='par_1_83' title="bbox 2110 3835 3685 3906">
     <span class='ocr_line' id='line_1_83' title="bbox 2110 3835 3685 3906; baseline -0.004 -12"><span class='ocrx_word' id='word_1_583' title='bbox 2110 3848 2248 3903; x_wconf 89' lang='lat' dir='ltr'><strong>tum,</strong></span> <span class='ocrx_word' id='word_1_584' title='bbox 2290 3839 2582 3906; x_wconf 85' lang='lat' dir='ltr'><strong>ipsumque</strong></span> <span class='ocrx_word' id='word_1_585' title='bbox 2616 3849 2676 3892; x_wconf 90' lang='lat' dir='ltr'><strong>ttt</strong></span> <span class='ocrx_word' id='word_1_586' title='bbox 2704 3852 2828 3891; x_wconf 89' lang='lat' dir='ltr'><strong>eum</strong></span> <span class='ocrx_word' id='word_1_587' title='bbox 2865 3839 2917 3890; x_wconf 94' lang='lat' dir='ltr'><strong>in</strong></span> <span class='ocrx_word' id='word_1_588' title='bbox 2964 3835 3127 3890; x_wconf 84' lang='lat' dir='ltr'><strong>liuent</strong></span> <span class='ocrx_word' id='word_1_589' title='bbox 3157 3837 3464 3892; x_wconf 73' lang='lat' dir='ltr'><strong>exercitum</strong></span> <span class='ocrx_word' id='word_1_590' title='bbox 3494 3851 3685 3891; x_wconf 85' lang='lat' dir='ltr'><strong>secum</strong></span> 
     </span>
    </p>
   </div>
   <div class='ocr_carea' id='block_1_84' title="bbox 2110 3928 3687 3998">
    <p class='ocr_par' dir='ltr' id='par_1_84' title="bbox 2110 3928 3687 3998">
     <span class='ocr_line' id='line_1_84' title="bbox 2110 3928 3687 3998; baseline -0.002 -12"><span class='ocrx_word' id='word_1_591' title='bbox 2110 3932 2351 3987; x_wconf 89' lang='lat' dir='ltr'><strong>mitteret</strong></span> <span class='ocrx_word' id='word_1_592' title='bbox 2405 3940 2697 3998; x_wconf 81' lang='lat' dir='ltr'><strong>rogatum.</strong></span> <span class='ocrx_word' id='word_1_593' title='bbox 2753 3939 2877 3982; x_wconf 90' lang='lat' dir='ltr'><strong>octo</strong></span> <span class='ocrx_word' id='word_1_594' title='bbox 2933 3943 3121 3983; x_wconf 85' lang='lat' dir='ltr'><strong>secum</strong></span> <span class='ocrx_word' id='word_1_595' title='bbox 3162 3943 3387 3984; x_wconf 87' lang='lat' dir='ltr'><strong>suorum</strong></span> <span class='ocrx_word' id='word_1_596' title='bbox 3453 3928 3687 3989; x_wconf 86' lang='lat' dir='ltr'><strong>habens.</strong></span> 
     </span>
    </p>
   </div>
   <div class='ocr_carea' id='block_1_85' title="bbox 2110 4020 3687 4094">
    <p class='ocr_par' dir='ltr' id='par_1_85' title="bbox 2110 4020 3687 4094">
     <span class='ocr_line' id='line_1_85' title="bbox 2110 4020 3687 4094; baseline -0.004 -14"><span class='ocrx_word' id='word_1_597' title='bbox 2110 4040 2327 4094; x_wconf 85' lang='lat' dir='ltr'><strong>unaque</strong></span> <span class='ocrx_word' id='word_1_598' title='bbox 2354 4024 2656 4078; x_wconf 82' lang='lat' dir='ltr'><strong>avunculos</strong></span> <span class='ocrx_word' id='word_1_599' title='bbox 2692 4037 2825 4077; x_wconf 82' lang='lat' dir='ltr'><strong>suos</strong></span> <span class='ocrx_word' id='word_1_600' title='bbox 2850 4020 3091 4076; x_wconf 84' lang='lat' dir='ltr'><strong>Nabdam</strong></span> <span class='ocrx_word' id='word_1_601' title='bbox 3114 4032 3169 4077; x_wconf 86' lang='lat' dir='ltr'><strong>et</strong></span> <span class='ocrx_word' id='word_1_602' title='bbox 3204 4020 3511 4076; x_wconf 74' lang='lat' dir='ltr'><strong>Nustauum</strong></span> <span class='ocrx_word' id='word_1_603' title='bbox 3537 4038 3554 4087; x_wconf 88' lang='lat'><strong>;</strong></span> <span class='ocrx_word' id='word_1_604' title='bbox 3594 4021 3687 4093; x_wconf 88' lang='lat' dir='ltr'><strong>qni</strong></span> 
     </span>
    </p>
   </div>
   <div class='ocr_carea' id='block_1_86' title="bbox 2110 4111 3687 4181">
    <p class='ocr_par' dir='ltr' id='par_1_86' title="bbox 2110 4111 3687 4181">
     <span class='ocr_line' id='line_1_86' title="bbox 2110 4111 3687 4181; baseline -0.003 -12"><span class='ocrx_word' id='word_1_605' title='bbox 2110 4113 2237 4169; x_wconf 88' lang='lat' dir='ltr'><strong>dum</strong></span> <span class='ocrx_word' id='word_1_606' title='bbox 2274 4113 2417 4169; x_wconf 89' lang='lat' dir='ltr'><strong>inter</strong></span> <span class='ocrx_word' id='word_1_607' title='bbox 2446 4112 2693 4169; x_wconf 87' lang='lat' dir='ltr'><strong>eundum</strong></span> <span class='ocrx_word' id='word_1_608' title='bbox 2724 4114 2874 4166; x_wconf 88' lang='lat' dir='ltr'><strong>inter</strong></span> <span class='ocrx_word' id='word_1_609' title='bbox 2904 4126 2966 4166; x_wconf 85' lang='lat' dir='ltr'><strong>se</strong></span> <span class='ocrx_word' id='word_1_610' title='bbox 2994 4111 3285 4167; x_wconf 88' lang='lat' dir='ltr'><strong>consilium</strong></span> <span class='ocrx_word' id='word_1_611' title='bbox 3334 4122 3595 4181; x_wconf 84' lang='lat' dir='ltr'><strong>caperent</strong></span> <span class='ocrx_word' id='word_1_612' title='bbox 3622 4112 3687 4166; x_wconf 81' lang='lat' dir='ltr'><strong>de</strong></span> 
     </span>
    </p>
   </div>
   <div class='ocr_carea' id='block_1_87' title="bbox 2110 4200 3685 4277">
    <p class='ocr_par' dir='ltr' id='par_1_87' title="bbox 2110 4200 3685 4277">
     <span class='ocr_line' id='line_1_87' title="bbox 2110 4200 3685 4277; baseline -0.003 -17"><span class='ocrx_word' id='word_1_613' title='bbox 2110 4205 2333 4277; x_wconf 81' lang='lat' dir='ltr'><strong>negotio</strong></span> <span class='ocrx_word' id='word_1_614' title='bbox 2372 4218 2495 4266; x_wconf 88' lang='lat' dir='ltr'><strong>suo.</strong></span> <span class='ocrx_word' id='word_1_615' title='bbox 2544 4201 2708 4273; x_wconf 83' lang='lat' dir='ltr'><strong>idque</strong></span> <span class='ocrx_word' id='word_1_616' title='bbox 2744 4202 3052 4273; x_wconf 85' lang='lat' dir='ltr'><strong>perciperet</strong></span> <span class='ocrx_word' id='word_1_617' title='bbox 3074 4200 3242 4257; x_wconf 84' lang='lat' dir='ltr'><strong>Cesra</strong></span> <span class='ocrx_word' id='word_1_618' title='bbox 3287 4219 3302 4257; x_wconf 92' lang='lat'><strong>:</strong></span> <span class='ocrx_word' id='word_1_619' title='bbox 3342 4203 3513 4259; x_wconf 84' lang='lat' dir='ltr'><strong>Dicite</strong></span> <span class='ocrx_word' id='word_1_620' title='bbox 3557 4204 3685 4257; x_wconf 89' lang='lat' dir='ltr'><strong>mihi</strong></span> 
     </span>
    </p>
   </div>
   <div class='ocr_carea' id='block_1_88' title="bbox 2110 4292 3687 4367">
    <p class='ocr_par' dir='ltr' id='par_1_88' title="bbox 2110 4292 3687 4367">
     <span class='ocr_line' id='line_1_88' title="bbox 2110 4292 3687 4367; baseline 0 -18"><span class='ocrx_word' id='word_1_621' title='bbox 2110 4295 2323 4365; x_wconf 87' lang='lat' dir='ltr'><strong>inquit,</strong></span> <span class='ocrx_word' id='word_1_622' title='bbox 2377 4292 2509 4366; x_wconf 91' lang='lat' dir='ltr'><strong>quid</strong></span> <span class='ocrx_word' id='word_1_623' title='bbox 2553 4304 2640 4348; x_wconf 90' lang='lat' dir='ltr'><strong>est</strong></span> <span class='ocrx_word' id='word_1_624' title='bbox 2717 4293 2860 4361; x_wconf 86' lang='lat' dir='ltr'><strong>quod</strong></span> <span class='ocrx_word' id='word_1_625' title='bbox 2910 4292 3201 4350; x_wconf 73' lang='lat' dir='ltr'><strong>statuitis?</strong></span> <span class='ocrx_word' id='word_1_626' title='bbox 3244 4294 3687 4367; x_wconf 74' lang='lat' dir='ltr'><strong>Responderunt,</strong></span> 
     </span>
    </p>
   </div>
   <div class='ocr_carea' id='block_1_89' title="bbox 2109 4385 3687 4461">
    <p class='ocr_par' dir='ltr' id='par_1_89' title="bbox 2109 4385 3687 4461">
     <span class='ocr_line' id='line_1_89' title="bbox 2109 4385 3687 4461; baseline -0.001 -17"><span class='ocrx_word' id='word_1_627' title='bbox 2109 4385 2229 4444; x_wconf 78' lang='lat' dir='ltr'><strong>Non</strong></span> <span class='ocrx_word' id='word_1_628' title='bbox 2250 4398 2331 4444; x_wconf 86' lang='lat' dir='ltr'><strong>est</strong></span> <span class='ocrx_word' id='word_1_629' title='bbox 2358 4387 2632 4445; x_wconf 86' lang='lat' dir='ltr'><strong>sententia</strong></span> <span class='ocrx_word' id='word_1_630' title='bbox 2656 4397 2845 4442; x_wconf 89' lang='lat' dir='ltr'><strong>nostra</strong></span> <span class='ocrx_word' id='word_1_631' title='bbox 2873 4396 2928 4441; x_wconf 89' lang='lat' dir='ltr'><strong>ut</strong></span> <span class='ocrx_word' id='word_1_632' title='bbox 2966 4404 3031 4442; x_wconf 79' lang='lat' dir='ltr'><strong>es</strong></span> <span class='ocrx_word' id='word_1_633' title='bbox 3057 4386 3159 4443; x_wconf 83' lang='lat' dir='ltr'><strong>hac</strong></span> <span class='ocrx_word' id='word_1_634' title='bbox 3192 4388 3414 4461; x_wconf 84' lang='lat' dir='ltr'><strong>regione</strong></span> <span class='ocrx_word' id='word_1_635' title='bbox 3439 4388 3687 4443; x_wconf 84' lang='lat' dir='ltr'><strong>discedas</strong></span> 
     </span>
    </p>
   </div>
   <div class='ocr_carea' id='block_1_90' title="bbox 436 4476 3685 4554">
    <p class='ocr_par' dir='ltr' id='par_1_90' title="bbox 436 4476 3685 4554">
     <span class='ocr_line' id='line_1_90' title="bbox 436 4476 3685 4554; baseline -0.001 -17"><span class='ocrx_word' id='word_1_636' title='bbox 436 4497 629 4537; x_wconf 84' lang='lat' dir='ltr'><strong>omnes</strong></span> <span class='ocrx_word' id='word_1_637' title='bbox 655 4482 708 4534; x_wconf 90' lang='lat' dir='ltr'><strong>in</strong></span> <span class='ocrx_word' id='word_1_638' title='bbox 746 4481 940 4535; x_wconf 83' lang='lat' dir='ltr'><strong>libram</strong></span> <span class='ocrx_word' id='word_1_639' title='bbox 972 4479 1247 4549; x_wconf 72' lang='lat' dir='ltr'><strong>conjicere</strong></span> <span class='ocrx_word' id='word_1_640' title='bbox 1284 4476 1423 4534; x_wconf 78' lang='lat' dir='ltr'><strong>adeo</strong></span> <span class='ocrx_word' id='word_1_641' title='bbox 1452 4486 1510 4530; x_wconf 88' lang='lat' dir='ltr'><strong>ut</strong></span> <span class='ocrx_word' id='word_1_642' title='bbox 1534 4477 1770 4533; x_wconf 81' lang='lat' dir='ltr'><strong>lanciunt</strong></span> <span class='ocrx_word' id='word_1_643' title='bbox 1813 4478 2003 4545; x_wconf 85' lang='lat' dir='ltr'><strong>altera,</strong></span> <span class='ocrx_word' id='word_1_644' title='bbox 2032 4478 2087 4541; x_wconf 78' lang='grc' dir='ltr'>υ</span> <span class='ocrx_word' id='word_1_645' title='bbox 2113 4491 2405 4554; x_wconf 83' lang='lat' dir='ltr'><strong>antequam</strong></span> <span class='ocrx_word' id='word_1_646' title='bbox 2481 4479 2814 4535; x_wconf 79' lang='lat' dir='ltr'><strong>llormozunt</strong></span> <span class='ocrx_word' id='word_1_647' title='bbox 2887 4478 3348 4536; x_wconf 83' lang='lat' dir='ltr'><strong>interfecerimus.</strong></span> <span class='ocrx_word' id='word_1_648' title='bbox 3418 4478 3685 4537; x_wconf 81' lang='lat' dir='ltr'><strong>Nolumus</strong></span> 
     </span>
    </p>
   </div>
   <div class='ocr_carea' id='block_1_91' title="bbox 433 4570 2007 4643">
    <p class='ocr_par' dir='ltr' id='par_1_91' title="bbox 433 4570 2007 4643">
     <span class='ocr_line' id='line_1_91' title="bbox 433 4570 2007 4643; baseline -0.003 -14"><span class='ocrx_word' id='word_1_649' title='bbox 433 4575 606 4629; x_wconf 87' lang='lat' dir='ltr'><strong>altera</strong></span> <span class='ocrx_word' id='word_1_650' title='bbox 639 4574 899 4643; x_wconf 86' lang='lat' dir='ltr'><strong>depressa</strong></span> <span class='ocrx_word' id='word_1_651' title='bbox 950 4573 1316 4638; x_wconf 85' lang='lat' dir='ltr'><strong>ascenderet;</strong></span> <span class='ocrx_word' id='word_1_652' title='bbox 1352 4570 1560 4627; x_wconf 79' lang='lat' dir='ltr'><strong>dixisse</strong></span> <span class='ocrx_word' id='word_1_653' title='bbox 1608 4588 1740 4643; x_wconf 85' lang='lat' dir='ltr'><strong>ergo</strong></span> <span class='ocrx_word' id='word_1_654' title='bbox 1773 4572 2007 4625; x_wconf 79' lang='lat' dir='ltr'><strong>alterunt</strong></span> 
     </span>
    </p>
   </div>
   <div class='ocr_carea' id='block_1_92' title="bbox 434 4662 2011 4721">
    <p class='ocr_par' dir='ltr' id='par_1_92' title="bbox 434 4662 2011 4721">
     <span class='ocr_line' id='line_1_92' title="bbox 434 4662 2011 4721; baseline 0.001 -2"><span class='ocrx_word' id='word_1_655' title='bbox 434 4667 676 4721; x_wconf 89' lang='lat' dir='ltr'><strong>virorum</strong></span> <span class='ocrx_word' id='word_1_656' title='bbox 713 4664 1076 4720; x_wconf 79' lang='lat' dir='ltr'><strong>candidorutu</strong></span> <span class='ocrx_word' id='word_1_657' title='bbox 1106 4662 1263 4719; x_wconf 86' lang='lat' dir='ltr'><strong>socio</strong></span> <span class='ocrx_word' id='word_1_658' title='bbox 1294 4678 1395 4719; x_wconf 86' lang='lat' dir='ltr'><strong>suo</strong></span> <span class='ocrx_word' id='word_1_659' title='bbox 1423 4679 1440 4717; x_wconf 86' lang='lat'><strong>:</strong></span> <span class='ocrx_word' id='word_1_660' title='bbox 1476 4662 1594 4719; x_wconf 80' lang='lat' dir='ltr'><strong>Non</strong></span> <span class='ocrx_word' id='word_1_661' title='bbox 1628 4672 1713 4719; x_wconf 89' lang='lat' dir='ltr'><strong>est</strong></span> <span class='ocrx_word' id='word_1_662' title='bbox 1741 4663 1900 4719; x_wconf 88' lang='lat' dir='ltr'><strong>nobis</strong></span> <span class='ocrx_word' id='word_1_663' title='bbox 1922 4664 2011 4721; x_wconf 88' lang='lat' dir='ltr'><strong>hic</strong></span> 
     </span>
    </p>
   </div>
   <div class='ocr_carea' id='block_1_93' title="bbox 432 4754 2010 4831">
    <p class='ocr_par' dir='ltr' id='par_1_93' title="bbox 432 4754 2010 4831">
     <span class='ocr_line' id='line_1_93' title="bbox 432 4754 2010 4831; baseline -0.001 -19"><span class='ocrx_word' id='word_1_664' title='bbox 432 4758 688 4831; x_wconf 78' lang='lat' dir='ltr'><strong>aliquid?</strong></span> <span class='ocrx_word' id='word_1_665' title='bbox 729 4756 1120 4828; x_wconf 76' lang='lat' dir='ltr'><strong>Respondente</strong></span> <span class='ocrx_word' id='word_1_666' title='bbox 1174 4764 1359 4812; x_wconf 82' lang='lat' dir='ltr'><strong>autem</strong></span> <span class='ocrx_word' id='word_1_667' title='bbox 1393 4756 1611 4811; x_wconf 82' lang='lat' dir='ltr'><strong>altero:</strong></span> <span class='ocrx_word' id='word_1_668' title='bbox 1659 4754 1802 4820; x_wconf 85' lang='lat' dir='ltr'><strong>Quid</strong></span> <span class='ocrx_word' id='word_1_669' title='bbox 1851 4755 2010 4810; x_wconf 84' lang='lat' dir='ltr'><strong>nobis</strong></span> 
     </span>
    </p>
   </div>
   <div class='ocr_carea' id='block_1_94' title="bbox 434 4847 2007 4915">
    <p class='ocr_par' dir='ltr' id='par_1_94' title="bbox 434 4847 2007 4915">
     <span class='ocr_line' id='line_1_94' title="bbox 434 4847 2007 4915; baseline -0.003 -11"><span class='ocrx_word' id='word_1_670' title='bbox 434 4851 525 4904; x_wconf 88' lang='lat' dir='ltr'><strong>hic</strong></span> <span class='ocrx_word' id='word_1_671' title='bbox 556 4860 723 4912; x_wconf 85' lang='lat' dir='ltr'><strong>esset,</strong></span> <span class='ocrx_word' id='word_1_672' title='bbox 776 4864 900 4902; x_wconf 80' lang='lat' dir='ltr'><strong>etim</strong></span> <span class='ocrx_word' id='word_1_673' title='bbox 932 4847 1175 4904; x_wconf 89' lang='lat' dir='ltr'><strong>nondum</strong></span> <span class='ocrx_word' id='word_1_674' title='bbox 1208 4847 1397 4903; x_wconf 84' lang='lat' dir='ltr'><strong>decem</strong></span> <span class='ocrx_word' id='word_1_675' title='bbox 1436 4847 1556 4903; x_wconf 85' lang='lat' dir='ltr'><strong>dies</strong></span> <span class='ocrx_word' id='word_1_676' title='bbox 1587 4847 1701 4903; x_wconf 87' lang='lat' dir='ltr'><strong>sint</strong></span> <span class='ocrx_word' id='word_1_677' title='bbox 1728 4861 1791 4901; x_wconf 80' lang='lat' dir='ltr'><strong>es</strong></span> <span class='ocrx_word' id='word_1_678' title='bbox 1832 4863 1944 4915; x_wconf 87' lang='lat' dir='ltr'><strong>quo</strong></span> <span class='ocrx_word' id='word_1_679' title='bbox 1978 4863 2007 4900; x_wconf 90' lang='lat' dir='ltr'><strong>a</strong></span> 
     </span>
    </p>
   </div>
   <div class='ocr_carea' id='block_1_95' title="bbox 430 4939 2008 4997">
    <p class='ocr_par' dir='ltr' id='par_1_95' title="bbox 430 4939 2008 4997">
     <span class='ocr_line' id='line_1_95' title="bbox 430 4939 2008 4997; baseline -0.001 -1"><span class='ocrx_word' id='word_1_680' title='bbox 430 4942 721 4997; x_wconf 85' lang='lat' dir='ltr'><strong>latrocinio</strong></span> <span class='ocrx_word' id='word_1_681' title='bbox 772 4940 1079 4997; x_wconf 77' lang='lat' dir='ltr'><strong>exercendo</strong></span> <span class='ocrx_word' id='word_1_682' title='bbox 1126 4956 1429 4996; x_wconf 87' lang='lat' dir='ltr'><strong>conversus</strong></span> <span class='ocrx_word' id='word_1_683' title='bbox 1461 4939 1578 4996; x_wconf 76' lang='lat' dir='ltr'><strong>sit?</strong></span> <span class='ocrx_word' id='word_1_684' title='bbox 1634 4955 1755 4994; x_wconf 91' lang='lat' dir='ltr'><strong>cum</strong></span> <span class='ocrx_word' id='word_1_685' title='bbox 1811 4940 2008 4995; x_wconf 88' lang='lat' dir='ltr'><strong>lectum</strong></span> 
     </span>
    </p>
   </div>
   <div class='ocr_carea' id='block_1_96' title="bbox 433 5032 2011 5106">
    <p class='ocr_par' dir='ltr' id='par_1_96' title="bbox 433 5032 2011 5106">
     <span class='ocr_line' id='line_1_96' title="bbox 433 5032 2011 5106; baseline -0.001 -17"><span class='ocrx_word' id='word_1_686' title='bbox 433 5035 770 5106; x_wconf 88' lang='lat' dir='ltr'><strong>perscrutari</strong></span> <span class='ocrx_word' id='word_1_687' title='bbox 798 5036 1040 5104; x_wconf 81' lang='lat' dir='ltr'><strong>aggressi</strong></span> <span class='ocrx_word' id='word_1_688' title='bbox 1070 5040 1275 5099; x_wconf 87' lang='lat' dir='ltr'><strong>essent,</strong></span> <span class='ocrx_word' id='word_1_689' title='bbox 1311 5033 1385 5089; x_wconf 91' lang='lat' dir='ltr'><strong>ibi</strong></span> <span class='ocrx_word' id='word_1_690' title='bbox 1419 5032 1700 5088; x_wconf 89' lang='lat' dir='ltr'><strong>sudarium</strong></span> <span class='ocrx_word' id='word_1_691' title='bbox 1735 5047 1847 5104; x_wconf 88' lang='lat' dir='ltr'><strong>quo</strong></span> <span class='ocrx_word' id='word_1_692' title='bbox 1878 5048 2011 5088; x_wconf 87' lang='lat' dir='ltr'><strong>ocu-</strong></span> 
     </span>
    </p>
   </div>
   <div class='ocr_carea' id='block_1_97' title="bbox 432 5124 2011 5195">
    <p class='ocr_par' dir='ltr' id='par_1_97' title="bbox 432 5124 2011 5195">
     <span class='ocr_line' id='line_1_97' title="bbox 432 5124 2011 5195; baseline -0.003 -11"><span class='ocrx_word' id='word_1_693' title='bbox 432 5130 516 5184; x_wconf 83' lang='lat' dir='ltr'><strong>los</strong></span> <span class='ocrx_word' id='word_1_694' title='bbox 549 5145 681 5183; x_wconf 88' lang='lat' dir='ltr'><strong>suos</strong></span> <span class='ocrx_word' id='word_1_695' title='bbox 713 5130 1051 5183; x_wconf 82' lang='lat' dir='ltr'><strong>absterserat</strong></span> <span class='ocrx_word' id='word_1_696' title='bbox 1092 5125 1389 5191; x_wconf 81' lang='lat' dir='ltr'><strong>invenisse,</strong></span> <span class='ocrx_word' id='word_1_697' title='bbox 1444 5126 1589 5195; x_wconf 88' lang='lat' dir='ltr'><strong>quod</strong></span> <span class='ocrx_word' id='word_1_698' title='bbox 1637 5141 1764 5179; x_wconf 88' lang='lat' dir='ltr'><strong>cum</strong></span> <span class='ocrx_word' id='word_1_699' title='bbox 1803 5125 1856 5179; x_wconf 90' lang='lat' dir='ltr'><strong>in</strong></span> <span class='ocrx_word' id='word_1_700' title='bbox 1894 5124 2011 5179; x_wconf 72' lang='lat' dir='ltr'><strong>lano</strong></span> 
     </span>
    </p>
   </div>
   <div class='ocr_carea' id='block_1_98' title="bbox 431 5214 2011 5286">
    <p class='ocr_par' dir='ltr' id='par_1_98' title="bbox 431 5214 2011 5286">
     <span class='ocr_line' id='line_1_98' title="bbox 431 5214 2011 5286; baseline -0.003 -13"><span class='ocrx_word' id='word_1_701' title='bbox 431 5214 575 5274; x_wconf 83' lang='lat' dir='ltr'><strong>cium</strong></span> <span class='ocrx_word' id='word_1_702' title='bbox 629 5220 854 5274; x_wconf 81' lang='lat' dir='ltr'><strong>alteram</strong></span> <span class='ocrx_word' id='word_1_703' title='bbox 927 5217 1226 5286; x_wconf 87' lang='lat' dir='ltr'><strong>misissent,</strong></span> <span class='ocrx_word' id='word_1_704' title='bbox 1283 5215 1641 5272; x_wconf 80' lang='lat' dir='ltr'><strong>descendisse</strong></span> <span class='ocrx_word' id='word_1_705' title='bbox 1693 5216 1837 5271; x_wconf 87' lang='lat' dir='ltr'><strong>illam</strong></span> <span class='ocrx_word' id='word_1_706' title='bbox 1890 5230 2011 5286; x_wconf 74' lang='lat' dir='ltr'><strong>qua:</strong></span> 
     </span>
    </p>
   </div>
   <div class='ocr_carea' id='block_1_99' title="bbox 436 5307 2011 5383">
    <p class='ocr_par' dir='ltr' id='par_1_99' title="bbox 436 5307 2011 5383">
     <span class='ocr_line' id='line_1_99' title="bbox 436 5307 2011 5383; baseline -0.001 -17"><span class='ocrx_word' id='word_1_707' title='bbox 436 5312 589 5383; x_wconf 88' lang='lat' dir='ltr'><strong>prius</strong></span> <span class='ocrx_word' id='word_1_708' title='bbox 616 5313 804 5365; x_wconf 87' lang='lat' dir='ltr'><strong>minus</strong></span> <span class='ocrx_word' id='word_1_709' title='bbox 838 5312 1127 5376; x_wconf 83' lang='lat' dir='ltr'><strong>habuerat,</strong></span> <span class='ocrx_word' id='word_1_710' title='bbox 1177 5310 1392 5365; x_wconf 88' lang='lat' dir='ltr'><strong>sublata</strong></span> <span class='ocrx_word' id='word_1_711' title='bbox 1448 5308 1619 5364; x_wconf 82' lang='lat' dir='ltr'><strong>altera</strong></span> <span class='ocrx_word' id='word_1_712' title='bbox 1655 5307 1710 5364; x_wconf 91' lang='lat' dir='ltr'><strong>iu</strong></span> <span class='ocrx_word' id='word_1_713' title='bbox 1753 5324 1861 5380; x_wconf 89' lang='lat' dir='ltr'><strong>qua</strong></span> <span class='ocrx_word' id='word_1_714' title='bbox 1894 5308 2011 5364; x_wconf 83' lang='lat' dir='ltr'><strong>fue-</strong></span> 
     </span>
    </p>
   </div>
   <div class='ocr_carea' id='block_1_100' title="bbox 436 5399 2010 5475">
    <p class='ocr_par' dir='ltr' id='par_1_100' title="bbox 436 5399 2010 5475">
     <span class='ocr_line' id='line_1_100' title="bbox 436 5399 2010 5475; baseline -0.005 -14"><span class='ocrx_word' id='word_1_715' title='bbox 436 5417 561 5461; x_wconf 82' lang='lat' dir='ltr'><strong>rant</strong></span> <span class='ocrx_word' id='word_1_716' title='bbox 597 5408 825 5470; x_wconf 68' lang='lat' dir='ltr'><strong>chartae,</strong></span> <span class='ocrx_word' id='word_1_717' title='bbox 859 5405 1093 5475; x_wconf 84' lang='lat' dir='ltr'><strong>illasque</strong></span> <span class='ocrx_word' id='word_1_718' title='bbox 1128 5418 1321 5458; x_wconf 85' lang='lat' dir='ltr'><strong>omnes</strong></span> <span class='ocrx_word' id='word_1_719' title='bbox 1364 5402 1641 5473; x_wconf 87' lang='lat' dir='ltr'><strong>dispersas</strong></span> <span class='ocrx_word' id='word_1_720' title='bbox 1675 5401 1862 5457; x_wconf 85' lang='lat' dir='ltr'><strong>fuisse.</strong></span> <span class='ocrx_word' id='word_1_721' title='bbox 1900 5399 2010 5454; x_wconf 75' lang='lat' dir='ltr'><strong>Ex-</strong></span> 
     </span>
    </p>
   </div>
   <div class='ocr_carea' id='block_1_101' title="bbox 433 5490 2006 5567">
    <p class='ocr_par' dir='ltr' id='par_1_101' title="bbox 433 5490 2006 5567">
     <span class='ocr_line' id='line_1_101' title="bbox 433 5490 2006 5567; baseline -0.004 -16"><span class='ocrx_word' id='word_1_722' title='bbox 433 5497 739 5551; x_wconf 84' lang='lat' dir='ltr'><strong>clatuantes</strong></span> <span class='ocrx_word' id='word_1_723' title='bbox 792 5512 922 5567; x_wconf 76' lang='lat' dir='ltr'><strong>ergo</strong></span> <span class='ocrx_word' id='word_1_724' title='bbox 973 5495 1221 5551; x_wconf 69' lang='lat' dir='ltr'><strong>dixisse:</strong></span> <span class='ocrx_word' id='word_1_725' title='bbox 1282 5492 1420 5548; x_wconf 83' lang='lat' dir='ltr'><strong>Vicit</strong></span> <span class='ocrx_word' id='word_1_726' title='bbox 1452 5492 1543 5546; x_wconf 87' lang='lat' dir='ltr'><strong>Dei</strong></span> <span class='ocrx_word' id='word_1_727' title='bbox 1602 5490 2006 5555; x_wconf 76' lang='lat' dir='ltr'><strong>misericordia,</strong></span> 
     </span>
    </p>
   </div>
   <div class='ocr_carea' id='block_1_102' title="bbox 432 5583 2004 5659">
    <p class='ocr_par' dir='ltr' id='par_1_102' title="bbox 432 5583 2004 5659">
     <span class='ocr_line' id='line_1_102' title="bbox 432 5583 2004 5659; baseline -0.004 -15"><span class='ocrx_word' id='word_1_728' title='bbox 432 5598 769 5659; x_wconf 82' lang='lat' dir='ltr'><strong>acceptaque</strong></span> <span class='ocrx_word' id='word_1_729' title='bbox 795 5590 975 5644; x_wconf 90' lang='lat' dir='ltr'><strong>anima</strong></span> <span class='ocrx_word' id='word_1_730' title='bbox 1016 5603 1203 5645; x_wconf 89' lang='lat' dir='ltr'><strong>secum</strong></span> <span class='ocrx_word' id='word_1_731' title='bbox 1235 5586 1410 5655; x_wconf 85' lang='lat' dir='ltr'><strong>ipsam</strong></span> <span class='ocrx_word' id='word_1_732' title='bbox 1444 5584 1756 5646; x_wconf 84' lang='lat' dir='ltr'><strong>abstulisse.</strong></span> <span class='ocrx_word' id='word_1_733' title='bbox 1790 5583 2004 5655; x_wconf 80' lang='lat' dir='ltr'><strong>fugien-</strong></span> 
     </span>
    </p>
   </div>
   <div class='ocr_carea' id='block_1_103' title="bbox 433 5675 2004 5753">
    <p class='ocr_par' dir='ltr' id='par_1_103' title="bbox 433 5675 2004 5753">
     <span class='ocr_line' id='line_1_103' title="bbox 433 5675 2004 5753; baseline -0.004 -15"><span class='ocrx_word' id='word_1_734' title='bbox 433 5684 582 5738; x_wconf 88' lang='lat' dir='ltr'><strong>tibus</strong></span> <span class='ocrx_word' id='word_1_735' title='bbox 610 5682 835 5753; x_wconf 79' lang='lat' dir='ltr'><strong>Nigritis</strong></span> <span class='ocrx_word' id='word_1_736' title='bbox 868 5683 1073 5751; x_wconf 90' lang='lat' dir='ltr'><strong>pudore</strong></span> <span class='ocrx_word' id='word_1_737' title='bbox 1121 5691 1174 5736; x_wconf 89' lang='lat' dir='ltr'><strong>et</strong></span> <span class='ocrx_word' id='word_1_738' title='bbox 1209 5678 1439 5733; x_wconf 88' lang='lat' dir='ltr'><strong>tristitia</strong></span> <span class='ocrx_word' id='word_1_739' title='bbox 1478 5675 1706 5731; x_wconf 77' lang='lat' dir='ltr'><strong>aﬂ&#39;cctis.</strong></span> <span class='ocrx_word' id='word_1_740' title='bbox 1736 5676 2004 5748; x_wconf 79' lang='lat' dir='ltr'><strong>Experrc-</strong></span> 
     </span>
    </p>
   </div>
   <div class='ocr_carea' id='block_1_104' title="bbox 436 5770 2004 5848">
    <p class='ocr_par' dir='ltr' id='par_1_104' title="bbox 436 5770 2004 5848">
     <span class='ocr_line' id='line_1_104' title="bbox 436 5770 2004 5848; baseline -0.007 -12"><span class='ocrx_word' id='word_1_741' title='bbox 436 5784 559 5836; x_wconf 77' lang='lat' dir='ltr'><strong>etus</strong></span> <span class='ocrx_word' id='word_1_742' title='bbox 589 5792 721 5848; x_wconf 86' lang='lat' dir='ltr'><strong>ergo</strong></span> <span class='ocrx_word' id='word_1_743' title='bbox 780 5777 1026 5833; x_wconf 78' lang='lat' dir='ltr'><strong>medicus</strong></span> <span class='ocrx_word' id='word_1_744' title='bbox 1079 5775 1269 5833; x_wconf 80' lang='lat' dir='ltr'><strong>statim</strong></span> <span class='ocrx_word' id='word_1_745' title='bbox 1313 5772 1378 5829; x_wconf 80' lang='lat' dir='ltr'><strong>ad</strong></span> <span class='ocrx_word' id='word_1_746' title='bbox 1437 5772 1697 5829; x_wconf 86' lang='lat' dir='ltr'><strong>latronem</strong></span> <span class='ocrx_word' id='word_1_747' title='bbox 1754 5770 2004 5837; x_wconf 85' lang='lat' dir='ltr'><strong>tendens,</strong></span> 
     </span>
    </p>
   </div>
   <div class='ocr_carea' id='block_1_105' title="bbox 2110 4572 3684 4649">
    <p class='ocr_par' dir='ltr' id='par_1_105' title="bbox 2110 4572 3684 4649">
     <span class='ocr_line' id='line_1_105' title="bbox 2110 4572 3684 4649; baseline -0.003 -19"><span class='ocrx_word' id='word_1_748' title='bbox 2110 4579 2253 4633; x_wconf 90' lang='lat' dir='ltr'><strong>enim</strong></span> <span class='ocrx_word' id='word_1_749' title='bbox 2286 4572 2473 4649; x_wconf 73' lang='lat' dir='ltr'><strong>[alias]</strong></span> <span class='ocrx_word' id='word_1_750' title='bbox 2502 4573 2823 4630; x_wconf 82' lang='lat' dir='ltr'><strong>Mauricium</strong></span> <span class='ocrx_word' id='word_1_751' title='bbox 2862 4572 3099 4631; x_wconf 77' lang='lat' dir='ltr'><strong>Roman.</strong></span> <span class='ocrx_word' id='word_1_752' title='bbox 3148 4573 3534 4645; x_wconf 82' lang='lat' dir='ltr'><strong>imperatorem</strong></span> <span class='ocrx_word' id='word_1_753' title='bbox 3574 4576 3684 4628; x_wconf 78' lang='lat' dir='ltr'><strong>adi-</strong></span> 
     </span>
    </p>
   </div>
   <div class='ocr_carea' id='block_1_106' title="bbox 2111 4664 3683 4739">
    <p class='ocr_par' dir='ltr' id='par_1_106' title="bbox 2111 4664 3683 4739">
     <span class='ocr_line' id='line_1_106' title="bbox 2111 4664 3683 4739; baseline -0.001 -16"><span class='ocrx_word' id='word_1_754' title='bbox 2111 4683 2193 4734; x_wconf 87' lang='lat' dir='ltr'><strong>re,</strong></span> <span class='ocrx_word' id='word_1_755' title='bbox 2234 4685 2323 4737; x_wconf 85' lang='lat' dir='ltr'><strong>ne,</strong></span> <span class='ocrx_word' id='word_1_756' title='bbox 2358 4669 2403 4726; x_wconf 89' lang='lat' dir='ltr'><strong>si</strong></span> <span class='ocrx_word' id='word_1_757' title='bbox 2449 4668 2735 4739; x_wconf 77' lang='lat' dir='ltr'><strong>profectus</strong></span> <span class='ocrx_word' id='word_1_758' title='bbox 2767 4666 3005 4721; x_wconf 79' lang='lat' dir='ltr'><strong>llormos</strong></span> <span class='ocrx_word' id='word_1_759' title='bbox 3038 4664 3102 4720; x_wconf 89' lang='lat' dir='ltr'><strong>ad</strong></span> <span class='ocrx_word' id='word_1_760' title='bbox 3134 4664 3315 4736; x_wconf 89' lang='lat' dir='ltr'><strong>ipsum</strong></span> <span class='ocrx_word' id='word_1_761' title='bbox 3345 4666 3552 4721; x_wconf 81' lang='lat' dir='ltr'><strong>scribat</strong></span> <span class='ocrx_word' id='word_1_762' title='bbox 3586 4682 3683 4721; x_wconf 86' lang='lat' dir='ltr'><strong>nos</strong></span> 
     </span>
    </p>
   </div>
   <div class='ocr_carea' id='block_1_107' title="bbox 2110 4756 3680 4829">
    <p class='ocr_par' dir='ltr' id='par_1_107' title="bbox 2110 4756 3680 4829">
     <span class='ocr_line' id='line_1_107' title="bbox 2110 4756 3680 4829; baseline 0 -16"><span class='ocrx_word' id='word_1_763' title='bbox 2110 4776 2138 4813; x_wconf 81' lang='lat' dir='ltr'><strong>a</strong></span> <span class='ocrx_word' id='word_1_764' title='bbox 2177 4776 2237 4816; x_wconf 89' lang='lat' dir='ltr'><strong>se</strong></span> <span class='ocrx_word' id='word_1_765' title='bbox 2269 4760 2495 4829; x_wconf 67' lang='lat' dir='ltr'><strong>fugisse,</strong></span> <span class='ocrx_word' id='word_1_766' title='bbox 2528 4758 2689 4814; x_wconf 89' lang='lat' dir='ltr'><strong>nobis</strong></span> <span class='ocrx_word' id='word_1_767' title='bbox 2718 4758 2865 4829; x_wconf 88' lang='lat' dir='ltr'><strong>quod</strong></span> <span class='ocrx_word' id='word_1_768' title='bbox 2903 4756 3130 4811; x_wconf 89' lang='lat' dir='ltr'><strong>minime</strong></span> <span class='ocrx_word' id='word_1_769' title='bbox 3151 4756 3416 4812; x_wconf 83' lang='lat' dir='ltr'><strong>vellemus</strong></span> <span class='ocrx_word' id='word_1_770' title='bbox 3450 4760 3680 4813; x_wconf 83' lang='lat' dir='ltr'><strong>accidat.</strong></span> 
     </span>
    </p>
   </div>
   <div class='ocr_carea' id='block_1_108' title="bbox 2111 4847 3682 4921">
    <p class='ocr_par' dir='ltr' id='par_1_108' title="bbox 2111 4847 3682 4921">
     <span class='ocr_line' id='line_1_108' title="bbox 2111 4847 3682 4921; baseline -0.003 -14"><span class='ocrx_word' id='word_1_771' title='bbox 2111 4852 2339 4908; x_wconf 69' lang='lat' dir='ltr'><strong>Rev-etsi</strong></span> <span class='ocrx_word' id='word_1_772' title='bbox 2373 4867 2504 4921; x_wconf 78' lang='lat' dir='ltr'><strong>ergo</strong></span> <span class='ocrx_word' id='word_1_773' title='bbox 2548 4852 2615 4906; x_wconf 86' lang='lat' dir='ltr'><strong>ad</strong></span> <span class='ocrx_word' id='word_1_774' title='bbox 2648 4850 2981 4905; x_wconf 86' lang='lat' dir='ltr'><strong>Hormozum</strong></span> <span class='ocrx_word' id='word_1_775' title='bbox 3025 4849 3206 4918; x_wconf 90' lang='lat' dir='ltr'><strong>ipsum</strong></span> <span class='ocrx_word' id='word_1_776' title='bbox 3252 4847 3682 4907; x_wconf 85' lang='lat' dir='ltr'><strong>interfecerunt.</strong></span> 
     </span>
    </p>
   </div>
   <div class='ocr_carea' id='block_1_109' title="bbox 2108 4941 3681 5012">
    <p class='ocr_par' dir='ltr' id='par_1_109' title="bbox 2108 4941 3681 5012">
     <span class='ocr_line' id='line_1_109' title="bbox 2108 4941 3681 5012; baseline -0.001 -14"><span class='ocrx_word' id='word_1_777' title='bbox 2108 4947 2233 5001; x_wconf 85' lang='lat' dir='ltr'><strong>dein</strong></span> <span class='ocrx_word' id='word_1_778' title='bbox 2276 4946 2342 4999; x_wconf 89' lang='lat' dir='ltr'><strong>ad</strong></span> <span class='ocrx_word' id='word_1_779' title='bbox 2391 4944 2614 4999; x_wconf 86' lang='lat' dir='ltr'><strong>Ccsram</strong></span> <span class='ocrx_word' id='word_1_780' title='bbox 2647 4943 2944 4997; x_wconf 85' lang='lat' dir='ltr'><strong>redeuntes</strong></span> <span class='ocrx_word' id='word_1_781' title='bbox 2980 4956 3088 4995; x_wconf 90' lang='lat' dir='ltr'><strong>una</strong></span> <span class='ocrx_word' id='word_1_782' title='bbox 3123 4956 3250 4995; x_wconf 91' lang='lat' dir='ltr'><strong>cum</strong></span> <span class='ocrx_word' id='word_1_783' title='bbox 3289 4941 3410 5012; x_wconf 87' lang='lat' dir='ltr'><strong>ipso</strong></span> <span class='ocrx_word' id='word_1_784' title='bbox 3450 4942 3681 5011; x_wconf 61' lang='lat' dir='ltr'><strong>profecti</strong></span> 
     </span>
    </p>
   </div>
   <div class='ocr_carea' id='block_1_110' title="bbox 2112 5028 3679 5101">
    <p class='ocr_par' dir='ltr' id='par_1_110' title="bbox 2112 5028 3679 5101">
     <span class='ocr_line' id='line_1_110' title="bbox 2112 5028 3679 5101; baseline -0.004 -9"><span class='ocrx_word' id='word_1_785' title='bbox 2112 5045 2244 5092; x_wconf 84' lang='lat' dir='ltr'><strong>sunt</strong></span> <span class='ocrx_word' id='word_1_786' title='bbox 2277 5037 2453 5091; x_wconf 88' lang='lat' dir='ltr'><strong>donec</strong></span> <span class='ocrx_word' id='word_1_787' title='bbox 2490 5034 2558 5090; x_wconf 90' lang='lat' dir='ltr'><strong>ad</strong></span> <span class='ocrx_word' id='word_1_788' title='bbox 2601 5033 2995 5088; x_wconf 88' lang='lat' dir='ltr'><strong>monasterium</strong></span> <span class='ocrx_word' id='word_1_789' title='bbox 3035 5028 3312 5100; x_wconf 85' lang='lat' dir='ltr'><strong>quoddam</strong></span> <span class='ocrx_word' id='word_1_790' title='bbox 3346 5031 3400 5085; x_wconf 92' lang='lat' dir='ltr'><strong>iu</strong></span> <span class='ocrx_word' id='word_1_791' title='bbox 3435 5033 3517 5085; x_wconf 83' lang='lat' dir='ltr'><strong>via</strong></span> <span class='ocrx_word' id='word_1_792' title='bbox 3557 5048 3679 5101; x_wconf 83' lang='lat' dir='ltr'><strong>pcr-</strong></span> 
     </span>
    </p>
   </div>
   <div class='ocr_carea' id='block_1_111' title="bbox 2111 5121 3679 5194">
    <p class='ocr_par' dir='ltr' id='par_1_111' title="bbox 2111 5121 3679 5194">
     <span class='ocr_line' id='line_1_111' title="bbox 2111 5121 3679 5194; baseline -0.006 -11"><span class='ocrx_word' id='word_1_793' title='bbox 2111 5129 2431 5194; x_wconf 84' lang='lat' dir='ltr'><strong>veuicntcs,</strong></span> <span class='ocrx_word' id='word_1_794' title='bbox 2463 5127 2533 5181; x_wconf 90' lang='lat' dir='ltr'><strong>ibi</strong></span> <span class='ocrx_word' id='word_1_795' title='bbox 2563 5125 2921 5181; x_wconf 83' lang='lat' dir='ltr'><strong>divertereut.</strong></span> <span class='ocrx_word' id='word_1_796' title='bbox 2970 5121 3127 5177; x_wconf 73' lang='lat' dir='ltr'><strong>Mane</strong></span> <span class='ocrx_word' id='word_1_797' title='bbox 3164 5134 3345 5178; x_wconf 89' lang='lat' dir='ltr'><strong>autem</strong></span> <span class='ocrx_word' id='word_1_798' title='bbox 3407 5122 3554 5177; x_wconf 78' lang='lat' dir='ltr'><strong>facto</strong></span> <span class='ocrx_word' id='word_1_799' title='bbox 3592 5140 3679 5179; x_wconf 83' lang='lat' dir='ltr'><strong>su.</strong></span> 
     </span>
    </p>
   </div>
   <div class='ocr_carea' id='block_1_112' title="bbox 2110 5218 3678 5298">
    <p class='ocr_par' dir='ltr' id='par_1_112' title="bbox 2110 5218 3678 5298">
     <span class='ocr_line' id='line_1_112' title="bbox 2110 5218 3678 5298; baseline -0.006 -18"><span class='ocrx_word' id='word_1_800' title='bbox 2110 5232 2480 5298; x_wconf 81' lang='lat' dir='ltr'><strong>perveuerunt</strong></span> <span class='ocrx_word' id='word_1_801' title='bbox 2532 5221 2667 5293; x_wconf 78' lang='lat' dir='ltr'><strong>ipsis</strong></span> <span class='ocrx_word' id='word_1_802' title='bbox 2712 5219 2928 5291; x_wconf 85' lang='lat' dir='ltr'><strong>equites</strong></span> <span class='ocrx_word' id='word_1_803' title='bbox 2956 5234 3097 5289; x_wconf 88' lang='lat' dir='ltr'><strong>quos</strong></span> <span class='ocrx_word' id='word_1_804' title='bbox 3138 5218 3206 5271; x_wconf 86' lang='lat' dir='ltr'><strong>ad</strong></span> <span class='ocrx_word' id='word_1_805' title='bbox 3240 5218 3391 5288; x_wconf 86' lang='lat' dir='ltr'><strong>ipsos</strong></span> <span class='ocrx_word' id='word_1_806' title='bbox 3434 5235 3678 5289; x_wconf 74' lang='lat' dir='ltr'><strong>qttturen-</strong></span> 
     </span>
    </p>
   </div>
   <div class='ocr_carea' id='block_1_113' title="bbox 2109 5308 3680 5377">
    <p class='ocr_par' dir='ltr' id='par_1_113' title="bbox 2109 5308 3680 5377">
     <span class='ocr_line' id='line_1_113' title="bbox 2109 5308 3680 5377; baseline -0.008 -4"><span class='ocrx_word' id='word_1_807' title='bbox 2109 5318 2213 5374; x_wconf 84' lang='lat' dir='ltr'><strong>dos</strong></span> <span class='ocrx_word' id='word_1_808' title='bbox 2274 5319 2496 5372; x_wconf 82' lang='lat' dir='ltr'><strong>miserat</strong></span> <span class='ocrx_word' id='word_1_809' title='bbox 2565 5312 2794 5368; x_wconf 86' lang='lat' dir='ltr'><strong>Babratn</strong></span> <span class='ocrx_word' id='word_1_810' title='bbox 2859 5311 3048 5375; x_wconf 85' lang='lat' dir='ltr'><strong>Sunir,</strong></span> <span class='ocrx_word' id='word_1_811' title='bbox 3112 5308 3315 5377; x_wconf 87' lang='lat' dir='ltr'><strong>quibus</strong></span> <span class='ocrx_word' id='word_1_812' title='bbox 3375 5312 3680 5377; x_wconf 70' lang='lat' dir='ltr'><strong>conspectis</strong></span> 
     </span>
    </p>
   </div>
   <div class='ocr_carea' id='block_1_114' title="bbox 2111 5400 3677 5472">
    <p class='ocr_par' dir='ltr' id='par_1_114' title="bbox 2111 5400 3677 5472">
     <span class='ocr_line' id='line_1_114' title="bbox 2111 5400 3677 5472; baseline -0.006 -6"><span class='ocrx_word' id='word_1_813' title='bbox 2111 5410 2454 5466; x_wconf 81' lang='lat' dir='ltr'><strong>moriendum</strong></span> <span class='ocrx_word' id='word_1_814' title='bbox 2500 5407 2602 5463; x_wconf 83' lang='lat' dir='ltr'><strong>sibi</strong></span> <span class='ocrx_word' id='word_1_815' title='bbox 2658 5404 2884 5459; x_wconf 86' lang='lat' dir='ltr'><strong>minimc</strong></span> <span class='ocrx_word' id='word_1_816' title='bbox 2926 5402 3269 5457; x_wconf 80' lang='lat' dir='ltr'><strong>dubitarunt.</strong></span> <span class='ocrx_word' id='word_1_817' title='bbox 3322 5400 3469 5454; x_wconf 77' lang='lat' dir='ltr'><strong>Dixit</strong></span> <span class='ocrx_word' id='word_1_818' title='bbox 3520 5403 3677 5472; x_wconf 76' lang='lat' dir='ltr'><strong>igitur</strong></span> 
     </span>
    </p>
   </div>
   <div class='ocr_carea' id='block_1_115' title="bbox 2110 5494 3676 5562">
    <p class='ocr_par' dir='ltr' id='par_1_115' title="bbox 2110 5494 3676 5562">
     <span class='ocr_line' id='line_1_115' title="bbox 2110 5494 3676 5562; baseline -0.008 -2"><span class='ocrx_word' id='word_1_819' title='bbox 2110 5505 2221 5560; x_wconf 81' lang='lat' dir='ltr'><strong>illis</strong></span> <span class='ocrx_word' id='word_1_820' title='bbox 2269 5501 2450 5556; x_wconf 82' lang='lat' dir='ltr'><strong>Nabda</strong></span> <span class='ocrx_word' id='word_1_821' title='bbox 2492 5518 2506 5555; x_wconf 89' lang='lat'>:</span> <span class='ocrx_word' id='word_1_822' title='bbox 2560 5496 2980 5555; x_wconf 73' lang='lat' dir='ltr'><strong>Prolieiscimini</strong></span> <span class='ocrx_word' id='word_1_823' title='bbox 3017 5510 3136 5557; x_wconf 85' lang='lat' dir='ltr'><strong>vos,</strong></span> <span class='ocrx_word' id='word_1_824' title='bbox 3172 5509 3255 5549; x_wconf 89' lang='lat' dir='ltr'><strong>me</strong></span> <span class='ocrx_word' id='word_1_825' title='bbox 3283 5509 3422 5562; x_wconf 79' lang='lat' dir='ltr'><strong>pone</strong></span> <span class='ocrx_word' id='word_1_826' title='bbox 3455 5494 3676 5558; x_wconf 80' lang='lat' dir='ltr'><strong>relicto;</strong></span> 
     </span>
    </p>
   </div>
   <div class='ocr_carea' id='block_1_116' title="bbox 2110 5585 3677 5669">
    <p class='ocr_par' dir='ltr' id='par_1_116' title="bbox 2110 5585 3677 5669">
     <span class='ocr_line' id='line_1_116' title="bbox 2110 5585 3677 5669; baseline -0.007 -19"><span class='ocrx_word' id='word_1_827' title='bbox 2110 5612 2212 5669; x_wconf 80' lang='lat' dir='ltr'><strong>ego</strong></span> <span class='ocrx_word' id='word_1_828' title='bbox 2243 5610 2338 5650; x_wconf 84' lang='lat' dir='ltr'><strong>vos</strong></span> <span class='ocrx_word' id='word_1_829' title='bbox 2366 5595 2647 5647; x_wconf 79' lang='lat' dir='ltr'><strong>indemne:</strong></span> <span class='ocrx_word' id='word_1_830' title='bbox 2675 5589 2966 5661; x_wconf 62' lang='lat' dir='ltr'><strong>praestabo.</strong></span> <span class='ocrx_word' id='word_1_831' title='bbox 3008 5585 3342 5642; x_wconf 80' lang='lat' dir='ltr'><strong>Conscensis</strong></span> <span class='ocrx_word' id='word_1_832' title='bbox 3370 5602 3503 5656; x_wconf 76' lang='lat' dir='ltr'><strong>ergo</strong></span> <span class='ocrx_word' id='word_1_833' title='bbox 3524 5588 3677 5653; x_wconf 83' lang='lat' dir='ltr'><strong>equis</strong></span> 
     </span>
    </p>
   </div>
   <div class='ocr_carea' id='block_1_117' title="bbox 2110 5675 3675 5751">
    <p class='ocr_par' dir='ltr' id='par_1_117' title="bbox 2110 5675 3675 5751">
     <span class='ocr_line' id='line_1_117' title="bbox 2110 5675 3675 5751; baseline -0.007 -9"><span class='ocrx_word' id='word_1_834' title='bbox 2110 5688 2186 5744; x_wconf 90' lang='lat' dir='ltr'><strong>illi</strong></span> <span class='ocrx_word' id='word_1_835' title='bbox 2230 5689 2284 5741; x_wconf 89' lang='lat' dir='ltr'><strong>in</strong></span> <span class='ocrx_word' id='word_1_836' title='bbox 2325 5685 2519 5739; x_wconf 88' lang='lat' dir='ltr'><strong>itinere</strong></span> <span class='ocrx_word' id='word_1_837' title='bbox 2554 5688 2943 5751; x_wconf 75' lang='lat' dir='ltr'><strong>perrexerunt,</strong></span> <span class='ocrx_word' id='word_1_838' title='bbox 2967 5677 3235 5746; x_wconf 64' lang='lat' dir='ltr'><strong>iussitque</strong></span> <span class='ocrx_word' id='word_1_839' title='bbox 3264 5675 3451 5731; x_wconf 80' lang='lat' dir='ltr'><strong>Nabda</strong></span> <span class='ocrx_word' id='word_1_840' title='bbox 3484 5678 3675 5747; x_wconf 78' lang='lat' dir='ltr'><strong>ianito-</strong></span> 
     </span>
    </p>
   </div>
   <div class='ocr_carea' id='block_1_118' title="bbox 2113 5766 3675 5841">
    <p class='ocr_par' dir='ltr' id='par_1_118' title="bbox 2113 5766 3675 5841">
     <span class='ocr_line' id='line_1_118' title="bbox 2113 5766 3675 5841; baseline -0.006 -11"><span class='ocrx_word' id='word_1_841' title='bbox 2113 5790 2221 5830; x_wconf 87' lang='lat' dir='ltr'><strong>rcm</strong></span> <span class='ocrx_word' id='word_1_842' title='bbox 2266 5774 2580 5828; x_wconf 79' lang='lat' dir='ltr'><strong>monasterii</strong></span> <span class='ocrx_word' id='word_1_843' title='bbox 2627 5779 2833 5841; x_wconf 84' lang='lat' dir='ltr'><strong>portam</strong></span> <span class='ocrx_word' id='word_1_844' title='bbox 2877 5767 3150 5824; x_wconf 79' lang='lat' dir='ltr'><strong>claudere.</strong></span> <span class='ocrx_word' id='word_1_845' title='bbox 3188 5766 3523 5823; x_wconf 74' lang='lat' dir='ltr'><strong>Act-edentes</strong></span> <span class='ocrx_word' id='word_1_846' title='bbox 3570 5782 3675 5824; x_wconf 81' lang='lat' dir='ltr'><strong>aa-</strong></span> 
     </span>
    </p>
   </div>
  </div>
