3976 6168
409 310 537 373 tos?

1434 316 1805 375 EU'l'l‘Cllll
1846 317 2382 381 ALEXANDRINI
2412 317 2636 382 PATR.

3558 321 3693 385 1088

413 421 541 472 i‘lul
575 420 861 490 habentes,
888 439 1206 479 successu-ii
1258 425 1361 496 ipsi
1406 426 1620 482 felicem
1661 432 1996 500 comprecati
2028 434 2071 486 Α
2102 432 2373 503 asinoquc
2431 436 2657 491 clitellis
2713 435 2953 492 instrato
3005 444 3222 491 rectum
3280 437 3680 505 conspexisset.

410 523 561 569 ΗΜΛ,

485 606 770 661 llcraclius
806 626 938 678 ergo
975 614 1192 668 seleCtis
1224 631 1255 667 e
1288 616 1489 669 dueum
1527 618 1804 673 exercitus
1832 618 1987 673 Cou-

412 699 886 768 s'autioopolitaui
931 702 1247 760 fortissimis
1280 723 1344 760 ac
1379 711 1872 776 prmstautissimis,
1910 714 1994 765 ul-

413 802 497 844 tra
536 794 827 862 quinquies
872 797 1019 850 mille
1049 799 1217 859 viros,
1264 816 1406 866 quos
1442 817 1628 857 secum
1663 813 1995 869 assumeret,

411 888 732 955 paratisque
785 891 1018 943 navibus
1076 894 1281 959 quibus
1343 906 1452 948 tam
1512 896 1765 950 homines
1828 914 1995 967 quam

411 992 583 1047 equos
623 979 844 1033 veheret
877 982 1356 1053 Constantinopoli
1388 985 1823 1058 Trapezuntium
1868 1005 1995 1060 pro-

413 1070 623 1134 fectus,
663 1073 735 1127 ibi
782 1075 1051 1131 substitit.
1110 1076 1475 1149 Collectisque
1515 1081 1691 1150 copiis
1738 1096 1804 1136 ac
1853 1081 1997 1135 datis

412 1162 685 1218 mandatis
716 1180 874 1233 apem
913 1182 940 1219 a
989 1184 1112 1237 rege
1153 1170 1532 1226 Chozarorum
1567 1173 1759 1243 petiit,
1803 1184 1997 1243 pactus

411 1253 485 1307 illi
535 1255 734 1309 solium
771 1257 858 1310 cui
897 1257 1161 1314 insideret
1193 1276 1318 1316 eum
1356 1266 1641 1319 consessui
1681 1266 1871 1335 palatii
1914 1266 1996 1319 iu-

410 1356 676 1410 tcresset;
717 1364 817 1402 nec
858 1369 965 1405 uou
999 1368 1026 1403 a
1062 1369 1190 1421 rege
1226 1356 1285 1407 Al
1319 1356 1514 1426 Aujaz,
1544 1359 1744 1413 collato
1775 1357 1850 1412 illi
1880 1360 2001 1413 dia-

411 1441 624 1497 tlematc
648 1460 759 1511 quo
789 1446 1007 1511 quoﬁes
1039 1448 1105 1502 ad
1131 1464 1454 1503 consessum
1489 1452 1746 1505 eumdem
1772 1453 1999 1508 accede-

413 1545 489 1587 ret
531 1546 860 1603 ornaretur;
891 1550 944 1591 et
976 1556 1005 1593 a
1050 1556 1174 1610 rege
1206 1542 1268 1595 Al
1303 1542 1584 1607 Sanan-i2,
1617 1544 1703 1598 cui
1750 1555 1805 1598 et
1835 1557 1997 1616 pacto

413 1630 609 1685 solium
656 1634 928 1686 concessit
960 1648 1071 1701 quo
1123 1635 1176 1687 in
1207 1636 1401 1689 eodem
1435 1652 1698 1691 consessu
1742 1638 1993 1705 sederet;

412 1726 554 1778 unde
580 1738 646 1778 ex
678 1740 745 1778 eo
780 1736 1024 1793 tempore
1054 1728 1361 1796 appellatus
1393 1740 1476 1785 est
1512 1746 1605 1785 rex
1636 1733 1697 1785 Al
1728 1732 1995 1800 Sauarim,

416 1831 508 1870 rex
539 1814 675 1869 Solii
704 1813 1031 1888 [dominus].
1055 1820 1231 1888 Atque
1250 1821 1321 1874 ita
1346 1833 1690 1891 comparatos
1716 1826 1997 1893 profectus

412 1920 491 1964 rat
524 1910 577 1963 iu
627 1913 905 1979 regionem
938 1919 1255 1967 montanam
1293 1913 1689 1985 Asphahauum
1736 1934 1910 1985 usque
1943 1926 1998 1971 ct

412 2002 558 2057 Morti
589 2013 642 2060 et
678 2005 903 2072 Saporis
939 2009 1154 2072 urbem,
1186 2025 1580 2079 quamcunque
1611 2012 1999 2081 ingrederetur

413 2097 601 2152 urbem
650 2098 794 2152 datis
846 2100 1154 2163 mandatis,
1203 2112 1258 2155 et
1312 2102 1561 2158 collectis
1607 2104 1805 2171 copiis.
1835 2103 1999 2174 232

415 2189 735 2260 Ubicunque
783 2204 968 2246 autem
1005 2193 1057 2246 in
1102 2194 1187 2246 via
1240 2194 1465 2248 obvium
1507 2194 1733 2250 haberet
1776 2196 1997 2251 Persam

412 2285 650 2354 aliquem
696 2286 897 2348 virum,
943 2284 1240 2347 feminam.
1275 2288 1358 2341 vel
1403 2303 1659 2357 puerum,
1690 2288 1831 2341 colla
1868 2288 2001 2358 ipsis

412 2379 676 2444 pra‘cidlt.
713 2377 879 2433 Urbis
920 2394 1049 2433 vero
1095 2378 1322 2447 Sapo:is
1355 2380 1549 2435 incola:
1596 2383 1727 2435 visis
1766 2378 1999 2435 lict-aelii

416 2473 606 2539 copiis,
644 2488 767 2525 cum
802 2483 951 2527 metu
990 2488 1189 2543 magno
1224 2475 1498 2541 perterriti
1536 2488 1754 2536 essent.
1787 2490 1847 2531 se
1880 2491 2004 2529 ntu-

412 2564 629 2618 uieutes
660 2564 726 2615 ad
760 2573 944 2633 portas
975 2565 1263 2621 machinas
1291 2577 1341 2623 ct
1375 2566 1623 2622 ballistas
1654 2576 1997 2621 statui-runt:

415 2671 552 2725 quos
582 2656 798 2726 aliquot
828 2658 1022 2713 diebus
1048 2658 1191 2713 bello
1222 2658 1503 2715 lacessivit
1532 2659 1844 2723 lleraclius,
1874 2661 2000 2715 dein

414 2765 592 2819 pugna
638 2750 867 2804 adortus
909 2766 1019 2804 non
1052 2760 1185 2805 ante
1224 2752 1429 2806 destitit
1463 2767 1627 2823 quam
1679 2753 1870 2809 urbem
1904 2770 2001 2807 cc-

416 2846 617 2915 pisset,
667 2844 929 2899 omnibus
973 2846 1066 2914 qui
1121 2846 1178 2899 in
1230 2846 1347 2914 ipsa
1393 2845 1647 2907 fuerant.
1704 2857 1812 2901 tant
1863 2848 1999 2902 viris

417 2953 575 3006 quant
609 2937 832 2994 feminis
865 2938 1182 3009 puerisque,
1212 2938 1586 2994 internecione
1617 2939 1837 3004 deletis,
1870 2943 2001 3009 quin

418 3038 468 3083 et
499 3030 849 3101 gravidarum
882 3030 1056 3083 uteris
1099 3030 1352 3085 dissectis
1393 3039 1675 3086 extractos
1715 3030 1843 3085 inde
1889 3047 2003 3083 etn-

417 3124 653 3194 bryoncs
720 3124 869 3177 saxis
934 3123 1233 3178 illiserunt.
1296 3120 1418 3189 Quo
1473 3134 1830 3193 conspecto:
1891 3122 2005 3191 Ego

419 3220 615 3288 (inquit
645 3218 955 3287 Ileraclius)
983 3235 1103 3272 sum
1132 3219 1201 3272 de
1229 3233 1342 3289 quo
1368 3218 1701 3275 vaticinatus
1721 3228 1807 3274 est
1835 3217 2003 3272 David

418 3313 681 3383 propheta
714 3313 831 3377 ubi,
868 3312 1079 3381 psalmo
1106 3327 1334 3378 cxuvt,
1359 3312 1532 3369 dicit:
1567 3310 1757 3368 Beatus
1775 3315 2010 3383 σμύραιν-

418 3406 564 3459 culos
611 3415 729 3459 tuos
775 3405 1034 3469 accipiens
1090 3414 1255 3473 petra
1295 3405 1437 3471 ipso:
1491 3402 1744 3463 alliserit.
1802 3404 2008 3463 Deinde

421 3501 541 3565 igne
586 3497 702 3551 urbi
742 3496 941 3570 injecto
992 3512 1302 3568 magnaque
1353 3498 1706 3568 captivorum
1754 3498 2011 3552 multitu-

420 3589 545 3645 dine
575 3589 833 3651 abducta,
871 3603 976 3640 una
1008 3602 1133 3643 cum
1172 3589 1429 3658 pecuniis
1463 3590 1815 3659 gemmiSque
1847 3589 2009 3644 innu-

422 3681 587 3734 meris
624 3690 794 3735 totam
847 3680 1049 3735 Persia:
1102 3684 1385 3750 regionem
1429 3679 1757 3735 devastavit.
1806 3680 2012 3737 Deinde

423 3773 507 3827 via
541 3788 637 3826 sua
675 3786 926 3828 reversits
958 3789 1055 3843 per
1090 3774 1345 3841 regiones
1386 3772 1637 3837 llalwan,
1679 3784 1732 3827 et
1770 3773 2006 3839 Sharnz.

422 3873 477 3922 et
530 3867 575 3921 Δ
624 3865 920 3936 Madayeu,
980 3866 1264 3938 ingressus
1323 3874 1406 3920 est
1465 3863 1915 3935 Miyapharckin,
1958 3876 2015 3921 et

424 3956 707 4031 [traiecto]
760 3959 909 4031 Tigri
969 3959 1023 4014 in
1074 3960 1389 4013 Armeniam
1445 3956 1670 4010 transiit
1728 3973 1899 4026 usque
1944 3956 2011 4010 ad

426 4052 652 4107 fluvium
698 4054 959 4107 Arsi-nas.
1003 4050 1201 4106 Secum
1251 4060 1433 4105 autem
1468 4051 1613 4104 inter
1642 4051 1889 4120 captivos
1920 4052 2015 4104 ha-

427 4146 542 4198 lmit
564 4145 733 4197 filium
759 4143 942 4198 CCSI'iP
962 4144 1187 4200 nomine
1212 4143 1494 4198 Kobadem
1518 4142 1637 4213 (qui
1663 4152 1717 4197 et
1741 4144 2012 4225 §irawaih

429 4240 731 4309 appellatus
755 4242 882 4305 est),
915 4248 1106 4294 uatum
1134 4238 1309 4293 Maria
1352 4238 1460 4292 filia
1490 4240 1839 4308 imperatoris
1868 4240 2017 4294 “au—

430 4329 568 4393 ririi,
596 4328 753 4397 cujus
790 4343 959 4383 causa
1008 4338 1161 4399 gesta
1203 4338 1336 4383 sunt
1374 4334 1489 4382 haec
1519 4329 1677 4383 bella.
1705 4329 1846 4383 Cum
1879 4345 2014 4401 ergo

431 4421 832 4493 Iliyapharclgiu
872 4423 1242 4491 pervenisset,
1264 4422 1539 4475 accersito
1573 4420 1799 4477 Kobade
1833 4423 2016 4481 Cessat

2028 3164 2075 3227 C

2104 527 2272 593 Quid.
2318 528 2516 600 inquit,
2554 532 2729 585 Ituutii
2761 530 2968 587 affers?
2995 530 3093 585 Cui
3137 531 3247 595 ille,
3304 529 3574 596 Vastavit,
3607 532 3681 584 in-

2103 620 2258 688 quit,
2297 618 2582 677 lleraclius
2615 638 2807 679 onincs
2843 622 3044 680 Persia:
3081 627 3277 691 urbes,
3318 628 3491 691 viris,
3532 627 3676 682 lenii-

2106 712 2192 765 nis
2245 714 2536 783 puerisque
2564 716 2869 779 trucidatis,
2922 716 3112 773 urbem
3145 733 3276 774 vero
3310 720 3513 790 regiam
3540 719 3677 773 diru,

2105 814 2215 859 tam
2246 807 2514 874 incendit,
2538 810 2797 863 omnibus
2822 812 2913 880 qui
2940 812 2993 864 in
3022 828 3083 866 ea
3113 810 3333 867 fuerqu
3360 813 3679 876 interfectis.

2105 913 2381 969 opumque
2402 910 2456 957 ct
2480 917 2822 973 gemmarum
2852 915 3123 973 quantum
3159 906 3303 961 haud
3334 909 3533 977 poterit
3567 910 3681 977 quit

2106 1007 2392 1047 recensere
2450 999 2771 1065 reportavit.
2825 996 2951 1051 llaec
3002 1007 3185 1053 autem
3238 999 3412 1070 ipsius
3459 1000 3682 1071 epistola

2103 1096 2211 1142 est.
2254 1089 2389 1144 Cum
2424 1104 2555 1157 ergo
2588 1086 2823 1145 lleraclii
2859 1089 3141 1161 epistolam
3175 1093 3497 1167 perlegisset
3520 1093 3681 1149 Cesra

2105 1196 2301 1251 magna
2333 1183 2550 1237 tristitia
2589 1181 2767 1238 affecti
2796 1195 2925 1238 sunt
2959 1194 3075 1239 tum
3104 1186 3221 1255 ipse
3251 1198 3364 1240 tum
3393 1186 3568 1256 ipsius
3597 1203 3683 1241 co-

2106 1276 2290 1337 mites,
2328 1275 2630 1343 multisque
2658 1274 2899 1331 familias
2936 1286 2991 1332 et
3030 1276 3238 1345 liberos
3271 1294 3404 1334 suos
3438 1282 3684 1351 laetymia

2103 1365 2395 1421 deflerunt.
2455 1366 2621 1421 Cesra
2681 1382 2817 1438 ergo
2875 1369 3198 1424 convocatis
3253 1369 3588 1425 consiliariis
3636 1380 3683 1423 et

2104 1458 2337 1514 ducibus
2374 1459 2523 1523 suis,
2560 1458 2703 1525 Quid
2735 1460 2959 1530 (inquit)
2998 1460 3240 1526 sentitis,
3292 1463 3562 1532 siquidem
3606 1464 3684 1515 iu-

2106 1550 2321 1608 tcrfecti
2364 1550 2529 1625 336
2576 1563 2706 1606 sunt
2754 1556 3020 1625 eonjnges
3064 1562 3121 1609 et
3168 1557 3326 1611 liberi
3383 1556 3598 1620 nostri,
3637 1569 3684 1610 et

2105 1652 2317 1698 vastata
2352 1642 2632 1698 domicilia
2666 1656 2720 1699 et
2761 1644 3074 1701 habitacula
3107 1648 3338 1703 nostra?
3374 1646 3684 1719 Responde-

2107 1744 2235 1791 runt
2264 1737 2343 1791 illi
2375 1736 2547 1792 duces
2576 1745 2631 1791 et
2666 1739 2965 1794 consiliarii
3002 1740 3221 1809 ipsius:
3264 1739 3409 1795 Nihil
3451 1742 3684 1812 proderit

2102 1829 2266 1886 nobis
2302 1830 2391 1885 hic
2418 1832 2631 1898 sedere,
2664 1848 2855 1888 verum
2889 1832 3159 1891 abeuntes
3192 1851 3311 1889 eam
3349 1835 3686 1903 inquiranms

2100 1923 2245 1977 viam
2272 1940 2434 1994 quam
2471 1934 2619 1980 tenet
2648 1924 2937 1982 Heraclius
2963 1944 3075 1998 quo
3105 1928 3207 1998 ipsi
3233 1927 3453 1984 obviam
3478 1945 3687 1983 eamus.

2101 2010 2271 2070 Cesra
2305 2015 2472 2085 igitur
2501 2016 2670 2073 missa
2698 2014 3212 2090 Constantinopolis
3240 2020 3531 2075 obsidione
3564 2037 3687 2085 pto-

2102 2107 2279 2163 fecms
2306 2117 2392 2163 est
2416 2108 2483 2163 ad
2511 2107 2825 2165 lleraclium
2850 2112 3231 2180 quaerendum.
3263 2113 3397 2166 Dum
3421 2123 3606 2168 autem
3636 2116 3687 2167 iu

2103 2201 2189 2254 via
2228 2213 2499 2273 pergeret,
2552 2211 2830 2257 narratum
2875 2202 2952 2259 illi
2994 2212 3078 2260 est
3130 2204 3441 2262 lieraclium
3483 2207 3686 2277 Tigrim

2095 2293 2213 2365 jam
2250 2295 2538 2357 transisse,
2570 2310 2637 2350 ac
2677 2296 2990 2351 necessario
3027 2296 3132 2368 ipsi
3163 2297 3389 2352 fluvium
3423 2299 3688 2354 Arsanaiu

2105 2388 2414 2443 vadandum
2442 2404 2586 2445 esse.
2617 2390 3001 2445 Acci-lerantes
3026 2390 3216 2462 igitur,
3250 2392 3531 2462 inquiunt,
3558 2394 3690 2464 vati;

2101 2490 2231 2536 ante
2281 2480 2462 2549 ipsum
2518 2495 2886 2550 occupemus,
2934 2498 3044 2551 quo
3095 2485 3281 2539 minus
3325 2485 3402 2538 illi
3457 2486 3691 2541 transire

2104 2574 2284 2629 liccat.
2315 2576 2611 2644 Speramus
2643 2576 2791 2629 enim
2828 2574 2993 2628 Deum
3028 2576 3188 2631 nobis
3218 2577 3273 2631 in
3311 2580 3487 2645 ipsum
3517 2580 3690 2633 victo-

2105 2667 2239 2721 riam
2271 2678 2667 2719 concessurum
2698 2680 2807 2736 quo
2843 2669 3091 2736 captivos
3126 2670 3233 2738 ipsi
3269 2671 3572 2740 eripiamus
3594 2711 3607 2727 .
3638 2678 3693 2724 et

2104 2755 2287 2813 omnia
2322 2772 2443 2827 qua:
2469 2772 2655 2813 secum
2683 2758 2841 2813 duxit
2865 2760 3188 2828 capiamus;
3229 2762 3503 2832 siquidem
3539 2761 3693 2817 viros

2105 2848 2404 2906 Persarum
2454 2848 2728 2919 perdidit,
2779 2847 3122 2921 feiiiinasque
3168 2868 3495 2908 communes
3535 2852 3686 2908 fecit.

2105 2939 2439 2998 Pcrvenicns
2495 2955 2630 3012 ergo
2679 2939 2853 2995 Ccsra
2905 2942 2973 2996 ad
3026 2942 3252 2997 fluvium
3301 2944 3570 2999 Arsanam
3626 2946 3692 2998 ad

2105 3028 2307 3083 vadum
2355 3036 2787 3085 castrametatus
2830 3039 2949 3096 est,
2996 3028 3310 3087 lleraclium
3348 3032 3691 3106 praestolans.

2106 3119 2239 3176 Cum
2266 3137 2398 3175 vero
2424 3119 2714 3177 Heraclitus
2749 3125 2818 3176 ah
2843 3124 3053 3179 Arsana
3090 3124 3256 3180 fluvio
3285 3126 3451 3182 unius
3480 3136 3694 3183 tantum

2109 3213 2216 3268 dici
2246 3213 2442 3268 itinere
2466 3214 2579 3283 jam
2613 3216 2856 3277 abesset.
2891 3215 3200 3270 nuntiatum
3232 3216 3335 3288 ipsi
3365 3228 3449 3273 est
3471 3218 3697 3273 (Itast-am

2108 3306 2172 3361 ad
2210 3306 2402 3361 vadum
2447 3306 2724 3362 sedentem
2767 3309 2945 3376 ipsum
2990 3317 3357 3378 exspectare:
3402 3310 3496 3365 ille
3534 3326 3696 3380 ergo,

2110 3394 2307 3449 relicto
2340 3395 2590 3450 exercitu
2622 3412 2745 3461 suo,
2776 3412 3008 3467 qumque
3044 3415 3234 3454 secum
3272 3399 3489 3465 imbuit,
3523 3401 3701 3470 impe-

2109 3484 2395 3549 dimentis,
2421 3488 2836 3559 assumptisque
2862 3490 3127 3545 comitum
3164 3506 3389 3545 suorum
3419 3494 3697 3548 nonuullis

2110 3590 2355 3635 stramen
2381 3594 2568 3634 secum
2595 3592 2648 3636 et
2674 3581 3049 3652 iumentorum
3076 3583 3262 3637 fimum
3296 3586 3529 3657 accepit.
3554 3602 3695 3655 qum,

2111 3686 2235 3729 cum
2267 3672 2501 3727 adverso
2520 3672 2749 3730 flutuine
2779 3676 2941 3732 unius
2971 3675 3079 3730 diei
3110 3676 3308 3731 itinere
3334 3679 3699 3738 ascemlisset,

2113 3763 2169 3817 in
2211 3763 2436 3819 fluvium
2473 3765 2733 3833 coniecit.
2774 3768 2929 3836 Aqua
2960 3783 3092 3837 ergo
3130 3778 3373 3824 stramen
3416 3779 3469 3821 et
3512 3770 3699 3824 lituum

2110 3870 2303 3914 secum
2347 3858 2527 3913 delata
2561 3860 2719 3931 juxta
2762 3859 2986 3915 Cesram
3032 3873 3088 3917 et
3129 3862 3492 3936 237-239
3528 3865 3699 3937 ipsius

2114 3953 2301 4011 socios
2329 3954 2654 4017 transvexit,
2691 3952 2891 4021 quibus
2933 3953 2986 4007 in
3018 3954 3188 4008 fluvio
3220 3956 3557 4023 conspectis.
3598 3956 3699 4017 illi,

2116 4044 2433 4102 l'leraclinnt
2487 4044 2618 4099 alibi
2674 4044 2932 4114 superius
2976 4045 3202 4101 fluvium
3245 4046 3528 4117 trajecissc
3573 4048 3697 4107 καί,

2114 4140 2312 4197 relicto
2344 4138 2485 4196 vado
2529 4137 2763 4209 profecti
2811 4149 2943 4194 sunt
2983 4140 3050 4193 ad
3087 4141 3269 4194 locum
3315 4140 3405 4193 ubi
3440 4141 3700 4193 transiret

2117 4231 2403 4287 ilcraclius
2450 4229 2832 4299 qtizerendum.
2894 4227 3101 4285 Deinde
3152 4229 3405 4286 Heraclio
3450 4230 3518 4285 ad
3571 4246 3699 4286 suos

2118 4339 2344 4379 reverso
2378 4322 2694 4377 nuntiatum
2739 4333 2825 4377 est
2868 4322 3093 4378 Cesram
3146 4322 3433 4394 ipsiusque
3471 4325 3699 4378 comites

2120 4416 2315 4475 relicto
2345 4414 2484 4470 vado
2513 4415 2630 4469 loca
2660 4416 2945 4484 superiora
2980 4414 3227 4486 petiisse.
3260 4414 3385 4485 Ipse
3414 4431 3549 4485 ergo
3578 4433 3699 4470 rum

431 4513 558 4580 lilio,
595 4522 759 4581 caput
790 4513 889 4582 ipsi
922 4520 975 4567 et
1007 4512 1229 4567 barbam
1266 4513 1437 4576 rasit;
1474 4512 1671 4568 deinde
1725 4516 1942 4572 traditis
1971 4523 2019 4578 ei
2056 4518 2097 4572 ο
2137 4508 2311 4563 sociis
2345 4508 2462 4562 suis
2499 4520 2729 4576 pergens
2763 4505 2989 4561 fluvium
3024 4507 3275 4579 trajecit,
3309 4508 3701 4579 profectusque

429 4622 566 4677 quas
608 4607 797 4673 ferret,
843 4606 1071 4672 litteris,
1106 4606 1171 4660 ad
1205 4604 1564 4678 233-235
1593 4617 1801 4678 patrem
1850 4624 2009 4663 suum

432 4700 649 4757 Cesram
699 4699 879 4767 misit,
927 4700 1088 4754 asino
1131 4697 1357 4753 clitellis
1402 4698 1639 4754 instrato
1670 4699 2010 4770 impositum,

432 4809 532 4849 una
564 4807 691 4847 cum
723 4802 925 4851 turma.
958 4788 1049 4846 cui
1084 4790 1141 4845 in
1174 4790 1446 4846 mandatis
1474 4790 1700 4847 dederat
1728 4791 1909 4861 ipsum
1945 4794 2012 4846 ad

433 4896 637 4955 patrem
666 4900 828 4940 suum
864 4883 1156 4939 deducere.
1188 4882 1445 4955 Epistolas
1471 4892 1656 4938 autem
1687 4899 1849 4955 quam
1881 4886 2016 4942 scri-

434 4984 534 5049 psit
578 4984 679 5037 hoc
721 4982 1004 5050 exemplar
1044 4989 1168 5034 est:
1216 4980 1261 5033 Α
1313 4996 1475 5035 servo
1505 4978 1713 5035 Christi
1761 4978 2016 5035 Heraclio

434 5091 585 5142 apem
613 5072 665 5145 [ιι
695 5071 826 5144 Duo]
848 5081 1149 5127 Conscettto
1174 5073 1240 5127 ad
1267 5070 1493 5125 Cesram
1521 5073 2015 5143 contemptibilem,

434 5168 771 5231 perplexum,
818 5181 919 5234 0pc
955 5165 1299 5219 destitutum.
1342 5164 1435 5219 llis
1482 5166 1778 5233 primuissis
1821 5181 1836 5219 :
1890 5164 2017 5218 (lol-

436 5260 535 5329 legi
572 5273 672 5327 ego
705 5255 803 5309 tibi
839 5256 892 5308 in
920 5253 1319 5322 redemptionis
1349 5252 1452 5305 mei
1484 5260 1538 5306 et
1566 5251 1835 5306 ditionum
1865 5265 2016 5305 mea-

435 5370 553 5405 rum
600 5349 835 5419 pretium
866 5349 1010 5417 quod
1060 5345 1253 5415 potui,
1311 5355 1433 5401 sunt
1491 5354 1674 5397 autem
1728 5342 2018 5405 Persarum

438 5448 639 5517 capita,
668 5446 873 5515 quibus
905 5441 1098 5515 [datis]
1129 5441 1271 5512 quod
1302 5441 1400 5495 tibi
1432 5438 1656 5507 prottiisi
1687 5436 2018 5507 persolvant.

442 5542 633 5595 Statim
664 5555 793 5605 ergo
821 5537 910 5589 tibi
945 5536 1157 5589 litteras
1194 5548 1340 5588 meas
1376 5531 1697 5603 perleget-is,
1723 5541 2018 5597 antequam

439 5651 535 5687 eas
574 5648 602 5686 e
635 5648 797 5685 manu
850 5640 939 5683 tua
985 5628 1314 5698 deposueris
1388 5624 1556 5679 uittas
1595 5624 1687 5693 qui
1739 5640 1802 5676 ea
1850 5623 1916 5677 ad
1968 5630 2021 5678 te

443 5742 526 5793 pm
546 5724 741 5777 ferant.
779 5720 927 5774 Vale.
959 5719 1056 5774 Ulli
1084 5722 1246 5790 igitur
1268 5720 1331 5772 ad
1358 5730 1562 5788 patrem
1593 5732 1747 5771 suum
1784 5717 2006 5770 (Icsram

447 5820 781 5887 pcneuhsct
803 5814 1074 5876 liobailcs,
1097 5828 1362 5879 cultique,
1386 5811 1564 5877 Capite
1590 5819 1643 5863 et
1673 5808 1835 5861 barba
1859 5808 2017 5869 rasis.

2115 4606 2202 4652 est
2232 4595 2410 4653 donec
2440 4594 2872 4667 Trapezuntium
2906 4598 3239 4669 perveniret.
3276 4595 3408 4654 Dein
3435 4614 3701 4657 consceu.

2115 4690 2196 4745 sis
2245 4689 2476 4745 navibus
2507 4687 3036 4759 Constantitwpolim
3069 4688 3238 4753 adiit,
3284 4688 3442 4754 cuius
3515 4690 3702 4745 incola:

2118 4782 2222 4851 ipsi
2262 4797 2387 4838 cum
2439 4780 2641 4851 gaudio
2674 4789 2729 4844 et
2776 4780 3157 4836 cxsultatlone
3197 4795 3601 4845 occurrerunt,
3640 4799 3701 4839 ac

2117 4885 2323 4944 septem
2357 4874 2476 4928 dies
2507 4872 2743 4934 edendo.
2779 4872 3039 4935 bibendo.
3071 4881 3125 4928 et
3159 4872 3359 4929 latitia:
3398 4875 3703 4945 insumpse-

2118 4975 2268 5019 runt.
2308 4962 2628 5019 Nuntiatum
2681 4974 2862 5018 auletu
2909 4974 2993 5018 est
3042 4963 3225 5022 Ceam
3276 4963 3590 5022 lleracliuru
3637 4968 3700 5022 ad

2118 5058 2317 5111 vadum
2370 5073 2652 5113 reversum
2720 5057 3052 5124 traiecisse,
3108 5066 3355 5113 stramen
3411 5070 3600 5115 autem
3650 5068 3703 5114 et

2119 5153 2307 5206 tinuum
2341 5152 2391 5205 in
2430 5150 2656 5206 fluvium
2692 5151 2821 5206 dolo
2863 5166 2927 5207 ac
2958 5150 3151 5208 fraude
3181 5152 3252 5207 ab
3287 5152 3407 5221 ipso
3444 5152 3702 5221 injectum

2121 5245 2311 5301 fuisse.
2348 5244 2440 5298 Ille
2484 5260 2617 5314 ergo
2652 5244 2718 5298 ad
2764 5243 2952 5301 urbem
2998 5259 3156 5299 suam
3198 5244 3483 5313 profectus
3522 5245 3690 5315 ipSam

2100 5339 2419 5394 .dcsolatam
2456 5340 2683 5401 invenit,
2719 5346 2778 5391 ut
2806 5353 2909 5391 nec
2942 5338 2997 5390 in
3024 5352 3088 5390 ea
3120 5353 3254 5407 puer
3282 5348 3452 5395 esset.
3487 5354 3589 5392 nec
3616 5340 3699 5409 qui

2120 5440 2360 5491 vocaret,
2396 5445 2497 5483 nec
2526 5429 2620 5498 qun
2652 5428 3032 5497 responderet.

2194 5525 2368 5593 Atque
2389 5541 2453 5577 ex
2474 5540 2541 5578 eo
2564 5532 2810 5588 tempore
2837 5521 3103 5575 infirmari
3133 5520 3423 5578 Persarum
3453 5540 3697 5592 regnum,

2123 5619 2288 5685 idque
2344 5633 2489 5671 anno
2539 5616 2751 5683 imperii
2806 5614 3039 5668 llcraclii
3087 5614 3358 5684 Septimo,
3404 5617 3699 5681 (‘Otimltqlti'

2126 5711 2302 5766 "vim!
2331 5711 2583 5778 septimo.
2613 5711 2770 5763 Auno
2805 5708 3015 5776 imperii
3046 5706 3277 5762 lleraclii
3309 5710 3553 5765 secundo
3579 5725 3699 5762 um-

2125 5806 2353 5859 stitutus
2401 5812 2483 5858 est
2523 5782 2782 5854 Yusatius
2829 5796 3199 5859 lBouifaciusl
3236 5798 3549 5857 patriarcha
3598 5800 3700 5853 llo.
