3976 6168
366 362 506 425 1089

1803 372 2176 433 ΛΝΝΛΜΞΞ.

3462 369 3605 434 1090

363 496 579 544 manus,
610 482 703 551 qui
734 499 909 538 annos
934 486 1177 555 quinque
1217 486 1381 552 sedit,
1407 488 1531 542 dein
1558 496 1803 543 mortuus
1854 496 1935 544 est
1962 499 2013 554 Α
2042 488 2085 542 si
2135 497 2348 555 paetum
2402 493 2455 538 et
2501 485 2875 555 juramcntum
2933 484 3244 538 violaverim
3303 485 3457 537 cedet
3504 485 3603 537 hoc

362 586 504 623 anno
547 587 690 626 tumo
748 576 960 644 imperii
994 573 1238 646 ejusdem
1260 619 1274 642 ,
1308 578 1399 646 qtti
1436 587 1489 632 et
1523 578 1696 633 llcira:
1731 595 1926 644 nonus,

361 661 838 733 Constantinopoli
896 682 1154 733 egressus
1208 666 1497 724 lletaclius
1557 670 1932 742 Hierosolyma

361 753 610 808 tendebat
640 795 655 813 .
708 771 819 825 quo
865 757 1073 812 videret
1123 758 1253 828 quid
1301 760 1355 814 in
1402 761 1515 829 ipsa
1562 762 1934 816 devastassent

360 845 559 900 Fusae.
609 843 713 901 Ubi
742 856 923 903 autem
968 848 1228 906 llcmsutn
1275 854 1613 923 permunisset
1645 856 1936 909 noluerunt

360 938 473 1001 ?itts
519 938 710 993 incola:
756 938 933 1009 ipsum
980 942 1258 1013 recipere,
1301 942 1466 1017 250
1498 947 1746 1002 dicentes
1789 948 1930 1016 ipsi:

359 1030 623 1087 llaronita
656 1043 715 1088 tu
758 1049 819 1088 es
861 1049 926 1087 ac
968 1035 1220 1104 religioni
1263 1046 1463 1092 nostra:
1502 1038 1787 1093 adversus.
1820 1038 1934 1095 Illis

360 1140 487 1191 ergo
520 1125 730 1180 relictis
760 1127 827 1180 ad
861 1129 1255 1183 monasterium
1285 1128 1522 1186 Maronis
1556 1133 1710 1195 abiit,
1742 1134 1793 1186 in
1824 1149 1933 1204 quo

360 1219 447 1282 qui
473 1226 626 1271 erant
658 1220 911 1273 monachi
934 1223 1141 1290 egressi
1164 1222 1380 1277 obviam
1410 1226 1510 1294 ipsi
1536 1223 1759 1291 profecti
1782 1238 1929 1282 sunt.

360 1306 477 1362 Fuit
518 1319 702 1364 autem
757 1308 1043 1366 lleraclius
1090 1310 1357 1368 Maronita
1383 1356 1400 1383 ,
1452 1315 1762 1386 multasque
1796 1315 1931 1387 ipsis

359 1415 487 1469 opes
517 1403 787 1467 contulit,
820 1405 964 1472 agris
989 1405 1154 1459 etiam
1187 1407 1395 1462 donato
1429 1409 1765 1464 monasterio
1796 1408 1934 1465 adeo

359 1505 409 1546 ιιι
442 1510 703 1562 prospere
732 1510 791 1550 se
816 1497 1081 1551 haberent
1104 1513 1192 1553 res
1217 1514 1433 1554 eorum.
1455 1499 1583 1556 lude
1608 1501 1931 1556 Damascum

360 1584 641 1654 prolectus
667 1597 772 1641 cst.
804 1586 928 1641 Fuit
963 1598 1144 1644 autem
1176 1588 1430 1645 Damasci
1459 1591 1545 1645 vir
1575 1593 1800 1663 quidam
1835 1608 1933 1648 no-

358 1674 500 1727 mine
534 1673 755 1729 Ilansur
792 1674 1010 1745 Serjuni
1049 1678 1227 1743 illius,
1262 1680 1486 1736 tributis
1512 1682 1796 1753 exigendis
1832 1699 1933 1740 no-

357 1765 503 1820 mine
549 1765 796 1821 llauricii
843 1768 1197 1838 imperatoris
1231 1773 1551 1841 praefectus.
1589 1790 1618 1829 a
1661 1791 1772 1845 quo
1804 1766 1929 1831 cum

358 1860 617 1920 pecunias
635 1870 839 1926 peteret
860 1858 1142 1915 llcraclius
1163 1872 1277 1917 toto
1299 1878 1569 1920 annorum
1594 1882 1701 1936 quo
1719 1866 1930 1925 obsessi

358 1956 514 2001 erant
566 1950 1045 2021 Consmntiuopoli
1108 1952 1338 2009 Romani
1387 1958 1567 2022 spatio
1615 1956 1929 2034 [debltas,]

357 2047 516 2106 atque
544 2040 635 2094 ille
658 2040 904 2097 Damasci
933 2044 1197 2098 tributum
1223 2061 1283 2103 se
1311 2048 1378 2101 ad
1405 2049 1629 2103 Cesram
1662 2050 1929 2108 detulisse

357 2133 729 2199 responderet,
767 2136 1008 2205 graviter
1042 2139 1097 2190 in
1127 2154 1250 2192 cum
1287 2141 1571 2210 inquisivit
1610 2144 1931 2200 verberibus

355 2231 403 2273 et
440 2221 871 2279 iuearceratioue
892 2265 908 2288 ,
937 2227 1114 2281 donec
1148 2229 1218 2283 ab
1252 2231 1371 2298 ipso
1401 2236 1614 2289 centies
1646 2233 1794 2289 mille
1830 2251 1927 2289 au-

355 2326 482 2366 reos
532 2324 915 2381 extorqueret;
981 2318 1106 2372 dein
1167 2319 1268 2388 ipsi
1324 2322 1705 2390 praefecturam
1771 2327 1929 2380 istam

355 2403 699 2460 cniilirtnavit
748 2425 764 2462 :
810 2424 975 2478 quam
1030 2412 1102 2464 oh
1160 2428 1385 2466 causam
1443 2416 1731 2473 Mansurus
1789 2420 1927 2474 iram

355 2508 578 2560 pectore
628 2512 733 2552 suo
782 2500 837 2554 in
897 2499 1207 2557 lleracliutn
1266 2504 1419 2560 fovit.
1475 2505 1605 2563 lude
1652 2509 1929 2578 profectus

353 2587 635 2643 lleraclitts
670 2588 1048 2664 Hierosolyma
1088 2596 1263 2663 petiit.
1296 2596 1545 2667 Cumque
1583 2598 1925 2658 Tibet'iadent

351 2679 734 2744 pervenisset,
780 2683 988 2750 egressi
1045 2681 1113 2735 ad
1172 2685 1347 2753 ipsum
1397 2683 1569 2742 δυάδιτί
1620 2687 1928 2745 Tiberiadis

352 2755 567 2833 incolat,
601 2784 703 2824 nec
730 2786 841 2825 non
873 2775 1115 2841 regionis
1137 2775 1372 2831 Calibus:
1393 2787 1666 2836 montana
1685 2791 1737 2833 et
1761 2780 1925 2835 Naza-

350 2861 489 2916 rethi
518 2862 873 2932 omniumque
897 2865 1056 2919 istius
1090 2869 1263 2936 partis
1286 2871 1636 2938 oppidorum,
1668 2873 1771 2942 ipsi
1802 2889 1926 2928 cunt

352 2955 670 3009 muneribus
702 2969 1090 3021 Occurrerunt,
1125 2962 1303 3015 fausta
1344 2976 1763 3032 comprecantes
1786 3005 1799 3029 .
1832 2980 1924 3019 ro-

354 3055 649 3115 ;antesque
693 3056 750 3099 ut
799 3049 1141 3103 securitatem
1189 3052 1327 3120 ipsis
1369 3058 1728 3120 concederet;
1760 3074 1925 3127 quam

352 3136 662 3199 concessit,
700 3138 987 3210 lmdusque
1019 3158 1146 3196 cum
1195 3144 1328 3213 ipsis
1363 3145 1559 3201 litteris
1593 3149 1922 3219 obsignavit.

352 3225 452 3279 Ubi
504 3236 691 3284 autem
746 3230 1118 3305 Hierosolyma
1172 3238 1513 3302 pervenisset
1558 3239 1773 3292 obviam
1823 3241 1924 3310 ipsi

350 3315 419 3369 lat
438 3318 476 3369 ti
505 3325 636 3371 sunt
662 3317 1027 3391 [utonastcrii]
1051 3319 1409 3393 εει-243
1438 3323 1498 3377 Al
1525 3322 1623 3378 Sik
1651 3326 1922 3391 monachi,

350 3408 613 3475 urbisque
645 3406 1156 3481 llierosolyinitana
1189 3417 1402 3477 incolas,
1444 3416 1741 3470 comitante
1775 3415 1925 3487 ipso:

349 3498 613 3564 Ilmlesto,
640 3517 766 3556 cum
798 3504 1089 3559 thuribnlis
1112 3515 1164 3560 et
1189 3506 1392 3562 sumtu.
1414 3509 1550 3563 Cum
1580 3525 1709 3564 vero
1733 3509 1921 3565 urbem

350 3593 635 3661 ingressus
660 3609 723 3648 ea
759 3610 882 3665 qua:
910 3597 1193 3651 diruerant
1218 3614 1283 3652 ac
1309 3600 1713 3655 succenderant
1742 3600 1922 3656 Persae

350 3688 603 3749 vidisset,
635 3702 827 3759 magna
864 3686 1094 3744 allectus
1120 3701 1202 3744 est
1239 3692 1484 3747 tristitia.
1535 3692 1667 3748 Dein
1696 3710 1820 3749 cum
1855 3709 1920 3750 ea

347 3785 713 3846 conspexerat
752 3778 1062 3843 Modestus,
1122 3778 1371 3833 videlicet
1433 3783 1695 3851 templum
1724 3780 1927 3837 Resur-

347 3870 643 3930 rertiouis,
695 3868 914 3931 Cranii,
964 3879 1017 3923 et
1070 3868 1183 3924 nar
1233 3872 1624 3936 Constantini,
1680 3888 1919 3940 rursum,

347 3958 552 4029 gaudio
582 3957 812 4012 aﬂcetus
845 3957 1091 4012 Modesto
1122 3957 1194 4012 ob
1224 3973 1289 4012 ea
1328 3975 1450 4029 qua:
1481 3958 1686 4013 fecerat
1716 3959 1925 4030 gratias

346 4053 477 4123 egit.
510 4049 812 4105 Narrarunt
850 4059 1033 4103 autem
1079 4049 1184 4119 ipsi
1226 4052 1479 4105 monachi
1519 4059 1575 4104 et
1611 4050 1922 4124 Hierosoly-

346 4158 560 4197 morum
596 4141 788 4196 inrolz
819 4138 1035 4196 Jzidaeos
1066 4141 1159 4211 qui
1188 4142 1330 4194 circa
1360 4141 1734 4214 Hierosolyma
1763 4144 1922 4215 dege-

345 4246 498 4299 rent,
532 4250 639 4288 una
669 4249 795 4289 cum
829 4235 897 4288 iis
926 4235 1018 4301 qui
1040 4232 1276 4288 Galilaea:
1308 4243 1565 4288 tnoutana
1598 4236 1917 4301 incolerent,

346 4343 454 4398 quo
487 4336 730 4397 tempore
763 4335 1031 4381 venerunt
1072 4325 1278 4391 Persas,
1317 4326 1452 4396 ipsis
1483 4342 1542 4381 se
1571 4326 1915 4397 adiunxisse,

346 4435 615 4490 opemque
648 4419 840 4473 tulisse
861 4457 878 4481 ,
909 4419 1167 4487 ipsosque
1196 4419 1535 4475 Christianos
1566 4420 1714 4475 caede
1744 4418 1918 4490 magis

2038 580 2169 634 mihi
2214 582 2264 633 in
2303 580 2690 649 opprobrium,
2728 578 3038 647 inritamque
3074 578 3206 630 mihi
3245 578 3439 628 malam
3475 592 3607 631 con-

2036 672 2272 736 ciliabit;
2325 689 2422 726 nec
2474 680 2655 725 certus
2708 688 2828 725 sum
2880 672 2922 725 si
2976 672 3068 725 alii
3118 670 3357 740 cuipiam
3416 680 3604 737 pra-ter

2032 760 2254 817 Jutlteos
2292 772 2506 833 pactum
2542 765 2747 833 scripto
2776 763 3235 824 eonlirmaverim,
3265 762 3398 813 i.lud
3430 762 3607 828 ipsum

2035 867 2066 906 a
2115 869 2200 908 me
2248 862 2621 924 acer-plerum.
2688 852 2742 906 Si
2789 868 2919 924 ergo
2970 852 3072 905 hoc
3122 867 3231 905 non
3284 852 3609 919 pra-stitrt’o,

2035 946 2291 1011 mendax,
2329 948 2493 1001 lallax
2536 957 2590 1002 et
2642 947 2866 1001 minime
2905 947 3008 1001 title
3070 945 3290 1013 dignus,
3325 943 3464 1009 apud
3496 960 3610 997 om

2036 1054 2135 1093 nes
2167 1040 2370 1109 passim
2408 1039 2656 1093 homines
2688 1040 2959 1102 habebor,
2990 1038 3130 1090 ultra
3177 1046 3461 1105 peccatum
3500 1051 3607 1086 ma-

2037 1146 2206 1198 gnum
2240 1138 2293 1183 ct
2322 1129 2503 1184 scelus
2530 1129 2687 1197 cujus
2723 1145 2847 1183 rens
2887 1143 2982 1183 ero
3012 1126 3155 1196 apud
3190 1125 3477 1180 Dominum
3518 1141 3611 1177 no-

2035 1232 2211 1277 strum
2247 1219 2560 1286 Christum,
2593 1237 2717 1276 cunt
2751 1222 3008 1292 populum
3039 1221 3127 1275 cui
3160 1220 3317 1273 ﬁdem
3352 1218 3609 1282 fecevaul.

2034 1328 2268 1383 eamque
2316 1320 2480 1383 pacto
2526 1312 2723 1367 litteris
2770 1313 3090 1384 consignato
3138 1312 3609 1378 (confirmaverant

2037 1402 2461 1473 interfecerim.)
2509 1402 2609 1459 Cui
2660 1404 2778 1457 illi:
2824 1404 2985 1458 Novit
3043 1404 3307 1458 Dominus
3361 1402 3613 1455 Christus

2034 1493 2242 1550 eadem
2277 1495 2521 1564 ipsorum
2560 1496 2654 1550 tibi
2687 1505 3041 1564 peccatorum
3079 1496 3444 1565 expiationem
3481 1508 3612 1543 con-

2037 1589 2355 1645 ciliaturum
2383 1629 2402 1656 ,
2442 1596 2501 1642 et
2544 1589 2897 1650 iniquitatum
2937 1597 3150 1643 tuarum
3207 1586 3610 1647 remissionem,

2032 1691 2358 1737 excusatum
2401 1684 2567 1736 etiam
2602 1692 2655 1736 te
2687 1681 2966 1737 habebunt
2998 1681 3245 1736 homines
3267 1718 3283 1743 ,
3327 1681 3469 1749 quod
3507 1696 3613 1748 quo

2032 1783 2280 1844 tempore
2318 1774 2452 1844 ipsis
2475 1776 2825 1829 securitatem
2855 1774 3201 1840 concessisti,
3241 1790 3345 1828 non
3374 1774 3612 1835 noveris.

1964 1848 2135 1919 lInec
2194 1876 2538 1935 perspectum
2596 1866 2900 1929 habueris,
2955 1880 3119 1935 quam
3173 1865 3610 1920 Christianorum

2032 1965 2273 2027 stragem
2302 1958 2611 2020 ediderant,
2657 1973 2798 2028 quas
2845 1958 3111 2014 ecclesias
3155 1957 3441 2012 diruerant
3488 1971 3609 2011 eum

2032 2047 2130 2101 tibi
2162 2048 2378 2102 obviam
2401 2048 2610 2119 egressi
2644 2049 2965 2105 muneribus
2991 2059 3044 2105 te
3070 2052 3388 2120 exceperint
3416 2066 3430 2115 ;
3460 2048 3607 2116 quod

2033 2139 2160 2195 dolo
2197 2142 2266 2195 ab
2300 2142 2436 2210 ipsis
2475 2140 2704 2206 factum,
2738 2150 2793 2196 et
2827 2141 2893 2195 ad
2925 2144 3142 2212 culpam
3181 2159 3344 2212 quam
3380 2148 3612 2197 commi-

2031 2242 2215 2285 serant
2252 2233 2637 2288 amoliendam.
2671 2231 2789 2286 lam
2822 2249 2951 2287 vero
2979 2235 3158 2289 caules
3196 2249 3406 2296 eorum,
3434 2237 3610 2287 sacri.

2032 2322 2214 2377 ficium
2236 2324 2342 2378 crit
2374 2340 2406 2377 a
2436 2335 2487 2379 te
2516 2322 2628 2379 Deo
2655 2324 2899 2379 oblatum
2932 2341 2945 2379 :
2980 2340 3079 2381 nos
3113 2336 3294 2379 autem
3328 2336 3610 2394 peccatum

2035 2416 2138 2468 hoc
2169 2430 2199 2469 a
2235 2425 2283 2469 te
2321 2413 2399 2487 [in
2434 2414 2555 2489 nos]
2585 2415 3023 2482 transferemus,
3059 2418 3268 2486 tibique
3304 2419 3480 2487 ipsum
3518 2436 3605 2471 exc

2031 2506 2325 2577 p’abimus.
2363 2516 2617 2578 rogantes
2649 2506 2932 2562 Dominum
2961 2518 3207 2563 nostrum
3238 2508 3422 2564 Jesnm
3455 2509 3601 2563 Chri-

2030 2606 2176 2653 stuzn
2212 2616 2278 2652 ne
2314 2599 2490 2668 ipsum
2543 2601 2635 2652 tibi
2687 2602 2954 2671 imputet,
3005 2615 3067 2656 ac
3101 2601 3460 2671 septimanam
3502 2619 3605 2671 qua

2029 2706 2129 2745 ova
2184 2701 2237 2744 et
2288 2707 2489 2745 caseus
2537 2692 2937 2757 comeduntur,
2994 2694 3142 2746 illam
3194 2689 3436 2763 [nemp--]
3488 2710 3606 2759 qutt’

2024 2781 2294 2851 jejunium
2341 2796 2602 2849 magnum
2655 2783 2933 2850 praetulit,
2979 2789 3289 2835 statuemus
3334 2780 3605 2849 jejunium

2027 2871 2396 2945 ηις-247
2432 2888 2625 2941 purum
2657 2875 2802 2942 quod
2834 2873 3045 2943 jejunio
3083 2890 3279 2942 magno
3311 2888 3604 2927 acet-nsca-

2028 2970 2140 3024 tur,
2170 2977 2281 3030 quo
2308 2966 2361 3015 in
2394 2960 2473 3015 tui
2498 2964 2733 3032 gratiam
2756 2964 3096 3031 jejuneinus,
3127 2977 3357 3014 ovorum
3384 2972 3438 3015 et
3461 2965 3604 3014 casei

2026 3067 2123 3107 esu
2180 3052 2389 3107 omisso
2436 3054 2681 3121 qttaniliu
2730 3053 2952 3108 durabit
3006 3053 3194 3122 religio
3269 3053 3605 3107 Christiaa.

2030 3141 2297 3196 Ilelchita:
2324 3144 2470 3196 enim
2499 3141 2839 3199 hebdomada
2866 3144 2967 3197 ista
3003 3144 3069 3197 ab
3101 3160 3199 3199 esu
3225 3145 3412 3198 carnis
3440 3143 3605 3197 absti-

2028 3236 2248 3300 nebant,
2274 3251 2375 3287 ova
2399 3245 2453 3288 et
2479 3250 2697 3290 caseum
2726 3245 2779 3287 et
2805 3237 2985 3303 pisces
3014 3236 3066 3289 itt
3089 3236 3206 3303 ipsa
3234 3237 3603 3300 comedentvs,

2031 3328 2109 3381 uti
2162 3342 2192 3381 e
2241 3324 2447 3396 Typico
2495 3326 2671 3379 sancti
2713 3326 2823 3379 alar
2874 3325 3032 3380 Saba
3101 3326 3292 3396 liquet.
3344 3327 3604 3381 Dixerunt

2027 3426 2208 3473 autem
2240 3417 2317 3469 illi
2355 3433 2373 3469 :
2414 3412 2527 3470 Nos
2555 3430 2618 3469 ea
2651 3415 2728 3470 tui
2782 3416 2957 3484 gratia
2991 3415 3392 3485 jcjunabimus,
3427 3417 3602 3469 omnis

2027 3508 2104 3563 rei
2156 3508 2370 3578 pinguis
2413 3523 2566 3561 esum
2616 3510 2968 3569 omittentes,
3011 3516 3176 3576 atque
3222 3506 3325 3559 hoc
3366 3520 3602 3569 canone,

2028 3596 2632 3660 excommunicatione,
2675 3604 2730 3652 et
2764 3596 3116 3649 anathemate
3148 3597 3460 3651 sanciemns
3483 3636 3499 3657 ,
3535 3611 3604 3651 ne

2026 3706 2269 3760 unquam
2320 3698 2600 3752 mutetur,
2660 3694 2727 3745 de
2776 3689 2968 3743 eodem
3022 3690 3074 3743 in
3119 3704 3310 3745 omnes
3350 3692 3603 3760 regiones

2025 3785 2239 3840 litteras
2283 3783 2587 3845 mittentes,
2635 3791 2696 3836 ut
2735 3782 2788 3836 in
2840 3780 3281 3851 propinationem
3316 3781 3600 3853 [cedatlei

2022 3875 2170 3947 quod
2204 3891 2232 3930 a
2272 3888 2323 3930 te
2368 3875 2807 3945 impetravimus.
2844 3875 3104 3928 Anuueus
3139 3888 3269 3943 ergo
3319 3876 3416 3927 hac
3452 3875 3507 3928 in
3542 3889 3601 3929 re

2026 3969 2157 4039 ipsis
2193 3966 2503 4032 lleraclius,
2535 3984 2565 4022 e
2594 3966 2800 4024 Judteis
2830 3967 2921 4035 qui
2959 3966 3104 4019 circa
3142 3965 3516 4037 Hierosolyma
3547 3976 3599 4020 el

2023 4069 2261 4114 montem
2312 4057 2549 4113 Galilzete
2589 4068 2768 4121 erant,
2816 4072 2957 4127 quos
3006 4055 3351 4125 prehendere
3398 4058 3597 4125 potuit,

2023 4148 2340 4202 innumeros
2385 4146 2610 4202 occidit.
2692 4144 2766 4199 Ex
2818 4146 2951 4214 ipsis
2989 4146 3135 4199 enim
3170 4144 3259 4198 alii
3294 4145 3597 4210 latuerunt,

2022 4239 2115 4292 alii
2137 4238 2261 4307 luga
2286 4252 2343 4291 se
2362 4238 2418 4291 in
2443 4236 2680 4298 deserta,
2704 4245 2920 4292 montes
2947 4246 2999 4291 ιιι
3020 4238 3186 4291 valles
3212 4247 3266 4292 et
3295 4234 3590 4309 Egypium

2022 4329 2420 4382 subduxerunt.
2451 4323 2691 4379 Primam
2723 4341 2854 4396 ergo
2882 4326 3076 4395 jejunii
3115 4328 3495 4401 septimanam,
3538 4330 3590 4381 in

2021 4436 2126 4488 qua
2161 4418 2422 4473 lrlelehitze
2454 4433 2481 4471 τι
2519 4418 2700 4471 carnis
2732 4427 2943 4470 tantum
2977 4434 3072 4470 esu
3109 4419 3412 4482 abstinent,
3453 4421 3595 4489 jrjll-

345 4509 703 4582 Quaini’ci‘ste
730 4516 1067 4578 persecutos.
1092 4517 1147 4563 et
1168 4511 1429 4563 ecclesias
1454 4518 1717 4572 vastasse,
1743 4510 1918 4580 iisque
1951 4532 1994 4589 ο
2024 4513 2171 4562 nium
2224 4510 2533 4563 absolutum
2583 4516 2931 4573 statuerunt,
2985 4509 3037 4562 in
3088 4524 3193 4576 qua
3252 4511 3597 4580 imperatoris

345 4604 596 4658 ﬂammas
620 4602 891 4673 iujecisse,
913 4603 1153 4656 ostensis
1176 4604 1279 4670 ipsi
1304 4601 1461 4656 caesis
1487 4602 1581 4669 qui
1611 4602 1663 4655 in
1689 4601 1915 4657 Mamela

343 4694 580 4765 conjecti
634 4691 871 4748 fuerant.
911 4693 1210 4747 Certiorem
1256 4694 1419 4747 etiam
1460 4693 1635 4763 ipsum
1676 4692 1917 4747 fecerunt

342 4802 530 4840 eorum
583 4802 705 4855 quae
744 4784 915 4839 Judaei
961 4785 1087 4855 Tyri
1137 4793 1609 4853 perpetrare-rant,
1657 4786 1801 4854 quod
1849 4785 1914 4837 ad

343 4879 543 4935 cit-dem
594 4878 1075 4943 Christianorum,
1117 4886 1171 4930 et
1209 4878 1564 4931 ecclesiarum
1615 4875 1915 4930 demolitio-

339 4987 486 5027 nem.
524 4971 736 5037 Quibus
770 4969 1097 5025 lleraclius:
1130 4970 1269 5036 Quid
1302 4984 1455 5040 ergo,
1494 4971 1688 5039 inquit,
1719 4969 1918 5023 vultis?

342 5060 760 5131 Resjiuuderuut
788 5076 802 5113 :
839 5059 905 5116 Ut
930 5071 1143 5131 gratum
1180 5062 1339 5116 nobis
1371 5061 1583 5114 faciens
1606 5074 1796 5112 omnes
1821 5058 1913 5127 qui

337 5159 485 5210 circa
516 5155 896 5226 Hierosolyma
920 5165 972 5207 et
997 5154 1051 5207 iu
1076 5167 1259 5208 monte
1280 5151 1517 5206 Galilzezc
1539 5160 1669 5205 sunt
1694 5150 1914 5206 Iudaeos

332 5262 366 5302 e
400 5247 580 5300 medio
626 5247 819 5308 tollas,
861 5260 984 5299 cum
1030 5244 1164 5298 certi
1215 5258 1323 5296 non
1366 5243 1540 5297 simus
1573 5242 1705 5311 quin
1744 5239 1910 5293 adve-

339 5343 523 5393 niente
556 5349 714 5407 gente
744 5340 929 5407 aliqua
961 5335 1119 5391 nobis
1148 5335 1369 5387 inimica
1400 5333 1474 5385 illi
1503 5346 1697 5385 rursus
1722 5337 1911 5385 contra

341 5444 439 5482 nos
474 5429 739 5482 auxilium
776 5428 913 5496 ipsis
952 5428 1149 5489 ferant,
1191 5434 1249 5477 ut
1280 5424 1392 5491 jam
1429 5421 1612 5476 Persis
1648 5422 1909 5473 tulerunt.

340 5520 636 5587 Respondit
671 5519 989 5573 Heraclius:
1026 5514 1311 5583 Quomodo
1346 5513 1577 5568 iuterliei
1617 5514 1762 5581 ipsos
1792 5528 1912 5581 per-

336 5610 584 5673 mittam,
625 5624 751 5663 cum
795 5610 903 5677 jam
950 5608 1304 5663 securitatem
1350 5606 1484 5675 ipsis
1520 5607 1911 5665 concesserim,

335 5717 505 5763 eoque
554 5702 660 5754 fine
701 5713 918 5769 pactum
971 5698 1170 5751 litteris
1212 5695 1694 5764 consignaverim?
1749 5694 1912 5767 2“

343 5772 431 5849 ros
459 5806 637 5848 autem
671 5794 824 5847 scitis
857 5792 983 5855 quid
1018 5790 1308 5856 laedilrugo
1339 5788 1585 5842 debitum
1627 5790 1714 5843 sit.
1750 5790 1907 5854 Quod

2025 4600 2257 4655 [lerat-lii
2308 4604 2482 4672 gratia
2525 4599 2872 4669 jejuuarent,
2922 4617 3031 4670 quo
3080 4601 3447 4655 remitteretur
3494 4604 3597 4671 ipsi

2024 4688 2244 4745 lederis
2269 4690 2354 4743 sui
2380 4690 2600 4742 violatio
2625 4698 2679 4743 et
2698 4687 3011 4743 indecorum
3040 4689 3235 4755 caules,
3257 4694 3326 4743 ah
3347 4708 3594 4757 ovorum,

2022 4784 2167 4836 casei
2230 4792 2285 4834 et
2318 4781 2549 4850 piscium
2581 4796 2678 4834 esu
2710 4782 2763 4835 in
2793 4782 2983 4837 eadem
3020 4782 3381 4849 abstinentes,
3425 4800 3594 4851 caque

2021 4873 2090 4926 de
2133 4888 2190 4925 re
2240 4873 2293 4925 iu
2339 4887 2531 4926 omnes
2573 4873 2828 4941 regiones
2870 4873 3083 4928 litteras
3122 4874 3497 4944 scripserunt:
3532 4890 3594 4931 ac

2021 4961 2239 5033 Egypti
2290 4961 2559 5033 Cephtitae
2607 4964 2661 5017 in
2712 4963 2859 5018 bunc
2909 4980 3083 5035 usque
3131 4966 3273 5020 diem
3321 4968 3593 5035 jejunium

2023 5056 2154 5109 illud
2196 5056 2513 5109 observant.
2541 5052 2714 5127 Syria:
2756 5070 2887 5109 vero
2919 5057 3263 5113 Damascenis:
3294 5058 3502 5121 incolae,
3540 5071 3596 5116 et

2040 5146 2211 5201 Gi-zcci
2243 5143 2507 5202 Melchita:
2543 5157 2665 5217 post
2696 5155 2926 5202 mortem
2964 5146 3198 5204 Heraclii
3239 5151 3435 5206 iterum
3470 5154 3597 5207 heb.

2022 5236 2252 5292 domada
2306 5239 2408 5293 ista
2438 5253 2565 5302 ova,
2606 5254 2858 5303 caseum,
2900 5253 2954 5295 et
2999 5243 3178 5311 pisces
3219 5246 3595 5302 comederunt.

2020 5328 2187 5401 258
2212 5327 2270 5383 In
2303 5327 2495 5385 eadem
2527 5330 2691 5385 etiam
2719 5330 2977 5401 jejunattt
3018 5335 3209 5389 diebus
3240 5333 3493 5391 Mercurii
3542 5354 3596 5393 et

2020 5419 2250 5476 Veneris
2275 5437 2450 5491 usque
2476 5424 2541 5475 ad
2564 5421 2796 5486 Nonam,
2822 5423 2946 5477 dein
2974 5426 3115 5490 ovis,
3142 5441 3325 5493 caseo,
3351 5438 3404 5483 et
3429 5430 3591 5498 pisci-

2020 5512 2148 5575 bus,
2180 5525 2482 5577 vescentes,
2520 5513 2821 5569 secundum
2856 5530 3122 5571 canouern
3159 5533 3188 5571 a
3212 5531 3403 5573 sancto
3434 5520 3595 5575 Nic-~-

2022 5605 2195 5675 phoro
2232 5607 2541 5674 patriarcha
2584 5606 3220 5675 Constantinopolitano,
3264 5623 3500 5681 martyre
3542 5624 3594 5666 et

2023 5698 2370 5757 conlcssorc,
2403 5698 2639 5766 positum
2666 5715 2680 5764 ;
2710 5700 3171 5767 quemadmodum
3200 5712 3481 5759 ostensum
3510 5718 3591 5759 est

2021 5792 2075 5845 in
2117 5794 2300 5855 typieo
2331 5790 2610 5857 Ecclesiae,
2652 5793 2900 5847 videlicet
2927 5791 3262 5849 orlhoduxos
3287 5796 3390 5850 ista
3428 5800 3590 5857 septi-
