3980 6152
459 369 589 434 1031

1496 361 1867 425 EUTYCHII
1898 356 2200 420 ALEXAN
2214 356 2428 417 DlllNl
2467 357 2680 417 I‘ATR.

3586 351 3718 418 1092

464 500 626 541 mana
657 487 775 543 ovis
802 494 858 542 et
881 500 1042 542 caseo
1072 485 1241 549 vesci,
1273 485 1437 538 etiam
1467 482 1661 538 diebus
1693 478 1947 536 ﬂerenrii
1975 488 2031 533 et
2062 486 2105 537 Α
2132 480 2350 535 adversi
2406 484 2586 541 erant,
2643 472 2947 529 octodecim
3005 472 3296 536 interfecit.
3369 472 3718 540 fugientibus

462 578 718 645 Veneris;
748 578 851 641 nisi
882 578 1024 649 quod
1050 576 1245 633 diebus
1272 573 1418 636 istis.
1448 572 1700 629 Ilereurii
1732 571 1944 629 scilicet
1968 581 2023 626 et

457 666 726 736 Veneris,
779 685 953 741 usque
996 670 1063 725 sd
1119 669 1324 723 Nonam
1368 668 1640 737 jejunont.
1693 666 1795 731 Qui
1846 678 2022 718 canon

457 762 707 833 coarguit
730 778 825 817 eos
856 761 949 830 qui
976 761 1228 829 jejunant
1260 763 1434 829 gratia
1464 756 1697 811 Hcraelii
1733 757 2026 824 imperato-

458 857 556 919 ris.
585 870 616 908 ο
656 862 806 909 secta
848 850 1270 914 Maronitarum,
1310 864 1339 903 a
1383 865 1617 919 quorum
1660 847 1823 902 laetis
1870 847 2023 900 .nalis

456 953 665 997 avertat
695 959 796 997 nos
829 942 995 1005 Deus,
1024 956 1144 995 cum
1180 955 1289 994 non
1319 940 1479 994 liceat
1510 938 1750 993 hominis
1781 936 2025 990 mortalis

456 1038 632 1108 gratia
658 1036 945 1107 jejunare;
978 1051 1155 1105 coque
1185 1035 1355 1102 magis
1385 1034 1528 1103 quod
1565 1034 1863 1101 imperator
1898 1030 2023 1091 iste,

458 1142 583 1181 eum
616 1126 781 1194 hujus
817 1125 1003 1181 mundi
1036 1126 1202 1178 vitam
1232 1124 1546 1191 deponeret,
1578 1118 1846 1174 Maronita
1878 1134 2023 1171 mor-

457 1230 587 1271 tuus
612 1219 704 1271 sit.
738 1216 809 1272 Ut
833 1224 1016 1270 autem
1041 1217 1108 1268 ad
1136 1214 1421 1269 historiam
1457 1222 1823 1275 revertamur,
1856 1207 2027 1263 ltera-

455 1305 598 1357 elius
631 1300 935 1357 Modestum
971 1303 1299 1355 monachum
1322 1340 1337 1365 ,
1383 1298 1700 1353 monasterii
1732 1298 1796 1353 Al
1827 1295 2024 1353 Dncesi

457 1396 800 1465 praelecium,
832 1394 1199 1463 patriareiiam
1230 1392 1780 1461 ilierosolymitanum
1810 1391 2023 1446 consti-

456 1488 582 1547 tuit,
614 1500 678 1539 ac
710 1500 769 1537 se
813 1484 1138 1539 Damascum
1171 1482 1328 1553 sequi
1355 1483 1538 1550 jussit,
1569 1496 1681 1552 quo
1708 1495 1741 1536 e
1769 1479 2019 1536 Damasci

458 1577 707 1648 Vectigali
747 1576 849 1645 ipsi
882 1579 1135 1643 doliaret,
1165 1585 1221 1630 et
1253 1577 1318 1629 ile
1348 1575 1649 1629 Palestina
1680 1576 1883 1629 tributo
1918 1573 2022 1643 ipsi

459 1671 797 1729 remitteret,
832 1682 941 1738 quo
980 1682 1171 1723 omnes
1203 1666 1465 1723 ecclesias
1497 1663 2027 1737 llierosolymitanas

458 1770 599 1826 quas
627 1754 912 1812 diruerant
953 1754 1136 1811 Perse
1179 1758 1535 1811 instauraret.
1585 1753 1854 1810 Reversus
1897 1768 2029 1824 ergo

2128 573 2558 630 domesticorum
2606 568 2780 639 ipsius
2833 568 3081 637 reliquis.
3122 567 3373 636 Dixitque
3410 586 3425 621 :
3467 566 3581 636 Egi)
3617 568 3715 620 lio-

2129 664 2366 719 minibus
2408 662 2671 716 tributum
2727 661 3064 713 rentisutrui
3113 674 3273 719 sum,
3328 659 3465 711 adeo
3530 666 3589 710 ut
3643 655 3715 711 ad

2125 770 2319 812 Omnes
2354 753 2652 809 universim
2680 753 2987 821 pertingant
3022 750 3236 820 iustitia
3264 758 3319 805 et
3350 748 3715 803 lienclieentia

2131 866 2273 905 mea.
2311 846 2506 902 Parnm
2539 860 2721 901 autem
2743 846 2900 899 ﬂuxit
2927 845 3190 914 temporis
3213 855 3508 914 antequam
3539 857 3715 915 gras-

2130 954 2342 999 saretur
2396 943 2451 995 in
2522 940 2772 994 subditos
2822 941 2995 1009 ipsius
3045 940 3255 1006 pestis,
3315 952 3424 1004 qua
3470 937 3718 1007 plerique

2125 1050 2319 1091 eorum
2359 1049 2389 1088 e
2422 1035 2603 1088 medio
2646 1032 2847 1087 sublati
2902 1039 3050 1089 sunt,
3099 1038 3365 1096 pereunte
3419 1042 3529 1080 una
3581 1041 3714 1097 rege

2127 1126 2470 1180 Sliirawailio
2519 1125 2610 1195 qui
2643 1136 2696 1178 ct
2740 1120 2993 1177 Kobades
3021 1121 3216 1188 audiit,
3263 1138 3363 1173 nec
3412 1135 3522 1172 non
3558 1128 3716 1188 patre

2126 1218 2301 1287 ipsius
2352 1217 2521 1275 Cesra
2574 1232 2587 1268 :
2639 1217 2876 1280 spatium
2929 1232 3041 1287 quo
3093 1215 3343 1285 regnavit
3388 1214 3713 1266 octiinestre

2125 1318 2268 1365 erat.
2304 1308 2509 1366 Deinde
2538 1321 2661 1380 post
2714 1311 2891 1381 ipsum
2946 1308 3193 1378 regnavit
3226 1307 3465 1361 Aadstiir
3516 1307 3714 1358 Snira-

2131 1402 2290 1455 waiiti
2326 1400 2490 1465 filius,
2536 1418 2699 1473 quem
2748 1404 2931 1458 statim
2975 1402 3203 1455 adortus
3250 1397 3545 1468 prefectns
3574 1398 3713 1452 litui-

2129 1499 2246 1548 tum
2288 1493 2707 1549 occidentalium
2764 1492 2946 1563 ipsum
2990 1489 3230 1551 occidit,
3286 1505 3413 1544 eum
3467 1492 3715 1558 quinque

2133 1592 2345 1638 tantum
2397 1586 2681 1640 mensibus
2726 1594 3031 1651 regnasset.
3089 1578 3229 1633 Tutu
3279 1596 3505 1649 regnum
3552 1595 3713 1632 occa.

2130 1675 2278 1745 pavit
2298 1677 2517 1747 quidam
2548 1677 2769 1731 nomine
2792 1675 3024 1740 Jorhan,
3047 1673 3140 1745 qui
3167 1690 3199 1728 e
3220 1676 3389 1743 stirpe
3419 1674 3572 1742 regia
3604 1687 3713 1726 non

2129 1766 2255 1834 fuit,
2281 1779 2335 1825 et
2361 1785 2392 1825 e
2420 1769 2577 1840 cujus
2625 1768 2831 1823 laiiiilia
2863 1786 2968 1823 non
3014 1769 3156 1823 alius
3186 1768 3313 1837 quis
3370 1767 3438 1821 ad
3485 1781 3713 1834 arguunt

459 1850 766 1905 Hieractius
797 1851 866 1904 ab
895 1848 1291 1921 Hierosolymis
1336 1846 1687 1911 Damascum,
1722 1847 1796 1902 ibi
1824 1849 2033 1903 substi-
2067 1871 2106 1927 Β
2135 1864 2423 1935 πεπυ-ει,
2478 1863 2617 1918 Idem
2680 1872 2800 1918 om;
2843 1877 3008 1929 quem
3082 1860 3438 1934 253-255
3488 1863 3714 1916 mium

461 1944 546 2005 tit,
571 1956 603 1997 a
624 1942 885 1997 Mansuro
911 1956 1167 1997 nummos
1187 1943 1436 2013 exigens.
1460 1938 1614 1995 Sedit
1637 1952 1821 1995 autem
1850 1937 2033 1995 Mode-

460 2045 581 2091 stus
603 2049 809 2107 novent
829 2045 1070 2096 menses,
1092 2032 1216 2085 dein
1248 2040 1498 2085 mortuus
1526 2042 1634 2098 est,
1664 2046 1728 2085 ac
1754 2040 1878 2101 post
1910 2030 2031 2101 ejus

462 2136 694 2179 mortem
721 2140 817 2180 sex
845 2126 1008 2179 annis
1040 2126 1159 2179 sine
1188 2124 1497 2193 patriarcha
1549 2126 1749 2177 mansit
1772 2124 2033 2180 cathedra

464 2216 977 2287 llierosulymitana.

531 2309 701 2363 Porro
740 2324 885 2363 anno
928 2309 1140 2378 imperii
1190 2308 1540 2382 εδδ-251
1577 2309 1815 2364 Heraclii
1860 2309 2033 2365 unde-

461 2404 605 2455 cimo
638 2403 775 2456 diem
813 2402 944 2456 obiit
978 2402 1315 2457 Mohaiiiiued
1344 2403 1421 2458 lii.
1449 2403 1737 2457 Abdollalii
1762 2405 2025 2473 propheta

462 2493 907 2550 Ilusleminorum
935 2496 1020 2550 die
1050 2494 1237 2564 Lunae,
1263 2496 1355 2565 qui
1381 2496 1657 2553 secundus
1683 2506 1803 2552 erat
1833 2499 2036 2552 mensis

464 2589 651 2643 ltabia-
682 2590 904 2659 prioris,
952 2604 1098 2642 anno
1126 2587 1303 2644 lleira:
1333 2587 1650 2652 undecimo,
1681 2590 2035 2658 sepultusque

461 2690 546 2736 est
569 2680 712 2734 domi
738 2697 850 2736 sua:
869 2684 923 2735 in
942 2697 1046 2748 qua
1072 2691 1321 2736 mortuus
1337 2688 1440 2745 est,
1459 2680 1608 2734 domi
1631 2679 1755 2738 scil.
1781 2682 2034 2751 Aycslne;

463 2772 581 2827 dies
612 2772 867 2827 tredecim
900 2774 1091 2825 morbo
1116 2788 1217 2826 suo
1246 2772 1535 2826 laboravit.
1567 2770 1819 2828 Mortuus
1847 2781 2031 2829 autent

466 2873 554 2919 est
591 2881 767 2921 annos
809 2875 975 2920 natus
1023 2865 1307 2937 sexaginta
1357 2864 1523 2931 ures;
1579 2865 1783 2920 liberos
1842 2875 2037 2936 prater

464 2961 782 3014 Pliatemani
819 2961 1001 3013 nullos
1045 2958 1272 3027 reliquit
1302 2957 1650 3026 superstites,
1703 2956 1799 3011 sed
1828 2965 1883 3010 et
1948 2956 2038 3011 illa

462 3052 826 3121 quadraginta
868 3059 995 3119 post
1047 3050 1226 3118 ipsum
1261 3046 1457 3102 diebus
1510 3055 1728 3100 mortua
1774 3056 1879 3110 est,
1929 3045 2037 3119 [vel

462 3143 767 3197 secundum
815 3141 955 3195 alios
1011 3134 1408 3209 septuagintaJ
1470 3138 1633 3206 idque
1673 3136 1887 3191 Chalila
1935 3137 2035 3191 Abi

465 3235 655 3287 Becro.
688 3232 1086 3288 Convenerunt
1129 3231 1277 3284 enim
1327 3227 1638 3283 Iloslemini
1678 3228 1743 3282 ad
1786 3229 1906 3283 Abu
1940 3227 2010 3283 lie
2066 3223 2107 3278 C

462 3340 620 3378 crum
674 3321 1138 3395 inaugurandum,
1187 3323 1277 3375 cui
1333 3337 1529 3377 nomen
1578 3321 1871 3384 Alidollali,
1922 3320 2036 3376 Elm

461 3416 697 3473 Ottiman
724 3417 910 3481 Amer,
952 3414 1070 3470 Ebn
1092 3415 1266 3481 Caab,
1302 3418 1415 3470 iibn
1467 3413 1631 3477 Saad,
1667 3410 1785 3467 Elin
1825 3411 2036 3483 'l‘iyem,

464 3506 580 3562 Elin
614 3505 868 3572 Mori-ali;
914 3505 1183 3579 cujusque
1212 3517 1385 3561 mater
1430 3504 1633 3568 Saluta,
1672 3502 1783 3557 lilia
1818 3503 2036 3569 Securi,

464 3602 579 3657 Εὺιι
611 3602 802 3665 Amor,
842 3597 955 3653 Elin
985 3597 1151 3664 Saali,
1178 3597 1293 3653 Elin
1324 3598 1492 3660 Saad,
1526 3595 1648 3651 Ebn
1678 3594 1892 3667 Tiyem,
1922 3592 2038 3649 Ebn

464 3691 679 3747 lorrali
706 3709 719 3745 :
753 3692 965 3762 fuitque
1000 3690 1349 3762 inauguratio
1386 3688 1560 3759 ipsius
1590 3686 1780 3741 eodem
1809 3687 1898 3740 die
1923 3702 2034 3756 quo

464 3799 713 3841 ωσι-ωας
753 3793 841 3840 est
890 3783 1265 3839 Hohammed.
1320 3782 1549 3836 theris
1601 3780 1677 3852 [in
1721 3782 2041 3848 juratnento

465 3875 569 3947 ipsi
620 3872 953 3946 praestando]
987 3872 1364 3944 praceuntibus
1400 3870 1603 3928 Omaro
1637 3868 1750 3924 Elin
1790 3868 2039 3934 Chetebi,

465 3978 518 4023 et
541 3969 813 4021 Otltntatto
846 3964 964 4021 Elin
997 3963 1185 4033 Alani,
1220 3963 1383 4033 idque
1420 3976 1570 4018 anno
1603 3962 1817 4029 imperii
1869 3959 2040 4014 Hera-

466 4061 553 4117 clii
587 4062 959 4115 Romanorum
993 4056 1342 4127 imperatoris
1371 4054 1665 4110 undecimo
1701 4070 1715 4107 :
1746 4066 1911 4124 atque
1940 4055 2043 4108 hoc

468 4167 613 4207 anno
643 4152 978 4205 constitutus
1005 4159 1093 4203 est
1125 4145 1422 4202 Oborudus
1453 4142 1777 4216 [Honoriusl
1807 4144 2043 4213 patriar-

467 4245 570 4299 elia
617 4242 922 4306 Romanus,
969 4240 1065 4311 qui
1116 4236 1421 4294 octodecim
1473 4252 1654 4293 annos
1700 4237 1865 4300 sedit,
1912 4235 2041 4290 dein

471 4347 718 4391 mortuus
753 4345 859 4389 est.
889 4333 1056 4390 Cesra
1095 4341 1275 4387 autem
1305 4329 1563 4385 llormozi
1605 4328 1773 4393 illius,
1823 4342 1947 4383 cum
1976 4329 2045 4381 ad

471 4433 659 4482 urbem
691 4440 844 4481 suam
876 4425 1238 4495 pervenisset,
1263 4431 1317 4476 et
1349 4436 1512 4494 quam
1546 4420 1620 4476 ibi
1649 4418 1851 4475 eadem
1881 4417 2046 4474 fecis-

468 4532 550 4577 set
573 4519 879 4583 Heraclius,
909 4520 1037 4586 quid
1056 4515 1247 4579 ruinae,
1273 4515 1519 4580 vidisset,
1541 4527 1740 4585 magno
1758 4520 2047 4579 correptus

470 4623 555 4670 est
583 4611 792 4677 dolore,
836 4610 974 4666 nihil
1016 4621 1195 4664 tamen
1241 4607 1309 4663 de
1346 4622 1559 4661 morum
1594 4605 1813 4659 feritate
1858 4604 2047 4659 remit-

472 4719 617 4771 iens,
647 4704 782 4758 adeo
812 4711 872 4755 ut
905 4702 1143 4770 graviter
1183 4699 1393 4754 ferrent
1424 4700 1676 4754 homines
1715 4696 1890 4764 ipsius
1942 4697 2044 4749 im—

470 4798 707 4868 perium,
739 4792 1026 4847 deﬁciente
1051 4791 1188 4860 ipsis
1222 4788 1506 4858 patientia,
1547 4784 1709 4857 252
1758 4786 2048 4854 ipsumque

475 4885 773 4941 infaustum
809 4884 1077 4947 dicerent,
1109 4889 1297 4951 utpOte
1329 4893 1439 4948 quo
1464 4887 1728 4946 regnante
1776 4875 2051 4944 perierint

475 4977 677 5033 Persia:
719 4975 933 5039 incolas,
984 4981 1321 5041 vastataque
1375 4971 1488 5025 sint
1538 4970 1786 5037 ipsorum
1827 4966 2046 5022 domus.

2137 1956 2381 2024 Apcrwiz
2441 1957 2508 2011 ad
2559 1955 2762 2009 bellum
2815 1951 3079 2009 Romanis
3133 1954 3504 2009 inferendum.
3562 1955 3712 2006 illum

2136 2048 2353 2104 insidiis
2407 2048 2509 2118 ipsi
2567 2047 2791 2102 structis
2847 2048 3043 2101 mulier
3088 2046 3330 2113 quaedam
3376 2062 3407 2098 e
3459 2048 3714 2115 prosapia

2136 2144 2307 2209 regia.
2365 2140 2591 2195 nomine
2644 2139 3081 2202 Arzmamloeitt,
3142 2153 3172 2193 e
3230 2136 3410 2193 inedia
3467 2139 3716 2203 sustulit,

2137 2239 2422 2298 postquam
2456 2229 2572 2283 dies
2603 2228 2792 2297 viginti
2818 2227 2957 2282 duos
2991 2237 3272 2297 regnasset
3301 2244 3317 2281 :
3352 2229 3580 2296 regibus
3607 2244 3709 2280 au-

2137 2328 2246 2373 tem
2290 2320 2431 2374 haud
2461 2329 2805 2375 accensetur.
2839 2318 3044 2375 Deinde
3068 2330 3193 2391 post
3233 2321 3411 2387 ipsum
3464 2324 3715 2388 regnavit

2138 2412 2359 2480 quidam
2392 2426 2421 2465 e
2450 2410 2575 2465 liliis
2605 2410 2881 2473 llormozi,
2914 2412 3005 2481 qui
3057 2412 3113 2464 in
3142 2411 3363 2481 regione
3403 2408 3713 2463 Turcarum

2140 2502 2263 2564 luit.
2315 2511 2374 2557 et
2429 2504 2620 2559 audito
2675 2518 2922 2573 quamam
2977 2501 3298 2558 acciderant
3352 2500 3717 2565 dill'erentic,

2139 2594 2409 2658 accessit;
2452 2608 2647 2648 nomen
2697 2593 2770 2647 illi
2818 2592 2918 2647 fuit
2946 2592 3141 2655 Cesra,
3193 2588 3311 2647 Elin
3349 2592 3568 2656 Kobad,
3604 2592 3718 2644 Elin

2138 2683 2396 2739 Hormus.
2429 2687 2612 2757 Ipsum
2645 2700 2772 2738 Vero
2804 2685 3033 2738 adortus
3060 2684 3153 2755 qui
3189 2685 3442 2740 conliuiis
3470 2684 3720 2737 Corasan

2140 2786 2396 2853 prgerat,
2439 2777 2746 2842 interfecit,
2798 2796 2919 2832 cum
2966 2790 3078 2832 tres
3131 2790 3348 2832 menses
3401 2786 3717 2844 regnasset.

2141 2871 2275 2928 adeo
2315 2878 2373 2924 ut
2419 2886 2517 2925 nec
2567 2873 2684 2941 ipse
2729 2870 2951 2941 regibus
2996 2878 3386 2924 annmncrauts
3440 2870 3535 2925 sit.
3580 2866 3720 2923 Tum

2143 2973 2263 3030 ιιυει
2312 2978 2437 3018 eum
2492 2960 2682 3026 Hnrla,
2746 2961 2929 3017 Cesrie
2973 2960 3109 3021 lilia,
3152 2974 3273 3030 qui:
3329 2962 3510 3016 Cesrae
3560 2974 3719 3013 suros

2143 3056 2355 3108 uterinu
2396 3053 2521 3119 fuit,
2562 3054 2956 3124 sesquiannum
2994 3053 3287 3124 regnavit:
3343 3053 3458 3106 haec
3510 3053 3722 3107 nullum

2140 3148 2320 3217 exegit
2344 3146 2634 3213 tributum,
2665 3160 3025 3214 nummosque
3066 3145 3333 3201 exercitui
3390 3144 3723 3200 distribuit:

2142 3253 2378 3310 cumque
2407 3240 2461 3294 in
2493 3251 2660 3309 regno
2694 3238 3016 3293 continuata
3053 3237 3245 3304 fuerit,
3288 3237 3405 3308 ipsa
3440 3239 3509 3290 ali
3534 3251 3603 3292 eo
3629 3236 3723 3290 de-

2142 3332 2420 3387 nominata
2452 3338 2555 3385 est.
2588 3330 2795 3385 Deinde
2828 3335 2952 3400 post
2988 3331 3161 3398 ipsam
3214 3328 3463 3398 regnavit
3493 3325 3724 3397 quidam

2144 3422 2368 3477 nomine
2414 3414 2877 3486 Hosliuastadali,
2925 3420 3072 3491 qnie
3125 3421 3307 3491 patrui
3357 3410 3549 3476 εδει-ε
3596 3418 3721 3473 iiiis

2140 3526 2281 3583 erat,
2308 3516 2524 3572 duobus
2567 3517 2853 3573 mensibus
2900 3517 3171 3588 regnavit,
3214 3517 3343 3573 dein
3396 3513 3721 3570 interiectus

2140 3618 2245 3676 est,
2279 3624 2379 3664 nec
2428 3608 2575 3664 inter
2617 3623 2778 3675 reges
2827 3617 3168 3664 numeratur.
3219 3608 3352 3665 Post
3409 3609 3590 3679 ipsum
3641 3626 3723 3663 reo

2141 3703 2327 3775 gnavit
2352 3700 2790 3765 Aramandoclit,
2832 3699 3013 3756 Cesrie
3066 3702 3196 3766 lilia,
3230 3716 3353 3771 (με
3398 3709 3454 3755 et
3508 3700 3729 3758 modice

2142 3793 2471 3862 interposito
2499 3793 2678 3862 spatio
2703 3807 2913 3846 veneno
2963 3793 3180 3849 sublata
3212 3802 3431 3848 mortua
3464 3802 3571 3850 est.
3597 3807 3729 3849 cura

2144 3893 2423 3961 regnasset
2446 3897 2650 3936 annum
2684 3890 2740 3937 et
2767 3892 3007 3952 quatuor
3035 3896 3284 3950 menses;
3314 3893 3370 3936 et
3408 3882 3522 3937 hac
3549 3882 3607 3938 in
3637 3898 3727 3939 ro-

2142 3988 2249 4045 gno
2276 3971 2596 4029 continuata
2624 3979 2730 4035 est,
2758 3980 2813 4026 et
2844 3973 2913 4025 ab
2941 3972 3134 4027 eodem
3178 3970 3552 4026 denominata.
3590 3971 3729 4027 Post

2143 4068 2316 4135 ipsam
2348 4064 2595 4135 regnavit
2628 4063 2851 4135 quidam
2892 4066 3117 4120 nomine
3150 4063 3727 4118 Paraclmradcltosltrs

2149 4170 2336 4209 mense
2359 4169 2493 4216 uno,
2526 4153 2652 4209 dein
2690 4154 2912 4208 occisus
2940 4162 3046 4215 est,
3082 4167 3257 4221 neque
3290 4153 3514 4223 regibus
3544 4168 3727 4205 annn-

2150 4253 2415 4298 meratur.
2438 4242 2639 4299 Totum
2674 4251 2856 4298 autem
2897 4244 3131 4312 spatium
3164 4258 3276 4312 quo
3306 4243 3557 4311 regnavit
3600 4240 3723 4297 Shi-

2146 4338 2353 4391 rawaili
2383 4378 2400 4402 ,
2440 4345 2493 4392 et
2529 4336 2622 4407 qui
2670 4336 2775 4407 ipsi
2815 4345 3240 4399 successerunt,
3280 4332 3446 4404 256
3478 4346 3591 4387 tam
3632 4334 3726 4388 viri

2146 4444 2310 4497 quam
2356 4429 2593 4488 femina.
2640 4436 2755 4481 tum
2778 4428 2871 4497 qui
2908 4440 3172 4498 regnasse
3204 4425 3582 4495 perhibentur.
3618 4433 3729 4477 tum

2150 4523 2242 4590 qni
2266 4535 2451 4590 regum
2467 4534 2697 4573 riumero
2722 4517 2865 4573 haud
2892 4526 3272 4578 accensentur,
3296 4531 3467 4585 usque
3490 4517 3556 4570 ad
3570 4514 3724 4571 Para-

2154 4610 2724 4672 clioradclioshraum,
2757 4623 2865 4663 una
2897 4622 3020 4666 cum
3061 4609 3352 4662 intervallo
3393 4608 3541 4678 quod
3584 4610 3724 4662 inter

2146 4703 2286 4756 duos
2314 4699 2589 4770 quoslibet
2620 4714 2776 4769 reges
2824 4699 3165 4761 intercessit.
3193 4709 3429 4769 quatuor
3458 4713 3727 4754 annorum

2151 4798 2273 4861 luit,
2314 4796 2478 4866 idque
2521 4804 2694 4849 totum
2732 4794 2911 4850 turbis
2942 4801 2997 4849 et
3038 4796 3279 4849 metilius
3310 4797 3559 4864 plenum.
3592 4794 3728 4849 Cm!

2149 4903 2281 4959 ergo
2321 4889 2569 4942 viderent
2597 4886 2773 4941 Persae
2799 4902 2910 4957 quo
2944 4888 3293 4941 devertissent
3343 4886 3727 4951 sed.tioni|ius,

2151 4990 2199 5035 et
2233 4976 2657 5048 pt'mvalentiirus
2686 4977 2823 5048 ipsis
2870 4975 3153 5041 Ennianis,
3176 4990 3406 5045 quaque
3442 4975 3584 5029 mala
3622 4987 3729 5029 tan

476 5070 601 5140 ipso
651 5082 784 5136 ergo
833 5076 955 5137 post
1003 5080 1181 5119 annos
1227 5063 1455 5132 triginta
1501 5072 1625 5115 θοιο
1672 5060 1948 5123 “Micam.
1993 5059 2049 5111 in
2153 5069 2468 5138 religionem
2503 5070 2748 5137 ipsorum
2788 5082 2952 5134 quam
2988 5080 3334 5121 communem
3375 5067 3545 5119 vitant
3580 5068 3727 5120 iuvav

478 5164 655 5217 locum
696 5164 816 5231 ejus
845 5162 1252 5215 substituerunt
1305 5156 1477 5209 illium
1526 5156 1699 5222 ipsius
1742 5153 2035 5208 Kobadem

2153 5164 2377 5227 sissent,
2407 5161 2720 5230 conqttisito
2737 5157 2921 5214 Cesrze
2956 5159 3090 5223 lilio,
3116 5159 3342 5211 nomine
3371 5153 3729 5223 Yazdejerdo,

478 5253 571 5322 qui
608 5262 665 5306 et
719 5252 1027 5307 Shirawailt
1077 5249 1409 5318 appellatus,
1468 5245 1641 5299 litium
1697 5245 1879 5299 Mari-.c
1931 5244 2055 5297 lilia
2156 5255 2309 5323 qui'a
2338 5252 2712 5313 Shirawailio,
2742 5264 2868 5305 eum
2904 5247 3104 5303 fratres
3131 5248 3253 5319 ejus
3298 5246 3623 5311 trucidaret,
3658 5247 3727 5302 fu-

480 5345 726 5400 Mauricii
777 5345 1149 5399 Romanorum
1204 5338 1579 5410 imperatoris,
1614 5337 1777 5406 cujus
1824 5337 1893 5389 ab
1920 5335 2054 5405 ipsis
2156 5353 2330 5414 gerat,
2366 5345 2544 5411 ipsum
2592 5341 2697 5399 sibi
2749 5356 2928 5413 regem
2978 5340 3361 5411 pral'ccerum,
3408 5353 3585 5394 annos
3618 5348 3729 5393 tum

480 5438 650 5491 occisi
680 5434 853 5493 caedes
887 5436 1157 5489 malorum
1199 5432 1430 5487 istorqu
1456 5429 1699 5485 omnium
1728 5442 1893 5482 causa
1921 5426 2055 5493 fuit;
2164 5446 2351 5490 ιηωω
2378 5434 2713 5503 quindecim.
2760 5431 2930 5487 Erant
2977 5442 3160 5484 autem
3208 5428 3435 5484 allectus
3484 5432 3730 5501 ipsum.

484 5544 607 5581 cum
636 5524 868 5601 [Ceam]
893 5541 1047 5583 socer
1075 5531 1245 5591 esset.
1281 5528 1448 5592 atque
1481 5520 1569 5575 ille
1600 5533 1855 5575 socerum
1899 5532 2056 5572 suum
2158 5526 2379 5590 diversi,
2410 5538 2591 5581 coetus
2624 5524 2809 5587 divisi,
2845 5531 2899 5578 et
2944 5537 3007 5578 se
3050 5532 3239 5575 ωιιωο
3267 5522 3425 5578 bellis
3458 5520 3727 5578 lacesset»

488 5618 679 5671 ulcisci
713 5623 961 5687 cuperet.

2161 5629 2264 5681 tes,
2288 5616 2721 5687 uniuscujusque
2750 5628 2909 5670 terra:
2935 5623 3163 5678 tractus,
3194 5614 3366 5677 urbis,
3399 5622 3492 5666 aut
3525 5614 3730 5684 oppidi,

564 5713 819 5767 Kobades
864 5718 1047 5765 autem
1100 5721 1269 5778 regno
1298 5700 1594 5776 praefectus
1623 5701 1899 5771 justitiam
1948 5717 2060 5771 prae
2161 5727 2255 5781 per
2290 5720 2458 5765 totum
2494 5723 2725 5778 regnum
2752 5708 2973 5770 incolis.
3023 5707 3221 5763 vicinis
3250 5708 3371 5761 suis
3422 5706 3625 5760 bellum
3657 5708 3727 5759 in-

486 5825 548 5868 se
579 5807 723 5873 tulit,
753 5810 810 5859 et
836 5801 1093 5873 injuriani
1124 5812 1235 5869 qua
1288 5810 1554 5869 oppressa
1610 5794 1788 5850 fuerat
1834 5794 2035 5848 amovit

2165 5801 2499 5868 ferentibus;
2547 5806 2979 5868 manseruutque
3023 5800 3125 5852 hoc
3149 5806 3295 5852 statu
3349 5796 3550 5862 urbes,
3586 5796 3728 5852 vide-

490 5900 533 5956 Ε
558 5898 684 5958 liliis
719 5904 902 5954 autem
932 5892 1109 5965 patris
1138 5890 1251 5959 sui,
1278 5891 1371 5961 qui
1398 5888 1503 5961 ipsi
1532 5888 1726 5944 matris
1753 5902 1863 5943 suae
1893 5900 2062 5943 causa
2166 5891 2291 5947 licet
2316 5890 2481 5947 rebus
2514 5888 2820 5956 dissolutis,
2865 5886 3067 5959 populo
3094 5885 3294 5953 diviso,
3349 5899 3517 5956 regno
3540 5898 3727 5941 corru-
