3976 6168
487 315 623 373 1095

481 520 647 572 hinna
676 529 729 571 ct
775 532 986 573 cetarno
1032 522 1240 590 tingere
1289 521 1506 583 solitus,
1548 534 1673 572 raro
1717 526 2053 588 tegmentum

479 607 582 661 sibi
652 610 937 662 astrictum
985 612 1253 664 retinens.
1299 607 1657 663 Cousiliarius
1707 608 1882 675 ipsius
1929 614 2052 660 erat

482 699 595 749 Abn
640 696 859 751 Kahafae
904 698 1160 753 Alsuidus
1201 699 1455 767 janitoris
1509 713 1736 752 munere
1783 698 1885 768 ipsi
1930 696 2053 749 iun-

483 798 707 857 gebatur
731 807 924 844 servus
964 793 1137 857 ipsius
1165 789 1356 845 Sadid.

769 882 1070 948 Cltalifatus
1119 881 1305 935 Ornarr'
1337 879 1494 935 Ebnii
1526 881 1771 938 Chetabi.

558 973 897 1026 Cbalii’atum
974 974 1208 1028 obtirrtrit
1282 975 1447 1030 Omar
1514 974 1732 1045 (Ebrio-1
1801 971 2053 1036 Chetahi,

481 1067 596 1120 Ebn
628 1067 830 1132 Notail,
863 1066 979 1120 Ebn
1009 1065 1167 1121 Abdil
1202 1066 1344 1129 azis,
1384 1064 1500 1120 Elin
1549 1064 1744 1138 Riyalr,
1769 1064 1883 1118 Ehn
1916 1065 2052 1129 Atla,

482 1157 597 1211 Elin
638 1160 805 1224 Caab,
838 1162 924 1212 cui
978 1168 1151 1226 mater
1178 1158 1281 1213 fuit
1324 1157 1576 1214 Cathirna
1639 1156 1743 1211 illia
1792 1154 2051 1210 ilashanri

484 1250 661 1304 Ebui-l
694 1251 1018 1323 Mogayarm,
1050 1251 1165 1305 Ehu
1200 1250 1494 1314 Abilillabi,
1548 1250 1661 1303 Ebn
1691 1248 1896 1313 Omari,
1934 1247 2051 1302 Ehn

488 1344 787 1411 itlachzum)
816 1343 904 1396 die
936 1342 1124 1399 Martis
1169 1342 1361 1398 eodem
1407 1359 1518 1413 quo
1547 1351 1795 1397 mortuus
1824 1351 1908 1395 est
1930 1342 2049 1394 Abt!

488 1439 639 1500 Becr,
709 1437 871 1505 idque
923 1452 1068 1490 anno
1122 1436 1333 1507 imperii
1398 1436 1627 1490 licraclii
1706 1434 2051 1505 imperatoris

488 1531 866 1584 Romanorum
900 1530 1117 1583 decimo
1169 1531 1351 1591 tertio,
1396 1530 1553 1582 initio
1608 1527 1899 1581 clraliiatus
1933 1528 2053 1594 ejus

486 1622 812 1676 constitutus
839 1628 925 1674 est
959 1618 1229 1688 Georgius
1283 1619 1593 1688 patriarcha
1614 1615 2048 1675 Alexandrinus;

487 1707 574 1777 qui
611 1716 844 1776 quatuor
866 1722 1037 1761 annos
1072 1707 1236 1767 sedit,
1294 1708 1419 1759 dein
1474 1707 1658 1758 audito
1705 1702 2053 1758 Moslemiuos

1506 307 1870 371 EUTYCHII
1921 304 2457 367 ALEXANDRINI
2500 303 2720 364 PATR.

382 456 387 459 -
478 425 833 498 265-267
882 426 1059 483 oeulis
1129 427 1575 489 subsidentibus,
1624 426 1847 479 barbam
1895 437 2050 479 suam
2082 431 2126 487 Α
2156 421 2400 477 narravit
2443 422 2577 490 ipsis
2603 417 2737 489 qrrid
2783 417 2885 473 sibi
2921 413 3240 486 contigisset
3280 412 3511 483 ejusque
3556 410 3731 463 histo-

3597 288 3731 351 1096

2161 519 2295 569 riam
2360 514 2635 582 exposuit.
2697 510 2948 579 Cumque
2997 523 3105 562 non
3160 513 3308 560 esset
3331 500 3731 571 Hierosolymis

2158 606 2495 678 patriarcha.
2575 603 2791 658 muneri
2865 596 3217 671 patriarchali
3284 592 3581 665 praefectus
3644 598 3735 643 est

2159 698 2502 767 Sephronius
2534 697 2607 750 ob
2634 694 2756 750 ﬁdei
2784 709 2900 750 suae
2936 691 3313 749 sinceritatem
3344 702 3367 743 :
3395 686 3730 753 scripsitque

2155 792 2225 847 de
2264 792 2369 847 (ide
2401 791 2645 847 libellum
2671 804 2835 859 quem
2898 785 2952 840 in
3002 797 3196 838 omnes
3246 780 3497 850 regiones
3556 774 3732 840 suis".

2156 898 2552 953 acceptumque
2617 882 2930 937 habuerunt
2991 873 3210 953 [totius]
3265 871 3455 928 mundi
3513 866 3731 929 incolae,

2157 975 2341 1045 ibique
2396 990 2541 1030 anno
2583 972 2878 1031 r-halit‘atns
2935 970 3118 1029 Ornari
3171 966 3329 1024 Ebnil
3370 962 3599 1019 Chetabi
3642 972 3735 1012 se-

2153 1070 2357 1125 cundo.
2390 1070 2546 1124 Anno
2575 1069 2869 1124 chaliratus
2895 1065 3143 1137 ejusdem
3172 1060 3365 1131 quriulo
3389 1054 3730 1112 constituta!

2153 1169 2237 1215 est
2284 1159 2637 1216 Macedonius
2691 1160 3000 1229 patriarcha
3054 1154 3432 1209 Antiochenus
3482 1147 3537 1202 in
3593 1142 3730 1199 urbe

2152 1251 2796 1320 Constantinopolitana,
2828 1251 2921 1321 qui
2954 1245 3217 1303 Maronita
3250 1243 3373 1295 fuit.
3411 1231 3731 1293 Cerastanti-

2155 1343 2337 1413 nopoli
2377 1358 2472 1398 sex
2520 1357 2694 1395 annos
2735 1340 3017 1402 substitit,
3058 1338 3184 1391 dein
3217 1351 3247 1389 e
3290 1333 3427 1386 viris
3466 1326 3729 1391 excessit,

2154 1451 2448 1509 antequam
2498 1436 2843 1493 Antiochiam
2885 1436 2968 1489 vel
3017 1434 3300 1502 ingressus
3349 1436 3496 1481 esset
3525 1423 3609 1477 rei
3648 1419 3730 1475 ri-

2153 1534 2343 1587 tlisset.

2226 1627 2384 1679 Anno
2418 1620 2711 1677 chaliiatus
2741 1618 2927 1675 Ornari
2960 1616 3119 1673 Ebnil
3152 1614 3377 1671 Cbetabi
3416 1618 3599 1677 sexto,
3632 1610 3733 1663 ira.

2156 1717 2293 1789 perii
2327 1730 2455 1770 vero
2497 1712 2734 1768 iicraclii
2781 1713 2997 1767 decimo
3036 1719 3251 1769 octavo,
3284 1707 3620 1761 constitutus
3649 1708 3732 1753 cst

487 1801 719 1856 devictis
762 1798 1023 1854 Romanis
1079 1797 1418 1854 Palaestinam
1466 1812 1766 1866 occupasse
1804 1794 2054 1849 eosdem-

2166 1774 2338 1881 Syrus
2367 1808 2678 1879 patriarcha
2712 1799 3383 1870 Constantirropolitauus,
3419 1796 3514 1865 qui
3540 1804 3594 1849 et
3624 1791 3735 1845 ala-

487 1906 597 1958 que
624 1890 916 1961 A-gyptunr
944 1890 1186 1952 tendere,
1237 1890 1373 1942 mari
1433 1905 1492 1943 se
1532 1888 1885 1944 committens
1936 1886 2062 1941 Ale-

493 1986 715 2036 xandria
751 1983 1089 2037 Palu-stiriam
1150 1982 1310 2051 fugit,
1340 1981 1648 2051 mansitque
1703 1989 1825 2049 post
1882 1980 2059 2047 ipsum

493 2077 752 2129 cathedra
788 2073 1156 2129 Alexandrina
1218 2076 1425 2141 absque
1464 2073 1773 2141 patriarcha
1810 2071 2062 2126 Melchita

485 2181 663 2222 annos
693 2170 988 2237 nonaginta
1027 2178 1259 2236 septem.
1294 2164 1423 2219 Post
1478 2164 1654 2233 ipsius
1705 2178 1837 2216 vero
1879 2162 2060 2231 fugam

489 2260 827 2314 constitutus
878 2266 965 2313 est
1024 2260 1201 2329 Cyrus
1275 2257 1581 2328 patriarcha
1624 2255 2052 2315 Alexandrinus,

490 2354 873 2423 quiMarOuita
920 2352 1046 2417 iuit,
1076 2352 1321 2420 ejusdem
1363 2367 1489 2404 cum
1546 2346 1797 2403 Heraclio
1850 2348 2063 2417 religio-

494 2446 603 2501 tris.
633 2444 759 2499 Fuit
814 2456 993 2500 autem
1057 2445 1401 2499 Alexandria;
1470 2443 1774 2496 monachus
1831 2442 2057 2510 quidam

491 2541 710 2593 nomine
732 2538 1075 2607 Soplrronius
1138 2539 1227 2606 qui
1271 2536 1397 2607 Cyri
1470 2534 1795 2606 patriarcha:
1853 2532 2065 2587 doctri-

491 2648 613 2685 nam
643 2632 989 2700 improbavit.
1020 2630 1274 2686 Asseruit
1314 2633 1485 2699 Cyrus
1522 2643 1646 2684 esse
1689 2626 1921 2680 Domino
1965 2640 2066 2678 no-

493 2736 609 2779 stro
646 2726 869 2779 Christo
897 2735 1120 2777 naturas
1148 2725 1307 2786 duas,
1356 2724 1691 2777 voluntatem
1716 2734 1903 2783 nrrarrr,
1938 2734 2067 2787 ope-

492 2819 757 2869 rationem
787 2831 974 2878 unam,
1018 2830 1305 2882 personant
1333 2831 1524 2879 trrrartr,
1570 2828 1690 2883 qua:
1741 2820 1821 2865 cst
1856 2796 2063 2865 Maroni

494 2908 784 2963 sententia.
985 2907 1260 2962 Accedens
1274 2921 1404 2976 ergo
1426 2906 1769 2974 Soplrrortius
1784 2906 1847 2958 ad
1861 2903 2061 2974 Cyrum

499 3005 893 3070 patriarcharu,
949 3016 1071 3054 cum
1139 3004 1260 3069 ipso
1317 3000 1689 3067 disputatione
1724 2998 1934 3058 habita,
1981 2994 2063 3058 Si,

2164 1904 2342 1955 ronita
2388 1899 2735 1953 fuit.’Annos
2760 1904 2887 1951 octo
2934 1894 3077 1951 sedit
3103 1891 3207 1963 (vel
3240 1888 3546 1945 secundum
3581 1884 3731 1939 aliud

2160 1995 2462 2062 exemplar,
2494 1986 2680 2058 duos),
2718 2003 2903 2042 rerum
2929 2001 2961 2040 a
2995 1983 3224 2038 Ilartina
3266 1996 3439 2036 uxore
3475 1976 3734 2041 Ileraclii,

2161 2101 2284 2155 qua:
2313 2082 2618 2137 orthodoxa
2655 2080 2780 2140 fuit,
2812 2080 2865 2131 in
2890 2076 3142 2132 exsiiinrn
3176 2075 3370 2142 pulsus
3398 2083 3504 2134 est,
3534 2086 3656 2140 qua:
3683 2078 3736 2120 et

2164 2176 2287 2230 loco
2345 2172 2469 2243 eius
2529 2171 2761 2226 Paulum
2824 2168 3193 2240 patriarcharn
3245 2159 3734 2230 Constantinopoli

2165 2265 2404 2340 praefecit
2431 2284 2444 2320 :
2478 2266 2567 2319 hic
2590 2263 2755 2319 etiam
2790 2261 3057 2317 Maronita
3087 2261 3208 2325 fuit,
3246 2274 3419 2313 annos
3447 2273 3542 2311 sex
3576 2255 3737 2317 se..it.

2163 2362 2287 2416 dein
2321 2367 2571 2415 ruortnrrs
2602 2367 2711 2412 est.
2740 2355 2869 2411 Post
2905 2354 3026 2424 ejus
3054 2354 3264 2407 obitum
3301 2350 3544 2405 restituit
3568 2346 3739 2401 ﬂera-

2166 2455 2304 2510 clius
2330 2452 2549 2524 Syrum,
2574 2453 2669 2522 qui
2700 2466 2729 2504 a
2760 2449 2993 2522 coniuge
3023 2450 3195 2520 ipsius
3230 2449 3500 2516 relegatus
3538 2443 3738 2505 fuerat,

2166 2545 2462 2607 cathedrm,
2517 2558 2684 2613 quam
2744 2551 2954 2611 septem
3015 2555 3192 2595 annos
3242 2539 3567 2609 occupavit,
3612 2534 3736 2590 dein

2167 2654 2415 2696 mortuus
2442 2651 2547 2696 est.
2571 2638 2877 2695 Obsidione
2904 2647 3088 2695 autem
3117 2640 3403 2694 cinxerant
3434 2634 3739 2690 llosleruini

2168 2732 2517 2789 Damascum.
2578 2731 2826 2802 Curaque
2887 2730 3176 2787 chalifatni
3246 2734 3538 2801 pra-iectus
3591 2739 3740 2787 esset

2163 2826 2330 2882 Oruar
2362 2827 2546 2882 Ebno’l
2584 2826 2791 2883 Cbetab
2821 2828 3041 2897 scriptis
3070 2827 3272 2883 litteris
3293 2869 3308 2891 ,
3344 2828 3505 2898 373
3537 2828 3740 2897 quibus

2164 2917 2424 2975 Omarnnr
2451 2920 2621 2975 Ebrrol
2651 2920 2744 2976 Asi
2774 2920 3093 2991 praefectura
3119 2921 3417 2985 abdicavit,
3445 2938 3567 2975 eam
3591 2919 3739 2975 Cha-

2168 3013 2289 3067 lcdo
2322 3013 2481 3067 libuil
2517 3012 2718 3069 Walidi
2757 3014 3052 3070 commisit.
3086 3013 3373 3069 [ierat-lius
3410 3026 3593 3069 autem
3631 3011 3739 3065 Bo-

497 3092 696 3161 inquit,
727 3092 799 3145 ita
830 3107 915 3146 res
951 3091 1174 3143 haberet
1198 3096 1473 3159 quomodo
1508 3099 1562 3140 lu
1608 3090 1832 3152 asseris,
1891 3096 2061 3141 esset-

2168 3120 2461 3160 manorum
2496 3109 2813 3175 imperator,
2842 3107 2934 3175 qui
2973 3108 3235 3161 Damasco
3263 3104 3520 3161 liemsum
3562 3121 3744 3160 reces-

513 3199 621 3250 quo
651 3183 876 3236 Christo
909 3182 1157 3233 voluntas
1188 3196 1315 3246 una,
1373 3179 1616 3249 operatio
1648 3193 1776 3245 una,
1813 3190 2061 3230 necessa-

498 3277 579 3328 rio
607 3286 750 3329 esset
775 3274 876 3343 ipsi
914 3282 1104 3328 natura
1148 3288 1278 3334 una,
1333 3286 1441 3325 non
1496 3273 1615 3323 dua:
1651 3282 1875 3332 naturae.
1911 3269 2058 3339 quod

497 3375 753 3419 asserunt
808 3363 1091 3416 Jaeobitze.
1134 3363 1199 3417 At
1267 3377 1366 3415 nos
1431 3362 1478 3414 ei
1533 3362 1668 3415 duas
1730 3361 2060 3422 voluntates,

496 3456 741 3524 duasque
771 3455 1139 3524 operatioues,
1179 3463 1339 3523 prout
1370 3462 1504 3506 sunt
1529 3453 1629 3522 ipsi
1668 3451 1788 3505 dua:
1835 3459 2062 3511 naturae,

498 3550 867 3611 attribuimus,
895 3564 1020 3600 cum
1048 3546 1388 3616 irnposeibile
1440 3547 1534 3607 sit,
1592 3555 1654 3599 ut
1699 3546 1770 3599 sit
1810 3544 2065 3598 voluntas

497 3657 599 3693 una
632 3640 773 3693 duas
799 3638 1019 3693 habenti
1056 3650 1303 3692 naturas.
1344 3637 1399 3691 Si
1437 3638 1650 3690 unicam
1698 3638 1920 3691 haberet
1971 3651 2063 3691 v0-

497 3732 783 3793 luntatern,
820 3738 967 3783 certe
990 3737 1043 3781 et
1089 3728 1303 3781 unicam
1358 3728 1581 3781 haberet
1612 3736 1884 3781 naturam.
1924 3724 2061 3780 Cum

500 3834 623 3887 ergo
657 3818 795 3872 duas
836 3818 1033 3871 habeat
1059 3825 1307 3881 naturas,
1362 3818 1496 3870 duas
1540 3818 1705 3871 etiam
1759 3817 1919 3870 habet
1966 3831 2064 3868 vo-

498 3918 754 3964 turrtates.
786 3910 884 3962 Cui
916 3910 1089 3979 Cyrus
1120 3929 1132 3962 :
1170 3906 1307 3963 Tant
1357 3908 1677 3962 Theodorus
1707 3907 1807 3980 [δή.
1842 3906 2064 3977 Ilorius]

500 4008 695 4067 inquit,
730 3999 1039 4067 patriarcha
1064 3995 1221 4050 Boni.
1258 4015 1420 4065 quartr
1471 3996 1697 4066 Sergius
1751 3998 2055 4052 Constanti-

504 4090 856 4157 nepolitauus
888 4092 937 4141 in
969 4089 1107 4141 hanc
1136 4089 1459 4141 sententiam
1500 4089 1903 4154 conspiratum.
1936 4086 2068 4141 Pro-

501 4182 675 4240 fectus
706 4196 835 4251 ergo
895 4181 1238 4249 Suphronius
1284 4181 1837 4248 Constantinopolim,
1872 4196 2067 4233 occur-

502 4275 641 4327 renti
665 4274 738 4326 ibi
773 4272 875 4340 ipsi
906 4272 1096 4340 Sergio
1151 4272 1475 4338 patriarcha:
1538 4274 1780 4333 narravit
1818 4274 1946 4339 quid
1986 4273 2069 4324 in-

503 4377 583 4417 ter
610 4377 751 4417 seac
786 4364 982 4430 Cyrum
1037 4360 1401 4427 patriarcharn
1438 4360 1869 4412 Alexandrinum
1900 4360 2069 4413 inter.

505 4455 783 4509 cessisset.
830 4451 990 4517 Quod
1039 4452 1270 4504 miratus
1324 4457 1407 4503 est
1467 4449 1693 4519 Sergius
1760 4453 1913 4520 patri:

503 4543 1136 4614 Constantinopolitanus
1191 4557 1207 4595 :
1279 4552 1333 4595 at
1393 4556 1521 4596 cum
1569 4554 1693 4610 post
1746 4545 1965 4598 biduum
2000 4546 2066 4600 ad

504 4640 679 4711 ipsum
706 4652 735 4688 a
767 4636 910 4706 Cyro
941 4635 1117 4689 delata
1150 4643 1334 4689 essent
1379 4649 1628 4698 munera,
1678 4645 1882 4689 mutata
1942 4652 2065 4690 sen-

504 4732 669 4789 tentia
689 4746 812 4795 sua,
840 4729 1105 4782 adversus
1135 4728 1442 4795 Sophronia
1476 4726 1657 4782 iactus
1681 4728 1732 4780 in
1788 4731 1908 4797 Cyri
1944 4745 2065 4782 seno

505 4823 729 4876 tentiam
770 4820 923 4874 abiit.
984 4817 1308 4872 Theodorus
1367 4820 1532 4871 etiam
1602 4820 1909 4884 patriarcha
1963 4819 2069 4872 Ito-

504 4930 695 4969 manus
717 4925 973 4982 perverse
1000 4912 1268 4972 sentiens,
1299 4910 1437 4978 ipsis
1485 4925 1769 4963 assensum
1819 4913 2069 4979 prmbuit,

498 5022 755 5062 asserens
812 5014 1067 5057 naturam
1133 5004 1307 5057 solam
1354 5000 1560 5057 Christi
1610 5002 1880 5073 duplicem
1924 5020 2065 5059 esse.

499 5101 654 5165 Quod
707 5097 1026 5163 improbans
1087 5094 1429 5163 Sophronius
1467 5093 1659 5149 :llaud
1721 5099 1815 5158 ita,
1872 5096 2069 5166 inquit,

505 5212 583 5245 res
614 5203 718 5245 est.
750 5188 1033 5259 Siquidem
1070 5189 1327 5257 quaelibet
1385 5204 1491 5253 res,
1541 5187 1622 5260 [in
1665 5189 1808 5261 ipso]
1870 5192 2070 5259 duplex

498 5298 578 5337 est
617 5285 717 5338 nisi
736 5284 879 5354 quod
904 5282 969 5334 ad
1007 5295 1290 5349 personam
1324 5281 1574 5346 pertinet.
1604 5281 1730 5334 Deut
1766 5281 2023 5335 dixerunt
2056 5300 2069 5335 :

495 5378 605 5429 Nec.
635 5374 1093 5427 duasvoluntates
1112 5370 1365 5430 dicimus,
1387 5385 1483 5423 nec
1512 5371 1837 5424 roluntatenr
1864 5389 2027 5424 rurant
2053 5390 2067 5426 :

508 5467 817 5533 mansitque
848 5464 1118 5517 sententia
1152 5459 1407 5514 Ecclesia:
1438 5464 1594 5513 annis
1626 5462 1847 5515 circiter
1883 5461 2074 5533 269-

511 5558 661 5630 2'71
690 5556 1048 5627 quadraginta
1081 5569 1176 5607 sex
1215 5552 1481 5606 indecisa.
1535 5552 1665 5606 Dein
1729 5554 2073 5623 Sophronias

504 5647 972 5716 (itaistantinopoli
993 5645 1360 5715 Hierosolyma
1378 5646 1718 5712 pervenit-ns,
1739 5650 1954 5701 obviam
1973 5653 2073 5718 ipsi

508 5745 665 5799 iactis
696 5741 979 5795 monachis
1010 5739 1268 5807 urbisque
1294 5735 1811 5810 llierosolymitante
1848 5745 2072 5810 incolis,

2163 3208 2338 3259 serat,
2370 3198 2463 3252 ubi
2498 3196 2851 3255 illoslcminos
2878 3199 3052 3269 captis
3078 3200 3370 3252 Palaestina
3400 3209 3451 3253 et
3477 3200 3741 3253 Ordonno

2164 3288 2450 3343 Bathniam
2485 3290 2762 3357 profectos
2800 3306 2924 3346 esse
2961 3292 3282 3357 audivisset,
3319 3290 3515 3347 llernso
3549 3294 3742 3345 Antio-

2165 3382 2345 3434 chiam
2375 3382 2751 3449 descrndcns,
2783 3382 3034 3437 trtandata
3072 3382 3271 3446 edixit,
3305 3390 3355 3434 ct
3396 3383 3744 3453 congregatis

2165 3472 2303 3529 Most
2332 3475 2605 3529 Arabibus
2627 3490 2658 3529 e
2682 3474 2826 3530 tribu
2851 3474 3058 3539 Gasan,
3084 3472 3269 3539 ledan,
3293 3475 3442 3536 Calb,
3469 3474 3688 3529 Lachan
3710 3490 3745 3527 ο

2165 3564 2502 3635 reliquisque
2544 3566 2637 3635 qui
2688 3564 2791 3620 sub
2812 3566 3046 3621 arbitrio
3069 3571 3243 3635 ipsius
3263 3574 3419 3621 erant
3441 3565 3742 3627 Arabibus.

2166 3658 2359 3711 ducem
2414 3658 2549 3726 ipsis
2598 3659 2897 3730 praéposuit
2939 3675 2970 3716 e
3019 3661 3138 3715 suis
3181 3660 3474 3730 quemdam
3521 3661 3743 3716 nomine

2166 3749 2489 3813 Matianum,
2538 3766 2746 3821 eosque
2796 3749 3124 3807 Damascum
3172 3752 3363 3818 misit,
3416 3754 3641 3822 scriptis
3672 3753 3738 3807 ad

2169 3838 2488 3894 Mansurunr
2534 3840 2851 3909 praefectum
2896 3858 3059 3896 snurrr
3095 3843 3293 3899 litteris
3330 3859 3442 3913 quo
3472 3846 3617 3899 datis
3648 3860 3742 3914 pe-

2167 3933 2348 3988 crrniis
2376 3934 2527 3988 viros
2555 3933 2742 4003 (istos)
2780 3934 2887 3988 sibi
2925 3936 3207 3990 retineret.
3246 3938 3380 3991 Cum
3419 3946 3603 3992 autem
3632 3938 3740 3992 Ila-

2169 4022 2276 4076 lrarr
2327 4030 2381 4075 et
2425 4038 2547 4090 qua:
2597 4038 2720 4076 cum
2772 4022 2893 4092 ipso
2931 4033 3120 4078 essent
3164 4026 3358 4095 copim,
3406 4026 3733 4083 Damascrrru

2170 4115 2585 4183 pervenissent.
2627 4114 2764 4169 disit
2799 4114 2935 4185 ipsis
2982 4114 3246 4170 Mansnr:
3292 4117 3445 4171 llarul
3480 4134 3622 4189 opus
3656 4130 3735 4171 est

2170 4205 2487 4272 imperatori
2522 4205 2723 4274 ingenti
2751 4205 2851 4257 hoc
2881 4209 3123 4258 exerthu
3154 4221 3170 4271 ;
3205 4207 3409 4259 Arabes
3436 4207 3584 4260 enim
3611 4223 3734 4276 gens

2170 4307 2303 4350 sunt
2338 4297 2631 4359 bellicosa,
2675 4304 2730 4349 et
2768 4296 2812 4348 si
2857 4296 2952 4363 qui
3001 4308 3193 4350 contra
3246 4296 3393 4365 ipsos
3436 4299 3733 4367 prodierint

2171 4402 2351 4458 pugna
2377 4388 2529 4457 ipsns
2556 4387 2895 4450 lacessitum,
2918 4387 3254 4443 exercitibus
3279 4402 3471 4443 eorum
3503 4399 3730 4455 stragem

1914 4454 2066 4551 "ob?
2100 4464 2143 4520 υ
2172 4478 2377 4531 illaturi
2408 4484 2570 4541 sunt;
2603 4475 2734 4531 huic
2762 4485 2945 4530 autem
2974 4479 3240 4532 exercitui
3274 4480 3462 4534 multis
3489 4496 3629 4551 opus
3658 4491 3732 4531 est

2168 4567 2448 4637 pecuniis;
2478 4583 2542 4621 ac
2572 4566 2818 4622 Damasci
2846 4584 2951 4622 non
2979 4579 3101 4624 sunt
3128 4585 3268 4640 qrras
3298 4572 3433 4641 ipsis
3457 4588 3731 4642 crtrgcttrrts

2172 4657 2338 4726 (qrrod
2377 4657 2444 4710 ad
2481 4657 2632 4726 ipsos
2669 4655 3024 4723 diﬂerendos,
3060 4674 3144 4721 ac,
3182 4658 3308 4711 dolo
3344 4661 3486 4714 malo
3522 4663 3593 4714 ab
3628 4662 3731 4729 ipsa

2172 4744 2377 4798 factum
2406 4754 2690 4799 autunrant
2719 4746 2991 4808 rronnnlli,
3017 4762 3127 4816 quo
3156 4747 3425 4812 homines,
3457 4750 3731 4805 audientes.

2174 4851 2281 4889 non
2320 4850 2443 4891 esse
2476 4837 2723 4889 Damasci
2756 4853 2895 4905 quas
2926 4838 3059 4906 ipsis
3092 4840 3424 4910 elargiretur
3454 4850 3728 4910 pecunias.

2171 4927 2592 4995 dissiparentur,
2618 4941 2682 4980 ac
2710 4926 3006 4983 Damascus
3032 4928 3364 4987 Music-minis
3386 4934 3729 4993 traderetur.)

2170 5014 2273 5067 (tui
2302 5013 2520 5078 Maban,
2546 5012 2724 5069 Trade
2772 5017 2932 5071 nobis
2959 5019 3184 5091 (inquit)
3206 5020 3326 5089 quae
3346 5038 3515 5091 penes
3540 5035 3591 5078 te
3615 5035 3733 5078 sunt

2173 5110 2475 5173 pecunias.
2531 5123 2631 5161 nos
2675 5118 2853 5162 autem
2896 5110 2964 5164 ad
3012 5112 3391 5180 imperatorem
3441 5119 3736 5174 scribente!

2175 5202 2465 5250 certiorem
2509 5215 2630 5251 eum
2677 5199 2939 5255 facicnrus
2979 5217 3087 5257 non
3133 5220 3255 5259 esse
3296 5205 3548 5264 Damasci
3589 5226 3731 5265 utrm-

2178 5302 2328 5348 mos,
2362 5294 2420 5338 ut
2451 5287 2495 5339 si
2531 5287 2631 5353 ipsi
2665 5287 3035 5363 2133275
3072 5294 3205 5349 viris
3235 5312 3377 5365 opus
3418 5297 3608 5366 luerit,
3644 5305 3735 5356 alf-

2176 5394 2340 5447 quarn
2402 5379 2663 5447 pecunias
2726 5382 3046 5449 acquirendi
3111 5387 3379 5442 ratiOncm
3448 5394 3734 5465 excogitet,

2175 5485 2379 5539 easque
2426 5471 2493 5524 ad
2539 5470 2664 5525 illos
2702 5488 3039 5544 qrrocunque
3075 5480 3295 5534 tandem
3340 5486 3503 5539 modo
3544 5490 3732 5540 mittar.

2176 5563 2311 5615 Cum
2347 5573 2527 5616 autem
2570 5563 2871 5620 audivisset
2913 5567 3150 5637 Maban,
3196 5573 3407 5629 Arabes
3456 5546 3733 5633 :l'iberiade

2178 5669 2431 5723 egressos
2464 5653 2789 5709 Damascum
2835 5661 3094 5727 tendere,
3129 5664 3373 5721 colleCtis
3413 5670 3590 5738 copiis
3628 5686 3735 5724 suis

2178 5748 2447 5800 Damasco
2483 5743 2765 5817 proiectus
2811 5752 2956 5807 bidui
3016 5756 3117 5809 iter
3162 5769 3420 5814 emensus
3459 5770 3581 5822 est.
3618 5761 3733 5818 dein
