3980 6152
367 286 509 355 1097

1800 296 2167 364 ANNAIES.

3482 325 3617 392 1098

358 409 781 457 castrametatus
830 413 913 457 est
967 405 1033 459 ad
1094 404 1288 461 vadum
1338 406 1612 477 quoddam
1672 421 1930 477 magnum
1966 410 2011 470 Α
2042 410 2256 469 ritatem
2298 420 2621 487 prmatilisse
2653 426 2799 497 quod
2835 429 2902 483 ad
2948 431 3085 488 vitas
3113 444 3347 504 vestras,
3392 440 3615 499 donms.

358 491 560 548 Wadil'
593 492 802 549 Ramad
846 494 1091 562 dictum,
1135 496 1253 553 loco
1300 499 1386 552 eui
1418 512 1620 553 nomen
1656 497 1937 569 Aljaulan:

356 599 424 640 ac
457 585 621 656 vulgo
652 584 936 655 Yakusah,
997 588 1209 660 fuitque
1267 590 1466 646 vadum
1503 594 1645 647 inter
1676 592 1855 663 ipsum
1884 598 1938 646 et

356 676 567 734 Arabes
600 678 776 734 instar
809 679 990 736 fossae.
1029 680 1107 737 lbi
1142 682 1311 754 igitur
1339 682 1536 739 diebus
1565 683 1773 755 aliquot
1802 684 1935 740 sub-

356 769 638 836 stiterunt,
662 769 939 826 Arabibus
963 770 1095 839 ipsis
1123 786 1188 827 ex
1218 771 1448 829 adverso
1480 775 1695 845 positis.
1723 775 1793 829 At
1819 762 1943 845 pos‘

357 855 479 912 dies
510 857 721 927 aliquot
751 856 1047 916 Mansurus
1088 860 1414 929 praalectus,
1448 860 1719 919 Damasco
1754 877 1941 936 εει-ωε

356 963 483 1014 sus,
512 948 728 1006 Maliaci
754 954 1058 1008 exercitum
1089 954 1267 1024 petiit,
1306 957 1565 1027 pecunias
1594 971 1780 1013 secum
1808 955 1941 1012 alle-

357 1057 489 1099 reus
516 1056 656 1115 quas
696 1045 767 1099 ibi
811 1045 1143 1117 collegerat,
1189 1056 1244 1100 ut
1268 1048 1534 1104 militibus
1570 1048 1789 1105 easdem
1818 1047 1938 1105 dis-

356 1134 643 1191 tribueret.
723 1132 897 1191 Noctu
949 1145 1132 1193 autem
1202 1137 1270 1193 ad
1311 1140 1611 1195 exercitum
1668 1142 1936 1211 pervenit,

359 1227 552 1283 multis
582 1228 761 1298 ipsum
791 1244 821 1282 e
862 1226 1115 1284 Damasci
1164 1229 1358 1288 incolis
1396 1232 1792 1292 comitantibus
1838 1235 1933 1306 qui

360 1320 616 1375 lucernas
647 1329 950 1389 gestarent,
1004 1336 1242 1392 cumque
1290 1322 1358 1377 ad
1387 1325 1685 1379 exercitum
1713 1328 1939 1398 propius

358 1411 754 1475 accessissent,
786 1422 1039 1484 tympana
1074 1414 1393 1485 pulsarent,
1424 1423 1482 1469 et
1513 1416 1761 1473 buccinis
1789 1417 1938 1474 elan-

356 1514 568 1571 gerent,
616 1518 679 1557 ac
706 1506 1002 1560 clamorem
1045 1504 1290 1561 ederent.
1332 1505 1488 1571 Quod
1532 1506 1693 1562 etiam
1723 1522 1752 1562 a
1785 1507 1937 1563 llata-

356 1611 493 1652 suro
518 1597 657 1651 mala
681 1598 874 1654 fraude
898 1597 1126 1654 factum.
1162 1598 1395 1654 Romani
1426 1610 1609 1655 autem
1636 1599 1771 1658 visis
1795 1616 1937 1672 pone

356 1701 421 1743 se
469 1688 734 1751 lucernis,
801 1688 1098 1760 auditoque
1154 1697 1537 1761 tympanorum
1579 1700 1633 1746 et
1678 1692 1932 1747 tubarum

356 1780 611 1849 strepitu,
637 1780 901 1852 suspicati
926 1758 1137 1838 Arabes
1161 1758 1190 1835 a
1214 1758 1367 1852 tergo
1396 1780 1547 1853 ipsos
1567 1797 1928 1856 aggressuros
1962 1758 2005 1816 Β

355 1885 425 1925 ac
472 1872 949 1939 clrcumdaturos,
999 1870 1055 1926 in
1109 1870 1291 1941 fugam
1338 1877 1587 1930 conversi
1633 1888 1827 1932 omnes
1870 1877 1927 1932 in

352 1970 655 2019 torrentem
687 1964 878 2027 istum,
904 1962 1114 2020 scilicet
1136 1960 1315 2019 Wadil
1340 1961 1570 2029 Bemad,
1593 1966 1684 2038 qui
1712 1976 1927 2025 torrens

352 2062 441 2111 est
489 2054 647 2110 valde
683 2069 947 2126 magnus,
987 2054 1327 2122 incidentes,
1362 2055 1686 2126 perierunt;
1736 2060 1925 2129 paucis

352 2144 647 2199 admodum
696 2160 762 2201 es
804 2146 940 2216 ipsis
979 2146 1357 2213 evadentibus,
1403 2162 1635 2217 quorum
1668 2150 1837 2221 aliqui
1869 2152 1922 2206 in

354 2236 473 2290 loca
513 2236 724 2291 diversa
758 2234 883 2307 fuga
914 2252 974 2293 se
1006 2236 1432 2313 proripuerunt;
1468 2238 1559 2293 alii
1599 2237 1922 2298 Damascum

350 2326 560 2382 reversi
604 2337 730 2383 sum
756 2345 772 2391 ;
801 2327 893 2382 alii
926 2326 1323 2401 Hierosolyma,
1350 2332 1442 2386 alii
1479 2330 1780 2387 Caesaream
1815 2330 1921 2387 Pa-

353 2420 578 2474 lestina:
602 2418 767 2490 276
795 2418 1072 2491 fugerunt.
1101 2421 1202 2487 Qui
1224 2430 1403 2477 autem
1431 2421 1751 2479 Damascum
1774 2426 1920 2481 abie-

352 2521 483 2568 runt
512 2527 542 2583 e
590 2511 875 2576 Ruinanis,
917 2514 1171 2569 timentes
1212 2529 1280 2570 ne
1319 2527 1350 2568 a
1390 2512 1730 2572 Moslcminis
1768 2516 1918 2573 obsi-

350 2593 515 2660 dion'e
580 2607 955 2676 cingerentur,
1021 2606 1163 2661 cibis
1224 2615 1387 2677 atque
1436 2610 1716 2678 opsoniis,
1766 2616 1822 2663 et
1865 2608 1916 2664 id

350 2712 524 2767 genus
564 2699 686 2752 aliis
725 2710 1066 2769 quaecunque
1105 2706 1401 2768 potuerunt
1458 2698 1604 2755 intro
1657 2703 1913 2773 receptis,

348 2792 416 2844 ad
454 2797 641 2859 portas
688 2790 933 2845 ballistas
959 2797 1015 2845 et
1044 2789 1328 2845 machinas
1357 2799 1689 2861 statuerunt,
1716 2793 1916 2864 quibus

349 2883 556 2937 milites
591 2882 954 2951 praefecerunt
982 2898 998 2944 ;
1024 2881 1152 2937 dein
1187 2885 1251 2936 ad
1284 2883 1590 2939 ileraelium
1624 2887 1917 2956 imperato-

348 2989 464 3027 rem
500 2974 800 3028 Serihentes
835 2988 993 3043 Opem
1031 2974 1101 3028 ab
1137 2973 1257 3043 ipso
1292 2976 1587 3045 petierunt,
1628 2978 1915 3050 ipsumque

346 3069 637 3120 certiorem
668 3066 916 3120 iecerunt
948 3067 1077 3135 quid
1112 3065 1243 3135 ipsis
1278 3067 1478 3123 leeerat
1508 3070 1816 3138 Mansurus,
1847 3089 1911 3128 ac

347 3158 546 3226 quibus
587 3171 715 3227 erga
765 3158 913 3226 ipsos
962 3157 1179 3211 insidiis
1220 3174 1352 3213 usus
1407 3161 1643 3215 virorum
1680 3174 1910 3235 stragem

345 3248 632 3303 edidisset.
675 3246 870 3301 Maban
907 3263 1036 3303 vero
1083 3248 1148 3302 ad
1187 3245 1494 3307 lleracliun;
1531 3253 1911 3322 imperatorem

347 3341 531 3395 redire
564 3343 770 3396 veritus
793 3381 807 3406 ,
854 3358 923 3397 ne
956 3342 1024 3395 ab
1071 3343 1190 3414 ipso
1227 3346 1662 3409 it'iterllceretur,
1699 3348 1822 3418 luga
1853 3365 1913 3404 se

346 3431 400 3483 in
437 3438 673 3485 montem
704 3430 838 3486 Sina
873 3432 1167 3500 recipiens.
1204 3436 1371 3487 vitam
1406 3437 1760 3490 monasticam
1795 3454 1912 3490 am-

348 3520 539 3589 plexus
588 3530 699 3585 est,
746 3521 922 3574 ascito
955 3521 1055 3574 sibi
1090 3522 1311 3575 nomine
1350 3524 1667 3581 Anastasio.
1709 3524 1913 3595 Estque

348 3612 462 3681 ipse
508 3621 705 3666 auctor
755 3611 1025 3667 sermonis
1074 3627 1182 3682 quo
1231 3612 1505 3668 Psalmnm
1558 3630 1589 3670 c
1640 3612 1911 3671 Davidicis

348 3713 563 3757 sextum
622 3704 1009 3773 interpretatus
1058 3715 1160 3759 est.
1213 3703 1314 3761 Ubi
1365 3715 1544 3761 autem
1589 3706 1909 3761 Damascum

348 3795 727 3862 pervenissent
764 3794 1093 3859 Moslcmini,
1128 3808 1307 3852 castra
1350 3798 1531 3868 posuit
1560 3796 1763 3851 Chaled
1802 3797 1910 3852 Eb-

344 3886 453 3941 ..ην
509 3883 717 3949 Walid,
756 3886 821 3941 ad
869 3898 1076 3957 portam
1126 3885 1493 3951 Orictttaletn,
1541 3887 1658 3942 Abu
1705 3884 1911 3944 Obaida

341 3978 513 4032 Elanol
539 3977 747 4043 Jarnlti,
780 3983 846 4031 ad
881 3994 1087 4049 porzam
1121 3978 1325 4044 labiae;
1352 3981 1550 4034 Amrus
1587 3980 1755 4034 Ebnol
1788 3980 1906 4041 Asi.

2047 519 2185 600 que,
2204 521 2270 565 ac
2292 525 2445 581 opes,
2475 524 2530 570 et
2558 517 2820 577 ecclesias
2851 533 3081 594 vestras,
3109 540 3176 583 ne
3195 528 3505 600 diruantur,
3528 540 3614 593 vel

2047 597 2439 673 inhabitentur,
2472 608 2565 663 sed
2592 612 2819 681 paciﬂce
2842 615 2996 672 vobis
3016 621 3409 677 concedantur.
3433 597 3609 692 Quam

2046 704 2171 747 cum
2227 692 2485 755 Mansuro
2542 702 2784 761 chartam
2836 708 3149 767 tradidisset
3199 713 3318 784 ipse
3368 716 3611 774 Chalch

2043 794 2261 877 portam
2310 788 2633 850 orientalem
2683 798 3012 869 adaperuit,
3083 802 3178 873 qui
3232 814 3365 877 ergo
3414 809 3607 867 urbem

2044 872 2331 962 ingressus
2361 883 2541 941 socios
2570 901 2704 945 suos
2750 872 3111 965 inclamans,
3130 872 3356 956 Gladios
3385 902 3615 972 (inquit)

2045 975 2258 1029 vestros
2307 972 2607 1034 recondito.
2689 977 2926 1051 lngressi
2977 993 3161 1040 autem
3213 986 3436 1046 Cbaiedi
3490 989 3607 1047 ειη.

2044 1056 2255 1118 Waledi
2295 1063 2497 1123 milites
2538 1069 2746 1139 urbem,
2790 1072 2959 1131 Deum
2979 1069 3263 1150 :0ptimum
3307 1084 3605 1139 maximum

2040 1153 2200 1227 [voce
2227 1159 2361 1233 alta]
2390 1162 2757 1225 celebrarunt.
2786 1169 2984 1230 Milites
3016 1175 3183 1247 igitur
3216 1176 3389 1234 Graeci
3416 1182 3507 1251 qui
3534 1182 3607 1237 ad

2039 1256 2227 1319 portas
2257 1257 2541 1313 constituti
2574 1257 2812 1328 fuerant,
2843 1279 2991 1333 cum,
3024 1268 3209 1323 audita
3235 1269 3608 1328 celebratione

2038 1342 2180 1407 ista.
2221 1358 2447 1405 nossent
2497 1349 2811 1411 Mansurum
2855 1366 3041 1426 aperta
3092 1370 3249 1430 porta
3293 1363 3502 1421 Arabes
3548 1364 3605 1420 in

2040 1435 2228 1494 urbem
2276 1440 2666 1513 intromislsse,
2710 1446 2946 1506 desertis
2986 1454 3162 1522 portis
3201 1453 3477 1526 ingerunt.
3514 1456 3607 1512 ln-

2036 1541 2259 1599 gressus
2290 1544 2373 1589 est
2406 1548 2539 1607 ergo
2568 1538 2685 1594 Abu
2718 1538 2962 1598 Obaidah
2990 1541 3166 1600 Ebnol
3198 1544 3380 1602 larahi
3410 1547 3602 1607 urbem

2035 1621 2219 1690 gladio
2260 1625 2454 1684 stricto
2497 1628 2565 1685 ad
2618 1643 2832 1702 portam
2879 1634 3079 1704 labis;
3136 1638 3281 1695 lazid
3331 1641 3447 1697 Ebn
3495 1642 3601 1698 Abi

2036 1712 2261 1785 Solyan,
2299 1719 2485 1788 gladio
2519 1724 2684 1781 etiam
2727 1728 2940 1797 stricto,
2983 1741 3140 1800 porta
3189 1749 3392 1805 parva;
3435 1734 3602 1793 (Mar

2033 1805 2211 1865 Ehuol
2251 1811 2377 1879 Asi,
2414 1813 2597 1886 gladio
2627 1819 2854 1884 stricto,
2898 1831 3055 1893 porta
3096 1823 3361 1884 Thema:
3403 1829 3494 1885 ub.
3533 1872 3553 1879 -

2035 1908 2249 1975 tempus
2314 1906 2430 1963 acri
2474 1923 2649 1982 pugna
2695 1911 3013 1980 dimicavit,
3059 1931 3201 1973 caesa
3248 1934 3314 1974 cs
3366 1930 3601 1991 utroque

2031 1996 2274 2053 exercitu
2303 1997 2372 2054 ad
2405 2009 2616 2071 portam
2650 2003 2871 2061 Thema:
2898 2023 3090 2080 magna
3122 2012 3402 2068 hominum
3431 2014 3601 2087 αεο

2032 2087 2406 2157 multitudine,
2442 2106 2546 2148 nec
2573 2093 2856 2152 desierunt
2896 2096 3335 2162 Mobammcdani
3361 2108 3595 2177 caedere,

2030 2188 2087 2235 et
2133 2183 2376 2251 captivos
2441 2184 2640 2241 facere.
2708 2186 3083 2247 Occurrerunt
3147 2205 3328 2252 autem
3389 2198 3609 2257 Chaled.

2032 2272 2225 2331 Ebnol’
2264 2273 2467 2344 Walid,
2502 2277 2622 2334 Abit
2656 2280 2898 2338 Obaidah
2919 2322 2935 2349 ,
2980 2284 3149 2342 Ebnoi
3178 2286 3392 2359 Jarahi,
3432 2290 3597 2352 Yazid

2031 2367 2142 2424 Ebn
2174 2369 2276 2425 Abi
2314 2368 2539 2444 Sofyan,
2569 2381 2621 2428 et
2650 2372 2850 2432 Atnrus
2882 2369 3072 2435 Ebnol'
3103 2382 3218 2446 Δεῖ.
3253 2382 3401 2456 [loco
3422 2385 3593 2463 dicto]

2027 2461 2092 2518 Al
2137 2460 2417 2535 Ziyanain.
2475 2463 2709 2535 Fuitque
2760 2468 2814 2523 in
2871 2485 3034 2525 manu
3089 2472 3328 2532 Mansuri
3377 2460 3593 2536 libellus

2025 2569 2324 2626 expansos.
2357 2553 2609 2614 Narravit
2638 2574 2769 2630 ergo
2802 2562 2911 2618 illis
2944 2562 3147 2621 Chaled
3186 2567 3357 2626 Ebnol
3383 2567 3589 2639 Walid,

2036 2661 2198 2715 quam
2242 2645 2643 2722 {Damascenis}
2677 2654 3027 2711 securitatem
3070 2663 3458 2719 concessisset.
3502 2664 3591 2721 Di-

2016 2750 2291 2812 .centeque
2326 2740 2534 2798 Yazido
2561 2744 2675 2801 Ebn
2713 2747 2813 2802 Abi
2845 2748 3049 2820 Sofyan
3083 2770 3097 2807 :
3130 2752 3246 2810 lloc
3276 2760 3589 2816 securitatis

2023 2832 2291 2906 [paetum]
2329 2842 2506 2889 ratum
2552 2852 2659 2892 non
2706 2838 3002 2908 habemus;
3037 2847 3435 2913 responderunt
3465 2850 3587 2907 Abu

2022 2926 2266 2983 Obaidah
2313 2940 2369 2985 et
2411 2932 2575 2985 Omar
2617 2931 2804 2989 Ebnol‘
2842 2936 2982 2990 Asi:
3024 2936 3136 2994 Nos
3180 2941 3359 3008 ipsum
3409 2954 3588 3001 ratum

2028 3018 2329 3083 habemus,
2381 3022 2673 3077 comitibus
2718 3024 2837 3081 suis
2886 3029 3258 3086 exclamantes
3298 3051 3312 3087 :
3366 3034 3590 3091 Gladios

1941 3110 1982 3170 c
2020 3107 2335 3177 recondito;
2368 3109 2621 3168 Yazadus
2653 3128 2783 3171 vero
2819 3118 2982 3174 sociis
3014 3120 3132 3176 suis
3159 3138 3174 3175 :
3211 3122 3286 3177 Ne
3318 3128 3588 3181 reconda-

2018 3200 2111 3256 tis.
2154 3203 2296 3256 Dixit
2328 3202 2535 3261 Amrus
2565 3205 2735 3262 Elmol
2782 3208 2876 3264 Δεῖ
2908 3226 2923 3265 :
2965 3211 3385 3272 Consentiamus
3425 3219 3588 3274 dedi-

2018 3293 2166 3349 tione
2216 3306 2430 3367 captam
2483 3313 2607 3354 esse
2670 3300 2893 3368 urbem;
2947 3305 3092 3373 quod
3145 3321 3268 3361 cum
3325 3310 3584 3364 omnibus

2018 3386 2289 3454 placeret,
2350 3391 2491 3445 dixit
2548 3392 2658 3449 illis
2714 3391 2979 3451 Mansur:
3039 3395 3154 3454 lloc
3212 3401 3345 3455 mihi
3397 3404 3581 3459 statim

2018 3486 2275 3537 testatum
2325 3481 2533 3539 facite:
2577 3484 2871 3556 libelloque
2917 3502 3049 3556 ergo
3090 3491 3410 3563 inscriptum
3454 3504 3579 3552 est:

2014 3574 2221 3631 Testati
2269 3584 2431 3639 sunt,
2480 3578 2599 3632 Abu
2638 3576 2882 3634 Obaidah
2928 3579 3097 3636 Ebnol
3150 3585 3356 3650 larahi,
3414 3587 3581 3643 Yazid

2018 3669 2130 3723 Ebn
2164 3669 2264 3724 Abi
2290 3667 2520 3742 Sofyan,
2550 3671 2752 3727 Amrus
2780 3670 2955 3728 Ebnol
2979 3676 3095 3739 Asi,
3124 3685 3179 3731 et
3203 3675 3437 3746 Sariabil
3463 3681 3579 3736 Elm

2015 3759 2297 3831 llajanaaz
2355 3764 2676 3833 accepitque
2741 3762 2963 3821 Mansur
3024 3768 3287 3826 libellum.
3348 3770 3576 3828 Militum

2014 3863 2190 3908 autem
2219 3850 2526 3910 Grmcorum
2550 3866 2820 3929 quotquot
2839 3870 3152 3925 evaserunt,
3176 3864 3240 3915 ad
3266 3862 3574 3922 llcraclium

2014 3948 2426 4015 imperatorem,
2475 3951 2821 4008 Antiochiam
2868 3965 3239 4013 accesserunt.
3288 3957 3573 4017 Heraclius

343 4074 408 4121 ad
461 4083 669 4138 portatu
712 4041 964 4135 Thom-us;
1008 4070 1174 4127 Ydlid
1226 4041 1339 4127 Ebn
1392 4073 1493 4127 Abi
1541 4071 1784 4145 Sofyau,
1841 4074 1907 4127 ad
2011 4049 2205 4145 animi
2235 4041 2530 4145 “Win”?
2571 4042 2757 4145 ξων-ο
3055 4061 3176 4145 ei“
3203 4050 3571 4145 θθωθδέυφε

342 4174 557 4234 portam
591 4178 833 4233 parvam,
878 4178 1054 4233 usque
1104 4164 1169 4218 ad
1214 4174 1432 4233 portam
1473 4163 1660 4220 Cisau.
1706 4163 1908 4220 Urbem

340 4269 474 4322 ergo
502 4252 786 4308 obsidione
822 4253 1114 4308 cinxerunt
1144 4267 1241 4308 sex
1276 4254 1577 4320 mensibus,
1616 4257 1777 4310 unico
1808 4270 1906 4310 cx-

340 4353 500 4417 ccpto
540 4346 664 4411 die,
710 4345 1105 4417 prodeuntibus
1137 4346 1379 4415 quotidie
1417 4344 1623 4403 Graecis
1649 4362 1680 4402 c
1712 4343 1904 4417 portis,

342 4451 635 4506 pugnaque
676 4450 774 4492 eos
820 4437 1236 4492 lacessentibus.
1288 4436 1403 4504 Qua
1444 4438 1511 4493 de
1558 4454 1615 4493 re
1653 4453 1778 4493 cum
1810 4453 1906 4509 per
1936 4451 1985 4509 ι)

341 4529 552 4584 litteras
595 4526 857 4584 Omarum
905 4527 1079 4583 Ebnol
1120 4526 1352 4586 Cbetabi
1406 4531 1693 4585 certiorem
1744 4528 1909 4587 iecis—

340 4628 492 4685 sent,
526 4620 615 4676 ille
659 4620 943 4690 rescriptis
974 4619 1170 4675 litteris
1203 4619 1492 4675 Chaledum
1529 4619 1698 4676 Ebnal
1727 4621 1907 4677 Walid

342 4713 577 4782 imperio
608 4710 905 4778 abdicavit,
952 4712 1121 4769 rebus
1170 4712 1291 4767 Abu
1337 4712 1600 4770 Obaidam
1632 4713 1750 4769 Eun
1782 4712 1907 4772 Jar-

342 4805 460 4858 rahi
494 4803 825 4873 prteilciens.

410 4897 548 4950 Cum
612 4911 743 4951 vero
805 4895 1089 4954 obsidione
1146 4908 1494 4954 aretareutur
1558 4899 1903 4964 Damasceni,

340 4990 617 5059 proiectus
660 4988 881 5044 Mansur
925 4987 1173 5045 Damasci
1202 4991 1576 5062 277-279
1617 4992 1902 5062 prtefeetns

340 5081 404 5135 ad
438 5090 648 5149 portam
686 5078 1028 5146 orientalem,
1057 5080 1353 5137 Chaledum
1385 5082 1500 5137 Ebn
1533 5081 1707 5137 Walid
1737 5099 1900 5155 roga-

2012 4126 2144 4185 Vale
2170 4129 2442 4202 (inquit)o
2476 4130 2654 4202 Syria,
2679 4133 2730 4189 id
2763 4143 2864 4202 est,
2906 4132 3057 4200 Vale,
3092 4136 3354 4195 Damasce
3383 4141 3572 4212 Syriae,

2010 4219 2537 4292 Constantinopolim
2578 4238 2747 4293 usque
2781 4223 3056 4294 profectus
3095 4238 3199 4290 est,
3234 4231 3397 4301 idque
3428 4247 3575 4289 anno

2011 4313 2303 4369 chalit‘atus
2332 4312 2517 4369 Omari
2552 4312 2706 4371 Ebnil
2757 4316 2984 4374 Cbctabi
3020 4322 3216 4389 tertio;
3256 4321 3572 4381 Mansurqu

2010 4416 2191 4462 autem
2236 4405 2489 4463 Damasci
2529 4406 2844 4472 prafectum
2882 4410 2956 4466 ob
3000 4412 3139 4468 mala
3186 4414 3360 4483 ipsius
3405 4418 3573 4488 facta,

2011 4501 2270 4573 quodque
2303 4502 2507 4559 Graecis
2542 4502 2597 4558 in
2631 4517 2801 4559 causa
2834 4502 2934 4559 fuit
2977 4511 3038 4559 ut
3079 4507 3481 4577 occiderentur,
3524 4525 3580 4569 et

2010 4594 2364 4667 εει-283
2425 4592 2896 4650 Mobsmmedanis
2954 4604 3144 4651 contra
3212 4599 3361 4669 ipsos
3414 4617 3571 4672 opem

2010 4692 2248 4754 tulisset,
2268 4688 2616 4744 anathemate
2638 4691 3026 4757 percusserunt
3044 4704 3235 4747 omnes
3251 4693 3574 4761 patriarchae

1988 4794 2062 4841 -ct
2100 4783 2342 4855 episcopi
2383 4795 2481 4852 per
2526 4780 2845 4837 universum
2884 4791 3153 4837 terrarum
3196 4784 3405 4839 orbem.
3441 4783 3572 4840 Post

2007 4876 2127 4932 dies
2184 4883 2363 4929 autem
2416 4880 2622 4944 septem
2682 4874 2930 4943 pervenit
2977 4873 3043 4928 ad
3094 4871 3353 4929 Omarum
3409 4876 3569 4932 Ebnil

2008 4965 2238 5023 Chetabi
2271 4964 2530 5031 nuntius,
2572 4965 2862 5021 certiorem
2905 4965 3082 5033 ipsum
3118 4962 3322 5022 iaciens
3354 4977 3568 5036 captam

2005 5075 2129 5115 esse
2158 5058 2508 5114 Damascum.
2532 5054 2763 5127 Scripsit
2788 5071 2918 5128 ergo
2950 5056 3116 5112 Omar
3142 5055 3316 5112 Ebnol
3343 5058 3570 5117 Chetabi

338 5173 439 5236 vit,
480 5178 539 5224 ut
562 5168 665 5224 sibi
709 5169 953 5239 suisque,
1001 5177 1057 5225 et
1097 5170 1189 5239 qui
1232 5186 1353 5226 cum
1411 5174 1528 5243 ipso
1552 5182 1759 5238 essent,
1803 5150 1905 5232 nec
2007 5154 2073 5210 ad
2104 5154 2329 5208 Amm”
2370 5150 2542 5206 Eb”!
2570 5151 2682 5213 Αδίο
2716 5159 2775 5243 Ψ
2808 5153 3108 5243 ωεξθίωῗη
3138 5166 3298 5243 ⁸¹¹Ῐ¹¹¹¹
3325 5152 3568 5209 Ρ²¹²⁸⁸ιί’

340 5279 448 5320 non
487 5262 733 5318 Damasci
779 5262 994 5325 incolis,
1031 5264 1271 5332 exceptis
1311 5263 1594 5332 Romanis,
1630 5267 1902 5321 securita-

340 5364 447 5409 tem
473 5354 827 5413 cuncederet,
856 5354 946 5423 qui
984 5354 1087 5429 ipsi
1140 5354 1383 5421 Damasci
1411 5368 1595 5426 portas
1642 5359 1898 5427 aperiret.

2008 5261 2132 5303 nam
2182 5244 2510 5309 abduceret;
2540 5242 2871 5313 scripsitque
2912 5239 3169 5298 Yazidum
3195 5242 3309 5299 Ehn
3336 5245 3438 5301 Abi
3462 5246 3565 5302 So-

2008 5339 2132 5410 lyan
2174 5335 2438 5391 Damasco
2463 5333 2698 5403 pratici;
2738 5333 3060 5403 Serjabilum
3104 5335 3274 5391 lilium
3309 5338 3561 5403 Hasanw,

335 5448 438 5501 Cui
490 5446 544 5499 in
595 5460 659 5499 eo
680 5444 824 5516 quod
865 5424 1036 5515 penu
1089 5460 1341 5503 annuens
1391 5424 1640 5514 Cuncti,
1678 5424 1900 5504 litteras
2005 5431 2295 5490 Oroddano
2338 5428 2569 5502 [resioni
2605 5424 2922 5500 Jordanisl;
2958 5428 3081 5484 Abt!
3145 5425 3368 5488 Obsides
3391 5430 3560 5489 Ebnol

338 5536 657 5594 securitatis
692 5536 792 5606 ipsi
828 5537 1167 5606 perscripsit,
1201 5552 1435 5606 quarum
1470 5539 1570 5593 hoc
1604 5548 1688 5594 est
1718 5554 1900 5593 exem-

340 5630 455 5698 plar
481 5646 492 5681 :
520 5626 755 5681 Libellus
782 5627 882 5680 iste
906 5625 1113 5698 [datus]
1135 5637 1218 5683 est
1243 5641 1271 5679 a
1297 5625 1535 5682 Chaledo
1560 5629 1670 5683 Ebn
1694 5628 1896 5692 Walid,

341 5721 495 5777 urbis
524 5719 771 5772 Damasci
805 5717 1033 5783 incolis;
1072 5717 1290 5790 [Notum
1326 5720 1417 5793 sit]
1450 5735 1535 5777 me
1567 5721 1717 5779 vobis
1748 5737 1900 5779 secu-

535 5809 827 5872 ‘Parnoe.
870 5806 987 5868 Gs.
1023 5808 1174 5870 CXI.

2006 5525 2205 5587 larahi.
2240 5522 2461 5580 Hamae.

2077 5617 2358 5675 Proiectus
2378 5623 2461 5671 est
2482 5628 2613 5685 ergo
2627 5614 2826 5669 Amrus
2849 5613 3016 5671 Ebnol
3041 5614 3157 5680 Asi,
3183 5614 3519 5674 Palaestinam
3543 5632 3559 5683 ;

2005 5710 2255 5785 Sarjsbil.
2307 5706 2658 5765 Oroddantttn
2690 5723 2704 5774 ;
2734 5704 2857 5763 Abu
2890 5703 3115 5763 Obaidae
3156 5705 3325 5763 Ebuol
3361 5707 3559 5772 I‘dl'ahi,

3127 5796 3201 5860 33
