3976 6168
554 312 695 378 1099

1526 304 1896 367 EUTYCHiI
1934 302 2470 365 ALEXANDRINI
2527 308 2744 367 PATR.

3681 307 3815 366 HO!)

548 430 873 482 Haalliccum
933 424 1108 494 [cujus
1165 421 1379 493 incoho]
1419 424 1515 490 ipsi
1547 422 1834 475 dixerunt:
1872 418 1979 473 Nos
2005 435 2123 473 eas-
2155 421 2199 475 Λ
2230 428 2335 469 tam
2395 422 2561 482 cmli;
2618 422 2870 475 Israelita:
2928 430 3103 474 autem
3155 420 3411 474 sallt'llllll
3470 436 3804 474 sauciorum.

554 518 678 571 dem
709 515 1073 577 conditiones,
1101 528 1234 582 quas
1266 512 1619 566 Damascenis
1651 510 1792 579 pacti
1824 510 1976 572 estis,
2012 511 2128 563 sine

550 605 982 662 eontradii-tiouc
1042 606 1457 674 amplectimur;
1530 617 1704 673 quare
1768 603 2122 659 securitatem

547 699 679 765 ipsis
707 698 911 768 scripto
941 697 1235 751 concessit.
1262 697 1399 748 'l‘uin
1437 680 1693 749 llainsuiii
1714 694 1993 766 profectus
2022 702 2124 756 est,

547 790 706 858 cujus
772 798 934 843 etiam
996 789 1186 841 incola:
1240 786 1499 843 dixerunt
1559 806 1572 842 :
1639 787 1703 841 Et
1753 802 1851 839 nos
1907 787 2126 843 easdem

549 884 749 950 quibus
774 897 895 935 cum
933 880 1279 935 Damascenis
1317 894 1505 951 pacem
1532 880 1756 943 fecistis,
1785 879 2125 935 conditiones

554 976 942 1044 amplectimur
983 989 998 1027 :
1033 974 1233 1042 quibus
1275 973 1441 1029 etiam
1490 969 1780 1044 [libellum]
1814 971 2125 1027 securitatis

546 1070 795 1136 scribens
825 1066 1013 1122 urbem
1044 1066 1329 1137 ingressus
1366 1074 1468 1121 est.
1524 1062 1691 1121 Urbis
1733 1064 1898 1118 etiam
1933 1061 2123 1118 lialebi

546 1160 738 1214 incolis
768 1158 1012 1213 libellum
1041 1158 1357 1214 securitatis
1379 1158 1601 1227 scripsit
1625 1174 1640 1223 ;
1669 1172 1969 1227 omnesque
1997 1171 2123 1227 pas-

548 1258 650 1305 sim
708 1251 871 1306 urbes
929 1258 988 1306 ut
1053 1265 1112 1306 se
1165 1248 1447 1306 deditione
1502 1250 1775 1317 acciperet
1825 1248 2119 1316 petierunt.

547 1345 773 1409 Deinde,
811 1360 935 1400 cum
970 1345 1037 1399 ad
1072 1342 1551 1398 Moiiaiumedanos
1583 1342 1919 1412 pervenisz
1956 1340 2123 1410 [uini-

544 1437 673 1508 tiiis]
708 1439 774 1493 de
805 1436 991 1492 Oiiiari
1029 1435 1189 1491 Ehnil
1219 1434 1431 1490 Chetah
1468 1433 1729 1495 adventu,
1760 1431 1876 1487 Abii
1902 1432 2121 1485 Oliaiila'.

542 1531 733 1585 Ebuo'l
781 1529 955 1583 Iaraiii
1007 1529 1303 1582 comitibus
1350 1528 1467 1582 suis
1517 1525 1689 1597 Aiyad
1739 1523 1853 1579 Elin
1908 1524 2116 1579 Ganam

534 1623 824 1692 .prteiccit;
858 1620 1024 1675 Yazid
1057 1621 1171 1675 Ebn
1215 1619 1314 1675 Abi
1349 1618 1553 1691 Soiyau
1590 1619 1708 1674 suis
1741 1620 1967 1672 Mawian
2002 1616 2116 1672 Ebn

540 1716 641 1769 Alii
693 1715 933 1781 Solyiin:
988 1713 1183 1765 Anirus
1232 1712 1402 1767 I'Lbnol
1452 1711 1543 1767 Asi
1594 1712 1707 1767 suis
1739 1709 1910 1765 lilium
1956 1726 2113 1765 suum

538 1767 956 1860 dibilollaliumi:
1014 1805 1115 1873 ipsi
1185 1802 1351 1875 284
1397 1801 1600 1857 Oniaro
1653 1803 1814 1857 Ebtiil
1864 1803 2117 1866 Clietahi,
2151 1767 2192 1822 Β

540 1896 755 1951 obviam
780 1905 975 1951 euntes
1017 1914 1030 1949 :
1072 1904 1185 1948 tuni
1235 1911 1425 1950 omnes
1471 1891 1843 1965 Hierosolyma
1893 1894 2119 1965 profecti

534 1990 830 2045 obsidione
858 1990 1046 2043 urbem
1082 1988 1395 2042 cinxerunt.
1443 1984 1647 2042 Prodiit
1678 2002 1811 2057 ergo
1845 1987 1912 2041 ad
1949 1986 2118 2042 0iiia-

537 2098 659 2135 runi
692 2082 847 2135 Elmil
875 2080 1098 2135 Clietabi
1133 2079 1479 2149 Sophronias
1509 2080 1819 2150 patriarcha
1841 2078 2120 2137 .ilieroso-

536 2174 855 2245 lyinitanus,
887 2175 973 2227 cui
1000 2175 1351 2230 securitatem
1381 2171 1654 2229 concessit
1678 2171 1867 2237 Ornar,
1904 2174 2118 2244 ipsique

536 2266 777 2320 libellum
840 2267 1086 2336 scripsit,
1144 2264 1309 2335 cujus
1361 2264 1464 2319 hoc
1515 2266 1799 2336 exemplar
1860 2273 1946 2319 est
1993 2279 2010 2318 :
2058 2265 2116 2320 In

531 2352 757 2413 iiomine
807 2357 899 2415 Dei
944 2358 1337 2421 misericordis,
1374 2357 1736 2415 miseratoris.
1786 2358 1870 2413 Ab
1914 2356 2118 2415 Omaro

532 2450 693 2508 Ebiiil
741 2448 994 2516 Clietabi,
1047 2451 1200 2507 urbis
1242 2449 1403 2507 Elia
1443 2450 1666 2507 incolis.
1700 2451 1941 2507 Securos
1996 2450 2112 2509 fore

534 2545 686 2611 ipsos
714 2538 860 2611 quod
891 2542 959 2597 ad
997 2542 1136 2598 vitas
1170 2556 1326 2607 suas,
1358 2550 1414 2597 et
1458 2542 1680 2607 liberos,
1714 2554 1871 2611 opes,
1918 2550 1974 2597 et
2019 2555 2113 2599 ec-

530 2632 731 2689 clesias
774 2646 949 2699 suas;
997 2633 1121 2687 illas
1169 2633 1381 2688 scilicet
1433 2646 1534 2688 nec
1584 2633 1825 2688 dirutum
1875 2632 1964 2699 iri,
2014 2648 2115 2689 nec

533 2726 837 2781 habitatum
891 2745 904 2779 :
953 2734 1233 2796 testesque
1277 2726 1552 2782 adhibuit.
1604 2727 1802 2797 Aperta
1838 2740 1972 2797 ergo
2009 2727 2112 2798 ipsi

534 2827 694 2888 parts
729 2821 917 2874 urbem
955 2820 1233 2889 ingressus
1275 2818 1444 2875 Omar
1470 2834 1597 2875 cum
1641 2818 1942 2877 comitibus
1971 2823 2109 2888 suis,

532 2910 678 2965 sedit
708 2911 763 2966 in
795 2912 1059 2982 penetrali
1090 2908 1329 2983 [templi]
1360 2911 1829 2970 Resurrectionis.
1861 2912 2112 2986 Cumque

530 3002 751 3060 adesset
801 3013 1018 3075 tempus
1070 3005 1426 3075 precationis,
1472 3006 1616 3062 dixit
1651 3006 1966 3078 Sophronia
2014 3024 2111 3080 pa-

2232 505 2438 579 Estque
2494 514 2605 580 ipsa
2660 513 2709 567 iu
2768 520 2930 567 terra:
2993 512 3190 577 medio,
3252 511 3461 581 fuitque
3515 512 3811 567 sterariuin

2230 594 2527 669 lsraelitis;
2564 604 2653 672 qui
2689 616 2884 671 magna
2919 602 3088 671 ipsnm
3121 601 3173 655 iu
3206 601 3558 657 veneratione
3591 602 3813 665 habent,

2231 700 2392 761 atque
2422 694 2727 765 ubicunque
2759 694 2982 760 fuerint,
3017 695 3156 751 inter
3190 695 3457 749 orandum
3494 693 3662 749 facies
3688 709 3819 749 suas

2230 784 2295 839 ad
2332 784 2500 854 ipsam
2544 788 2880 855 conversas),
2919 786 3019 842 hac
3052 788 3366 843 conditione
3413 798 3473 843 ut
3516 787 3647 843 mihi
3688 803 3819 859 syn-

2232 878 2496 947 grapham
2529 879 2765 946 scribas,
2813 895 2878 936 ne
2915 882 3054 935 intra
3103 878 3817 952 llierosalymaexstriiatur

2231 980 2429 1037 praeter
2464 969 2594 1025 illud
2642 972 3008 1029 adoratoriiini
3059 969 3627 1045 [ilohaiiimetlicuiii].
3665 972 3816 1027 Scri-

2232 1062 2338 1129 psit
2368 1076 2497 1133 ergo
2543 1062 2712 1118 Oinar
2758 1062 2928 1119 Ebnol
2963 1062 3187 1118 Clietabi
3238 1063 3341 1118 bac
3368 1063 3437 1118 de
3482 1078 3543 1119 re
3586 1079 3815 1135 syngra-

2225 1154 2384 1223 pham
2416 1170 2574 1225 quain
2628 1156 2726 1224 ipsi
2775 1156 3019 1211 tradidit.
3091 1153 3369 1223 Siquidem
3404 1171 3531 1210 cum
3586 1154 3813 1212 Romani

2226 1245 2538 1316 religionem
2594 1247 2958 1304 Christianam
3035 1248 3264 1319 amplexi
3322 1257 3530 1313 essent,
3577 1250 3814 1305 adiﬁca-

2231 1352 2424 1410 rcique
2461 1340 2660 1397 lleleiia
2691 1343 3029 1397 Constantini
3066 1354 3258 1407 mater,
3307 1341 3697 1416 Hierosolymis
3728 1360 3813 1400 ec-

2222 1438 2458 1507 clesias;
2527 1436 2746 1491 fuerunt
2800 1436 2972 1491 Petrae
3028 1436 3181 1492 locus
3236 1436 3447 1505 ipsique
3503 1438 3805 1507 adiacentia

2222 1542 2448 1596 vastata,
2477 1530 2701 1599 ideoque
2731 1529 2899 1600 283
2930 1528 3136 1585 relicta.
3176 1528 3349 1584 Pezre
3380 1540 3563 1584 autem
3617 1531 3803 1599 pulve-

2221 1640 2335 1679 rem
2381 1623 2681 1691 injecerant
2725 1621 2861 1676 adeo
2909 1630 2967 1676 ut
3008 1637 3172 1691 super
3216 1621 3387 1691 ipsam
3420 1622 3630 1691 grande
3662 1632 3806 1677 esset

2221 1713 2646 1784 sterquiliniiini,
2693 1712 2923 1781 ideoque
2975 1712 3145 1781 ipsam
3181 1714 3447 1783 neglectui
3497 1712 3804 1768 habuerunt

2227 1807 2485 1870 lioiiiani,
2530 1819 2703 1873 neque
2746 1807 2847 1873 ipsi
2888 1820 3011 1859 euiii
3050 1820 3210 1875 quem
3260 1806 3509 1861 solebant
3556 1806 3805 1862 Israelita:

2224 1897 2482 1951 honorem
2515 1897 2853 1961 detulerunt,
2886 1911 3064 1967 neque
3094 1914 3259 1967 supra
3309 1900 3480 1967 ipsam
3520 1900 3802 1955 coclesiaiii

2219 1997 2558 2053 struxerunt,
2609 2002 2674 2042 eo
2717 1988 2863 2057 quod
2910 1988 3117 2042 dictum
3161 1990 3233 2043 sit
3280 2005 3309 2045 a
3351 1990 3579 2045 Domino
3625 2001 3806 2045 nostra

2227 2078 2447 2133 Christo
2479 2078 2532 2132 in
2564 2077 2856 2144 Evangelia
2895 2088 3118 2135 sancto:
3154 2077 3283 2134 Ecce
3316 2081 3642 2151 relinquetur
3668 2082 3804 2137 tabis

2220 2169 2407 2225 domus
2458 2184 2633 2227 vestra
2678 2173 2886 2225 deserta
2916 2172 2936 2201 ‘
2982 2188 2998 2239 ;
3041 2187 3139 2227 iicc
3168 2189 3298 2235 non,
3333 2172 3447 2227 Non
3475 2175 3803 2243 relinqueer

2217 2264 2300 2320 hic
2321 2266 2456 2331 lapis
2473 2278 2633 2334 super
2652 2265 2881 2333 tepidam
2902 2266 2994 2335 qui
3020 2282 3122 2319 non
3146 2266 3392 2320 diruatur
3414 2284 3475 2321 ac
3501 2280 3735 2321 vastetur
3758 2270 3796 2321 ’.

2218 2356 2369 2411 lianc
2404 2356 2481 2410 ob
2517 2370 2739 2412 causam
2778 2356 3117 2425 reliquerunt
3149 2356 3444 2411 Chrisxiaiii
3487 2358 3661 2425 ipsam
3708 2358 3799 2413 dc-

2218 2454 2442 2515 sertam,
2478 2446 2626 2503 nulla
2670 2461 2836 2516 super
2886 2448 3057 2517 ipsam
3092 2457 3369 2503 exstructa
3410 2448 3663 2504 ecclesia.
3705 2449 3801 2503 So-

2218 2542 2481 2613 phronias
2529 2554 2663 2612 ergo
2701 2540 3012 2609 patriarcha
3044 2539 3307 2597 Oiiiarum
3357 2542 3532 2597 Ebnol
3567 2543 3794 2597 Chetabi

2213 2650 2377 2689 manu
2428 2635 2759 2705 prehensum
2813 2635 2881 2689 ad
2926 2634 3328 2703 Sterquilinium
3359 2632 3605 2690 deduxit.
3636 2636 3797 2692 Oniar

2215 2740 2393 2785 autem
2428 2731 2593 2787 vestis
2626 2744 2739 2787 sua:
2780 2743 2875 2783 ora
2919 2728 3189 2798 prehensa
3225 2728 3399 2798 ipsam
3434 2727 3665 2797 pulvere
3699 2730 3795 2783 im-

2216 2823 2399 2895 plevit,
2431 2839 2595 2894 quem
2641 2823 2695 2877 in
2732 2821 2924 2876 vallem
2963 2819 3236 2876 Gebennas
3273 2820 3523 2890 projecit.
3554 2818 3797 2875 Maiiam-

2216 2916 2431 2970 medani
2470 2930 2599 2986 ergo
2632 2914 3032 2983 conspicientes
3062 2910 3324 2967 Omaruin
3364 2910 3535 2967 Ebuol
3570 2910 3795 2965 Clietabi

2213 3008 2421 3080 grmio
2454 3022 2552 3062 sua
2602 3006 2877 3076 pulverem
2909 3015 3172 3076 gestasse,
3227 3004 3329 3073 ipsi
3363 3006 3594 3074 seposita
3652 3020 3796 3057 inor:

526 3096 785 3152 triarcliai
826 3113 840 3150 :
874 3099 1044 3152 Orare
1072 3098 1254 3166 cupio.
1290 3098 1389 3152 (lui
1444 3099 1754 3169 patriarcha
1801 3117 1816 3155 :
1852 3100 1898 3157 0
1936 3102 2111 3172 impe-
2138 3112 2183 3173 c
2215 3120 2405 3159 omnes
2436 3102 2658 3174 gremiis
2688 3101 2852 3158 etiam
2890 3100 3322 3164 suis,-vestibus,
3357 3098 3584 3169 clypeis,
3613 3098 3796 3153 carbi-

525 3194 677 3241 rator
727 3184 993 3251 ﬁdelium,
1033 3200 1099 3241 eo
1131 3201 1240 3256 quo
1272 3201 1333 3242 es
1380 3188 1501 3243 loco
1542 3202 1660 3244 ora.
1707 3189 1856 3247 Dixit
1891 3188 2059 3248 Omar
2091 3210 2105 3247 :

527 3278 667 3333 Nolo
699 3278 787 3334 hic
816 3293 994 3335 orare.
1031 3279 1243 3335 Educta
1271 3296 1403 3353 ergo
1436 3282 1505 3337 ad
1554 3283 1814 3353 templum
1844 3284 2109 3343 Constan-

523 3373 623 3426 tini
656 3378 888 3441 tegetem
938 3371 1172 3444 projecit
1209 3373 1262 3428 in
1313 3372 1502 3443 templi
1536 3375 1716 3430 medio
1746 3390 1762 3441 ;
1833 3387 1889 3430 at
1918 3374 2106 3444 Oinar,

522 3461 633 3519 Nec
660 3462 774 3525 hic,
807 3464 1008 3532 inquit,
1038 3476 1197 3517 orare
1229 3462 1369 3517 vola.
1401 3463 1778 3538 Egressusqiie
1804 3465 1873 3521 ad
1903 3469 2107 3539 gradus

520 3554 614 3625 qui
668 3564 798 3609 sunt
843 3553 911 3609 ad
965 3562 1180 3625 partam
1230 3554 1477 3611 ecclesia
1526 3556 1705 3611 sancti
1753 3556 2103 3615 Constantini

520 3655 628 3710 qua
653 3640 931 3696 Orientem
970 3643 1218 3712 respicit,
1251 3640 1324 3696 ibi
1358 3642 1504 3698 solus
1538 3658 1707 3714 super
1739 3645 1939 3717 gradus
1976 3664 2101 3702 ora-

522 3736 597 3787 vit
649 3733 820 3789 :dein
862 3732 1149 3790 considens
1193 3735 1332 3789 dixit
1378 3734 1686 3807 Sophronia
1714 3740 2047 3808 patriarcha:
2084 3760 2097 3795 :

517 3826 754 3891 Nostiii',
794 3841 828 3882 o
877 3827 1211 3897 patriarcha,
1267 3840 1439 3896 quare
1492 3832 1632 3883 intra
1683 3830 1941 3902 templum
1992 3849 2100 3888 non

514 3918 786 3971 araverim
815 3917 840 3971 2
872 3916 1172 3987 liespandit
1206 3919 1334 3974 ille:
1376 3919 1532 3975 llaud
1585 3922 1835 3992 equidem
1884 3926 2030 3991 novi,
2069 3942 2101 3979 ο

515 4018 815 4080 imperator
849 4011 1112 4066 ﬁdelium.
1150 4011 1293 4065 Dixit
1326 4014 1401 4066 illi
1431 4010 1641 4070 Oinar:
1681 4015 1739 4070 Si
1775 4018 1917 4073 intra
1957 4026 2101 4073 tem-

514 4102 665 4171 plum
704 4116 985 4167 orassein,
1016 4105 1273 4173 periisset
1315 4105 1412 4161 tibi
1462 4106 1613 4173 illud,
1665 4123 1729 4164 ac
1770 4124 1801 4166 e
1847 4111 2098 4167 manibus

522 4197 633 4250 tuis
665 4197 869 4261 exiret,
900 4195 1367 4253 'Moliammedauis
1414 4208 1537 4268 post
1572 4200 1877 4257 discessum
1914 4218 2092 4259 meum

516 4288 616 4343 tibi
658 4288 789 4343 illud
820 4290 1219 4360 eripientibus;
1258 4306 1319 4345 ac
1352 4293 1463 4361 jaiii
1501 4292 1862 4365 285-287
1893 4297 2092 4351 dicturi

513 4392 637 4437 sunt
667 4403 677 4436 :
705 4380 803 4437 llic
834 4385 1009 4437 oravit
1042 4382 1228 4439 Oniar.
1269 4385 1463 4439 \lcrum
1496 4387 1629 4442 aﬂ'er
1657 4391 1791 4443 mihi
1822 4394 2089 4459 chartam,

2212 3195 2337 3259 bus,
2367 3207 2532 3266 atque
2581 3193 2762 3249 urceis
2804 3201 3180 3262 aspartarunt,
3220 3192 3396 3247 donec
3439 3192 3707 3247 inundata
3736 3205 3795 3245 ac

2212 3298 2441 3361 purgata
2478 3287 2597 3343 loco
2625 3295 2909 3358 appareret
2941 3296 3115 3355 petra.
3148 3282 3285 3340 Tum
3313 3283 3621 3341 dicentibus
3666 3299 3795 3341 nou-

2207 3382 2372 3436 nullis
2422 3393 2440 3438 :
2490 3379 2844 3435 Ediliceuius
2903 3377 3163 3447 templum
3229 3376 3301 3431 ita
3356 3386 3415 3431 ut
3464 3388 3679 3444 petram
3733 3377 3794 3430 ad

2207 3474 2408 3529 Keblali
2438 3481 2782 3537 statuamus;
2807 3471 2940 3524 dixit
2968 3468 3135 3526 Oniar
3165 3484 3180 3523 :
3208 3466 3581 3539 Nequaquam,
3612 3483 3794 3523 verum

2209 3568 2278 3620 ita
2323 3566 2578 3634 templum
2614 3574 2898 3620 struemus
2931 3570 2989 3616 ut
3025 3572 3227 3631 petram
3265 3564 3330 3616 ad
3366 3573 3572 3632 partem
3614 3564 3789 3631 ipsius

2209 3654 2569 3725 posteriorem
2611 3652 2967 3706 collocemus.
3019 3648 3230 3703 Struxit
3281 3665 3412 3721 ergo
3448 3648 3614 3705 Omar
3653 3660 3787 3707 teni-

2212 3752 2361 3815 plum
2420 3748 2574 3811 cujus
2624 3747 2679 3797 in
2732 3752 2883 3811 parte
2942 3740 3241 3809 posteriore
3305 3748 3511 3811 petram
3568 3746 3785 3797 statuit.

2208 3839 2414 3895 Deinde
2446 3837 2758 3892 Detlilelicui
2794 3835 2861 3889 ad
2894 3849 3012 3890 eam
3037 3832 3315 3889 visendam
3339 3834 3638 3905 profectus,
3669 3852 3786 3890 cum

2208 3932 2424 3987 adesset
2472 3930 2736 3987 orationis
2791 3938 3025 3995 tempus,
3065 3926 3209 3981 intra
3259 3926 3547 3982 ecclesiam
3594 3928 3786 4000 239-

2200 4023 2359 4093 291
2388 4023 2562 4077 oravit
2588 4021 2655 4074 ad
2680 4034 2861 4073 arcum
2897 4019 3225 4073 australem.
3260 4016 3391 4071 Erat
3417 4026 3596 4072 autem
3629 4036 3784 4075 ari-ss

2212 4126 2366 4170 tatus
2397 4128 2560 4183 apere
2588 4111 2861 4167 tessellata
2891 4112 3220 4180 variegalue.
3258 4108 3596 4178 Scripsiique
3624 4109 3783 4166 Oiiiar

2199 4207 2525 4276 patriarchae
2570 4203 2934 4283 syngrapham
2987 4218 3053 4255 ne
3103 4208 3327 4256 orarent
3378 4201 3498 4257 loco
3538 4202 3642 4257 isto
3676 4200 3779 4256 idc-

2201 4296 2541 4355 liammedaiii
2577 4297 2681 4351 nisi
2729 4295 2957 4364 singuli,
3000 4295 3142 4347 alius
3183 4304 3303 4362 post
3336 4292 3527 4359 alium,
3562 4310 3695 4351 neve
3717 4295 3775 4349 ad

2197 4389 2460 4445 orandum
2513 4386 2584 4441 ibi
2622 4385 2873 4454 .coirent,
2924 4397 3102 4454 neque
3161 4386 3229 4438 ad
3284 4398 3477 4453 preces
3521 4386 3775 4454 pia-conis

510 4486 621 4542 quo
656 4475 750 4529 tibi
783 4478 1153 4545 syngrapham
1190 4479 1451 4532 scribam.
1487 4479 1716 4550 Scripsit
1748 4496 1878 4552 ergo
1920 4457 2089 4539 Omar
2122 4457 2165 4513 θ
2202 4496 2330 4537 voce
2358 4489 2831 4544 convocareiitur;
2870 4491 3045 4546 neque
3086 4483 3391 4531 mutaretur
3430 4476 3484 4529 in
3511 4490 3578 4530 eo
3626 4476 3772 4545 quil-

510 4566 873 4635 syngrapham
918 4566 1048 4637 [qua
1101 4567 1291 4640 jussit]
1328 4584 1397 4623 ne
1444 4579 1627 4624 oraret
1680 4568 2089 4631 Hohammeda-

510 4671 702 4710 iiaruiii
737 4660 931 4728 aliquis
962 4675 1128 4729 super
1161 4662 1387 4727 gradus,
1420 4661 1525 4716 nisi
1559 4661 1871 4732 singulatim
1902 4681 1919 4728 ;
1953 4680 2090 4723 nere

509 4753 581 4805 ibi
620 4753 685 4805 ad
730 4768 916 4821 preces
960 4755 1361 4820 caiivenirent;
1414 4770 1593 4827 neque
1627 4770 1793 4827 super
1838 4759 1977 4831 ipsis
2018 4764 2086 4816 ad

506 4857 553 4907 pi
572 4856 693 4896 eccs
736 4846 997 4910 praecellis
1047 4858 1175 4900 voce
1229 4856 1662 4903 couvocarentur
1698 4864 1712 4903 :
1752 4850 1856 4906 hac
1905 4853 1971 4907 de
2026 4868 2086 4910 re

509 4935 867 5001 cottscriptatlt
900 4937 1261 5006 syngrapham
1296 4940 1619 5006 patriarcha:
1660 4940 1905 4997 tradidit.
1945 4941 2082 4999 Tum

507 5039 561 5083 ct
581 5028 655 5081 illi
680 5028 815 5081 dixit
842 5026 1006 5082 Oniar
1038 5044 1052 5081 ε
1085 5028 1179 5084 Est
1208 5031 1351 5099 quod
1385 5032 1514 5085 mihi
1548 5047 1576 5085 a
1612 5040 1664 5088 te
1696 5033 1917 5092 hederis
1946 5036 2069 5106 jure

508 5121 809 5184 debeatur;
858 5121 1041 5173 locum
1085 5135 1213 5191 ergo
1265 5123 1394 5176 mihi
1431 5126 1666 5180 concede
1700 5124 1754 5179 in
1800 5141 1911 5197 qua
1940 5137 2086 5183 tem-

509 5211 653 5280 plum
676 5223 971 5266 exstruam.
995 5211 1094 5266 Cui
1128 5214 1435 5283 patriarcha
1467 5232 1479 5267 :
1512 5214 1641 5284 Ego,
1673 5217 1871 5289 inquit,
1900 5217 2081 5275 locum

511 5301 827 5369 imperatori
887 5302 1120 5357 ﬁdelium
1174 5305 1466 5359 concedam
1535 5306 1588 5358 iii
1644 5322 1751 5373 quo
1816 5308 2077 5377 templum

512 5403 755 5450 exstruat
801 5397 919 5465 (cui
974 5400 1305 5453 exstruendo
1349 5397 1667 5454 Graecorum
1722 5401 2088 5470 imperatores

514 5498 746 5553 impares
780 5484 1019 5550 luerunt,
1051 5486 1301 5540 videlicet
1332 5496 1540 5557 petram
1578 5491 1630 5543 in
1676 5504 1780 5558 qua
1819 5492 1960 5547 Deus
1993 5491 2083 5549 Ja-

513 5580 701 5631 cobimi
730 5578 990 5634 allocutus
1027 5588 1128 5645 est,
1160 5594 1319 5649 quam
1350 5579 1636 5650 appellavit
1665 5579 1899 5643 .lacobus
1930 5585 2068 5644 Por-

628 5760 857 5816 ‘1ilattli.
896 5775 1050 5826 mu,
1088 5760 1175 5814 58.
1259 5758 1484 5815 ’lilatth.
1526 5776 1669 5827 xxiv,
1704 5762 1753 5817 2.

2196 4589 2383 4647 quani.
2412 4575 2478 4629 At
2501 4580 2745 4640 tempore
2772 4571 2873 4626 hoc
2900 4580 3083 4625 nostra
3106 4580 3293 4623 contra
3324 4567 3506 4622 ierunt
3534 4566 3767 4622 Iahoni-

2192 4665 2411 4721 medaui
2446 4661 2630 4718 Oinari
2668 4660 2842 4717 Ebnol
2876 4658 3101 4714 Clietabi
3126 4658 3351 4728 scripto.
3380 4654 3515 4711 Nam
3564 4669 3617 4712 et
3648 4660 3764 4713 sub-

2197 4755 2310 4810 lato
2381 4769 2548 4824 opere
2626 4754 2902 4821 variegato
2958 4751 3027 4804 ab
3084 4764 3259 4815 arcu,
3316 4749 3583 4820 quidquid
3651 4752 3764 4821 ipsis

2194 4850 2367 4903 visum
2417 4847 2517 4900 fuit
2555 4844 2753 4899 ibidem
2798 4843 3159 4913 scripserunt,
3192 4850 3248 4895 et
3294 4840 3359 4895 ad
3417 4857 3607 4911 preces
3638 4844 3764 4896 coie-

2196 4953 2345 5006 runt,
2377 4941 2691 4996 hominibus
2715 4941 2982 5009 prwconis
3007 4952 3138 4993 voce
3163 4936 3499 4990 convocatis.
3526 4935 3761 5003 Idemque

2192 5036 2441 5090 iecerunt
2472 5036 2635 5089 etiam
2691 5036 2742 5086 in
2796 5031 3058 5103 gradibus
3104 5030 3195 5099 qui
3231 5030 3382 5100 juxta
3440 5038 3648 5100 portam
3680 5042 3759 5080 ec-

2195 5127 2371 5181 clesiae
2397 5125 2744 5181 Constantini
2772 5126 3014 5187 fuerant,
3040 5136 3205 5191 super
3234 5134 3375 5188 quos
3393 5121 3568 5176 oravit
3590 5120 3755 5179 Oiiiar,

2196 5220 2409 5290 sibique
2462 5227 2737 5271 sumentes
2786 5214 3073 5270 dimidium
3130 5213 3379 5268 vestibuli
3430 5208 3669 5267 ecclesia:
3712 5210 3753 5290 iii

2198 5285 2641 5380 ipso'aratoriuni
2669 5313 3075 5371 exstruxerunt,
3097 5303 3243 5373 quod
3265 5302 3562 5358 oratorium
3588 5285 3753 5357 Oniaii

2198 5404 2527 5458 vocitarunt.

2263 5492 2430 5549 Porro
2464 5502 2709 5547 mortuus
2742 5503 2821 5548 cst
2856 5491 3199 5563 Sophronius
3235 5490 3545 5562 patriarcha
3579 5486 3745 5543 liiero-

2198 5586 2575 5657 solyuiitanus,
2622 5594 2903 5658 postquam
2942 5598 3168 5641 munere
3204 5584 3294 5641 illo
3336 5592 3571 5656 quatuor
3613 5578 3747 5635 annis
