3976 6168
262 230 397 305 llﬁl

1704 225 2073 293 ANNALES.

3390 226 3520 295 “02

256 346 479 404 functus
506 352 671 402 esset.
724 341 851 400 Post
892 352 1127 401 mortem
1176 349 1359 400 autem
1400 340 1573 413 ipsius
1620 355 1685 397 ex
1736 357 1844 413 quo
1875 345 1919 404 Δ
1950 351 2056 409 set,
2091 344 2165 399 ita
2209 342 2300 398 ille
2335 341 2437 415 ipsi
2480 343 2748 415 scripsit:
2791 326 2965 399 Servo
3004 344 3129 409 Dei,
3177 344 3379 400 0.uaro
3407 349 3463 402 Ei
3490 368 3523 405 n

262 438 501 494 decessit
527 445 848 494 manserunt
870 435 1247 510 Hierosolyma
1275 434 1485 503 absque
1534 433 1843 504 patriarcha

259 545 435 586 annos
483 529 672 603 viginti
724 544 945 585 novem.
996 527 1167 584 iussit
1224 537 1405 583 autem
1456 525 1623 582 Oinar
1676 519 1847 580 Ebnol

258 624 357 679 Asi
386 624 592 695 paratis
616 624 789 692 copiis
815 621 1107 695 [Egyptum
1138 620 1444 694 proﬁcisci;
1480 619 1847 691 praecepitque

260 719 313 772 el
344 727 402 773 ut
431 718 478 773 ai
507 732 631 772 cum
671 717 737 772 ad
777 717 953 789 ipsum
983 714 1337 787 pervenirent
1366 713 1560 769 littera:
1592 713 1763 783 ipsius
1794 712 1848 767 in

261 810 473 867 ditione
499 811 670 883 Syriae
697 821 868 877 esset,
902 809 1225 865 subsisteret
1258 820 1357 865 nec
1400 807 1629 863 ulterius
1656 819 1847 873 perge-

265 917 381 971 ret;
412 904 496 959 sin
553 904 620 960 ad
653 904 827 975 ipsum
876 901 1256 974 perferrentur
1290 911 1585 973 postquam
1624 897 1847 972 Αἴθῃ)ίί

266 997 404 1054 lines
431 996 714 1069 ingressus
746 1005 913 1061 esset,
947 995 1387 1069 progrederetur.
1419 990 1559 1049 Tum
1590 1006 1849 1048 reversus

264 1101 353 1147 est
381 1093 549 1144 Omar
575 1087 747 1144 Ebnol
772 1088 999 1145 Cbetabi
1031 1088 1102 1143 ab
1136 1086 1528 1159 Hierosolymis
1554 1084 1849 1163 Medinam.

265 1182 388 1239 Abit
420 1181 584 1254 292
625 1181 870 1239 Obaidab
899 1190 1082 1237 autem
1117 1180 1285 1237 Ebnol
1325 1178 1503 1236 laraiii
1543 1178 1848 1241 Hamsum;

265 1273 395 1330 dein
422 1271 627 1329 Hamso
652 1271 1015 1330 Kenasriuum
1049 1270 1332 1344 profectus
1365 1280 1472 1327 est.
1507 1268 1852 1342 Scripsitque

267 1364 338 1419 ad
371 1365 547 1435 ipsum
580 1361 871 1420 Kettasrini
912 1364 1199 1443 patricius,
1247 1361 1353 1418 sibi
1399 1360 1563 1417 unius
1596 1359 1722 1415 anni
1769 1359 1855 1412 in-

269 1460 463 1515 ducias
496 1467 709 1527 petens,
756 1471 866 1528 quo
892 1456 959 1511 ad
996 1454 1310 1513 licraciium
1338 1455 1727 1527 imperatorem
1760 1468 1853 1508 ac-

269 1549 531 1608 cederent
558 1551 827 1616 ltomines,
850 1536 1016 1621 atque
1045 1548 1142 1623 qui
1169 1547 1246 1605 ibi
1280 1555 1565 1605 manerent
1592 1546 1649 1603 in
1678 1544 1855 1602 ftedus

1952 433 2203 496 Clictabi,
2238 433 2477 490 ﬁdelium
2524 432 2887 503 imperatori;
2928 434 3072 506 quod
3120 450 3261 507 :egrc
3298 435 3524 511 [prium]

1952 528 2077 583 tulit
2122 525 2291 583 Omar
2338 527 2514 593 Ebnol
2568 528 2816 597 Clietabi,
2877 544 3055 601 neque
3100 532 3340 601 agnovit.
3392 533 3525 588 Dein

1952 624 2091 679 dixit
2122 638 2138 677 :
2176 621 2289 693 Ego
2319 635 2443 676 sum
2477 637 2670 678 servus
2703 621 2822 687 Dei,
2854 636 2954 694 ego
2986 619 3154 677 Omar
3188 622 3356 679 Ebnoi
3388 625 3527 682 Che-

1954 714 2088 781 tal'i,
2116 730 2217 785 ego
2251 714 2482 769 ﬁdelium
2515 716 2852 787 imperator;
2878 730 3061 771 verum
3091 717 3223 771 dixit
3257 719 3319 774 Al
3355 718 3523 791 illogi-

1954 807 2051 863 rah
2085 807 2202 862 Ebn
2249 806 2496 864 Shaabae.
2538 807 2854 879 Appeliatus
2873 819 2959 867 est
2986 810 3151 884 293
3191 827 3321 883 ergo
3360 812 3531 869 Oaiar

1955 900 2131 957 Ebnol
2181 899 2407 955 Clietabi
2456 899 2666 956 Antirol
2714 900 3025 965 lliutuenin,
3080 919 3176 959 seu
3237 905 3531 977 imperator

1957 991 2198 1050 ﬁdelium
2235 1001 2444 1062 :atque
2480 1006 2545 1048 ex
2582 1005 2648 1046 eo
2685 1000 2929 1062 tempore
2960 990 3209 1065 insigniti
3243 999 3373 1051 sunt
3399 995 3531 1051 elia-

1956 1082 2065 1141 lifm
2087 1082 2269 1149 titulo,
2303 1082 2513 1139 Amiroi
2547 1081 2847 1141 Mumenin.

1926 1240 1931 1241 ί
2028 1173 2321 1247 Yazdejird
2368 1186 2548 1234 autem
2599 1179 2887 1235 Persarum
2938 1194 3033 1237 rex
3094 1180 3286 1237 auditu
3331 1180 3535 1237 certior

1958 1270 2133 1328 factus
2180 1270 2248 1327 de
2287 1270 2523 1325 adventu
2569 1269 2730 1327 Saadi
2776 1271 2889 1327 Ebn
2926 1271 3028 1329 Abi
3069 1272 3349 1342 Wakkasi,
3380 1273 3536 1330 fami-

1956 1363 2086 1419 liam
2116 1378 2274 1420 suam
2309 1377 2374 1418 ac
2404 1362 2692 1420 thesauros
2724 1362 2781 1419 in
2808 1362 2996 1421 Sinam
3026 1364 3302 1436 deportari
3332 1364 3491 1433 jussit
3516 1386 3533 1431 ;

1956 1458 2135 1532 copiis
2164 1471 2393 1515 numero
2423 1458 2631 1529 paucis,
2680 1473 2744 1513 ac
2784 1458 3136 1517 tacultatibus
3182 1459 3414 1518 modicis
3448 1478 3534 1519 re-

1959 1550 2150 1618 tentis;
2184 1548 2553 1623 prafectoque
2579 1548 2646 1606 Al
2682 1547 2989 1622 Madayeno
3022 1549 3277 1608 Cliorado
3306 1552 3371 1607 Al
3397 1550 3534 1610 Uzdi

270 1656 327 1699 et
371 1654 587 1716 pactum
632 1647 1032 1718 reciperentur.
1066 1643 1178 1722 Cui,
1215 1656 1344 1699 cum
1396 1639 1683 1697 annuisset
1731 1639 1851 1696 Abu
1958 1640 2129 1700 fratre
2156 1640 2425 1709 Rostami,
2460 1640 2781 1699 Rostamum
2816 1643 2963 1699 misit
2997 1653 3371 1717 oppugnatum
3400 1646 3538 1701 Sua-

271 1737 550 1809 Obaidali,
587 1738 800 1810 rogavit
830 1737 1091 1807 patricius
1123 1735 1241 1793 Abu
1272 1733 1536 1793 Obsidam
1567 1741 1627 1789 ut
1646 1731 1856 1791 colum-
1891 1725 1933 1782 Β
1960 1739 2088 1796 dum
2124 1736 2242 1795 Ebn
2280 1738 2386 1796 Abi
2417 1732 2699 1795 Wakkasi.
2741 1740 2838 1796 ille
2880 1754 3014 1811 ergo
3052 1739 3302 1797 Kadesiie
3348 1740 3531 1797 sedem

272 1846 398 1887 nam
459 1839 731 1888 statueret
789 1832 932 1887 inter
986 1829 1207 1888 Grarcos
1261 1839 1318 1885 et
1369 1825 1859 1885 Heliammedanos

271 1932 540 1991 erectam,
568 1938 733 1995 quam
785 1937 963 1996 neque
996 1924 1235 1980 transire
1277 1920 1745 1979 Mobammedanis
1789 1920 1859 1977 ad

269 2016 498 2073 Graecis
561 2018 767 2084 liceret,
822 2031 930 2075 nec
974 2015 1180 2073 Graecis
1234 2015 1302 2071 ad
1351 2014 1859 2079 Molrammedanos,

271 2122 381 2179 qua
446 2109 507 2164 in
576 2109 832 2165 columna
896 2108 1128 2182 cﬁigiem
1200 2107 1443 2166 lleraclii
1514 2107 1861 2180 imperatoris

275 2200 533 2275 [throno]
572 2203 723 2274 regio
749 2201 1040 2261 insidentis
1070 2202 1391 2276 pinxerant.
1425 2200 1580 2270 Quod
1612 2209 1669 2257 et
1697 2214 1861 2257 acce-

276 2305 431 2369 ptum
466 2296 659 2352 habuit
702 2295 819 2353 Abn
846 2293 1091 2353 Obaidse.
1135 2293 1273 2351 Dum
1309 2302 1494 2351 autem
1527 2292 1685 2363 equis
1724 2308 1861 2351 con-

277 2390 498 2447 scensis
524 2407 555 2444 e
586 2387 1052 2445 lloirammedanis
1081 2387 1300 2459 quidam
1332 2386 1610 2459 equitandi
1653 2396 1772 2442 arte
1805 2399 1866 2440 se

272 2491 615 2544 exercerent.
643 2494 773 2535 ecce
808 2479 925 2534 Abu
963 2476 1195 2535 Ilandali
1233 2475 1350 2534 Ebn
1384 2478 1535 2533 Amri
1569 2478 1729 2550 pleno
1764 2476 1864 2533 int-

277 2581 409 2644 petu
439 2586 582 2642 equo
611 2586 712 2627 suo
748 2582 955 2635 rectus.
988 2586 1153 2627 manu
1187 2570 1400 2627 hastam
1436 2576 1630 2627 tenens
1653 2568 1865 2625 colum-

278 2678 410 2720 nam
450 2665 609 2720 istam
640 2671 802 2736 atque
835 2663 1064 2737 eﬁlgiem
1098 2661 1341 2728 transiit,
1375 2662 1693 2733 ferrumque
1717 2662 1865 2734 quod

279 2758 352 2813 ad
382 2756 699 2812 inferiorem
743 2757 915 2814 basta
947 2770 1059 2813 sua
1101 2767 1310 2825 partem
1353 2762 1525 2822 esset,
1558 2754 1720 2810 oculo
1749 2751 1867 2810 eﬁi-

281 2850 414 2923 giei,
447 2851 594 2906 haud
628 2849 756 2905 data
798 2863 986 2920 opera.
1018 2848 1248 2920 inﬁgens
1278 2847 1386 2921 ipsi
1416 2848 1639 2905 oculum
1674 2851 1871 2902 contn-

284 2941 392 2999 dit.
436 2942 709 2997 Patricius
753 2954 887 3012 ergo
936 2936 1223 2995 Kenasrinl
1269 2945 1540 2994 accedens
1589 2936 1727 2992 dixit
1767 2934 1868 2991 Abi

283 3034 511 3091 Obside
555 3051 569 3088 :
606 3031 875 3087 Fraudem
905 3030 1067 3088 nobis
1120 3029 1352 3097 fecistis,
1398 3043 1435 3087 o
1464 3028 1621 3087 turba
1667 3028 1868 3086 Musle-

288 3142 529 3197 merum,
560 3126 763 3184 violata
799 3139 953 3196 pace,
982 3132 1148 3195 atque
1178 3122 1416 3180 induciis
1444 3140 1566 3197 quas
1595 3124 1737 3179 inter
1766 3140 1867 3182 nos

283 3228 449 3276 erant
490 3218 708 3276 solutis.
759 3217 985 3275 Dicente
1031 3216 1146 3273 Abu
1178 3215 1424 3273 Obaidali
1455 3236 1470 3273 :
1503 3214 1570 3271 Et
1614 3217 1867 3288 quisnam

288 3312 470 3385 ipsum
496 3313 770 3369 violavit?
796 3310 1101 3384 Respondit
1133 3308 1403 3367 Patricius
1434 3328 1448 3367 :
1483 3309 1578 3365 Ille
1604 3310 1698 3381 qui
1725 3308 1870 3382 regis

289 3409 467 3464 nostri
492 3408 713 3463 oculum
764 3405 1014 3464 conﬁxit.
1050 3402 1196 3461 Dixit
1242 3404 1360 3460 Abu
1399 3402 1645 3459 Obaidali
1678 3421 1693 3459 :
1729 3401 1868 3469 Quid

287 3516 424 3573 ergo
453 3501 661 3558 vultis?
685 3500 1112 3573 Responderunt
1147 3517 1163 3555 :
1200 3496 1317 3555 Non
1346 3498 1507 3554 aliter
1537 3497 1873 3570 placabimur

291 3609 456 3666 quam
508 3597 555 3652 si
601 3596 749 3666 regis
800 3594 967 3653 vestri
1022 3594 1216 3651 oculus
1255 3600 1503 3651 eruatur.
1554 3588 1700 3648 Dixit
1751 3590 1874 3647 Abtt

291 3690 538 3753 Obaidalt
567 3709 582 3747 :
616 3692 869 3747 Statuam
900 3701 1075 3745 meam
1100 3685 1286 3759 ponite
1308 3684 1432 3743 loco
1452 3684 1649 3755 istius;
1678 3683 1876 3743 deinde

297 3783 658 3861 293-295
707 3782 838 3849 quid
886 3780 1043 3838 vobis
1090 3779 1315 3836 libuerit
1360 3793 1427 3835 ac
1485 3778 1660 3835 visum
1710 3775 1876 3834 fuerit

292 3884 482 3941 facite.
524 3875 943 3946 Responderunt
978 3891 993 3930 :
1030 3869 1149 3929 Non
1188 3871 1300 3928 alia
1342 3870 1504 3927 nobis
1547 3871 1725 3943 imago
1763 3867 1878 3941 pla-

298 3977 447 4032 cebit
472 3988 638 4045 quam
683 3969 828 4041 regis
876 3966 1042 4025 vestri
1073 3962 1319 4031 maximi,
1351 3962 1408 4021 in
1451 3976 1563 4035 quo
1603 3972 1879 4018 annuente

300 4069 441 4139 ipsis
495 4065 612 4122 Abu
671 4061 879 4121 Obaida
929 4076 1056 4118 cum
1109 4060 1371 4118 fecissent
1419 4055 1592 4115 Graeci
1637 4062 1879 4112 statuam

300 4158 489 4220 Omari
544 4157 704 4215 Ebnil
756 4155 983 4212 Cltetabi
1037 4154 1308 4211 accedens
1352 4166 1420 4209 ex
1468 4151 1603 4221 ipsis
1655 4146 1881 4222 quidam

304 4256 463 4311 basta
502 4251 719 4309 oculum
752 4248 858 4321 ipsi
894 4249 1143 4305 coniixit.
1178 4246 1319 4303 ‘l‘um
1351 4243 1624 4301 Patricius
1655 4258 1672 4299 :
1702 4240 1880 4309 Nunc,

305 4343 507 4416 inquit,
532 4344 684 4413 justc
725 4339 1013 4396 nobiscum
1044 4338 1258 4409 egistis.
1289 4336 1452 4392 Auno
1493 4334 1663 4407 igitur
1686 4342 1881 4391 exacto

1961 1832 2130 1906 ﬁgens
2161 1832 2234 1889 ibi
2276 1832 2602 1905 permansit,
2637 1834 2809 1890 donec
2842 1831 3204 1895 occideretur.
3242 1834 3396 1902 Quod
3444 1835 3539 1892 ubi

1961 1923 2285 1995 Yasdejirdo
2321 1925 2634 1981 nuntiatum
2671 1936 2840 1989 esset,
2868 1923 3185 1999 videretque
3217 1942 3381 1998 quam
3408 1942 3536 1998 erga

1962 2018 2142 2090 ipsum
2184 2019 2390 2091 obliqui
2427 2026 2614 2078 essent
2656 2025 2890 2093 populus
2936 2030 3100 2094 atque
3127 2018 3399 2081 exercitus
3426 2022 3536 2089 sui,

1963 2127 2240 2184 quamque
2265 2112 2625 2186 intmorigeri,
2660 2126 2723 2169 ac
2752 2110 2982 2184 periisse
3011 2116 3288 2175 exercitus
3310 2118 3394 2174 sui
3431 2119 3539 2192 pri-

1966 2206 2191 2270 marios.
2242 2214 2412 2276 atque
2470 2206 2615 2261 inter
2661 2203 2813 2277 ipsos
2864 2203 3196 2264 discordiam
3248 2224 3391 2279 esse,
3442 2228 3539 2284 pm

1967 2307 2119 2354 certo
2171 2295 2364 2353 habuit
2410 2306 2555 2353 retro
2605 2296 2686 2354 ire
2735 2309 2964 2370 regnum
3011 2314 3196 2357 suum.
3257 2297 3438 2367 Quare
3484 2302 3539 2358 in

1969 2389 2208 2446 Persiam
2242 2385 2521 2456 profectus
2548 2388 2674 2444 inde
2702 2386 2884 2444 hieran
2919 2404 3111 2447 versus
3144 2405 3240 2462 per
3266 2392 3409 2448 viam
3441 2394 3539 2450 Se-

1961 2478 2164 2550 jestanl
2213 2480 2477 2551 perrexit,
2525 2480 2701 2535 donec.
2752 2479 2826 2535 ibi
2881 2480 3321 2551 interﬁceretur;
3364 2500 3543 2559 neque.

1970 2587 2209 2643 unquam
2230 2570 2496 2627 bellorum
2523 2583 2579 2628 et
2598 2571 3003 2630 dissensionum
3025 2588 3223 2649 expers
3247 2573 3350 2634 fuit
3370 2594 3542 2652 usque

1968 2664 2098 2720 dum
2154 2664 2517 2722 occideretur.
2564 2663 2830 2734 Regnavit
2878 2676 3061 2724 autem
3104 2684 3277 2728 annos
3330 2669 3541 2745 viginti.

1970 2756 2134 2811 Omar
2168 2766 2356 2812 autem
2383 2755 2613 2814 Clietabi
2644 2756 2786 2813 ﬁlius
2824 2756 2915 2812 ubi
2946 2755 3216 2815 Medinam
3252 2765 3538 2833 pervenis-

1970 2855 2074 2912 set,
2108 2848 2327 2919 scriptis
2368 2848 2569 2907 litteris
2606 2846 2869 2905 Omarum
2900 2848 3073 2908 Ebnol
3108 2853 3201 2910 Asi
3241 2854 3543 2914 l’aimstinaa

1972 2940 2299 3013 prmfectura
2332 2941 2629 3010 abdicavit,
2653 2940 2869 3015 iussum
2895 2944 3141 3003 collectis
3168 2950 3340 3020 copiis
3369 2947 3541 3022 Egy-

1970 3045 2124 3105 ptum
2187 3033 2437 3091 tendere.
2493 3033 2777 3091 Moawiam
2810 3050 2967 3097 .vero
3018 3035 3133 3094 Ebn
3186 3037 3286 3096 Abi
3336 3041 3541 3115 Soiyan

1970 3125 2265 3193 Aslteiano,
2325 3127 2603 3195 Casareae,
2657 3136 2713 3186 et
2761 3127 3063 3187 Palestina
3112 3134 3389 3204 praefecit,
3446 3138 3544 3208 qui

1970 3218 2274 3280 Caesaream
2313 3225 2368 3275 et
2395 3218 2727 3278 Asltelanum
2765 3222 2945 3294 glatlio
2984 3225 3154 3298 copit,
3201 3226 3364 3298 idque
3399 3246 3545 3285 anno

1973 3311 2261 3369 chalifatus
2299 3310 2487 3368 Omari
2535 3311 2693 3371 Ebnil
2729 3313 2957 3372 Cltetabi
2996 3319 3248 3389 septimo.
3285 3322 3420 3379 Ttnn
3448 3339 3544 3381 ac-

1973 3404 2186 3459 cedenti
2220 3405 2492 3461 Otlimano
2523 3405 2677 3462 Ebnil
2706 3407 2935 3479 Apltano
2964 3410 3029 3465 ad
3062 3409 3319 3469 Omarum
3354 3416 3547 3489 297-

1974 3496 2140 3568 299
2177 3496 2331 3553 Ebnil
2366 3497 2618 3565 Chetabi,
2652 3514 2778 3555 cum
2822 3501 3051 3559 dixisset
3085 3502 3272 3571 Ornar,
3321 3509 3548 3582 scriptis

1974 3591 2042 3647 ad
2076 3589 2303 3648 Amrum
2354 3586 2530 3648 Ebnol
2564 3592 2654 3648 Asi
2698 3591 2896 3650 litteris
2943 3594 3118 3666 ipsum
3168 3591 3453 3658 Palmstina
3491 3615 3551 3659 et

1975 3683 2223 3742 Caesarea
2257 3683 2593 3751 abdicatum,
2622 3683 2918 3759 Egyptum
2949 3688 3101 3745 adire
3126 3693 3287 3763 iussi,
3323 3695 3547 3753 timiwia

1977 3772 2096 3832 Ebn
2141 3775 2243 3833 Abi
2285 3773 2486 3848 Sofyan
2521 3777 2822 3835 Palaestina:
2867 3790 2921 3836 et
2972 3782 3231 3843 Caesarea:
3272 3790 3549 3857 praefecto.

1977 3866 2308 3935 Otbmanus,
2362 3867 2517 3926 Nosti
2572 3869 2821 3943 (inquit),
2863 3887 2897 3929 o
2948 3873 3249 3946 imperator
3291 3881 3550 3949 ﬁdelium,

1978 3958 2241 4017 Omarum
2278 3960 2540 4017 audacem
2567 3977 2709 4029 esse,
2734 3976 2800 4020 ac
2835 3966 3193 4038 praecipitent,
3227 3971 3551 4044 imperiique

1981 4066 2277 4121 amantem,
2304 4063 2490 4112 metuo
2515 4069 2647 4126 ergo
2675 4070 2744 4111 ne
2770 4055 3054 4127 profectus
3086 4060 3208 4121 sine
3242 4063 3310 4121 iis
3349 4066 3554 4137 quibus

1981 4147 2253 4205 conﬁdere
2284 4149 2485 4220 possit,
2514 4148 2600 4205 vel
2645 4148 2768 4207 sine
2794 4152 2990 4224 copiis,
3024 4152 3340 4214 Moslemios
3374 4160 3556 4229 perdi-

1984 4238 2118 4295 tioni
2142 4247 2396 4311 exponat,
2418 4241 2883 4311 opportunitatem
2909 4259 3159 4315 sperans,
3177 4262 3297 4317 qua:
3323 4252 3552 4312 nesciat,

1983 4342 2083 4401 pro
2122 4329 2246 4403 ipso
2292 4345 2361 4386 an
2402 4340 2593 4388 contra
2642 4330 2822 4403 ipsum
2870 4330 3057 4393 faciat.
3112 4335 3376 4397 Poenituit
3424 4357 3557 4413 ergo

306 4450 497 4508 pacem
543 4443 597 4489 et
640 4430 821 4489 fmdus
864 4432 1246 4487 observarunt.
1282 4426 1438 4499 Cepit
1480 4433 1664 4482 autem
1708 4424 1881 4498 Aiyad
1916 4445 1960 4504 ο
1989 4421 2247 4481 Otuarum
2274 4420 2719 4492 ElinolChctabi,
2742 4426 2887 4497 quod
2915 4426 2984 4482 ad
3011 4430 3232 4487 Amrum
3262 4431 3431 4490 Ebuni
3460 4436 3553 4490 Asi

308 4529 420 4584 Ebe
467 4525 703 4590 Ganam,
742 4522 1215 4593 Mesopotamiam,
1267 4517 1510 4576 llaltltam
1557 4528 1613 4576 et
1649 4515 1880 4583 ﬂebam,

309 4619 604 4677 securitate
654 4618 789 4689 ipsis
827 4624 881 4673 et
926 4628 1061 4687 pace
1108 4621 1287 4684 pacta.
1336 4608 1650 4686 Almogirab
1701 4620 1882 4668 autem

309 4712 698 4782 Adcrbijanum
728 4708 908 4781 gladio
932 4706 1284 4779 expugnavit.
1315 4702 1534 4764 Primus
1571 4712 1753 4762 autem
1778 4704 1884 4761 iuit

312 4803 627 4878 Almogiralt
683 4802 777 4875 qui
827 4800 1089 4857 (imarum
1143 4797 1319 4855 Ebnil‘
1369 4796 1620 4864 Cbetabi,
1673 4796 1882 4854 Amirol

318 4898 634 4962 Mumenin,
690 4910 789 4950 seu
854 4892 1239 4962 imperatorem
1289 4889 1530 4947 ﬁdelium
1572 4890 1883 4962 appellavit.

318 4991 576 5048 llomiues
620 4986 889 5059 siquidem
941 4993 1152 5040 mortuo
1204 4981 1586 5039 Habummede
1626 4983 1744 5037 Abu
1788 4979 1888 5037 Be-

316 5103 499 5153 crum,
538 5082 828 5146 Chalifaut,
873 5094 972 5135 seu
1010 5075 1270 5134 vicarium
1319 5075 1497 5131 nuntii
1539 5076 1631 5129 Dei
1682 5076 1888 5130 vocita-

318 5181 473 5237 bant.
503 5176 749 5248 Cumque
786 5172 854 5229 ad
887 5172 1062 5243 ipsum
1100 5170 1403 5227 scriberent
1438 5169 1611 5241 ipsius
1650 5168 1886 5239 prmi‘ecti

317 5272 563 5330 scribere
610 5269 859 5327 solebant
902 5283 918 5321 :
954 5263 1172 5323 Vicario
1216 5264 1397 5318 nuntii
1450 5263 1567 5326 Dci,
1615 5278 1644 5317 a
1674 5261 1739 5316 Ν.
1776 5275 1886 5318 etc.

319 5367 458 5422 Cum
486 5377 617 5436 ergo
643 5361 928 5432 imperium
966 5356 1295 5413 obtinuisset
1325 5354 1494 5411 Omar
1524 5354 1715 5410 Ebnol‘
1745 5354 1888 5410 Clie-

320 5458 655 5529 tsbi,ipsum
696 5454 961 5509 vicarium
1004 5448 1193 5505 vicarii
1239 5447 1417 5504 nuntii
1460 5447 1556 5505 Dei
1600 5446 1892 5517 insignive-

326 5562 456 5609 runt
485 5565 501 5604 :
536 5556 593 5605 et
626 5561 751 5603 cum
782 5545 859 5621 ad
875 5546 1051 5616 ipsum
1098 5544 1309 5598 litteras
1336 5542 1549 5606 darent,
1582 5542 1893 5597 scribebant

326 5644 564 5720 praeterii
592 5643 763 5714 ipsius
789 5661 802 5696 :
824 5637 1043 5695 Vicario
1073 5636 1260 5691 vicarii
1295 5636 1468 5690 nuntii
1504 5633 1595 5689 Dei
1629 5648 1658 5687 a
1690 5632 1751 5688 Ν.
1784 5643 1891 5688 etc.

328 5747 394 5794 At
422 5752 544 5795 cum
574 5735 639 5792 Al
668 5731 927 5804 Magirant
958 5730 1076 5787 Ebn
1108 5728 1337 5786 Sbaaba
1367 5726 1582 5785 Basorte
1616 5726 1891 5797 pra-fecis-

1992 4514 2328 4588 scripsisset,
2361 4515 2481 4587 ejus
2511 4514 2659 4586 quod
2698 4515 2912 4573 dixerat
2944 4514 3250 4577 Otlunanus
3285 4533 3557 4581 metuens.

1990 4605 2232 4665 Rursum
2273 4622 2406 4680 ergo
2443 4606 2510 4664 ad
2552 4607 2730 4680 ipsum
2773 4610 3075 4669 scribens:
3117 4610 3176 4667 Si
3213 4616 3561 4683 perveni-rint

1991 4700 2212 4775 (inquit)
2262 4701 2329 4758 ad
2376 4708 2430 4757 te
2464 4702 2658 4758 litterae
2686 4702 2803 4758 ista:
2831 4711 3126 4775 antequam
3154 4704 3371 4779 :Egypti
3398 4708 3496 4764 diti
3523 4736 3563 4755 ιο

1992 4810 2117 4853 nem
2165 4795 2448 4869 ingressus
2491 4793 2683 4858 fueris,
2731 4809 2799 4852 eo
2838 4791 2983 4854 unde
3015 4796 3296 4869 profectus
3339 4815 3422 4868 es,
3473 4817 3561 4857 re-

1992 4890 2123 4948 deas
2150 4905 2165 4956 ;
2196 4890 2342 4960 quod
2375 4888 2419 4945 si
2458 4887 2742 4959 ingressus
2773 4885 2964 4956 lucris,
2990 4903 3153 4962 perge
3181 4906 3287 4961 qua
3314 4894 3558 4965 cmpisti.

1994 4984 2273 5040 Assecutis
2325 4990 2505 5037 autem
2560 4980 2759 5038 litteris
2802 4981 3055 5049 Amr-um,
3102 4998 3226 5039 cum
3280 4982 3561 5055 Rapit-aelii

1994 5086 2164 5138 esset,
2192 5086 2442 5129 metuens
2484 5072 2573 5129 ille
2612 5088 2680 5129 tto
2721 5070 2769 5130 si
2799 5082 3052 5143 acceptas
3079 5087 3175 5130 eas
3206 5076 3445 5146 aperiret
3483 5082 3565 5132 itt-

1997 5168 2206 5225 veuiret
2248 5165 2302 5221 in
2352 5165 2484 5237 ipsis
2525 5162 2898 5239 [mandatum]
2943 5165 3233 5233 redeundi,
3280 5167 3488 5224 litteras
3534 5186 3561 5221 a

1998 5261 2195 5317 nuntio
2240 5259 2490 5329 accipere
2531 5270 2794 5322 renuens,
2844 5254 3133 5328 ipsumque
3174 5260 3461 5329 repellens,
3497 5275 3563 5315 eu

1996 5367 2108 5422 quo
2128 5360 2247 5408 erat
2274 5359 2420 5407 statu
2453 5346 2715 5421 perrexit,
2740 5348 2913 5405 donec
2934 5351 2988 5406 in
3020 5351 3140 5409 vico
3158 5353 3391 5422 quodam
3423 5355 3566 5410 inter

1999 5442 2315 5517 llapbacum
2344 5450 2399 5498 et
2430 5442 2685 5497 Aristium
2716 5449 2897 5497 castra
2923 5450 3169 5511 poneret.
3198 5441 3270 5499 De
3302 5458 3412 5514 quo
3438 5458 3561 5499 eum

2002 5539 2341 5606 interrogans
2385 5544 2709 5604 responsum
2751 5530 2967 5588 tulisset
2993 5549 3011 5588 ι
3037 5530 3131 5589 Est
3167 5533 3257 5589 liic
3291 5550 3321 5596 ο
3358 5535 3566 5592 ditione

2002 5628 2256 5704 Egypti;
2288 5628 2555 5683 accersito
2581 5626 2775 5680 nuntio
2805 5623 3016 5678 litteras
3045 5625 3113 5679 ab
3148 5627 3268 5696 ipso
3293 5639 3566 5698 acceptas,

2005 5742 2109 5781 una
2147 5741 2271 5781 cum
2308 5724 2371 5779 iis
2401 5720 2491 5783 aui
2526 5735 2711 5777 secum
2748 5715 2976 5775 aderant
3009 5713 3361 5775 Mosli-miuis.
3398 5721 3570 5793 perle-
