3976 6168
550 266 687 329 1103

1506 274 1873 335 EUTYCHII
1912 272 2453 338 ALEXANDRINI
2491 278 2711 341 PATR.

3667 282 3791 347 lilii

550 382 648 443 git,
680 378 933 449 dixitque
972 379 1040 435 iis
1070 397 1083 435 :
1117 380 1197 433 An
1245 396 1349 435 non
1383 383 1554 435 nostis
1584 383 1761 439 vicum
1802 384 1947 438 ltnnc
1981 399 2011 437 e
2035 382 2118 437 tli-
2146 388 2185 442 Α
2216 385 2353 440 dixit
2387 386 2520 456 ipsis
2556 407 2568 442 :
2601 386 2856 445 Pervenit
2890 389 2956 445 ad
2990 389 3196 446 Arabes
3224 393 3517 461 auxilium,
3568 411 3793 466 cumque

547 474 695 525 tione
743 470 960 542 Egypti
1002 473 1167 527 esse?
1207 483 1262 525 et
1308 475 1762 545 respondentibus
1795 492 1808 529 :
1843 474 1982 539 Imo,
2017 474 2121 527 ltu-

546 572 764 633 perator
797 566 1025 635 (inquit)
1071 566 1307 620 fidelium
1351 565 1537 635 jussit,
1570 569 1935 638 praecepitque
1962 567 2126 637 300

549 667 604 709 ut
638 655 681 709 si
716 666 1135 726 assequerentur
1164 675 1247 713 me
1282 658 1479 713 littera:
1522 661 1695 730 ipsius
1735 661 1975 715 nondum
2013 675 2123 715 ter-

547 763 660 799 ratn
693 746 1067 816 Egyptiaeam
1120 749 1453 820 ingressum,
1504 761 1842 816 reuerterer;
1892 750 2037 822 quod
2077 751 2122 808 si

549 853 668 889 eam
698 838 811 906 jam
863 841 1192 908 ingressum,
1237 855 1515 911 pergerent
1548 860 1563 897 :
1600 842 1807 913 pergite
1836 858 1963 913 ergo
1996 858 2120 899 cum

550 928 929 985 benedictione
979 930 1069 984 Dei
1130 942 1185 985 et
1250 932 1457 986 auxilio
1524 932 1720 1004 ipsius.
1781 934 1982 989 Ferunt
2030 936 2121 989 alii

547 1025 792 1087 Amrum,
822 1039 944 1077 cuiu
999 1023 1050 1077 in
1096 1022 1384 1080 Palaestina
1429 1033 1599 1091 esset,
1644 1024 1940 1098 Egyptutu
1996 1042 2121 1083 cum

547 1114 840 1170 comitibus
862 1114 977 1170 suis
1005 1114 1309 1185 profectum
1345 1130 1465 1171 esse
1488 1131 1594 1170 non
1623 1117 1910 1187 impetrata
1938 1116 2123 1181 venia,

563 1207 961 1277 scripsisseque
1008 1208 1077 1262 ad
1129 1208 1305 1277 ipsum
1361 1206 1619 1264 Otnarum
1676 1209 1845 1265 Ebnol
1892 1211 2119 1265 Cltetabi

546 1316 669 1353 cum
703 1300 876 1354 adhuc
906 1301 1043 1354 citra
1081 1301 1340 1358 Arisltum
1372 1310 1561 1367 esset;
1601 1304 1779 1374 ipsum
1812 1319 1938 1359 vero
1970 1305 2120 1360 litte-

550 1405 635 1444 rus
668 1389 809 1460 apud
849 1404 910 1445 se
960 1402 1202 1448 retentas
1246 1406 1354 1446 non
1397 1394 1594 1463 legisse
1636 1394 1811 1451 donec
1862 1396 2121 1452 Arisltutn

551 1480 886 1549 perveniret;
941 1495 1003 1534 ac
1046 1488 1160 1535 tum
1209 1496 1303 1537 eas
1347 1482 1586 1553 legisse;
1635 1481 1690 1537 in
1740 1484 1940 1554 quibus
1987 1488 2125 1541 scri-

549 1582 696 1640 ptum
733 1572 833 1627 fuit
870 1587 886 1626 :
921 1574 1002 1627 Ab
1050 1570 1254 1628 Otnaro
1289 1572 1457 1628 Ebnol
1504 1574 1733 1633 Cbetabi
1783 1577 1850 1630 ad
1893 1577 2121 1633 Amrum

549 1666 716 1720 l-llmnl
752 1666 868 1721 Asi.
914 1664 1008 1721 llis
1041 1668 1381 1738 praemissis:
1425 1666 1709 1725 Profectus
1751 1684 1812 1725 es
1862 1680 1919 1725 tu
1957 1670 2121 1743 Egy-

2230 479 2369 531 ltaud
2408 481 2581 534 simus
2612 481 2679 534 iis
2708 482 3114 553 oppugnandis.
3167 489 3346 539 securi
3379 502 3503 543 esse
3534 505 3643 545 non
3675 508 3792 562 pos-

2228 583 2442 635 sumus,
2470 585 2536 624 ne
2562 586 2749 626 arcem
2765 572 3050 644 capientes
3073 590 3174 631 nos
3205 578 3510 646 tt'ucident;
3544 586 3749 651 quocirt
3767 600 3793 638 a

2233 663 2530 719 obstructis
2565 664 2710 720 arcis
2762 668 2956 736 portis,
3004 684 3184 739 pugna
3234 672 3385 740 ipsos
3418 673 3750 731 lacessamus
3783 694 3795 739 ;

2229 764 2395 824 atque
2431 771 2496 811 es
2526 771 2652 812 arce
2706 758 2759 812 in
2796 759 3031 815 insulam
3072 764 3277 832 egressi
3306 765 3381 820 ibi
3412 765 3795 835 subsistamus,

2228 845 2392 902 ﬂuvio
2426 863 2525 903 nos
2558 851 2890 924 munientes.
2926 852 3146 925 Egressi
3173 871 3309 927 ergo
3340 856 3515 915 Graeci
3547 875 3653 915 una
3679 878 3793 917 cunt

2228 940 2561 997 Mnkattltaso
2615 956 2669 998 et
2722 955 2865 1003 etetu
2949 948 3253 1015 primorum
3301 952 3681 1021 Cophtitarum
3734 970 3795 1009 es

2225 1045 2381 1105 porta
2415 1038 2680 1103 australi,
2707 1040 3007 1096 comitante
3038 1042 3323 1098 hominum
3362 1046 3528 1103 turba
3554 1049 3649 1117 qui
3678 1063 3795 1105 cum

2225 1128 2498 1184 Arabibus
2535 1140 2858 1201 pugnarent,
2877 1137 3195 1191 conscensis
3231 1137 3465 1193 navibus
3486 1140 3541 1195 in
3567 1142 3795 1197 insulam

2227 1232 2489 1276 venerunt
2519 1238 2584 1279 eo
2616 1224 2739 1280 loco
2773 1224 2864 1280 ubi
2908 1236 2995 1283 est
3029 1227 3189 1285 hodie
3226 1228 3636 1298 Exclusorium,
3669 1250 3791 1305 pou-

2225 1321 2445 1385 temque
2497 1317 2976 1376 rescideruutno
3017 1332 3198 1377 autem
3258 1332 3503 1393 tempore
3540 1325 3647 1382 fttit
3696 1343 3798 1396 quo

2227 1406 2434 1460 auctior
2465 1406 2579 1462 linit
2608 1406 2785 1465 Nilus.
2805 1410 2941 1465 Tum
2965 1410 3259 1468 Mttkaukas
3289 1415 3355 1470 ad
3379 1415 3608 1472 Amrum
3636 1418 3798 1475 Ebnol

2228 1498 2343 1563 Mi,
2375 1514 2437 1554 ac
2471 1499 2647 1570 ipsius
2682 1504 2914 1561 comites
2944 1506 3167 1562 mittens
3200 1525 3217 1563 :
3270 1508 3381 1564 Vos
3414 1510 3644 1582 (inquit)
3674 1528 3797 1582 gens

2224 1591 2361 1647 estis
2378 1595 2471 1663 qui
2507 1596 2780 1665 regionem
2806 1607 3049 1656 nostram
3077 1602 3338 1670 ingressi,
3371 1618 3552 1675 pugna
3580 1619 3684 1661 nos
3711 1622 3799 1661 ur-

2226 1681 2377 1737 sistis
2403 1682 2606 1755 diuque
2628 1688 2680 1740 in
2715 1695 2861 1744 terra
2885 1700 3075 1746 nostra
3101 1692 3452 1751 substitistis.
3470 1695 3593 1752 iam
3622 1708 3796 1754 autem

549 1771 697 1829 ptum
730 1776 853 1815 cum
901 1762 970 1817 iis
1007 1761 1099 1832 qui
1127 1770 1306 1817 tecum
1352 1771 1479 1818 sunt
1512 1781 1526 1817 :
1559 1765 1613 1819 in
1646 1768 1998 1845 qua‘magna
2037 1780 2122 1821 cst
2161 1763 2200 1817 Β
2234 1773 2404 1827 cinxit
2430 1789 2531 1829 vos
2562 1774 2719 1833 Nilus
2762 1778 2887 1843 iste,
2935 1778 3173 1851 factique
3208 1783 3345 1839 estis
3397 1787 3652 1864 protinus
3677 1803 3797 1857 cap-

545 1870 576 1908 e
624 1852 991 1908 Romanorum
1032 1855 1206 1924 copiis
1252 1855 1564 1920 multitudo,
1627 1872 1752 1911 cum
1794 1866 1972 1914 tet-um
2022 1860 2120 1913 bo-

548 1947 722 1999 tnines
754 1947 864 1999 sint
908 1961 1138 2000 numero
1182 1947 1362 2016 pauci.
1401 1947 1455 2003 Si
1503 1963 1634 2019 ergo
1683 1949 1922 2004 nondum
1954 1950 2122 2023 Αἰαν-

548 2047 697 2107 ptum
724 2037 989 2106 attigeris,
1030 2035 1117 2092 fac
1150 2039 1364 2094 redeas.
1410 2039 1619 2095 Dixisse
1650 2056 1780 2112 ergo
1818 2042 2071 2098 Quarum
2104 2062 2117 2097 :

547 2133 808 2193 Quantam
865 2138 947 2184 est
1003 2129 1121 2184 haec
1169 2130 1355 2185 terra?
1400 2130 1649 2202 Cumque
1680 2134 2117 2203 responderent:

543 2219 812 2293 Egyptus
850 2240 865 2276 :
913 2220 1217 2291 profectum
1256 2222 1586 2293 pert-exisse.
1628 2224 1732 2280 Alii
1767 2233 1948 2282 autem
1991 2228 2121 2280 Atu-

550 2329 666 2367 rum
696 2328 817 2366 cunt
844 2314 1086 2368 exercitu
1118 2314 1396 2383 suojuxta
1434 2314 1743 2372 Caesaream
1775 2318 1967 2383 fuisse,
2012 2335 2116 2374 una

544 2420 665 2459 enni
691 2404 904 2459 caeteris
939 2420 1060 2476 qua:
1092 2405 1170 2461 ibi
1203 2415 1388 2461 essent
1416 2406 1592 2476 copiis
1627 2407 1797 2478 ipsam
1831 2408 2121 2465 obsidione

544 2500 853 2566 cingentes;
916 2508 1082 2569 atque
1138 2495 1399 2554 Omarum
1460 2496 1635 2554 Ebnol
1692 2499 1964 2564 Clietabi,
2026 2504 2120 2574 qui

542 2591 712 2647 Jabix
748 2600 864 2645 tum
918 2590 1039 2656 luit,
1091 2589 1233 2644 clam
1267 2589 1335 2645 ad
1389 2590 1568 2660 ipsum
1619 2589 1830 2646 litteras
1880 2592 2122 2651 misisse.

547 2685 727 2753 Ipsum
770 2696 899 2748 ergo
946 2680 1238 2753 Egyptum
1290 2680 1655 2745 contendisse,
1709 2697 1846 2738 eove
1891 2683 2117 2753 iubente

546 2778 774 2832 comites
815 2779 988 2847 ipsius
1037 2778 1313 2849 profectos
1347 2791 1468 2833 esse
1513 2776 1692 2831 instar
1731 2792 1922 2833 eorum
1965 2779 2057 2849 qui
2091 2794 2119 2833 a

546 2872 662 2925 loco
711 2870 776 2923 ad
832 2872 1011 2925 locum
1059 2868 1427 2941 prepinquum
1480 2869 1941 2939 proﬁciscuntur,
1998 2870 2121 2925 dein

545 2971 708 3013 noctu
764 2959 867 3012 iter
914 2958 1129 3015 fecisse.
1175 2960 1421 3029 Cumque
1458 2958 1570 3028 jam
1626 2959 1841 3028 longius
1892 2959 2121 3029 protei-ti

544 3061 748 3114 essent,
782 3065 920 3119 aegre
950 3050 1140 3105 tulisse
1167 3048 1462 3119 praefectos
1486 3052 1769 3105 exercitus
1803 3052 1935 3106 illud
1973 3052 2119 3121 quod

2227 1860 2344 1914 tivi.
2372 1859 2569 1917 Mittite
2597 1878 2729 1935 ergo
2758 1866 2823 1920 ad
2855 1881 2958 1922 nos
3004 1869 3228 1926 nomine
3280 1880 3466 1949 vestro
3500 1859 3735 1946 aliquem
3769 1892 3795 1931 a

2227 1963 2338 2017 quo
2384 1951 2514 2017 quid
2568 1952 2764 2011 dicatis
2818 1956 3139 2024 audiamus;
3182 1959 3367 2019 forsan
3434 1978 3503 2019 eo
3560 1968 3798 2024 recident

2227 2042 2371 2097 inter
2403 2059 2502 2099 nos
2533 2056 2589 2100 et
2634 2060 2734 2101 vos
2783 2064 2871 2105 res
2910 2066 3021 2121 quo
3062 2055 3280 2124 utrique
3316 2057 3585 2124 velimus;
3640 2072 3797 2132 atque

2228 2134 2318 2189 iSti
2345 2136 2623 2201 internos
2663 2142 2955 2196 certamini
2992 2144 3115 2199 linis
3150 2146 3483 2217 imponetur.
3507 2148 3645 2205 Cum
3674 2166 3800 2223 ergo

2228 2227 2292 2279 ad
2319 2228 2541 2283 Amrum
2580 2230 2752 2286 Ebnol
2788 2233 2883 2290 Διί
2914 2239 3289 2303 pervenissent
3317 2238 3633 2297 Mokaukasi
3658 2259 3799 2299 nun-

2224 2314 2307 2381 tii,
2364 2317 2512 2372 misit
2568 2318 2658 2373 ille
2704 2334 2825 2375 cum
2881 2322 3018 2391 ipsis
3073 2325 3297 2382 Abadali
3348 2327 3517 2384 Ebnol
3574 2330 3799 2398 Sameti,

2226 2402 2370 2468 (erat
2397 2417 2577 2462 autem
2609 2408 2830 2463 Abadalt
2854 2410 3041 2485 Niger)
3062 2416 3156 2485 qui
3189 2417 3277 2471 ubi
3313 2421 3379 2473 ad
3413 2419 3799 2479 Ilokaultasuln

2228 2497 2510 2565 ingressus
2532 2510 2699 2562 esset.
2750 2503 2841 2558 illo
2877 2519 3041 2575 Drepe
3074 2508 3175 2561 sibi
3209 2509 3401 2566 sedere
3434 2512 3594 2581 jusso
3618 2532 3635 2570 :
3663 2514 3801 2582 Quid

2226 2597 2335 2655 est,
2359 2589 2557 2660 inquit,
2586 2592 2731 2661 quod
2759 2609 2789 2649 a
2824 2596 2983 2653 nobis
3015 2599 3220 2655 vultis?
3250 2603 3429 2660 indica
3460 2606 3648 2662 nobis.
3703 2607 3801 2665 Cui

2228 2681 2454 2772 nbadalt
2501 2701 2516 2738 :
2563 2683 2681 2739 Non
2740 2695 2826 2741 est
2879 2690 3105 2761 (inquit)
3158 2693 3302 2751 inter
3358 2712 3460 2755 nos
3514 2713 3581 2754 ac
3617 2700 3803 2772 305-

2226 2770 2387 2843 307
2419 2786 2514 2829 vos
2536 2776 2643 2830 nisi
2680 2790 2710 2833 e
2746 2778 2926 2836 tribus
2964 2784 3127 2838 rebus
3170 2800 3298 2853 una,
3358 2803 3593 2859 quarum
3628 2770 3803 2847 utram

2228 2866 2402 2921 mavis
2427 2868 2602 2938 elige;
2656 2872 2729 2925 ita
2765 2873 2911 2927 enim
2937 2874 3071 2930 mihi
3102 2877 3156 2931 in
3189 2880 3463 2939 mandatis
3488 2883 3644 2939 dedit
3673 2886 3803 2948 dux,

2230 2964 2392 3022 atque
2420 2957 2563 3013 idem
2595 2961 2711 3031 ipse
2742 2963 2811 3020 ab
2843 2965 3176 3037 imperatore
3207 2972 3451 3029 lidelium
3483 2977 3803 3033 mandatum

2228 3050 2471 3121 accepit;
2518 3068 2731 3124 nempe,
2780 3067 2837 3113 ut
2886 3062 2970 3115 vel
3026 3061 3342 3135 religionem
3375 3077 3617 3124 nostram
3684 3073 3806 3127 isle-

546 3145 778 3205 l'ei-isset,
822 3158 881 3197 se
920 3144 988 3199 ab
1028 3143 1145 3213 ipso
1177 3142 1528 3215 θοι-303
1560 3143 1818 3214 deceptos
1853 3144 2120 3200 videntes.
2150 3130 2197 3192 C
2232 3141 2474 3197 tttitieatn
2511 3147 2940 3217 amplectamiui,
2970 3130 3237 3226 atque‘ita
3271 3160 3465 3216 fratres
3490 3163 3653 3219 uobis
3683 3181 3808 3219 eva-

546 3234 729 3302 lioque
775 3233 995 3303 cognito
1032 3234 1099 3287 ad
1151 3235 1409 3286 Omarutn
1452 3232 1625 3287 Ebnol
1672 3234 1894 3290 Cltetabi
1944 3234 2121 3305 ipsum

545 3324 824 3380 detulisse.
852 3322 953 3391 Qui
994 3322 1060 3379 ad
1095 3324 1273 3394 ipsum
1313 3324 1537 3394 scripsit
1570 3324 1740 3378 Amro
1795 3325 1971 3381 Ebuol
2004 3327 2120 3390 Asi,

547 3419 633 3471 liis
675 3417 1013 3486 praemissis:
1067 3415 1331 3486 Detepisti
1368 3431 1462 3471 eos
1509 3417 1599 3486 qui
1643 3427 1821 3472 tecum
1865 3426 2042 3485 sunt;
2078 3419 2122 3473 si

539 3522 670 3576 ergo
713 3508 1059 3578 pervenerint
1106 3508 1172 3561 ad
1224 3516 1280 3561 te
1329 3508 1525 3562 litterae
1549 3517 1771 3576 nostrae,
1828 3522 2120 3581 antequam

545 3598 834 3671 zEgyptum
883 3602 1163 3669 ingressus
1215 3598 1407 3662 fueris,
1452 3608 1730 3655 revertere
1777 3618 1791 3657 :
1841 3603 1925 3656 sin
1976 3614 2123 3674 post-

539 3708 701 3761 quam
736 3706 854 3746 eatn
900 3693 1187 3762 ingressus
1235 3692 1406 3746 fueris
1437 3693 1505 3746 ad
1540 3703 1594 3746 te
1630 3694 1851 3763 perlatae
1898 3694 2119 3757 fuerint,

540 3798 752 3855 pergas,
787 3787 1039 3852 sciasque
1075 3799 1161 3837 me
1188 3798 1344 3851 opem
1379 3783 1475 3837 tibi
1502 3785 1764 3839 laturum.

614 3875 895 3932 Proiectis
942 3887 1074 3942 ergo
1121 3873 1414 3927 l’barmatn
1467 3890 1662 3943 usque,
1725 3892 1966 3931 mensem
2020 3878 2120 3931 tibi

537 3965 805 4030 substitit,
850 3963 1028 4020 donec
1066 3964 1243 4033 ipsam
1273 3963 1560 4019 obsidione
1591 3966 1830 4019 cinctam
1874 3976 2117 4037 caperet.

541 4058 673 4113 Dein
706 4058 941 4113 Ilesrum
976 4056 1279 4127 prolectus,
1310 4057 1402 4112 ubi
1433 4056 1665 4111 Romani
1700 4072 1827 4114 arce
1856 4073 1916 4114 se
1942 4061 2121 4114 muni-

541 4158 750 4210 verant,
794 4162 955 4217 quam
996 4147 1159 4201 etiam
1206 4146 1350 4202 vallo
1396 4147 1642 4216 undique
1694 4151 2000 4215 cinxerant,
2064 4150 2119 4204 in

540 4239 685 4310 quod
738 4241 927 4294 clavos
993 4237 1205 4294 ferreos
1263 4238 1647 4308 coniecerant;
1704 4254 1887 4294 arcem
1950 4244 2114 4296 istaut

545 4342 752 4405 septem
803 4331 1090 4387 mensibus
1136 4331 1473 4395 obsidentes,
1536 4334 1776 4402 graviter
1827 4334 1976 4404 ipsos
2018 4348 2116 4402 op-

547 4431 882 4497 pugnarunt.
935 4424 1004 4477 At
1055 4437 1180 4477 cum
1226 4420 1541 4477 differretur
1592 4422 1713 4492 ejus
1764 4426 2116 4494 expugnatio,

550 4517 774 4587 scriptis
809 4514 1006 4569 litteris
1038 4514 1106 4568 ab
1145 4514 1344 4569 Omaru
1374 4529 1530 4583 opem
1569 4517 1761 4584 petiit,
1807 4518 1897 4585 qni
1926 4525 1981 4571 et
2015 4517 2120 4587 ipsi

559 4612 613 4664 in
673 4608 934 4663 auxilium
978 4618 1173 4673 quater
1208 4606 1356 4661 mille
1405 4608 1554 4662 viros
1597 4610 1766 4674 misit,
1819 4617 1874 4663 et
1923 4610 2125 4682 quibus

541 4712 692 4755 erant
745 4700 1017 4757 Allobair
1058 4697 1228 4754 Ebuol
1259 4700 1468 4765 Arami,
1521 4701 1747 4756 Abadalt
1800 4700 1972 4756 Ebnol
2020 4702 2123 4757 Sa-

541 4796 693 4856 ntcti.
755 4805 806 4848 et
865 4793 1179 4849 Mosallema
1225 4794 1347 4849 Ebn
1403 4792 1739 4862 Iltiltalladi;
1789 4795 2124 4866 fueruntque

540 4889 705 4939 Amro
739 4898 900 4939 antea
932 4897 1173 4955 quatuor
1212 4886 1457 4941 virorum
1505 4885 1675 4938 millia
1696 4925 1712 4950 ,
1760 4886 1899 4941 adeo
1930 4896 1987 4941 ut
2008 4888 2121 4957 jam

534 4982 704 5033 octies
741 4980 890 5033 inille
941 4979 1242 5033 evaserint.
1294 4977 1595 5033 Praefectus
1635 4987 1819 5034 autem
1867 4980 2119 5052 vectigali

536 5070 780 5140 zEgyitti,
830 5072 1049 5124 nomine
1104 5070 1338 5126 lleraclii
1377 5071 1747 5139 imperatoris.
1794 5070 1899 5128 fuit
1935 5074 2120 5127 Almo-

536 5162 762 5229 kankas,
807 5163 902 5233 qui
937 5175 990 5219 et
1015 5161 1265 5220 Jacobita
1300 5164 1423 5229 fuit,
1475 5163 1699 5221 Graecos
1727 5165 1855 5220 odio
1884 5167 2116 5229 balteus.

537 5256 641 5310 nisi
672 5255 815 5325 quod
861 5256 1187 5311 sententiam
1237 5271 1393 5311 suam
1433 5254 1793 5312 Jacobiticam
1833 5259 2009 5326 palam
2039 5257 2117 5311 la-

537 5364 656 5403 cere
690 5349 791 5419 ipsi
827 5348 1004 5403 visum
1037 5363 1143 5402 non
1174 5357 1345 5413 esset,
1379 5363 1447 5402 ne
1478 5349 1548 5403 ab
1579 5349 1712 5417 ipsis
1741 5351 2111 5405 occideretur.

540 5441 682 5505 Quin
712 5449 767 5495 et
814 5440 1035 5512 Algypti
1069 5440 1310 5497 redditus
1340 5440 1646 5495 detinuerat
1673 5456 1736 5495 ex
1768 5458 1874 5511 quo
1908 5442 2118 5497 obsedit

538 5532 701 5585 Cesra
731 5531 1287 5604 Constantinopolim,
1336 5533 1473 5588 adeo
1514 5542 1572 5588 ut
1605 5536 1822 5589 timeret
1853 5538 1904 5589 in
1939 5534 2112 5591 [lera-

2227 3234 2393 3299 datis,
2425 3238 2676 3309 idemque
2698 3258 2795 3312 pro
2825 3245 2981 3301 vobis
3012 3256 3065 3301 et
3094 3264 3194 3319 pro
3235 3252 3414 3318 nobis,
3448 3254 3588 3310 idem
3614 3266 3807 3312 contra

2228 3340 2329 3418 vos
2355 3342 2421 3382 ac
2448 3340 2637 3387 contra
2670 3350 2772 3391 nos
2801 3334 2989 3403 faciat;
3018 3336 3147 3412 [hoc
3171 3342 3354 3415 pacto]
3382 3361 3410 3399 a
3439 3362 3620 3418 pugna
3652 3350 3809 3406 vobis

2225 3417 2510 3477 inferenda
2557 3423 2905 3492 desistemus,
2968 3446 3145 3501 neque
3198 3435 3458 3491 damnum
3501 3417 3669 3495 vobis
3726 3444 3811 3497 in-

2225 3510 2378 3579 ferri,
2415 3515 2496 3570 vel
2535 3526 2594 3570 ut
2617 3520 2741 3588 quis
2764 3519 2817 3575 in
2861 3537 2957 3578 vos
2992 3524 3279 3581 incursum
3316 3528 3481 3585 faciat
3514 3534 3809 3602 permitte-

2226 3616 2371 3689 ntus.
2404 3600 2561 3669 Quod
2583 3608 2628 3661 si
2663 3606 2942 3674 abnuatis,
2992 3612 3261 3669 tributum
3301 3618 3479 3685 nobis,
3516 3600 3671 3689 quod
3705 3637 3809 3679 rio-

2226 3687 2309 3742 bis
2356 3691 2532 3745 visum
2572 3692 2757 3763 fuerit,
2809 3701 3105 3767 quotannis
3151 3704 3402 3771 pentlatis
3455 3687 3808 3777 perpetuum,

2224 3782 2485 3847 quamdiu
2539 3787 2754 3858 utrique
2803 3791 3145 3859 superfutnri
3199 3810 3413 3861 sumus,
3475 3809 3642 3869 atque
3703 3802 3807 3857 hoc

2223 3885 2383 3941 pacto
2415 3890 2511 3931 vos
2534 3881 2604 3932 ab
2627 3881 2883 3938 omnibus
2921 3884 3015 3953 qui
3054 3900 3151 3940 vos
3190 3890 3435 3958 aggressi
3469 3890 3805 3955 fuerint,vel

2223 3968 2315 4033 qui
2351 3971 2498 4036 quod
2531 3971 2584 4024 in
2613 3974 2853 4045 aliquam
2893 3977 3135 4047 regionis
3193 3990 3389 4036 vestrae
3420 3991 3662 4053 partem.
3725 3988 3805 4043 vel

2223 4058 2362 4114 vitas
2393 4061 2474 4116 vel
2517 4060 2806 4137 facultates
2850 4080 3059 4125 vestras
3102 4070 3363 4127 damnum
3406 4074 3676 4141 intulerit.
3707 4079 3802 4137 de-

2224 4149 2541 4221 fendemus,
2571 4168 2736 4227 atque
2768 4158 2871 4216 boc
2894 4162 3047 4217 vobis
3075 4166 3376 4233 prestituri
3408 4183 3625 4238 sumus,
3674 4188 3803 4229 cum

2225 4245 2279 4299 in
2316 4244 2493 4302 fmdus
2522 4264 2552 4302 a
2589 4250 2748 4306 nobis
2782 4254 2987 4324 recepti
3040 4254 3279 4320 fueritis,
3322 4268 3487 4331 atque
3537 4264 3604 4318 ad
3656 4265 3804 4321 idem

2224 4346 2381 4407 pacto
2409 4342 2563 4397 vobis
2593 4343 2841 4401 obstricti
2870 4348 3100 4405 erimus.
3154 4348 3213 4405 Si
3246 4350 3347 4407 hoc
3378 4352 3656 4423 abnuatis,
3694 4374 3802 4414 non

2223 4442 2471 4501 superest
2504 4436 2646 4491 inter
2698 4452 2798 4493 nos
2846 4447 2900 4493 et
2941 4456 3038 4496 vos
3073 4450 3272 4513 praeter
3299 4446 3466 4515 gladii
3507 4448 3800 4517 judicium,

2228 4521 2402 4578 donec
2455 4526 2539 4579 vel
2594 4528 2659 4580 ad
2714 4542 2881 4582 unum
2937 4543 3128 4587 omnes
3168 4535 3491 4601 moriamur,
3533 4541 3617 4593 vel
3672 4540 3800 4596 illud

2226 4610 2372 4681 quod
2406 4612 2660 4669 volumus
2681 4629 3107 4687 consequamur.
3137 4620 3239 4676 Cui
3281 4622 3650 4683 Almokaukas
3691 4644 3705 4682 :
3733 4626 3797 4682 Ut

2229 4702 2543 4771 religionem
2577 4715 2815 4760 vestram
2843 4708 3264 4777 amplectamur,
3316 4712 3418 4768 hoc
3447 4730 3536 4771 res
3563 4725 3651 4772 est
3680 4733 3796 4788 quae

2226 4790 2341 4844 lieri
2374 4792 2582 4861 nequit.
2609 4790 2763 4859 Quod
2792 4796 2858 4850 ad
2905 4795 3085 4854 foedus
3115 4810 3321 4865 autem,
3361 4803 3498 4859 illud
3551 4811 3695 4875 quod
3728 4807 3789 4863 ad

2226 4897 2313 4936 me
2340 4891 2394 4937 et
2417 4886 2649 4939 comites
2686 4901 2834 4941 meos
2878 4887 3164 4957 Capbtitas
3191 4932 3207 4957 ,
3255 4907 3545 4964 acceptum
3577 4899 3744 4953 habeo
3774 4916 3786 4952 :

2223 4976 2528 5030 abnuerunt
2559 4985 2741 5031 autem
2771 4979 2944 5034 Graeci
2994 4980 3187 5037 foederi
3230 4986 3476 5043 ineundo
3509 5004 3783 5045 assensum

2223 5067 2765 5137 prtebere,diceutes:
2788 5070 3070 5141 Nunquam
3097 5075 3201 5130 hoc
3234 5076 3523 5135 faciemus.
3554 5080 3663 5138 lloc
3691 5096 3787 5136 au-

2221 5167 2330 5213 tent
2356 5158 2481 5215 fecit
2512 5162 2574 5214 Al
2596 5161 2888 5219 Mnkaukas
2908 5164 3097 5222 fraude
3128 5185 3193 5224 ac
3215 5171 3363 5236 dolo,
3388 5182 3444 5227 ut
3475 5175 3551 5228 ita
3576 5176 3787 5230 Cracos

2218 5266 2283 5303 es
2317 5268 2442 5307 atce
2463 5253 2762 5309 educeret:
2791 5255 2955 5327 308
3001 5262 3127 5315 dein
3161 5277 3349 5331 pacem
3383 5268 3667 5334 amplexus
3688 5277 3785 5329 est.

2220 5360 2327 5412 quo
2371 5359 2504 5417 opes
2538 5361 2675 5416 quas
2723 5362 3083 5419 occupaverat
3136 5354 3239 5409 sibi
3290 5356 3473 5412 salvas
3507 5361 3785 5416 retineret.

2220 5437 2490 5494 lleversus
2521 5453 2652 5509 ergo
2682 5439 2907 5496 Abadalt
2942 5442 3113 5499 ΕΙ)ηοὶ
3151 5446 3359 5503 Sameti
3392 5450 3559 5507 Amro
3586 5450 3787 5506 indica-

2219 5533 2294 5583 vit
2329 5528 2460 5599 quid
2501 5530 2705 5608 factum
2748 5546 2916 5588 esset.
2971 5535 3103 5590 Dein
3156 5536 3597 5597 Mobammedani
3640 5552 3787 5598 certo

539 5621 624 5676 clii
654 5624 1000 5693 imperatoris
1041 5642 1237 5681 manus
1293 5625 1534 5681 incidere
1586 5642 1655 5680 ne
1714 5627 1889 5697 ipsum
1939 5634 2113 5683 morte

2225 5623 2324 5691 iam
2382 5622 2623 5679 scientes
2677 5638 2880 5692 paucos
2939 5638 3148 5682 tantum
3207 5632 3261 5685 in
3317 5647 3445 5688 arce
3474 5649 3782 5703 superesse,

540 5713 811 5772 multaret.
870 5718 1001 5775 Dolo
1039 5718 1203 5792 304
1251 5719 1415 5792 igitur
1465 5734 1592 5791 erga
1633 5722 1911 5777 Romanos
1953 5736 2107 5789 usus,

2219 5714 2388 5786 ipsam
2417 5731 2595 5788 pugna
2633 5719 2874 5790 aggressi
2912 5734 2974 5776 ea
2999 5733 3149 5792 parte
3179 5738 3283 5794 qua
3322 5742 3467 5783 nunc
3509 5738 3594 5785 est
3621 5728 3782 5787 Sukol
