3976 6168
252 299 386 366 1105

246 411 463 469 llamam
498 412 701 484 [lorum
728 412 938 484 Balnei]
978 414 1243 469 machinis
1280 429 1341 466 ac
1379 414 1609 470 lialliSIis
1644 417 1814 484 pctie-
1847 434 1890 488 Α
1921 420 2063 485 quoii
2109 419 2161 471 in
2222 417 2404 488 fugam
2462 418 2605 472 versi
2661 426 3006 472 recesserunt
3063 414 3236 468 (ἰηιθί

242 517 391 560 runt.
447 504 582 559 Tum
613 506 885 559 AlZabair
921 506 1065 559 scala
1102 505 1255 559 lateri
1286 507 1430 561 art-is
1458 507 1703 571 admota,
1752 523 1816 562 ea

243 614 365 667 qua:
392 598 567 651 lorum
602 598 745 652 istud
777 600 998 664 respicit
1040 608 1215 668 parte,
1264 601 1530 664 ascvndit,
1569 615 1675 654 non
1706 601 1820 653 ani-

243 687 715 743 madvertentibus
748 688 882 755 ipsis
918 688 1094 742 donec
1120 698 1389 759 occupato
1422 691 1567 744 arcis
1601 688 1818 759 fastigio

242 780 574 835 exclamaret
602 799 616 834 :
647 781 804 836 Allah
838 782 1036 844 Achar,
1067 797 1185 842 seu,
1217 781 1356 837 Deus
1388 783 1655 836 maximus
1681 791 1766 837 est
1799 802 1813 838 :

241 886 366 926 cum
442 874 646 927 scalam
704 874 961 928 certatim
1013 874 1409 928 scandentibus
1478 873 1815 936 hominibus,

244 962 415 1019 Graeci
440 980 469 1019 a
497 980 677 1033 pugna
709 964 1068 1028 desi'stcntcs,
1133 964 1459 1021 conscensis
1502 963 1734 1032 navigiis
1763 963 1816 1017 in

244 1054 479 1109 insulam
506 1054 575 1110 ad
607 1055 792 1110 socios
839 1069 970 1111 suos
1031 1069 1092 1109 se
1147 1064 1473 1124 receperunt
1500 1070 1515 1107 :
1544 1063 1711 1123 atque
1745 1053 1821 1107 ita

244 1150 701 1214 Mahommedani,
738 1166 865 1207 arce
892 1161 1074 1221 capta,
1120 1152 1356 1215 credere,
1402 1150 1633 1213 vincire,
1672 1150 1820 1204 diri-

243 1257 391 1313 pere.
435 1240 608 1298 Gneci
658 1242 846 1313 igitur,
894 1246 1013 1297 viso
1048 1242 1181 1311 quid
1226 1242 1430 1296 fecerat
1459 1238 1820 1296 AlMokaukas

244 1349 481 1404 eumque
502 1373 519 1400 ,
574 1335 711 1404 ipsis
740 1334 934 1389 fraude
960 1350 1025 1388 ex
1057 1350 1183 1390 arce
1238 1333 1517 1399 abductis,
1568 1332 1818 1387 eamdem

248 1423 717 1479 Ilahommedanis
768 1425 1084 1488 tradidisse,
1157 1440 1222 1479 ex
1280 1434 1434 1493 parte
1485 1424 1661 1494 ipsius
1710 1439 1821 1479 me-

244 1524 463 1572 tuentes
496 1517 710 1588 navigia
744 1516 1211 1581 conscenderunt,
1250 1529 1411 1586 atque
1444 1516 1498 1569 in
1526 1516 1722 1569 Ccram
1769 1515 1820 1569 ol

242 1607 478 1663 Shoraik
530 1607 811 1679 [Shoraiki
842 1608 1025 1681 vinea]
1080 1624 1143 1665 se
1196 1608 1251 1663 in
1284 1609 1562 1665 exercitus
1601 1606 1820 1662 modum

247 1712 689 1769 cowposuerunt.
741 1702 1106 1759 AlMokaukas
1158 1711 1339 1757 autem
1390 1717 1515 1757 cum
1589 1701 1819 1755 Amrum

1645 306 1847 364 ΑΝΝᾹ
1862 307 2013 371 ιΕς.

3356 302 3487 365 “Oh

3295 432 3309 469 ε
3360 417 3484 469 tlt‘itl

1923 511 2167 565 Salstano
2317 510 2533 565 obviam
2566 509 2696 566 lacti
2719 507 3087 564 novemdecim
3109 507 3303 561 diebus
3326 508 3487 561 (limi-

1918 609 2117 655 earunt
2142 643 2156 668 ,
2192 601 2391 659 deinde
2413 610 2465 657 et
2498 603 2564 656 ad
2598 600 2851 673 Ceryaun
2884 601 2988 656 sibi
3020 600 3252 654 invicem
3297 614 3479 653 occur-

1924 699 2106 748 rentes
2138 695 2290 763 gravi
2334 695 2519 762 pra-lio
2547 695 2938 760 conﬂixerunt,
2988 692 3133 748 unde
3197 694 3249 748 in
3306 692 3487 763 fugam

1921 784 2169 839 conversi
2197 783 2371 839 Graeci
2408 784 2795 841 Alexandriam
2846 798 2905 839 se
2948 792 3292 852 receperunt,
3328 792 3490 852 atque

1924 876 1977 929 in
2010 875 2128 944 ipsa
2155 890 2215 932 se
2241 876 2621 931 muniverunt.
2670 875 2830 933 Unde
2871 875 3125 930 leoninos
3154 877 3367 929 animos
3398 891 3489 927 sn-

1925 977 2137 1022 mentes
2165 967 2398 1032 Arabes,
2433 967 2836 1022 Alexandrinos
2860 980 3038 1037 pugna
3073 966 3489 1027 lacessiverunt,

1926 1067 2091 1125 atque
2128 1058 2241 1113 aeri
2291 1060 2591 1114 certamine
2644 1060 2790 1129 ipsus
2844 1060 3086 1129 aggressi
3124 1065 3275 1112 sunt.
3319 1057 3491 1113 Graeci

1924 1158 2107 1205 autem
2144 1152 2385 1220 quotidie
2406 1168 2436 1207 e
2462 1152 2633 1221 portis
2668 1152 2876 1222 egressi
2901 1152 3252 1211 dimicarunt.
3276 1152 3410 1205 adeo
3435 1160 3495 1205 ut

1923 1258 1988 1299 ex
2017 1250 2252 1314 utroque
2277 1247 2523 1301 exercitu
2551 1259 2744 1316 magna
2769 1245 3042 1300 occideret
3062 1244 3371 1300 multitudo.
3400 1244 3495 1298 Die

1914 1339 2107 1404 autem
2130 1333 2364 1402 quodam
2389 1335 2591 1389 acriter
2610 1335 2747 1389 adeo
2769 1345 3039 1389 certatum
3065 1342 3168 1399 est,
3205 1345 3260 1388 ut
3289 1337 3495 1390 Arabes

1924 1431 2114 1490 aperta
2142 1437 2267 1479 arce
2318 1424 2693 1479 Alexandrina
2738 1424 2881 1479 intra
2936 1425 3110 1494 ipsam
3162 1425 3311 1494 gravi
3370 1440 3494 1479 cum

1928 1513 2061 1583 ipsis
2096 1529 2274 1585 pugna
2328 1514 2714 1582 conﬂixerint;
2746 1516 2873 1571 dein
2927 1518 2981 1569 in
3017 1517 3169 1586 ipsos
3220 1515 3495 1571 irruentes

1924 1603 2121 1670 Graeci,
2142 1608 2352 1660 ueteris
2376 1607 2569 1676 pulsis,
2594 1607 2815 1663 Amrum
2843 1606 3016 1662 Ebnol
3049 1607 3165 1672 Asi,
3191 1606 3493 1663 Musleinah

1930 1693 2101 1749 Ebnol
2160 1694 2482 1752 Mocballedi
2538 1709 2594 1754 et
2657 1697 2995 1755 Wardanum
3055 1698 3201 1753 Amri
3254 1714 3493 1757 servum,

246 1791 312 1848 de
358 1791 567 1851 findere
610 1796 752 1850 inter
795 1798 943 1866 ipso;
992 1797 1279 1867 pangendo
1310 1796 1561 1861 adiisset,
1594 1796 1663 1851 de
1715 1794 1820 1849 hoc
1852 1801 1893 1857 Β
1926 1800 2049 1840 cum
2097 1787 2205 1841 alio
2248 1789 2510 1856 quodam,
2559 1791 2803 1861 captivos
2851 1797 3135 1857 ceperunt,
3192 1792 3496 1846 nescientes

246 1884 389 1942 inter
428 1886 579 1958 ipsos
604 1891 885 1953 convenit,
920 1898 978 1944 ut
1008 1891 1267 1944 erunibus
1298 1888 1633 1944 Mesrumum
1665 1901 1693 1940 a
1718 1903 1813 1943 su-

244 1978 443 2046 periori
475 1982 595 2051 ejus
628 1994 783 2053 parte
812 1998 985 2052 usque
1020 1984 1085 2037 ad
1138 1982 1458 2038 interiorem
1518 1980 1815 2036 incolenti-

244 2068 369 2135 bus,
400 2069 820 2141 imponerentur
850 2074 961 2128 duo
1004 2073 1152 2128 aurei
1182 2088 1210 2127 a
1264 2072 1498 2144 singulis
1544 2070 1813 2141 pendendi

244 2166 352 2212 tam
384 2160 664 2217 nobilibus
687 2178 849 2232 quam
874 2165 1119 2234 plebeiis,
1168 2164 1420 2220 videlicet
1450 2171 1721 2234 quotquot
1748 2162 1814 2215 ad

243 2261 461 2309 aetatem
489 2256 898 2324 pervenissent;
924 2265 979 2312 at
1010 2271 1111 2313 nec
1132 2273 1161 2313 a
1198 2256 1356 2313 senio
1389 2254 1679 2320 conl‘eetis,
1712 2269 1816 2311 nec

245 2345 434 2413 pueris
494 2346 908 2405 minorennibus
962 2350 1056 2417 qui
1118 2364 1293 2405 annos
1346 2350 1651 2420 pubertatis
1708 2364 1817 2405 non

244 2435 579 2506 attigissent,
613 2439 969 2512 309.311
1014 2456 1112 2496 nec
1146 2457 1175 2495 a
1206 2441 1532 2496 mulieribus
1579 2441 1821 2509 postula-

244 2539 396 2583 retur
419 2529 750 2600 quidquam.
790 2534 1087 2589 Numerum
1148 2534 1310 2588 etiam
1349 2535 1594 2589 inierunt
1622 2550 1813 2591 eorum

243 2638 274 2676 θ
298 2621 573 2692 Copbtitis
604 2626 929 2695 praesertim,
952 2629 1042 2698 qui
1075 2628 1282 2682 tributo
1299 2629 1582 2695 peudendo
1603 2628 1821 2685 obnoxii

237 2728 465 2783 essent;
525 2715 858 2788 fueruntque
903 2721 996 2790 qui
1035 2721 1303 2775 numerati
1350 2729 1501 2782 sunt,
1562 2721 1811 2775 homines

242 2809 424 2865 sexies
484 2810 683 2867 millies
744 2812 915 2878 mille,
973 2828 1208 2881 quorum
1264 2828 1461 2869 census
1506 2813 1807 2869 duodecies

242 2902 444 2958 milites
482 2919 778 2961 aureorum
809 2906 1015 2971 millia;
1046 2906 1201 2961 binos
1237 2916 1417 2962 autem
1473 2921 1668 2961 aureos
1700 2908 1822 2963 istis

242 2992 531 3061 imposuit,
600 3011 701 3066 pro
746 2996 857 3053 illis
912 2998 1319 3055 immunitatem
1379 2999 1512 3065 ipsis
1549 2998 1824 3068 pollicitus

241 3084 346 3140 ﬁde
381 3088 562 3143 lirma.

1922 1880 2142 1933 interim
2168 1879 2393 1950 quinam
2422 1891 2629 1938 essent.
2659 1880 2872 1949 Quibus
2897 1880 3169 1939 Patricius
3194 1899 3208 1936 :
3241 1880 3386 1944 lam,
3414 1883 3495 1937 in~

1918 1971 2060 2040 quit,
2118 1972 2173 2027 in
2232 1973 2489 2030 manibus
2544 1974 2753 2031 nostris
2785 1974 2986 2045 captivi
3044 1975 3212 2040 estis;
3262 1975 3493 2031 indicate

1920 2063 2079 2121 nobis
2114 2065 2242 2134 quid
2277 2076 2361 2121 est
2390 2066 2534 2136 quod
2579 2082 2611 2122 a
2655 2068 2814 2123 nobis
2844 2067 3045 2123 velitis.
3094 2067 3195 2123 Cui
3244 2068 3447 2121 Amrus
3478 2087 3490 2121 :

1919 2156 2269 2228 313'315
2304 2157 2437 2224 Hoc,
2469 2159 2571 2222 vel,
2609 2167 2669 2215 ut
2694 2159 3004 2227 religionem
3024 2168 3263 2215 nostram
3294 2159 3488 2231 ample-

1919 2249 2166 2315 ctamini,
2201 2250 2284 2306 vel
2321 2251 2479 2308 nobis
2531 2253 2790 2307 tributum
2844 2253 3128 2323 pendetis;
3185 2254 3321 2311 alias
3348 2269 3491 2308 nun-

1919 2340 2082 2410 quam
2130 2358 2226 2399 vos
2255 2358 2569 2417 oppugnare
2602 2347 2945 2410 desistemus,
2983 2348 3154 2402 donec
3196 2350 3280 2403 vel
3336 2363 3439 2403 nos
3466 2362 3494 2402 e

1924 2435 2101 2489 medio
2157 2436 2388 2500 tollatis,
2449 2437 2534 2493 vel
2587 2440 2689 2507 ipsi
2742 2440 2958 2510 penitus
3010 2440 3301 2496 tollaminl.
3354 2441 3492 2497 Dixit

1920 2537 2053 2593 ergo
2108 2540 2139 2580 e
2184 2525 2387 2583 Graecis
2432 2527 2662 2599 quidam
2711 2530 2990 2585 Patricio:
3041 2530 3301 2600 Suspicor
3354 2530 3496 2587 hunc

1924 2616 2107 2687 populi
2142 2618 2529 2688 imperatorem
2562 2635 2707 2686 esse,
2741 2623 2940 2677 collum
2992 2637 3121 2693 ergo
3154 2624 3256 2693 ipsi
3310 2624 3499 2693 praeci-

1923 2708 2066 2775 das;
2107 2710 2272 2765 Amro
2301 2710 2511 2768 scilicet
2550 2711 2727 2767 Ebnol
2773 2712 2891 2769 Δεῖ.
2926 2712 3240 2769 Wardauus
3290 2723 3495 2778 autem,

1925 2799 2053 2865 quid
2109 2802 2317 2857 diceret
2370 2803 2783 2869 animadverso.
2833 2819 2959 2859 cum
3016 2820 3190 2876 graece
3258 2805 3498 2869 calleret,

1928 2890 2029 2959 ipsi
2070 2892 2118 2945 vi
2158 2901 2391 2949 attracto
2436 2895 2729 2965 colaphum
2796 2895 3019 2962 inﬂixit,
3070 2896 3304 2954 dicens:
3358 2897 3500 2966 Quid

1929 2983 2025 3036 tibi
2058 2992 2115 3036 ut
2156 2983 2271 3040 haec
2313 2986 2555 3056 loquaris
2585 2988 2730 3045 inter
2764 2989 3063 3059 principes,
3114 3006 3239 3046 cum
3287 3007 3395 3046 non
3427 2993 3501 3047 sit

1931 3074 1985 3128 in
2015 3076 2259 3131 exercitu
2309 3078 2402 3147 qui
2448 3086 2504 3135 te
2536 3077 2764 3135 inferior
2815 3082 2910 3147 sit,
2963 3080 3046 3134 vel
3079 3081 3289 3147 minor;
3334 3082 3497 3138 alium

310 3178 455 3235 Tum
483 3179 549 3235 ad
574 3181 795 3238 Amrum
822 3182 1108 3258 EbnolnAsi
1136 3185 1400 3240 accedens
1417 3183 1813 3241 AlMokaukas:

1927 3168 2071 3239 loqui
2111 3171 2262 3237 sine;
2288 3178 2347 3226 ιιι
2370 3188 2481 3241 pra:
2512 3174 2714 3230 vilitate
2747 3181 2839 3229 tua
2860 3183 2916 3231 te
2944 3175 3159 3232 cohibe.
3191 3174 3336 3232 Dixit
3369 3191 3499 3248 ergo

240 3270 383 3350 Nihil
422 3274 647 3345 (inquit)
690 3276 821 3331 mihi
877 3287 960 3332 est
1017 3292 1141 3331 eum
1206 3275 1436 3341 Grmcis,
1502 3291 1677 3345 neque
1723 3292 1817 3331 ea-

241 3365 364 3421 dem
392 3366 535 3421 mth
562 3382 685 3421 cum
714 3368 821 3423 illis
856 3368 1068 3439 religio,
1117 3383 1293 3436 neque
1337 3369 1647 3424 communis
1694 3383 1821 3425 sen-

241 3456 441 3511 tentia.
473 3456 670 3513 Verum
707 3466 855 3512 metu
896 3474 966 3513 ne
1032 3458 1101 3513 ab
1158 3459 1294 3529 ipsis
1327 3468 1506 3513 morte
1535 3459 1819 3525 multarer,

244 3548 571 3620 religionem
601 3556 659 3604 et
688 3565 865 3604 meam
898 3550 964 3604 de
995 3550 1239 3620 ipsorum
1291 3551 1553 3619 opinione
1597 3560 1821 3607 senten-

245 3641 375 3697 tiam
409 3640 609 3708 celavi,
645 3656 709 3696 ac
738 3641 878 3695 clam
908 3640 1095 3697 habui.
1129 3643 1260 3698 Peto
1286 3652 1470 3697 autem
1500 3658 1528 3696 a
1556 3651 1608 3699 te
1631 3651 1691 3697 ut
1720 3646 1821 3698 tria

246 3735 380 3790 mihi
414 3735 694 3805 postulata
729 3734 1025 3790 concedas.
1061 3734 1321 3801 Quanam
1352 3735 1552 3807 (inquit
1599 3736 1821 3803 Amrus)

244 3835 375 3880 sunt
400 3825 552 3881 ista?
586 3823 888 3895 Respondit
919 3843 933 3880 :
963 3825 1043 3881 Ne
1070 3840 1156 3881 me
1187 3840 1219 3881 a
1275 3826 1511 3894 Coptitis
1559 3841 1819 3897 separes;

241 3918 337 3973 sed
366 3932 453 3973 me
469 3917 523 3970 in
540 3932 729 3973 eorum
757 3933 985 3975 numero
1008 3919 1230 3983 habeas,
1250 3919 1501 3991 idemque
1520 3919 1650 3975 mihi
1675 3918 1820 3989 quod

243 4008 353 4064 illis
401 4008 677 4077 imponas,
708 4008 981 4079 siquidem
1036 4023 1163 4064 eum
1198 4010 1335 4079 ipsis
1391 4024 1601 4074 assero,
1653 4018 1819 4081 atque

246 4100 355 4155 illis
388 4100 443 4156 in
472 4101 559 4160 iis.
586 4112 708 4169 quae
732 4099 800 4154 ad
828 4114 916 4154 tne
943 4108 1215 4169 spectant,
1233 4098 1391 4153 tidem
1418 4098 1614 4155 habeo.
1648 4098 1819 4155 Porro

246 4193 477 4265 Ceptitaa
511 4192 690 4248 lmdus
720 4192 869 4262 quod
921 4206 1048 4248 cum
1082 4192 1219 4262 ipsis
1252 4191 1422 4248 iniisti
1458 4206 1524 4246 ac
1570 4192 1818 4263 pepigisti

242 4284 591 4339 obeervaturi
635 4292 785 4338 sunt.
830 4283 1175 4346 Secundum,
1210 4290 1270 4337 ut
1325 4282 1372 4337 si
1408 4282 1639 4354 posthac
1680 4297 1710 4337 a
1768 4291 1821 4338 te

247 4376 509 4448 petierint
568 4374 766 4440 Graeci,
830 4382 891 4429 ut
927 4389 1053 4430 cum
1112 4376 1223 4431 illis
1272 4389 1461 4444 pacem
1496 4374 1691 4440 facias,
1751 4388 1821 4430 ne

1927 3258 2070 3328 apud
2099 3274 2159 3315 se
2190 3259 2495 3318 Patricius:
2528 3262 2583 3319 Si
2616 3274 2763 3321 esset
2785 3265 2875 3321 ille
2900 3268 3200 3337 imperator
3226 3267 3496 3339 ipsorum,

1928 3352 2046 3407 ﬁeri
2082 3368 2191 3408 non
2228 3364 2412 3423 posset
2442 3364 2504 3411 ut
2542 3356 2632 3412 hic
2665 3358 2844 3428 ipsum
2878 3360 2981 3414 hoc
3030 3361 3195 3417 modo
3233 3362 3496 3429 traheret,

1928 3458 1993 3499 ac
2024 3446 2277 3517 colaphis
2308 3446 2565 3505 crederet.
2595 3448 2743 3506 Dixit
2772 3449 3071 3506 Muslemah
3104 3452 3219 3509 Ebn
3252 3453 3499 3511 Mochal-

1925 3536 2075 3592 ledi:
2114 3538 2174 3592 ln
2226 3539 2409 3595 animo
2450 3540 2640 3596 habuit
2690 3545 2989 3613 imperator
3042 3552 3231 3601 noster
3281 3564 3312 3601 a
3342 3548 3500 3603 vobis

1924 3632 2306 3702 oppugnandis
2335 3635 2615 3702 recedere,
2674 3644 2839 3706 atque
2869 3636 3016 3694 hunc
3050 3639 3103 3694 in
3158 3640 3320 3696 tinem
3355 3641 3500 3695 scri-

1924 3723 2033 3793 psit
2078 3724 2144 3778 ad
2202 3724 2379 3794 ipsum
2434 3726 2737 3797 imperator
2789 3727 3050 3794 ﬁdelium,
3104 3727 3273 3785 Omar
3327 3732 3497 3787 Ehnel

1922 3815 2188 3880 Chetahi;
2230 3816 2394 3887 idque
2426 3806 2573 3888 quoii
2603 3829 2870 3875 statuerat
2901 3822 3088 3875 decem
3122 3837 3153 3877 e
3181 3825 3297 3878 suis
3329 3825 3498 3880 diues

1922 3908 1989 3961 ad
2021 3923 2117 3961 vos
2175 3908 2412 3974 mittere,
2466 3923 2497 3964 e
2545 3910 2839 3980 praecipuis
2900 3911 3110 3968 scilicet
3157 3928 3348 3969 eorum
3406 3920 3497 3983 qui

1924 4000 2162 4055 consilio
2203 4001 2491 4069 pollerent,
2542 4018 2653 4073 quo
2686 4004 2829 4059 inter
2861 4020 2960 4059 vos
2990 4015 3045 4059 et
3096 4006 3245 4075 ipsos
3295 4023 3499 4062 conve-

1924 4089 2066 4143 niret
2101 4090 2167 4145 de
2201 4106 2259 4147 re
2287 4092 2497 4162 aliqua,
2518 4107 2639 4163 quae
2671 4094 2919 4164 utrisque
2946 4104 3098 4165 grata
3139 4105 3309 4161 esset,
3340 4100 3501 4152 aden-

1924 4197 2030 4250 que
2059 4199 2088 4237 a
2118 4184 2273 4239 vobis
2296 4195 2720 4241 reverteremur.
2754 4185 2811 4241 Si
2841 4201 2974 4259 ergo
3023 4189 3127 4245 hoc
3160 4191 3317 4245 vobis
3363 4195 3501 4246 arri-

1924 4273 2074 4340 deat,
2119 4274 2382 4333 dimittite
2416 4292 2517 4334 nos
2550 4292 2662 4346 quo
2694 4280 2762 4335 ad
2812 4280 3197 4351 imperatorem
3248 4294 3495 4338 nostrum

1936 4374 2264 4430 accedentes
2299 4375 2589 4432 certiorem
2625 4378 2805 4448 ipsum
2860 4376 3126 4435 faciamus
3162 4392 3364 4452 quanta
3397 4398 3500 4437 nos

245 4467 382 4522 illud
412 4466 583 4522 facias
617 4464 795 4521 donec
830 4465 978 4536 ipsos
1005 4463 1414 4535 disperdideris,
1432 4472 1487 4519 et
1505 4465 1560 4520 in
1590 4464 1823 4521 servitu-
1857 4502 1900 4557 Β
1928 4480 2054 4521 cum
2117 4465 2462 4523 humanitate
2514 4471 2913 4537 tractaveritis,
2965 4477 3254 4544 mittatque
3290 4474 3359 4530 ad
3404 4490 3501 4530 vas

248 4571 357 4617 tem
395 4560 670 4631 redegeris
698 4576 713 4613 :
746 4560 1013 4629 siquidem
1045 4558 1148 4614 hoc
1172 4558 1322 4628 digni
1371 4567 1520 4613 sunt.
1547 4558 1816 4623 Tertium,

246 4661 309 4706 ut
362 4651 410 4706 si
480 4649 927 4717 muriar,jubcas
983 4647 1132 4719 ipsos
1186 4664 1272 4702 me
1326 4648 1379 4702 in
1443 4649 1674 4704 ecclesia
1723 4650 1822 4705 Abi

246 4738 485 4796 Joannis
513 4738 861 4795 Alexandriae
890 4740 1149 4809 sepelire.
1182 4740 1359 4809 Atque
1408 4740 1523 4795 haec
1552 4742 1824 4797 concessit

246 4837 297 4889 ei
330 4834 536 4888 Amrus
564 4838 669 4887 hoc
702 4844 891 4903 pacto,
922 4841 981 4887 ut
1012 4834 1066 4885 in
1118 4846 1179 4887 se
1234 4831 1582 4902 susciperent
1629 4842 1827 4901 pontes

248 4924 392 4979 duos
420 4923 764 4989 rcticiendos,
822 4938 887 4978 ac
944 4923 1254 4978 diversoria
1307 4924 1444 4994 ipsis
1473 4932 1529 4979 et
1562 4924 1824 4994 hospitia,

248 5027 303 5073 et
332 5017 456 5071 (ora
490 5031 556 5071 ac
610 5025 809 5088 pontes
867 5018 1072 5087 ubique
1109 5015 1273 5087 312
1325 5019 1467 5071 inter
1504 5016 1825 5071 Pbastatuni

248 5123 305 5167 et
334 5110 725 5167 Alexandriam
773 5120 1032 5180 pararent
1066 5127 1082 5164 :
1117 5109 1262 5179 quod
1296 5118 1351 5165 et
1396 5108 1668 5176 fecerunt,
1700 5125 1828 5181 pro-

251 5202 553 5259 deuntibus
602 5203 943 5272 Coptitarum
996 5202 1328 5271 primoribus
1380 5203 1446 5254 ad
1507 5202 1647 5256 viam
1722 5203 1829 5258 illis

254 5297 589 5367 parandam;
623 5305 949 5365 pontesque,
979 5309 1045 5349 ac
1078 5295 1193 5349 lora
1245 5303 1301 5349 et
1343 5294 1646 5348 diversoria
1695 5294 1829 5363 ipsis

254 5389 504 5446 curanda
536 5407 551 5444 :
585 5389 718 5460 quin
746 5397 800 5443 et
832 5389 1097 5443 auxilium
1144 5389 1278 5460 ipsis
1319 5389 1560 5443 tulerunt
1592 5388 1829 5459 Cuptita:

257 5496 604 5553 quacunqne-
652 5483 709 5537 in
770 5499 829 5538 re
894 5486 1189 5538 voluerunt
1245 5482 1311 5536 ad
1374 5481 1595 5538 Graecos
1659 5497 1829 5552 oppu-

259 5572 533 5645 gnandos.
595 5575 881 5631 Proiectus
942 5583 1029 5630 est
1088 5590 1219 5644 ergo
1277 5590 1401 5629 cum
1456 5573 1572 5627 suis
1630 5577 1829 5628 Ann-us

260 5670 439 5724 donec
466 5670 672 5725 Graecis
701 5668 967 5725 universis
989 5670 1046 5722 in
1076 5669 1304 5723 Ceramo
1340 5667 1601 5721 'Shnraih
1631 5680 1827 5721 occur-

244 5770 409 5848 ⁸ῐιξιιιιι
441 5778 456 5821 z
494 5763 587 5820 ubi
624 5762 983 5830 pertridunm
1039 5779 1214 5835 pugna
1266 5762 1651 5821 decertarunt;
1708 5768 1829 5830 post

1930 4558 2118 4615 decem
2150 4561 2341 4625 duces,
2374 4567 2538 4631 atque
2570 4562 2647 4617 ita
2678 4564 2986 4634 composito
3012 4565 3155 4621 inter
3188 4580 3286 4621 nos
3320 4575 3375 4621 et
3405 4581 3502 4622 vos

1933 4652 2176 4721 negotio,
2207 4651 2375 4723 316
2397 4667 2464 4707 eo
2499 4652 2659 4709 modo
2688 4654 2785 4725 qui
2834 4656 3088 4725 utrisque
3116 4664 3306 4728 gratus
3343 4658 3433 4721 sit,
3470 4673 3501 4711 a

1932 4744 2089 4798 vobis
2119 4746 2465 4801 recedamus.
2494 4744 2667 4802 Batus
2692 4744 2967 4803 Patricius
2998 4763 3188 4804 verum
3210 4763 3331 4805 esse
3354 4751 3500 4818 quod

1935 4837 2170 4899 dixerat.
2220 4838 2431 4893 dimisit
2469 4839 2646 4909 ipsos,
2676 4854 2907 4910 sperans
2954 4855 3278 4897 accessuros
3336 4841 3505 4895 duces

1932 4928 2119 4983 decem
2151 4944 2292 4999 quos
2320 4930 2575 4987 occidere
2632 4938 2835 5000 posset,
2884 4938 3049 5003 atque
3105 4933 3176 4987 ita
3207 4932 3416 4987 Arabes
3448 4932 3501 4984 in

1934 5029 2254 5091 potestatem
2306 5036 2464 5077 suam
2496 5022 2785 5093 redigere:
2820 5022 2973 5078 abire
3002 5037 3135 5094 ergo
3189 5021 3337 5090 ipsos
3382 5038 3503 5091 per-

1934 5112 2106 5168 misit.
2140 5114 2224 5168 illi
2257 5128 2387 5169 vero
2419 5113 2509 5169 ubi
2543 5114 2754 5183 egressi
2784 5121 2996 5179 essent,
3032 5114 3170 5168 dixit
3198 5113 3501 5169 Moslemab

1936 5206 2101 5258 Ληιιό
2133 5202 2292 5258 Ehnil
2330 5205 2464 5260 Asi:
2523 5202 2667 5259 Ileus
2700 5204 2866 5259 Ature
2903 5204 2916 5257 l
2952 5204 3207 5259 liberavit
3255 5212 3309 5258 te
3341 5205 3502 5257 War-

1934 5295 2060 5349 dani
2121 5294 2410 5366 colaphos.
2482 5294 2612 5350 Dein
2676 5293 2842 5350 Deum
2907 5294 3204 5349 niaximum
3264 5292 3503 5348 celi-bra-

1934 5395 2079 5443 runt.

2003 5483 2215 5537 Norunt
2249 5495 2378 5550 ergo
2414 5479 2644 5537 Romani
2675 5482 2901 5536 Amrum
2935 5478 3103 5533 fuisse
3132 5477 3222 5545 qui
3257 5476 3502 5546 captivus

1936 5574 2118 5628 luerat
2148 5590 2161 5626 :
2198 5574 2558 5645 pmnituitque
2591 5574 2714 5627 illos
2748 5572 2897 5642 quod
2935 5574 3111 5643 ipsum
3145 5569 3501 5624 dimisisseut.

1936 5666 2074 5723 Tum
2110 5667 2496 5721 accedentibus
2550 5666 2684 5735 ipsis
2717 5680 2779 5719 ac
2811 5665 3086 5718 Romanos
3118 5662 3357 5715 clamore
3380 5675 3505 5713 evn-

1949 5761 2201 5816 cantibus
2241 5759 2387 5821 gravi
2438 5759 2741 5815 certamine
2773 5766 3066 5814 uuanatutu
3098 5761 3214 5812 est:
3274 5752 3502 5808 ltoniani
