3976 6168
479 369 618 436 iiii?

1450 380 1815 447 EUTYCIII]
1864 389 2399 456 ALEXANURINI
2442 398 2663 461 PATR.

3597 401 3733 468 1108

474 495 661 586 ’ξηαπ
714 489 770 545 in
802 489 980 560 ῐυετιω
1030 495 1305 561 conversi,
1358 496 1448 555 alii
1509 500 1576 556 ad
1634 517 1784 558 mare
1815 518 1874 559 se
1906 504 2045 560 reci-
2077 512 2118 564 A
2152 508 2297 564 mina
2346 508 2612 569 f’ltustato
2665 514 2989 569 Kolzamum
3042 511 3386 579 deferebant,
3434 528 3559 586 qua
3601 515 3724 568 dein

473 582 689 652 pientes
752 588 968 657 navigia
1019 591 1490 660 conscenderunt,
1535 597 1626 653 alii
1684 614 1781 670 per
1837 608 2038 657 terram

474 676 747 741 abierunt,
779 691 843 733 ac
870 679 1100 752 ingressi
1136 691 1266 740 sunt
1291 685 1593 745 Ilosicmini
1626 691 2037 755 Alexandriam,

473 773 762 836 postquam
793 769 847 824 in
898 771 1068 841 ipsius
1096 773 1385 831 obsidione
1440 794 1653 836 menses
1702 783 2039 851 quatuoriie-

470 861 577 912 eim
614 860 1057 932 insuntpsissent.
1109 865 1391 938 Captaque
1414 872 1524 941 jam
1555 872 1693 929 urbe
1723 884 1883 944 atque
1917 875 2039 945 fuga

471 950 699 1020 dilapsis
752 954 846 1024 qui
891 969 925 1012 e
973 955 1240 1014 Romanis
1292 958 1566 1030 fugerant,
1630 967 1910 1034 prolectus
1956 980 2041 1023 εει

468 1046 673 1102 Amrus
697 1045 870 1104 Ebnoi
894 1048 987 1107 Asi
1015 1066 1113 1108 eos
1138 1055 1232 1124 qui
1261 1070 1359 1125 per
1381 1065 1582 1112 terram
1615 1057 1870 1129 fugerant
1893 1077 2039 1130 quae-

468 1140 659 1195 situm.
698 1139 780 1195 illi
810 1152 991 1199 autem
1024 1159 1089 1199 ex
1148 1144 1282 1215 ipsis
1311 1150 1405 1218 qui
1458 1164 1557 1220 per
1604 1166 1753 1207 mare
1790 1151 2040 1223 fugerant

467 1232 857 1288 Alexandriam
887 1237 1113 1301 reversi,
1147 1235 1498 1295 Mosieminos
1523 1242 1618 1309 qui
1648 1242 1703 1297 in
1738 1257 1801 1297 ea
1836 1243 2037 1313 reperti

467 1331 597 1376 sunt
629 1323 974 1381 occiderunt.
1013 1326 1295 1398 Cumque,
1346 1343 1414 1385 eo
1446 1331 1634 1386 audito
1663 1347 1919 1389 reversus
1948 1348 2036 1388 es-
2070 1388 2077 1393 .

467 1424 552 1467 set
581 1414 782 1473 Amrus
813 1419 926 1474 acri
963 1421 1140 1491 ipsum
1185 1435 1364 1492 pugna
1409 1423 1563 1490 juxta
1597 1439 1778 1481 arcem
1805 1440 2037 1494 excepe-

467 1514 633 1575 runt;
668 1523 772 1579 qua
798 1512 867 1567 ah
911 1511 1032 1580 ipso
1087 1521 1245 1584 capta
1295 1529 1515 1570 rursum
1545 1516 1612 1570 ad
1650 1530 1819 1574 naves
1844 1516 2039 1574 confu-

467 1608 666 1668 gerunt
715 1603 966 1669 Romani.
993 1601 1224 1676 Scripsit
1254 1620 1384 1678 ergo
1415 1605 1615 1663 Amrus
1652 1606 1821 1664 Ebnoi
1846 1609 1935 1664 Asi
1970 1609 2036 1664 ad

463 1691 724 1747 Omarum
769 1691 931 1751 Ebnii
958 1696 1233 1753 Cbetabi:
1270 1696 1470 1755 Urbem
1520 1700 1638 1769 cepi
1672 1698 1727 1753 in
1768 1715 1876 1770 qua
1908 1701 2038 1770 quid

464 1784 538 1839 sit
567 1800 677 1840 non
721 1785 1052 1856 describam,
1100 1787 1207 1846 nisi
1257 1789 1404 1861 quod
1453 1790 1508 1845 in
1561 1791 1679 1861 ipsa
1738 1792 2033 1862 repererim

2152 613 2250 668 per
2302 617 2453 659 mare
2494 604 2712 660 Salsum
2771 604 3040 661 Medinam
3097 602 3509 661 deferebantur.
3572 604 3730 675 Cepit

2150 692 2315 746 etiam
2344 693 2550 751 Amrus
2614 692 2789 750 Ebnol
2845 696 2941 751 Asi
2999 694 3264 765 Tripolim
3324 697 3721 752 occidentalem

2158 794 2305 836 anno
2339 779 2514 839 Heirte
2566 786 2832 841 vicesimo
2882 786 3146 849 secundo,
3206 801 3310 841 nec
3349 801 3459 841 non
3510 787 3720 856 imperii

2152 869 2385 928 ileraciii
2412 874 2677 952 vicesimo
2703 876 2973 942 secundo,
3011 875 3307 934 cbaiifatus
3327 877 3516 934 Omari
3548 877 3720 933 Ebnol

2148 960 2377 1019 Cbetabi
2410 954 2645 1021 decimo.
2667 966 3058 1039 Exstruxitque
3080 972 3280 1026 Amrus
3310 969 3563 1027 Phustati
3587 979 3725 1024 teni-

2152 1054 2298 1122 plum
2333 1072 2612 1126 magnum.
2650 1059 2819 1115 Porro
2852 1060 3178 1119 interfectus
3210 1072 3296 1117 est
3340 1061 3509 1118 Omar
3554 1061 3725 1118 Ebnol

2151 1146 2385 1205 Chetabi
2436 1149 2687 1216 Medium,
2736 1154 3098 1211 interﬁciente
3137 1155 3316 1223 ipsum
3366 1155 3485 1210 Abu
3538 1154 3727 1211 Lulna:

2149 1256 2309 1297 servo
2364 1242 2587 1315 lioglra:
2649 1245 2766 1301 Ebn
2815 1245 3066 1302 Shaabrn.
3118 1247 3266 1304 Obiit
3319 1247 3411 1303 die
3436 1249 3520 1302 Dii
3554 1246 3728 1316 Bojja

2150 1334 2417 1390 vicesimo
2471 1336 2731 1406 septimo,
2794 1352 2937 1392 anno
2990 1337 3170 1394 "eine
3225 1337 3493 1394 vicesimo
3537 1340 3724 1400 tertio.

2154 1441 2255 1480 nec
2288 1441 2393 1483 non
2432 1426 2646 1499 imperii
2678 1427 2916 1486 iieraclii
2953 1432 3215 1487 vicesimo
3249 1434 3417 1486 tertio
3464 1444 3592 1487 cum
3628 1445 3727 1483 an-

2147 1531 2342 1573 norum
2377 1526 2523 1575 csset
2552 1523 2835 1593 sexaginta
2865 1522 3055 1588 trium,
3091 1534 3337 1591 tempore
3365 1517 3725 1593 321-323

2147 1611 2414 1668 orationis
2444 1613 2750 1670 matutinae.
2794 1611 2914 1670 1am
2942 1622 3128 1670 autem
3178 1615 3235 1670 in
3271 1615 3571 1670 consilium
3626 1629 3724 1669 vo-

2144 1704 2351 1759 candos
2378 1703 2471 1778 [de
2517 1720 2843 1762 successore
2871 1705 3149 1780 eligendo]
3186 1714 3458 1762 statuerat
3484 1722 3579 1762 sex
3615 1704 3725 1761 lo-

2148 1793 2272 1850 itatn
2324 1796 2578 1865 comites,
2598 1796 2932 1855 0thmanum
2962 1798 3077 1853 Ebn
3106 1799 3284 1863 Aii'au,
3310 1798 3451 1854 Aiim
3484 1797 3600 1852 Ebu
3625 1798 3721 1852 Abi

466 1876 668 1944 palatia
715 1888 907 1947 quater
941 1879 1123 1948 mille;
1157 1880 1347 1937 balnea
1371 1890 1565 1952 quater
1604 1884 1787 1949 mille;
1818 1883 2039 1940 Judmo-
2076 1872 2117 1926 Β
2146 1886 2356 1953 Talebi,
2386 1885 2618 1944 Taibum
2649 1889 2917 1945 AlZobair
2966 1890 3136 1946 Ebnol
3185 1892 3374 1954 Aram,
3412 1888 3721 1945 Abdorralt-

465 1984 587 2023 ruin
641 1970 736 2038 qui
774 1970 1039 2028 tributum
1065 1972 1661 2046 solvuntquadraginta
1683 1974 2041 2048 317-319

465 2060 662 2128 millia,
709 2062 892 2118 circos
931 2063 1113 2134 regios
1157 2066 1613 2136 quadringentos,
1668 2067 1898 2125 oiitores
1942 2069 2037 2139 qui

464 2152 615 2206 olera
638 2153 875 2209 vendunt
896 2153 1188 2213 duodecies
1220 2158 1389 2215 mille.
1420 2160 1599 2227 ipsam
1648 2174 1779 2216 vero
1811 2160 1865 2215 vi
1892 2162 2035 2231 cepi,

468 2242 622 2297 nullo
656 2245 794 2300 inito
846 2258 1029 2316 pacto.
1068 2248 1371 2305 Certiorem
1426 2251 1593 2306 etiam
1650 2252 1829 2324 ipsum
1887 2253 2037 2320 fecit,

470 2348 698 2402 poscere
734 2335 1087 2397 Mosleminos
1119 2342 1295 2412 ipsam
1343 2342 1450 2398 sibi
1504 2344 1900 2423 dividendam”
1932 2346 2034 2402 Cui

468 2425 780 2484 rcscribens
811 2428 978 2486 Omar
1006 2430 1200 2488 Ebnol'
1229 2434 1482 2501 Cltetabi,
1532 2436 1829 2493 consilium
1862 2434 2037 2509 ipsius

468 2518 820 2589 improbavit.
860 2520 1134 2591 iussitque
1173 2539 1244 2578 ne
1276 2525 1451 2597 ipsam
1486 2527 1596 2582 illis
1642 2524 2034 2602 [spoliandam]

467 2611 806 2676 permitteret
840 2623 937 2669 aut
963 2614 1258 2683 divideret,
1290 2631 1483 2673 verum
1520 2620 1751 2691 vectigai
1784 2619 1955 2691 ipsius
1979 2622 2035 2675 in

466 2703 587 2773 ipsa
616 2702 956 2762 Hosieminis
998 2707 1357 2777 relinqueret,
1388 2726 1496 2781 quo
1527 2711 1779 2769 subsidio
1809 2710 1950 2785 ipsis
1981 2714 2034 2767 in

465 2797 846 2867 oppugnandis
898 2799 1153 2856 hostibus
1193 2812 1369 2861 esset.
1418 2802 1553 2859 Eant
1600 2819 1733 2876 ergo
1780 2819 1891 2875 quo
1922 2816 2037 2860 erat

465 2898 613 2943 statu
642 2889 988 2947 conﬁrmavit
1018 2893 1243 2959 Amrus,
1270 2897 1684 2966 numeratisque
1715 2897 1912 2954 incolis
1947 2898 2039 2951 tri-

474 2984 661 3041 butum
698 2982 831 3053 ipsis
879 2985 1159 3055 imposuit.
1197 2988 1369 3042 Porro
1399 2988 1663 3060 Egyptus
1696 2989 1951 3044 universa
1983 2990 2036 3043 in

473 3076 651 3132 t'tedus
683 3088 898 3148 recepta
950 3078 1077 3144 fuit,
1123 3079 1334 3137 tributo
1383 3083 1638 3137 binorum
1685 3096 1976 3138 aureorum
2006 3098 2038 3138 a

468 3168 702 3241 singulis
759 3171 1088 3241 pandendo;
1141 3187 1319 3243 neque
1374 3174 1615 3244 cuipiam
1668 3175 1902 3243 amplius
1937 3189 2037 3245 pro

469 3264 650 3335 capite
675 3277 778 3319 suo
802 3264 1122 3321 solvendum
1183 3265 1568 3338 imponebatur
1618 3266 1744 3333 (nisi
1797 3266 1892 3323 ubi
1941 3267 2041 3321 ad-

466 3354 732 3422 iiceretur
781 3356 1015 3428 aliquid,
1060 3373 1224 3431 etque
1277 3359 1655 3431 imponeretur
1691 3361 1903 3416 ratione
1932 3370 2039 3416 ter-

471 3463 651 3504 rarum
680 3458 734 3504 et
764 3447 979 3521 frugum
1004 3465 1140 3521 quas
1164 3450 1685 3523 habera't).exceptis
1701 3450 2042 3507 Alexandria:

471 3542 708 3600 incolis:
745 3543 825 3599 illi
865 3544 1016 3599 enim
1064 3544 1293 3615 vectigal
1346 3560 1411 3602 ac
1442 3546 1710 3602 tributum
1766 3544 1834 3600 ad
1889 3545 2043 3599 arbi-

471 3633 636 3689 trium
671 3633 792 3705 eius
819 3634 912 3704 qui
956 3633 1093 3705 ipsis
1130 3636 1535 3707 praeilciebatur
1567 3636 1904 3708 pendebant.
1936 3634 2043 3691 Ca-

471 3739 561 3796 pta
588 3734 674 3783 est
696 3727 974 3797 siquidem
1009 3727 1341 3784 Alexandria
1372 3730 1448 3792 vi,
1482 3730 1606 3785 sine
1638 3729 1913 3799 promisso
1942 3736 2039 3782 aut

470 3824 647 3891 pactis
676 3821 1165 3885 conventis,'nulio
1190 3835 1317 3877 cum
1354 3822 1490 3898 ipsis
1538 3823 1678 3878 inito
1704 3822 1912 3879 foedere
1946 3830 2040 3876 aut

471 3913 795 3982 sponsione.
855 3912 1027 3987 Capta
1067 3923 1276 3972 'autem
1323 3924 1409 3972 est
1461 3915 1550 3971 die
1609 3914 1838 3971 Veneris
1888 3904 2039 3969 men-

468 4007 546 4062 sis
599 4006 904 4061 Dioharram
962 4005 1269 4073 noviiunio,
1318 4022 1463 4063 anno
1534 4008 1713 4064 iieirae
1756 4008 2038 4072 vicesimo,

472 4112 575 4153 nec
606 4113 718 4154 non
766 4099 981 4170 imperii
1008 4100 1243 4157 lieraclii
1296 4100 1581 4166 vicesimo,
1617 4100 1711 4171 qui
1744 4098 2041 4155 chalifatus

468 4189 657 4247 Omari
709 4188 883 4248 Ebnol
933 4190 1163 4248 Chetabi
1214 4201 1445 4249 octavus
1495 4194 1620 4249 fuit.
1670 4191 1846 4248 Porro
1894 4193 2044 4246 misit

466 4290 671 4343 Amrus
708 4281 885 4341 Ebuoi
913 4286 1034 4349 Asi,
1065 4283 1308 4341 Boitbam
1363 4286 1480 4342 Ehn
1513 4286 1722 4357 Napbei
1779 4283 2039 4340 Zawilam

470 4394 667 4451 usque,
697 4390 862 4450 atque
906 4379 979 4433 ita
1014 4376 1281 4448 quidquid
1333 4378 1477 4434 inter
1509 4376 1744 4432 Barkam
1781 4386 1835 4433 et
1865 4374 2043 4430 Zawi-

468 4470 683 4526 iamest
729 4484 898 4541 penes
951 4467 1263 4525 Hosiemios
1316 4468 1444 4534 fuit,
1473 4482 1538 4523 ae
1597 4477 1726 4523 tunc
1774 4467 2037 4538 temporis

2148 1994 2274 2034 man
2330 1979 2449 2036 Ebn
2501 1978 2637 2048 Orii,
2698 1979 2970 2038 AlZahari
3016 1991 3073 2039 et
3109 1981 3350 2037 Saadum
3414 1980 3535 2036 Ehn
3599 1980 3723 2035 Abit

2148 2071 2414 2131 Wakkas.
2449 2072 2642 2130 Oravit
2688 2087 2888 2145 proeo
2936 2074 3107 2133 Sahib
3153 2074 3430 2132 AlRumi:
3474 2074 3725 2144 sepultus

2145 2175 2231 2224 est
2262 2167 2449 2224 eadem
2472 2166 2637 2222 domo
2665 2167 2723 2223 in
2745 2180 2854 2237 qua
2880 2166 3129 2238 sepultus
3160 2166 3719 2224 fueratliahonnned.

2144 2258 2452 2317 Cbaiil‘atus
2483 2257 2659 2330 ipsius
2688 2274 2960 2316 annorum
3006 2268 3126 2317 erat
3155 2258 3369 2324 decem,
3402 2264 3476 2324 let
3531 2272 3722 2314 novem

2147 2348 2443 2405 mensium.
2492 2346 2693 2405 Novies
2726 2338 3026 2406 chalifatus
3072 2349 3159 2406 sui
3193 2360 3441 2419 tempore
3493 2365 3722 2422 peregre

2145 2439 2427 2511 religionis
2446 2453 2580 2512 ergo
2596 2440 2981 2511 peregrinatus
3001 2449 3109 2497 est.
3130 2439 3341 2496 Fuscus
3359 2452 3503 2504 erat,
3526 2454 3722 2503 scaeva,

2144 2532 2367 2596 calvus,
2386 2541 2635 2605 caputet
2664 2533 2892 2590 barbam
2938 2532 3107 2589 hinna
3138 2533 3390 2602 tingens:
3418 2532 3723 2603 spiculata-

2148 2640 2270 2681 rum
2318 2626 2423 2696 ipsi
2451 2626 2746 2699 praefectus
2774 2624 2879 2682 fuit
2905 2624 3171 2680 Abdallah
3209 2620 3330 2680 an
3358 2623 3591 2691 Abbasi,
3636 2623 3722 2695 ja-

2147 2719 2297 2774 nitor
2324 2715 2497 2774 Barba
2528 2732 2722 2774 servus
2744 2718 2942 2789 ipsius.

2428 2809 2731 2881 Chalifatus
2774 2810 3030 2867 O'Antani
3074 2810 3190 2867 Ebn
3238 2812 3437 2882 Aﬂ'ani.

2218 2900 2276 2955 in
2310 2900 2635 2957 ciiaiiiatum
2682 2904 2947 2961 suii'ectus
2991 2914 3078 2959 est
3114 2904 3351 2959 0thman
3397 2904 3512 2958 Ebn
3547 2900 3721 2957 Affani

2146 2996 2265 3053 Ebn
2299 2996 2423 3054 Abii
2444 2997 2566 3064 Asi,
2591 2996 2708 3055 Ebn
2730 2999 2981 3064 Ommiaa,
3012 2998 3130 3055 Ebn
3152 2999 3528 3056 Abdishemsi.
3554 2998 3726 3054 Mater

2148 3088 2255 3157 ipsi
2292 3085 2397 3141 fuit
2428 3085 2718 3144 Ommaiab
2747 3089 2853 3146 lilia
2880 3090 3134 3158 Cubare,
3158 3090 3279 3147 Ebn
3310 3087 3520 3151 ﬂabile,
3546 3088 3725 3144 tribus

2149 3187 2275 3247 post
2315 3176 2504 3234 Omari
2545 3178 2755 3235 obitum
2782 3179 2976 3237 diebus
3002 3179 3225 3237 iinieute
3257 3178 3338 3236 Dii
3365 3178 3544 3248 iiojja.
3574 3179 3726 3234 Fuit-

2147 3284 2255 3337 que
2301 3268 2569 3342 [initium]
2614 3270 2910 3326 chalifatus
2953 3271 3075 3340 ejus
3127 3270 3467 3327 novilunium
3520 3269 3727 3326 mensis

2150 3359 2456 3415 hioharram
2487 3359 2616 3416 anni
2648 3357 2825 3416 iieira:
2846 3360 3113 3417 vicesimo
3133 3370 3359 3431 quarto,
3384 3360 3552 3432 idque
3581 3374 3727 3416 anno

2147 3452 2362 3523 imperii
2397 3452 2636 3507 Heraciii
2672 3452 3022 3523 imperatoris
3048 3452 3439 3510 Romanorum‘
3466 3452 3726 3509 vicesimo

2144 3554 2367 3617 quarto.
2398 3542 2732 3599 Chaiifatum
2761 3544 2999 3600 obtinuit
3023 3549 3187 3601 annis
3215 3545 3531 3603 duodecim.
3566 3546 3725 3600 Anno

2144 3636 2447 3692 cbalifatus
2475 3634 2599 3703 eius
2640 3636 2806 3692 tertio
2835 3634 3180 3694 constitutus
3229 3647 3317 3694 est
3370 3636 3587 3692 laribus
3631 3651 3726 3707 pa-

2147 3714 2390 3782 triarcha
2419 3727 2826 3795 Antiochenus,
2857 3728 2952 3797 qui
2995 3726 3257 3785 Maronita
3295 3730 3417 3786 fuit.
3458 3728 3727 3785 Constano

2148 3817 2380 3887 tinopoii
2418 3824 2601 3872 autem
2635 3814 2709 3889 [ei
2734 3817 2975 3889 muneri]
2998 3817 3289 3887 praefectus
3317 3827 3422 3885 est,
3449 3817 3615 3891 325
3632 3818 3723 3872 ubi

2146 3912 2395 3983 quinque
2427 3924 2605 3965 annos
2638 3912 2911 3975 substitit,
2947 3927 3124 3983 neque
3152 3910 3500 3967 Antiochiam
3536 3928 3726 3981 perve-

2149 4003 2250 4057 nit.
2283 4002 2533 4059 Mortuus
2563 4012 2742 4059 autem
2772 4013 2857 4061 est
2894 4002 3398 4074 Constantinopoli,
3427 4007 3614 4076 ibique
3637 4022 3726 4062 se-

2150 4096 2351 4165 pultus.
2383 4096 2545 4152 Auno
2579 4096 2876 4152 chalifatus
2903 4097 3151 4167 ejusdem
3184 4098 3402 4155 decimo
3432 4100 3613 4154 factus
3643 4108 3727 4154 est

2148 4187 2422 4244 Macarius
2451 4187 2768 4260 patriarcha
2795 4189 3197 4254 Antiochenus,
3248 4192 3343 4261 qui
3370 4198 3428 4247 et
3452 4191 3723 4246 liaronita

2148 4278 2273 4335 fuit.
2330 4276 2435 4336 Hie
2479 4280 2647 4337 etiam
2678 4280 3159 4353 Constantinopoli
3192 4291 3433 4347 creatus,
3480 4297 3609 4339 cum
3650 4282 3722 4338 ibi

2144 4380 2273 4426 octo
2301 4385 2481 4427 annos
2508 4374 2928 4442 permansisset,
2956 4387 3136 4445 neque
3161 4374 3508 4430 Antiochiam
3534 4388 3722 4431 acces-

2147 4468 2333 4533 sisset,
2368 4476 2621 4523 mortuus
2668 4476 2776 4533 est,
2820 4468 3006 4539 ibique
3059 4470 3327 4538 sepultus.
3359 4469 3517 4523 Anno
3556 4468 3722 4521 chali-

465 4562 632 4634 320
661 4577 767 4617 non
800 4560 1214 4632 ingrediebatur
1238 4558 1471 4615 Barbam
1500 4560 1595 4631 qui
1632 4560 1894 4616 tributum
1927 4559 2037 4615 exi-
2065 4571 2118 4632 ο
2147 4558 2289 4615 fatus
2310 4560 2555 4630 ejusdem
2577 4574 2722 4615 nono
2738 4559 3070 4617 constitutus
3091 4570 3173 4615 est
3191 4557 3387 4615 Petrus
3412 4556 3721 4629 patriarcha

464 4661 643 4720 geret,
674 4663 861 4705 verum
898 4658 1141 4717 tempore
1189 4650 1500 4720 praestituto
1530 4649 1800 4704 tributum
1857 4649 2038 4706 mitte-

468 4743 621 4799 bant.
653 4740 953 4811 Occupavit
984 4749 1169 4796 autem
1202 4741 1452 4797 homines
1500 4741 1788 4798 calamitas
1844 4755 2038 4811 magna

466 4834 697 4891 hic-siina
727 4849 839 4906 pra:
891 4849 1123 4889 annona:
1167 4834 1419 4891 caritate.
1452 4834 1686 4905 Scripsit
1711 4850 1844 4907 ergo
1873 4834 2043 4891 Omar

466 4927 641 4985 Ebnol
669 4926 901 4984 Chetabi
928 4928 994 4983 ad
1025 4928 1253 4982 Amrum
1291 4926 1464 4983 Ebnol
1498 4928 1591 4984 Asi
1622 4927 1916 4983 certiorem
1956 4925 2042 4997 ip-

466 5028 589 5069 sum
623 5012 834 5070 faciens
861 5022 1065 5086 quanta
1094 5023 1477 5085 premerentur
1507 5015 1762 5073 homines
1788 5016 2041 5089 angustia

466 5120 532 5161 ac
568 5119 805 5162 annona:
832 5106 1087 5164 caritate.
1126 5107 1383 5176 Misitque
1414 5107 1618 5164 Amrus
1668 5108 1913 5165 camelos
1939 5111 2041 5164 tri-

464 5200 575 5254 tico
603 5209 855 5263 onustos,
883 5215 1119 5268 quorum
1163 5199 1325 5270 primi
1358 5200 1629 5255 Medinam
1665 5202 2035 5273 pertigeruut,

463 5291 592 5346 dum
626 5291 803 5347 ultimi
836 5292 1014 5346 adhuc
1046 5291 1102 5346 in
1157 5290 1396 5364 Egypto
1438 5300 1647 5360 essent,
1695 5294 1837 5348 serie
1865 5294 2041 5349 conti-

467 5398 597 5440 nua.
631 5382 863 5454 Scripsit
894 5400 1023 5455 ergo
1050 5385 1219 5441 Omar
1244 5384 1420 5441 Ebnoi
1453 5386 1682 5443 Chetabi
1713 5386 1781 5442 ad
1808 5387 2037 5442 Amruut

469 5474 643 5530 Ebnoi
677 5474 769 5529 Asi
804 5484 864 5529 ut
910 5475 1223 5531 fodiendum
1264 5486 1485 5531 curaret
1542 5477 1752 5532 alveum
1782 5477 1873 5545 qui
1907 5475 2041 5531 Κοι-

470 5580 685 5620 samum
720 5565 1073 5636 pertingeret,
1106 5582 1218 5638 quo
1260 5567 1475 5622 facilius
1508 5578 1890 5639 apportaretur
1922 5567 2041 5624 fru-

470 5666 738 5713 mentum.
770 5656 933 5714 Fodit
965 5673 1098 5727 ergo
1132 5659 1334 5715 Amrus
1363 5657 1564 5717 flumen
1594 5660 1725 5715 illud
1757 5662 1905 5732 quod
1939 5661 2039 5717 sub

470 5759 634 5817 ponte
660 5758 763 5813 cst,
794 5750 938 5820 quod
977 5749 1202 5805 Flumen
1227 5752 1563 5819 imperatoris
1591 5752 1828 5808 fidelium
1858 5757 2039 5824 appel-

473 5842 617 5898 latur
652 5856 659 5868 ·
720 5854 814 5905 per
842 5840 983 5912 quod
1017 5856 1180 5896 naves
1213 5842 1481 5910 triticum,
1516 5842 1778 5899 hordeum
1810 5854 1864 5901 ct
1890 5845 2042 5916 lcgu~

2142 4647 2819 4723 Constantinopolitanae,
2852 4652 2946 4722 qui
2977 4663 3033 4706 et
3064 4651 3329 4706 Maronita
3365 4650 3508 4705 fuit:
3552 4663 3721 4704 annos

2144 4757 2238 4797 sex
2266 4743 2431 4807 sedit,
2467 4743 2597 4798 dein
2625 4751 2878 4799 mortuus
2910 4752 3018 4798 est.
3061 4742 3221 4798 Anno
3248 4742 3546 4799 cbalifatus
3580 4743 3724 4812 ejus-

2142 4835 2268 4889 dem
2301 4844 2501 4904 quarto
2530 4845 2752 4893 creatus
2784 4846 2868 4891 est
2910 4834 3109 4893 Petrus
3146 4834 3454 4907 patriarcha
3495 4834 3724 4890 Alexan~

2142 4928 2369 4993 drinus;
2400 4926 2666 4983 Maronita
2699 4928 2836 4994 fuit;
2866 4944 2991 4982 cum
3027 4942 3203 4984 annos
3240 4941 3432 4982 n0vem
3467 4929 3721 4998 sedisset,

2144 5028 2396 5075 mortuus
2430 5030 2536 5077 est.
2592 5021 2755 5077 Anno
2796 5022 3047 5092 ejusdem
3090 5029 3288 5077 octavo
3338 5033 3594 5078 mortuus
3644 5032 3724 5078 est

2146 5111 2425 5168 Honorius
2456 5113 2768 5182 patriarcha
2801 5112 3107 5180 Romanus,
3154 5113 3250 5184 qui
3286 5114 3454 5169 etiam
3488 5113 3723 5171 liaronis

2143 5206 2452 5259 doctrinam
2493 5206 2780 5277 amplexus
2816 5205 2947 5271 fuit,
2987 5215 3150 5279 atque
3198 5222 3296 5281 per
3324 5207 3507 5274 ipsum
3553 5199 3722 5262 divisa

2142 5308 2229 5353 est
2265 5296 2519 5353 Ecclesia:
2548 5299 2843 5353 sententia.
2881 5299 3013 5354 Post
3057 5298 3232 5371 ipsius
3275 5297 3487 5353 obitum
3520 5299 3721 5354 cinctus

2144 5398 2232 5444 est
2260 5388 2484 5457 quidam
2522 5390 2744 5445 nomine
2774 5388 3098 5455 Severinus,
3143 5392 3236 5462 qui
3274 5389 3463 5446 Romae
3496 5391 3721 5457 patriar—

2145 5483 2246 5538 cha
2286 5482 2640 5549 constitutus,
2677 5483 2769 5537 ubi
2810 5498 2907 5540 sex
2944 5497 3163 5539 menses
3197 5482 3454 5548 sedisset,
3474 5492 3721 5537 mortuus

2145 5581 2249 5627 est.
2284 5570 2411 5627 Post
2449 5586 2614 5642 quem
2662 5571 2875 5629 eiectus
2914 5586 3003 5630 est
3052 5576 3135 5629 vir
3180 5578 3469 5643 praestans.
3504 5574 3721 5628 nomine

2144 5661 2406 5728 Joannes,
2439 5664 2505 5719 ad
2550 5677 2714 5735 quem
2753 5678 2879 5719 cum
2918 5664 3101 5720 delata
3152 5675 3297 5720 esset
3353 5665 3516 5720 istius
3573 5664 3720 5720 dubii

2145 5770 2347 5818 causa,
2396 5757 2704 5835 imperante
2754 5763 2887 5815 tunc
2934 5758 3199 5827 temporis
3244 5755 3717 5824 ConstantinOpnli

2148 5846 2400 5907 Heraclio
2436 5865 2562 5907 cum
2596 5850 2765 5908 fratre
2799 5868 2901 5910 suo
2927 5851 3316 5918 Constantino,
3351 5852 3575 5921 scripsit
3606 5853 3717 5921 ipse
