3980 6152
312 293 459 362 1109

1707 296 1911 357 ᾹΝΝΑ
1921 297 2079 358 LES.

3471 304 3601 369 illi)

309 419 379 469 ad
419 417 544 470 illos
573 414 866 485 epistolam
904 414 959 467 in
988 427 1095 483 qua
1123 411 1273 466 dubii
1307 410 1470 466 istius
1498 426 1718 469 causam
1768 411 1903 485 [ex-
1934 424 1977 477 Α
2010 412 2131 482 peri
2177 410 2392 467 Domini
2449 414 2625 470 nostri
2673 413 2887 469 Christi
2938 431 3044 470 non
3078 415 3251 475 fuisse
3298 420 3601 477 voluntates

313 507 549 580 posuit,]
608 508 915 576 apologiam
974 506 1141 559 cdcns
1194 520 1291 575 pro
1343 505 1746 574 pra-decessore
1804 518 1906 559 suo

313 600 560 656 Honorio
593 599 904 671 patriarcha
943 597 1214 657 lionrano.
1266 595 1523 667 Epistulae
1571 607 1752 652 autem
1803 598 1909 652 lni-

311 700 453 748 tium
507 697 580 749 ita
637 711 697 752 se
746 692 984 747 habuit:
1023 691 1066 746 Α
1114 689 1326 747 Joanne
1378 706 1535 763 papa,
1596 692 1905 760 patriarcha

318 785 592 851 llmnano,
646 785 712 839 ad
774 781 1082 839 Ileraciium
1130 790 1185 837 et
1231 780 1657 837 Constantinum
1707 781 1905 837 fratres

314 879 682 948 imperatores
743 876 1141 948 325—327
1206 874 1413 946 quibus
1464 876 1778 931 concredita
1824 884 1908 931 est

316 973 560 1028 Ecclesia
608 972 813 1026 Christi
868 969 966 1024 Dei
1014 968 1170 1036 veri,
1226 969 1386 1038 cujus
1431 970 1520 1023 lux
1572 969 1909 1027 intenebris

315 1064 636 1135 splenduit;
694 1064 787 1131 qui
839 1076 940 1119 nos
988 1078 1018 1116 a
1069 1070 1343 1132 potestate
1393 1062 1742 1118 tenebrarum
1788 1061 1909 1118 luce

317 1174 419 1215 sua
472 1159 613 1214 mira
664 1157 939 1220 liberavit,
993 1156 1115 1211 luce
1149 1171 1275 1210 vera
1313 1155 1400 1209 cui
1446 1155 1611 1210 nullae
1660 1154 1909 1211 admistte

320 1263 454 1309 sunt
493 1250 773 1314 tenebrae;
821 1251 916 1320 qui
975 1251 1238 1319 sanguine
1305 1251 1493 1303 crucis
1554 1262 1665 1303 sua!
1718 1263 1868 1318 pacm

322 1343 457 1401 fecit
491 1343 635 1397 inter
664 1342 864 1397 mlunt
901 1350 955 1393 et
987 1348 1228 1396 terram:
1284 1338 1376 1407 qui
1413 1336 1674 1392 Ecclesiae
1712 1334 1906 1391 faciem

322 1450 550 1506 semper
579 1436 845 1489 intuetur.
878 1431 977 1487 llle
1013 1442 1101 1487 est
1146 1432 1241 1502 qui
1277 1429 1435 1485 vobis
1487 1428 1629 1484 hanc
1678 1429 1907 1499 gratiam

323 1522 478 1587 feeit,
517 1539 554 1580 o
585 1523 968 1594 imperatores,
1004 1530 1064 1575 ut
1104 1520 1396 1590 opiniones
1429 1520 1667 1591 cptimas
1702 1536 1765 1574 ac
1809 1535 1910 1575 no-

323 1616 630 1675 bilissimas
660 1618 717 1673 in
752 1615 1002 1671 Ecclesia
1036 1614 1461 1686 profiteremini,
1496 1616 1764 1685 fidemque
1786 1630 1909 1686 per-

322 1709 683 1767 fectissimam
746 1721 814 1765 ac
876 1708 979 1781 ipsi
1046 1708 1350 1775 proximam
1420 1706 1903 1777 amplecterctnini.

321 1802 540 1859 Accidit
575 1802 663 1858 hic
696 1816 787 1857 res
826 1780 948 1871 qua:
1000 1800 1317 1854 necessario
1367 1798 1643 1854 narranda
1696 1807 1802 1862 cst.
1853 1807 1913 1854 ut
1944 1780 1985 1838 Β

326 1894 502 1960 ipsam
542 1891 851 1964 intelligant
881 1891 976 1959 qui
1018 1892 1334 1962 aequitatem
1385 1892 1595 1953 colunt.
1647 1900 1814 1961 atque
1855 1893 1909 1945 in

325 1985 502 2056 ipsam
531 1985 845 2054 inquirunt,
877 2000 990 2054 quo
1024 1985 1227 2039 veritas
1251 1983 1504 2055 superior
1529 1983 1758 2049 evadat;
1784 1997 1911 2037 cum

325 2080 398 2133 ad
450 2094 537 2133 me
589 2077 900 2150 pervenerit
959 2092 1209 2147 quamam
1245 2076 1356 2133 sint
1395 2076 1540 2145 apud
1598 2074 1911 2132 Occidentis

328 2163 497 2219 etiam
556 2164 766 2218 incolas
822 2163 1211 2233 discrepantia
1274 2174 1330 2221 ct
1387 2166 1575 2231 dubia,
1615 2176 1782 2237 atque
1836 2166 1905 2221 ad

330 2270 422 2310 me
478 2257 747 2325 perlatum
803 2256 878 2313 sit
934 2257 1068 2311 illud
1121 2273 1227 2312 una
1292 2273 1419 2315 cum
1482 2258 1671 2315 fratris
1733 2260 1906 2316 nostri

332 2348 532 2422 Pyrrhi
564 2351 887 2420 patriarcha!
909 2349 1534 2423 Constantinopolitani,
1562 2356 1907 2427 aliorumque

330 2444 551 2500 litteris.
607 2441 841 2500 Necesse
874 2453 958 2499 est
1011 2459 1147 2514 ergo
1195 2454 1253 2499 ut
1282 2444 1585 2515 explicetur
1636 2462 1726 2504 res
1775 2449 1903 2512 ista,

328 2550 443 2605 quo
498 2544 610 2591 tota
664 2536 1036 2608 dignoscatur.
1094 2535 1314 2592 Initium
1359 2538 1528 2609 ipsius
1577 2539 1660 2595 sic
1700 2556 1760 2596 se
1806 2540 1907 2597 ha-

330 2631 461 2698 bet,
499 2630 643 2698 quod
694 2638 821 2685 ante
863 2646 1034 2686 annos
1089 2631 1308 2685 circiter
1350 2632 1649 2688 octodecim
1692 2636 1908 2690 dicatur

330 2721 507 2793 Cyrus
554 2724 863 2795 patriarcha
914 2724 1319 2780 Alexandrinus
1378 2723 1620 2781 Maronis
1680 2737 1903 2784 senten-

332 2814 463 2871 tiam
506 2816 787 2883 amplexus
829 2829 845 2870 :
897 2814 1187 2881 videlicet,
1240 2814 1471 2871 Demino
1511 2815 1731 2872 Christo
1784 2834 1907 2876 esse

332 2916 560 2963 naturas
621 2911 780 2971 duas.
840 2908 1176 2964 voluntatem
1234 2924 1421 2976 unam,
1492 2919 1657 2980 atque
1706 2926 1907 2985 opera-

334 3005 539 3061 tionem
576 3022 763 3061 unam.
824 3006 980 3074 Quod
1032 3024 1155 3061 cum
1198 3007 1500 3063 audivisset
1562 3009 1907 3081 Sophronius

2013 506 2155 561 duas
2210 504 2521 563 contrarias
2568 521 2747 576 neque
2813 510 3215 565 contradixisse
3264 513 3594 568 voluntatum

2014 596 2327 653 intellectus
2377 596 2551 669 ipsius
2607 598 2880 655 voluntati
2928 600 3287 675 329-331
3329 604 3596 675 corporis,

2013 704 2194 759 neque
2226 691 2719 762 fuissepeccatnm
2759 691 2835 747 illi
2880 693 2987 764 qui
3042 697 3212 760 venit,
3271 708 3327 755 ut
3384 701 3594 755 tolleret

2013 794 2296 855 peccatum
2328 784 2516 840 mundi
2547 786 2749 854 (absit!
2808 785 2927 841 fieri
2968 802 3076 843 non
3130 793 3353 862 potest).
3412 792 3598 862 Neque

2020 874 2188 933 fuisse
2220 876 2454 934 Domino
2485 887 2677 933 nostro
2710 877 2940 935 Christo
2962 890 3255 949 peccatum
3289 882 3371 938 vel
3401 901 3593 945 unum.

2012 985 2193 1040 neque
2222 972 2280 1028 in
2311 971 2489 1045 ipsius
2544 971 2861 1039 nativitate,
2912 989 3094 1043 neque
3137 986 3592 1047 temperamento.

2014 1060 2219 1120 Verum
2248 1062 2483 1120 dit-imus
2516 1062 2742 1135 (inquit)
2772 1078 2838 1122 ac
2885 1068 3212 1125 confitenmr
3259 1071 3593 1126 voluntatem

2015 1169 2185 1211 unam
2239 1170 2348 1226 qua
2398 1154 2732 1228 dirigeretur
2773 1158 2951 1230 ipsius
3001 1162 3317 1217 humanitas
3357 1172 3593 1219 sancta:

2015 1263 2125 1302 non
2180 1256 2367 1303 autem
2401 1251 2703 1306 asserimns
2751 1252 3061 1307 voluntates
3096 1256 3235 1309 duas
3260 1257 3593 1318 contrarias.

2013 1358 2136 1413 qua:
2186 1341 2494 1399 intellectui
2553 1343 2726 1414 ipsius
2784 1353 2839 1400 et
2892 1346 3111 1415 corpori
3179 1344 3411 1404 fuerint.
3482 1346 3594 1401 Ilut‘.

2012 1436 2236 1506 scripsit
2264 1433 2545 1493 Honorius
2579 1436 3205 1508 patriarcha-llomanus
3237 1440 3303 1494 ad
3339 1440 3591 1512 Sergium

2014 1527 2380 1599 patriarcham
2418 1527 3114 1601 Constantinopolitanum.
3180 1530 3291 1586 Nos
3322 1532 3593 1603 siquidem

2015 1622 2343 1679 confitemur
2388 1622 2529 1680 duas
2578 1623 2891 1680 voluntates
2917 1624 3253 1689 contrarias,
3290 1625 3593 1681 intellectus

2015 1724 2071 1770 et
2101 1714 2396 1786 corporis:
2433 1714 2579 1786 quod
2608 1716 3004 1774 transferentes
3053 1716 3299 1773 nonnulli
3349 1716 3416 1771 ad
3465 1732 3591 1772 scn-

2013 1808 2216 1865 tentias
2274 1823 2407 1865 suas
2452 1808 2649 1873 falsas.
2697 1818 2959 1880 putarunt
3017 1807 3320 1864 ilonurium
3364 1812 3573 1880 patriar

2011 1903 2172 1957 cham
2216 1899 2521 1959 Romanum
2567 1902 2876 1960 asseruisse
2932 1904 3274 1958 voluntatem
3330 1918 3492 1957 unam
3539 1906 3595 1958 in

2013 1992 2232 2050 Domini
2283 1995 2456 2051 nostri
2509 1992 2717 2052 Christi
2767 1994 3055 2052 divinitate
3096 2004 3154 2051 et
3204 1996 3592 2052 humanitate:

2012 2084 2162 2154 quod
2200 2087 2296 2157 qui
2326 2096 2642 2153 autumant,
2680 2102 2934 2160 rogarem
2981 2104 3105 2157 ego,
3156 2088 3211 2144 in
3248 2104 3354 2157 qua
3400 2098 3593 2144 natura

2011 2172 2205 2230 dicunt
2235 2192 2400 2232 unam
2431 2193 2556 2234 esse
2601 2178 2833 2235 Christo
2861 2178 2972 2236 Deo
3020 2179 3402 2236 voluntatem?
3444 2180 3500 2235 Si
3538 2182 3594 2235 in

2011 2268 2305 2324 divinitate
2353 2278 2610 2336 tantum,
2666 2280 2781 2326 tum
2835 2286 2946 2327 non
2995 2281 3082 2326 est
3138 2275 3194 2327 in
3251 2271 3594 2327 humanitate

2016 2359 2191 2430 ipsius
2235 2362 2515 2431 voluntas,
2564 2377 2631 2418 ac
2663 2363 2894 2433 proinde
2955 2378 3066 2420 non
3118 2372 3203 2423 est
3248 2363 3416 2419 homo
3468 2380 3593 2437 perc

2015 2450 2213 2510 fectus.
2273 2451 2372 2509 Sin
2426 2454 2668 2511 dixerint
2713 2455 2767 2511 in
2824 2456 3165 2513 humanitate
3209 2456 3415 2513 Christi
3473 2469 3594 2510 csse

2016 2545 2157 2601 hanc
2182 2545 2543 2611 voluntatem.
2570 2545 2808 2605 dicimus
2824 2547 2960 2620 ipsis
2986 2547 3307 2616 :Quomodo
3319 2550 3426 2605 erit
3452 2547 3593 2603 Dens

2013 2636 2327 2709 perfectus?
2377 2638 2611 2708 Quodsi,
2639 2641 2857 2699 duabus
2882 2642 3095 2700 naturis
3116 2656 3239 2701 esse
3258 2643 3591 2699 voluntatem

2015 2747 2214 2800 unam;
2257 2736 2360 2790 hoc
2388 2745 2473 2792 est
2501 2737 2648 2807 quod
2683 2737 2803 2794 fieri
2834 2753 2957 2796 non.
2996 2748 3195 2809 potest.
3229 2739 3429 2796 Verum
3457 2756 3593 2796 con-

2016 2824 2237 2881 fitemur
2267 2827 2710 2886 incarnationem
2739 2828 2947 2887 Christi
2978 2830 3187 2900 nnius,.
3214 2830 3446 2903 ideoque
3490 2847 3596 2886 nec

2018 2930 2283 2989 negamus
2307 2916 2449 2973 duas
2471 2918 2782 2975 voluntates
2810 2933 2934 2991 qua:
2957 2927 3091 2977 sunt
3113 2919 3329 2975 duabus
3353 2920 3589 2981 naturis,

2017 3021 2085 3060 ne
2113 3007 2505 3076 proprietates.
2523 3007 2770 3077 ipsarum
2795 3022 3240 3077 corrumpamus.
3275 3006 3477 3063 Verum
3507 3008 3593 3064 di-

331 3101 428 3168 qui
471 3100 782 3167 patriarcha
846 3101 1379 3173 Hierosolymitanus
1431 3101 1554 3167 fuit,
1614 3119 1738 3159 cum
1788 3106 1907 3174 ipso
1939 3128 1985 3189 ο
2014 3097 2195 3155 cintus
2228 3100 2451 3169 utrique
2482 3098 2719 3155 duarum
2753 3106 3075 3156 naturarum
3104 3099 3266 3172 332
3297 3098 3503 3156 Christi
3533 3099 3591 3153 in

332 3191 623 3261 disputans
672 3193 1008 3259 argumentis
1060 3194 1238 3262 ipsum
1276 3194 1423 3249 vicit.
1461 3194 1601 3250 Tum
1656 3196 1904 3266 Sophro-

332 3283 463 3338 Itius
482 3284 549 3337 ad
578 3285 825 3355 Sergium
850 3287 1214 3355 patriarcham
1235 3288 1905 3360 Constantinopolitanum

335 3380 641 3450 profectus,
694 3395 816 3434 cum
879 3381 1058 3449 ipsum
1120 3380 1264 3435 idem
1321 3397 1447 3437 cum
1502 3384 1649 3453 Cyro
1707 3384 1907 3442 docere

336 3473 627 3541 reperiret,
662 3485 825 3543 atque
871 3475 1073 3539 dicere,
1108 3473 1411 3531 llonorium
1463 3478 1628 3532 etiam
1665 3481 1906 3548 patriar-

335 3564 497 3622 cham
559 3565 867 3621 Romanum
934 3567 1076 3622 idem
1130 3568 1400 3624 afﬁrmare
1456 3569 1625 3641 328
1660 3586 1692 3626 a
1756 3571 1907 3629 Con-

336 3660 693 3730 stantinopoli
751 3661 1131 3732 Hierosolyma
1194 3678 1446 3719 reversus
1494 3677 1602 3722 est.
1656 3665 1910 3738 Cumque

334 3754 646 3819 patriarcha
697 3764 847 3809 esset
902 3756 1051 3823 (eum
1103 3754 1401 3825 siquidem,
1446 3768 1668 3828 propter
1711 3763 1906 3817 ortho-

334 3839 555 3894 doxiam
581 3838 756 3909 ipsius
786 3851 1094 3909 acceptum,
1124 3840 1518 3912 Hierosolymis
1546 3840 1912 3911 patriarcham

332 3930 720 4002 praefecerunt,
776 3931 933 3987 urbis
984 3932 1104 4002 ejus
1158 3932 1406 4003 incolte),
1445 3932 1644 3989 librum
1695 3934 1764 3990 de
1811 3931 1915 3991 Me

334 4022 579 4093 scripsit,
617 4039 779 4094 quem
813 4026 980 4079 totius
1028 4026 1221 4081 mundi
1266 4026 1459 4082 incolas
1496 4035 1783 4099 acceptum
1817 4027 1915 4084 ha-

336 4116 597 4172 buerunt.
658 4115 773 4172 lioc
804 4131 932 4172 curn
984 4118 1238 4173 scivisset
1282 4116 1558 4174 lionorius
1602 4122 1914 4191 patriarcha

333 4206 643 4273 Romanus,
677 4224 787 4264 nec
819 4222 927 4263 non
964 4206 1217 4279 Sergium
1245 4211 1613 4277 patriarcham
1644 4211 1915 4267 Constan-

338 4300 772 4372 tinopolitanum
799 4300 943 4356 falso
966 4300 1173 4357 dixisse
1198 4302 1380 4372 ipsum
1419 4302 1743 4359 Maronitam
1769 4319 1913 4373 esse,

333 4393 539 4449 librum
571 4392 794 4463 scripsit
826 4392 882 4446 in
916 4406 1028 4461 quo
1058 4394 1273 4457 asserit,
1315 4392 1605 4449 Dominum
1658 4404 1911 4452 nostrum

2014 3191 2402 3249 incarnatione
2448 3207 2699 3266 persona:
2732 3192 2921 3257 unius.
2954 3208 3078 3250 esse
3111 3196 3490 3258 voluntatem;
3534 3203 3589 3244 at

2016 3298 2127 3339 non
2174 3299 2299 3341 esse
2328 3285 2468 3342 duas
2504 3300 2787 3357 personas,
2829 3283 3293 3357 quemadmodum
3342 3281 3590 3357 [asserit]

2015 3375 2303 3432 Nestorius
2357 3376 2707 3434 maledictus.
2762 3376 2867 3444 Qui
2915 3387 3099 3433 autem
3151 3384 3407 3434 asserunt
3451 3375 3590 3430 duas

2012 3484 2136 3526 esse
2213 3479 2444 3527 naturas
2521 3478 2581 3525 et
2654 3470 2991 3528 voluntatem
3062 3484 3228 3527 uuam
3311 3468 3585 3524 divinitati

2012 3558 2222 3618 Christi
2253 3574 2307 3616 et
2336 3561 2667 3617 humanitati
2701 3563 2895 3633 ipsius,
2924 3577 3029 3619 nec
3075 3577 3185 3618 non
3209 3560 3585 3633 operationem

2016 3667 2214 3721 unam,
2248 3663 2438 3710 errant
2463 3653 2544 3712 illi
2565 3654 2741 3711 instar
2769 3652 3017 3711 Ilaronis
3042 3654 3321 3715 maledicti
3350 3672 3366 3709 :
3398 3663 3454 3710 et
3490 3653 3583 3721 qui

2015 3745 2193 3812 aiunt,
2245 3761 2408 3802 unam
2451 3756 2729 3816 naturam,
2760 3748 3106 3809 voluntatem
3128 3762 3317 3803 unam.
3349 3753 3407 3802 et
3457 3759 3587 3814 ope-

2011 3839 2281 3896 rationem
2330 3855 2517 3907 unam,
2557 3847 2785 3910 peccant
2841 3839 3015 3895 instar
3062 3837 3313 3910 Entycbii
3364 3846 3418 3893 et
3462 3835 3588 3892 Dio-

2011 3932 2159 3991 scuri
2179 3939 2235 3988 et
2248 3930 2438 3989 Severi
2453 3931 2839 3989 haereticorum
2859 3949 2873 3985 :
2893 3940 3059 4001 atque
3082 3934 3197 3990 haec
3212 3936 3296 3986 est
3318 3928 3586 4004 sententia

2012 4022 2415 4080 Jacobitarum.
2456 4021 2658 4080 Verum
2704 4010 2956 4080 doctrina
2991 4038 3121 4080 sana
3153 4032 3207 4077 et
3233 4020 3436 4091 veritas
3462 4034 3589 4088 ,ma-

2014 4117 2213 4175 nifesta
2232 4118 2323 4172 illa
2343 4126 2607 4189 estquam
2627 4102 2974 4189 protulerunt
2995 4115 3270 4182 doctores,
3305 4112 3585 4197 videlicet:

2014 4210 2151 4268 Esse
2199 4209 2439 4267 Domino
2492 4220 2684 4267 nostro
2728 4209 2952 4266 Christo
2995 4210 3133 4266 duas
3172 4219 3421 4275 naturas,
3449 4206 3588 4279 duas

2014 4301 2350 4369 voluntates,
2400 4302 2752 4374 operationes
2780 4299 2922 4357 duas
2948 4308 3005 4358 et
3036 4315 3333 4379 personam
3382 4314 3583 4364 unam:

2014 4408 2140 4451 cum
2170 4394 2512 4465 impossibile
2546 4395 2623 4451 sit
2647 4407 2708 4452 ut
2735 4393 2808 4451 sit
2838 4376 3052 4453 duabus
3084 4376 3301 4457 naturis
3331 4393 3587 4449 voluntas

333 4483 640 4546 Christum,
670 4483 765 4553 qui
789 4477 883 4540 est'
916 4483 1172 4553 princeps
1206 4486 1348 4549 vitre,
1388 4494 1573 4539 natum
1616 4500 1743 4543 esse
1784 4488 1905 4544 sine
1937 4498 1981 4555 υ
2009 4501 2157 4544 una:
2185 4488 2333 4559 quod
2360 4486 2407 4545 si
2422 4502 2582 4543 unam
2609 4487 2835 4571 haberet
2858 4484 3395 4553 voluntatem,.unam
3419 4485 3582 4543 etiam

332 4585 583 4649 peccato.
610 4573 893 4647 Siquidem
915 4574 1153 4632 Verbum
1178 4591 1274 4647 per
1296 4577 1442 4646 quod
1468 4576 1683 4632 fuerunt
1702 4578 1911 4649 omnia,

330 4684 458 4725 cum
480 4685 512 4724 e
537 4666 678 4722 ctelo
702 4667 1080 4735 descenderet,
1116 4668 1486 4738 assumpsisse
1512 4669 1577 4727 de
1604 4667 1772 4725 Maria
1798 4672 1913 4727 vir-

330 4764 458 4837 gine
487 4775 709 4831 corpus,
750 4776 816 4817 ac
853 4768 1047 4816 natura
1098 4760 1256 4817 nobis
1302 4761 1480 4817 simile
1510 4761 1715 4818 factum
1749 4778 1909 4831 esse,

331 4871 675 4928 nequaquam
706 4862 889 4909 autem
923 4856 1203 4909 voluntate
1246 4853 1479 4923 peccati.
1532 4854 1723 4912 Dicere
1760 4856 1905 4913 enim

331 4949 586 5012 Paulum,
640 4945 920 5017 accepisse
950 4945 1129 5014 ipsum
1187 4944 1601 5003 similitudinem
1654 4956 1903 5004 nostrum

334 5052 681 5112 peccatorum
705 5054 719 5103 ;
746 5052 943 5106 nempe
962 5053 1164 5108 corpus
1188 5038 1304 5093 sine
1329 5048 1553 5109 peccato
1577 5056 1700 5095 cum
1728 5042 1908 5096 anima

331 5132 614 5197 rationali,
646 5130 1029 5193 intellectuali,
1056 5141 1221 5201 atque
1263 5131 1337 5184 ita
1372 5147 1535 5186 unam
1572 5135 1906 5189 voluntatem

332 5225 437 5294 ipsi
464 5224 645 5279 visum
677 5236 801 5278 esse
828 5236 1138 5286 assmnere,
1183 5238 1305 5292 qum
1353 5223 1681 5280 humanitati
1735 5225 1910 5299 ipsius

330 5325 499 5380 esset,
529 5332 637 5371 non
665 5315 814 5371 sicut
863 5329 963 5371 nos
997 5316 1207 5372 scimus
1250 5316 1411 5372 nobis
1452 5331 1575 5373 esse
1623 5319 1761 5374 duas
1810 5335 1908 5373 vo-

332 5411 572 5465 luntates
623 5406 974 5471 contrarias,
1034 5390 1265 5474 quarum
1340 5405 1676 5463 voluntatum
1734 5409 1907 5465 altera

332 5502 578 5572 plantata
605 5499 673 5554 sit
712 5499 767 5555 in
804 5498 1105 5565 intellectu,
1138 5500 1311 5555 altera
1360 5500 1412 5555 in
1464 5517 1715 5571 corpore,
1765 5504 1906 5559 sint-

329 5608 440 5665 que
497 5596 640 5648 inter
692 5606 755 5647 se
804 5582 1133 5653 contra'rite;
1206 5591 1353 5662 quod
1411 5594 1667 5649 universo
1720 5596 1905 5665 generi

330 5685 573 5740 humano
617 5681 927 5752 contingit,
982 5698 1107 5736 cum
1148 5682 1253 5738 sub
1303 5694 1529 5751 peccato
1562 5683 1655 5747 sit,
1703 5700 1801 5738 nec
1836 5683 1908 5739 sit

331 5780 604 5850 quispiam
640 5792 669 5834 a
720 5783 947 5848 pcccato
982 5776 1295 5835 rebellionis
1345 5776 1648 5835 immunis:
1683 5792 1736 5835 at
1784 5794 1907 5837 cor-

2014 4576 2250 4637 haberet
2272 4588 2559 4647 naturam;
2584 4596 2706 4637 curn
2731 4589 2923 4644 autem
2945 4581 3084 4637 duas
3115 4580 3309 4635 habeat
3335 4587 3588 4640 naturas,

2015 4672 2157 4730 duas
2192 4673 2358 4727 etiam
2398 4672 2564 4729 habet
2617 4674 2950 4731 voluntates.
2995 4670 3274 4748 Rogamus
3318 4684 3455 4741 ergo
3492 4685 3588 4724 res

2017 4774 2076 4822 ut
2121 4764 2365 4838 iubeatis
2419 4764 2677 4820 comburi
2710 4766 2959 4844 chartam
3006 4778 3128 4835 qute
3170 4754 3474 4818 calumnias
3532 4759 3585 4812 in

2016 4858 2252 4915 Leonem
2289 4856 2994 4929 patriarchamﬂomannm
3036 4854 3437 4930 continet,_nec
3477 4867 3584 4905 non

2015 4955 2069 5008 in
2105 4954 2400 5010 concilium
2432 4952 2901 5017 Chalcedoncnse,
2949 4964 3021 5005 ne
3064 4950 3275 5023 legatur
3309 4956 3373 5007 et.
3394 4947 3462 4999 ab
3504 4949 3589 4999 in-

2014 5044 2235 5108 tellectu
2268 5043 2449 5101 minus
2487 5044 2802 5100 valentibus
2825 5043 3107 5112 probetur,
3144 5040 3413 5109 fidemque
3440 5039 3584 5115 ipso-

2014 5153 2137 5192 rttm
2169 5145 2491 5210 corrumpat
2528 5155 2543 5193 :
2610 5150 2973 5208 rogamusque
2998 5134 3297 5190 Dominum
3326 5145 3583 5203 )tustrutn

2012 5229 2290 5286 Christum
2333 5242 2390 5283 ut
2440 5246 2537 5283 vos
2597 5245 2723 5284 cum
2790 5227 3205 5291 misericordia,
3261 5228 3583 5289 clotucnlia,

2014 5332 2176 5390 atque
2210 5322 2415 5375 auxilio
2468 5322 2751 5392 respiciat,
2802 5320 3108 5392 subdatque
3140 5320 3370 5389 imperio
3400 5328 3584 5373 vestro

2010 5424 2199 5481 gentes
2222 5412 2464 5481 potentia
2499 5412 2673 5481 ipsius
2709 5410 3091 5483 insuperabili.
3122 5408 3417 5478 Epistulam
3443 5409 3583 5462 hanc

2011 5516 2138 5557 cum
2191 5504 2517 5559 absolvisset
2578 5502 2817 5559 Joannes
2886 5503 3194 5572 patriarcha
3261 5501 3580 5558 liouiauus.

2012 5594 2187 5666 ipsam
2219 5597 2367 5652 misit
2409 5612 2509 5668 per
2554 5598 2733 5650 virum
2768 5603 3141 5668 praestantem,
3192 5610 3408 5647 nouuue
3454 5592 3557 5647 iiar

2017 5690 2210 5753 sicam,
2256 5687 2513 5744 Ecclesiae
2567 5688 2824 5744 liornanc
2874 5688 3348 5744 archidiacuuum,
3387 5683 3476 5752 qui
3516 5686 3581 5738 ad

2013 5776 2324 5839 llcracliunt
2362 5782 2522 5854 333
2557 5782 2715 5851 335
2766 5790 2818 5839 ct
2885 5782 3302 5841 tluttstautluutu
3354 5779 3556 5848 imputat
