3976 6168
492 270 620 338 1111
1452 276 1823 343 Ευτιάιιιι
1858 285 2393 352 ΑιΕχΑΝῡιιιΝι
2430 294 2645 354 ΡΛΤΒ.
3610 295 3659 358 ll
3681 299 3745 361 19

488 397 638 440 tores
662 386 964 454 perferens,
991 390 1197 446 invenit
1222 393 1648 448 Constantinum
1672 394 1813 450 diem
1841 396 2068 464 obiissc,
2099 413 2142 467 Α
2172 405 2318 461 scius
2349 405 2511 462 ﬁdem
2543 421 2725 462 veram
2772 406 3127 462 orthodoxam
3179 406 3417 463 fructum
3475 424 3597 464 esse
3642 427 3742 476 pa-

492 490 594 571 nec
633 492 740 531 non
806 478 1114 571 lleraclium
1150 498 1179 537 a
1238 482 1590 550 consiliariis,
1626 486 1720 556 qui
1777 487 1831 542 in
1884 490 2063 559 ipsum
2173 498 2382 564 radisi,
2439 498 2650 570 tibique
2699 499 3014 557 incumbere
3066 508 3127 555 ut
3193 501 3367 571 ipsam
3424 501 3627 555 tuearis
3674 516 3744 556 ac

488 566 755 663 impetum
806 570 1070 663 iecerant,
1112 578 1394 639 occisum;
1435 576 1581 645 quod
1628 578 1839 636 scilicet
1880 582 2057 651 ipsum
2176 606 2513 663 pmpugncs,
2548 566 2783 662 (iamque
2808 593 3122 649 hominibus
3146 566 3329 649 notam
3364 594 3553 650 facias.
3577 592 3741 651 Chri-

492 673 593 726 pro
620 659 963 730 inauspicato
993 665 1279 730 haberent,
1321 682 1445 722 cum
1490 668 1759 740 Egyptus
1804 680 1862 726 et
1909 671 2063 744 Syria

493 749 633 819 ipsis
708 762 910 823 ereptae
969 763 1175 821 essent,
1231 758 1487 829 quodque
1547 762 1812 819 Maronita
1871 772 2059 827 esset;

497 841 756 913 ipsosque
786 844 1014 914 imperio
1039 847 1351 918 praefecisse
1374 851 1556 908 fratris
1578 854 1696 923 cjus
1718 854 2062 912 Constantini

493 932 766 989 demortui
816 934 1008 1001 lilium,
1043 954 1202 1008 quem
1256 951 1312 996 et
1365 941 1433 998 de
1494 947 1713 999 nomine
1763 946 1929 1016 patris
1981 948 2066 1002 sui

496 1025 918 1082 Constantinum
947 1033 1312 1101 appellarunt.

569 1117 693 1172 Fuit
723 1128 902 1176 autem
940 1123 1333 1181 Constantinus
1364 1127 1468 1185 iste
1500 1128 1795 1198 imperator
1816 1131 1960 1200 pios,
1977 1124 2065 1185 cui

497 1223 620 1262 cum
655 1208 878 1265 Barsika
917 1214 1145 1267 nuntius
1180 1216 1468 1284 epistolam
1510 1233 1631 1287 qua:
1660 1234 1688 1273 a
1724 1218 1937 1274 Joanne
1972 1235 2068 1290 pa-

496 1302 735 1356 triarcha
766 1302 1016 1360 Romano
1050 1307 1116 1361 ad
1147 1310 1529 1377 imperatorem
1585 1311 1753 1365 missa
1806 1312 1905 1367 init
1959 1322 2071 1366 tra-

498 1388 750 1459 didisset,
787 1393 905 1463 ipse
962 1404 1240 1465 acceptam
1306 1399 1558 1469 perlegit,
1626 1416 1689 1457 ac
1744 1402 2070 1472 patriarcha:

500 1483 843 1539 intellectum
878 1487 1131 1550 miratus,
1169 1491 1396 1545 rescribi
1425 1491 1592 1561 jussit
1616 1506 1966 1563 responsum,
2000 1494 2068 1550 ad

500 1574 649 1631 hunc
681 1576 901 1632 modum
932 1594 948 1633 :
982 1581 1329 1650 Accepimus,
1368 1591 1557 1637 sancte
1583 1585 1878 1651 excellens,
1914 1600 2072 1641 mau-

496 1666 682 1721 datnm
735 1679 910 1724 tuum.
960 1669 1069 1727 Nos
1115 1683 1295 1728 autem
1341 1674 1665 1729 conﬁtemur
1691 1690 1757 1730 ac
1795 1676 2070 1732 credimus

2171 694 2316 740 stum
2344 696 2525 741 autem
2560 686 2851 742 Dominum
2888 702 3178 757 precamur
3205 696 3263 742 ut
3297 688 3394 743 tibi
3421 688 3476 742 in
3510 688 3608 743 hoc
3634 703 3740 758 pro

2176 777 2422 832 bonitate
2460 793 2561 833 sua
2606 777 2871 832 auxilium
2928 776 3089 833 ierat.
3130 776 3422 848 Epistulam
3465 777 3605 832 hanc
3634 779 3737 831 ob-

2173 870 2450 938 signatam
2489 871 2637 925 misit
2668 870 2991 927 Thcodorus
3020 874 3327 941 patriarcha
3372 871 3438 927 ad
3473 872 3739 926 Constan.

2171 962 2343 1016 tinum
2385 963 2795 1032 imperatorem,
2841 962 2909 1019 ad
2958 962 3165 1018 litteras
3196 976 3333 1035 quas
3358 962 3426 1017 ad
3468 960 3735 1016 Joannem

2173 1051 2543 1121 patriarcham
2596 1052 2904 1107 Romanum
2941 1052 3184 1111 miserat.
3230 1065 3575 1119 responsum.
3604 1051 3736 1115 Quae

2177 1144 2267 1198 uhi
2299 1144 2366 1199 ad
2404 1142 2832 1199 Constantinum
2866 1142 3112 1214 pervenit
3150 1141 3334 1197 dolore
3380 1140 3607 1197 adactus
3650 1149 3739 1195 est

2173 1235 2246 1290 ob
2291 1232 2521 1289 Joannis
2572 1242 2832 1294 mortem,
2880 1233 3087 1304 apertis
3127 1241 3307 1287 autem
3364 1233 3560 1288 litteris
3599 1234 3737 1287 mire

2181 1329 2384 1397 placuit
2418 1328 2521 1398 ipsi
2555 1326 2773 1383 bonitas
2808 1326 3058 1396 responsi
3106 1325 3250 1394 quod
3292 1326 3393 1394 ipsi
3426 1324 3733 1380 reddiderat

2177 1418 2501 1474 Theodorus
2524 1418 2835 1490 patriarcha
2864 1420 2978 1473 \‘ire
2997 1415 3248 1483 Joannis,
3280 1418 3372 1487 qui
3406 1423 3535 1471 ante
3561 1416 3732 1483 ipsum

2172 1509 2514 1577 decesserat;
2564 1510 2839 1581 iussitque
2890 1506 3055 1565 scribi
3100 1523 3445 1579 responsum.
3490 1508 3559 1563 At
3611 1522 3735 1561 cum

2176 1603 2406 1659 Romam
2447 1604 2757 1675 perveniret
2789 1602 3017 1657 nuntius
3053 1600 3433 1671 imperatoris,
3482 1596 3735 1655 Theodo-

2175 1711 2293 1752 rum
2348 1696 2515 1752 etiam
2564 1702 2835 1751 mortumn
2888 1693 3118 1757 invenit,
3176 1700 3298 1761 post
3343 1705 3502 1761 quem
3551 1691 3736 1746 noni:

499 1772 727 1859 naturas
761 1761 1269 1859 duas,_voluntates
1316 1766 1477 1833 duas,
1523 1777 1684 1838 atque
1716 1770 2064 1839 operationcs
2097 1762 2138 1816 Β
2173 1788 2463 1859 plateam
2494 1794 2579 1844 εει
2621 1784 2905 1843 Martinus.

500 1851 639 1906 duas
669 1852 896 1908 Domino
922 1853 1141 1912 Christo
1169 1872 1317 1923 esse,
1366 1873 1430 1914 ac
1458 1874 1745 1928 personam
1780 1875 1968 1928 unam,
2013 1871 2067 1917 et

500 1944 597 2015 qui
634 1945 721 2001 his
751 1948 1146 2004 contradixerit
1180 1950 1727 2009 anathematizamus.
1775 1951 2066 2011 Credimus

497 2038 667 2093 ctiam
728 2038 861 2094 illud
912 2041 1056 2112 quod
1112 2053 1469 2100 asseruerunt
1524 2047 1769 2117 episcopi
1821 2048 2062 2105 sexcenti

500 2128 725 2199 triginta
773 2131 867 2201 qui
917 2130 971 2186 in
1023 2131 1159 2189 urbe
1206 2134 1640 2194 Chalcedonensi
1671 2148 2063 2206 convenerunt,

499 2230 557 2278 et
589 2220 933 2277 anathemate
959 2223 1289 2281 dcvovemus
1335 2228 1463 2285 illos
1510 2228 1603 2301 qui
1654 2229 1786 2286 illud
1832 2231 2065 2286 anathe-

500 2320 651 2368 mate
666 2312 954 2371 devovent.
982 2317 1160 2387 Atque
1191 2317 1323 2374 illud
1340 2320 1486 2391 quod
1521 2322 1588 2377 de
1617 2320 1801 2377 charta
1832 2322 2060 2378 combu-

501 2403 695 2471 rcnda,
730 2406 785 2462 in
820 2421 928 2478 qua
958 2408 1250 2466 calumniae
1278 2423 1464 2468 essent
1494 2414 1546 2467 in
1573 2411 1808 2469 Leonem
1838 2413 2068 2484 patriar-

500 2497 660 2553 cbam
695 2497 1003 2557 Romanum
1033 2512 1309 2572 sanctum,
1341 2513 1397 2561 et
1425 2505 1480 2559 in
1518 2507 1809 2563 concilium
1839 2506 2066 2563 Chalce-

502 2591 765 2660 donense,
795 2601 975 2648 ratum
1006 2596 1324 2665 habuimus,
1368 2606 1424 2653 et
1453 2598 1629 2669 ipsam
1677 2601 1787 2671 igui
1842 2601 2069 2658 tradidi-

504 2699 645 2740 mus.
679 2682 792 2741 Nos
843 2695 1024 2742 autem
1061 2687 1369 2747 doctrinam
1424 2704 1597 2758 tuam,
1647 2708 1773 2763 quso
1818 2697 2069 2752 doctrina

503 2792 632 2833 vera
659 2786 766 2844 est,
796 2777 1025 2837 lirmiter
1057 2787 1355 2840 retinemus
1390 2804 1403 2841 :
1429 2801 1797 2858 rogamusque
1825 2803 1886 2845 ut
1914 2790 2070 2847 nobis

502 2872 690 2926 pacem
744 2863 1019 2930 preceris,
1063 2873 1226 2934 atque
1274 2866 1438 2938 336
1496 2872 1564 2925 ab
1608 2873 1862 2929 cronibus
1911 2874 2068 2930 malis

504 2948 805 3007 incolumes
829 2968 1132 3010 sert'etnur.
1167 2955 1389 3014 Barsika
1417 2960 1600 3027 igitur,
1634 2966 1871 3034 acceptis
1899 2966 2066 3035 impe-

2243 1880 2416 1937 Porro
2460 1888 2707 1951 tempore
2753 1878 3003 1935 0thmani
3035 1876 3151 1932 Ebn
3191 1875 3365 1932 Minui
3406 1879 3553 1929 u'isit
3592 1873 3726 1927 Con-

2171 1974 2453 2031 stantinus
2506 1971 2805 2044 imperator
2873 1984 3090 2027 servum
3139 1971 3429 2039 quemdam
3510 1967 3733 2021 nomine

2169 2064 2474 2123 Manuelem
2520 2061 2870 2128 eunuchum,
2928 2076 3053 2116 cum
3098 2060 3343 2117 exercitu
3398 2060 3605 2132 ingenti
3640 2075 3734 2129 per

2170 2172 2341 2220 mare,
2378 2155 2472 2225 qul
2513 2153 2895 2210 Alexandriam
2927 2154 3089 2223 cepit.
3122 2148 3356 2220 Fuitque
3388 2166 3454 2207 eo
3478 2160 3725 2221 tempore

2171 2251 2225 2307 in
2268 2247 2501 2321 Egypto
2536 2248 2736 2323 Amrug
2783 2244 2955 2304 Ebnoi
2994 2245 3111 2301 Asi.
3145 2245 3347 2301 Contra
3383 2245 3562 2314 ipsum
3591 2258 3722 2312 ergo

2170 2339 2451 2412 profectus
2488 2339 2690 2394 Amrus
2728 2352 2835 2393 una
2869 2352 2989 2392 cum
3039 2333 3201 2391 Mesri
3254 2335 3451 2392 incolis
3493 2333 3725 2405 Coptitis

2175 2435 2431 2507 aliisque.
2483 2432 2781 2488 comitante
2811 2428 2976 2501 350
3011 2429 3177 2484 etiam
3223 2424 3604 2482 Amokaultaso
3638 2424 3729 2496 qui

2171 2527 2321 2598 ipsos
2348 2525 2573 2597 opibus,
2605 2521 2864 2592 hospitio,
2907 2530 2964 2577 ct
3000 2519 3200 2575 viatico
3233 2518 3518 2583 instruxit,
3548 2533 3729 2588 pugna

2170 2620 2320 2692 ipsos
2354 2616 2508 2689 gravi
2530 2614 2748 2685 excepit
2771 2614 2841 2669 ad
2871 2624 3084 2684 portato
3112 2610 3455 2668 Alexandria
3478 2626 3494 2673 ;
3521 2625 3643 2680 quae
3674 2618 3731 2664 et

2169 2726 2266 2783 per
2292 2709 2412 2768 dies
2440 2709 2648 2779 aliquot
2672 2706 2987 2763 continuata
3004 2714 3122 2771 est;
3150 2706 3274 2761 dein
3305 2706 3360 2761 in
3389 2702 3570 2774 iugata
3594 2719 3728 2759 con-

2170 2818 2361 2862 versus
2383 2811 2467 2858 est
2492 2800 2702 2857 Manuel
2720 2799 3005 2856 eunuchus
3024 2813 3149 2855 cum
3183 2797 3438 2854 omnibus
3474 2797 3567 2867 qui
3599 2810 3723 2851 cum

2170 2899 2289 2971 ipso
2311 2899 2524 2953 fuerant
2546 2892 2827 2958 Romanis,
2846 2892 2938 2964 qui
2956 2891 3276 2947 conscensis
3304 2890 3537 2944 navibus
3583 2889 3729 2944 Cou-

2169 2988 2577 3058 stantinopolim
2608 2986 2807 3041 reversi
2853 2993 3002 3039 sunt.
3034 2983 3231 3039 Diebus
3270 2982 3435 3039 etiam
3468 2980 3724 3037 0thmani

504 3040 706 3148 fateris
728 3040 1071 3148 Constantini
1108 3048 1322 3148 litteris.
1355 3066 1479 3107 cum
1498 3052 1568 3109 iis
1592 3054 1866 3148 proiectus
1887 3066 1973 3113 est
1996 3059 2062 3114 ad
2091 3092 2132 3148 α
2170 3040 2667 3148 captae
2685 3040 2813 3134 sunt
2836 3076 3040 3140 Africa,
3063 3075 3316 3130 Armenia
3336 3083 3390 3129 et
3408 3073 3719 3129 Chorasan.

499 3126 768 3188 Joannem
798 3138 1165 3206 patriarchan
1198 3139 1524 3209 Romanum,
1558 3145 1624 3202 ad
1667 3136 1827 3218 cuius
1855 3148 2063 3204 litteras

500 3236 829 3294 responsum
852 3229 1228 3292 continebant.
1263 3237 1331 3291 At
1362 3250 1486 3292 cum
1517 3235 1743 3294 Romam
1769 3239 2065 3311 appelleret

504 3316 716 3374 invenit
743 3318 1010 3379 Joannem
1043 3326 1410 3397 patriarcham
1446 3340 1720 3387 mortuum
1746 3348 1887 3389 esse.
1936 3334 2065 3390 i'ost

500 3423 663 3480 quem
689 3411 830 3468 sedit
855 3414 939 3470 vir
958 3417 1180 3486 quidam
1200 3419 1447 3492 egregius
1472 3423 1695 3479 nomine
1720 3421 2062 3491 Theodorus,

499 3504 569 3561 ad
599 3520 763 3577 quem
816 3509 1084 3568 accedens
1134 3513 1376 3579 Barsilta,
1430 3518 1717 3575 certiorem
1768 3534 1893 3575 eum
1938 3520 2067 3576 fecit

498 3598 633 3667 quid
664 3597 768 3670 ipsi
800 3599 1033 3660 dixisset
1061 3601 1385 3678 imperator,
1419 3622 1694 3679 quamque
1721 3611 2063 3667 orthodoxus

497 3698 685 3757 esses,
737 3706 959 3765 unaque
1003 3694 1107 3766 ipsi
1174 3697 1386 3755 litteras
1440 3700 1663 3757 tradidit
1715 3703 2062 3774 imperatoris

495 3781 842 3839 Constantini
875 3786 943 3841 ad
986 3787 1270 3858 epistolam
1307 3790 1556 3861 Joannis,
1584 3808 1749 3865 quam
1794 3796 1863 3853 ad
1893 3796 2064 3866 impe-

498 3883 715 3932 ratores
763 3877 1086 3948 scripserat,
1132 3884 1508 3952 responsorias
1559 3902 1575 3938 :
1628 3901 1765 3958 quas
1808 3899 2062 3959 acceptas

499 3969 633 4041 legit
660 3965 983 4027 Theodorus
1016 3972 1354 4044 patriarcha.
1388 3987 1444 4033 et
1473 3977 1852 4039 orthodoxiam
1883 3982 2062 4054 ipsius

498 4061 732 4116 miratus
775 4074 1101 4132 responsum
1148 4065 1219 4126 ad
1266 4066 1412 4136 ipsas
1458 4070 1563 4127 hoc
1606 4075 1767 4128 modo
1790 4076 2057 4141 scripsit:

493 4148 578 4206 Ad
600 4150 1023 4209 Constantinum
1061 4154 1441 4227 imperatorem
1482 4162 1606 4217 tidei
1641 4162 1870 4220 sincerae
1909 4163 2061 4237 [pro-

491 4240 788 4318 tcaaorem]
813 4245 1073 4303 unicum:
1097 4262 1128 4302 a
1148 4244 1435 4308 Theodoro
1457 4252 1768 4323 patriarcha
1789 4254 2056 4313 Romano.

492 4331 849 4395 Gratchatus
874 4346 961 4395 est
985 4338 1147 4397 nobis
1178 4339 1441 4398 Dominus
1491 4342 1634 4402 Deus
1679 4350 2056 4415 omnipotens,

2167 3175 2387 3233 Praefuit
2417 3174 2703 3235 Damasco,
2737 3169 2956 3225 nomine
2978 3167 3285 3229 Otluoanis,
3316 3165 3571 3221 Moawias
3609 3163 3722 3218 Ehn

2166 3271 2283 3341 Aby
2314 3266 2540 3340 Soi'yao.
2569 3263 2830 3320 Moawias
2860 3262 2963 3319 iste
2985 3276 3107 3315 cum
3136 3259 3295 3330 Cypri
3319 3258 3516 3314 incolis
3551 3255 3727 3311 tardus

2166 3362 2368 3435 pepigit
2414 3372 2559 3414 anno
2606 3355 2783 3412 lleir'e
2815 3353 3074 3411 vicesimo
3121 3360 3336 3416 octavo,
3382 3350 3545 3420 idque
3585 3364 3729 3403 anno

2164 3454 2457 3511 chalil'atus
2493 3448 2753 3507 0thmani
2794 3457 3013 3518 quarto,
3059 3446 3273 3501 tributo
3318 3457 3610 3499 aureorum
3643 3458 3728 3498 sc-

2164 3548 2305 3618 pties
2332 3542 2482 3599 mille
2515 3541 2876 3599 ducentorum
2914 3536 3206 3610 quotannis
3235 3535 3305 3591 ab
3348 3534 3481 3606 ipsis
3517 3534 3570 3590 in
3593 3548 3727 3601 per-

2166 3648 2389 3707 petauro
2415 3632 2752 3689 loaieminis
2783 3630 3092 3698 pendendo,
3126 3643 3192 3684 ac
3222 3638 3373 3683 tanto
3413 3621 3586 3682 etiam
3616 3624 3726 3680 Ro-

2166 3741 2455 3787 manorum
2488 3724 2832 3798 imperatori.
2854 3721 3028 3780 Porro
3052 3718 3273 3793 collegit
3306 3716 3543 3777 Otbman
3568 3717 3726 3775 Αιιιο.

2166 3837 2382 3885 ranum,
2409 3815 2569 3889 longa
2613 3819 2817 3890 longis,
2849 3817 3033 3873 brevia
3065 3814 3323 3871 brevibus
3344 3826 3721 3881 componens:

2162 3923 2329 3986 atque
2377 3913 2481 3969 hoc
2513 3911 2668 3967 libris
2697 3920 2909 3979 septem
2952 3907 3102 3971 fecit,
3132 3905 3353 3962 abolitis
3381 3904 3601 3960 ceteris
3629 3919 3725 3958 an-

2161 4020 2233 4059 no
2268 4003 2443 4060 ﬂeira:
2477 4003 2758 4059 tricesimo
2788 4000 3049 4056 secundo.
3095 3996 3228 4053 Dein
3278 3996 3722 4053 discordantibus

2156 4110 2283 4151 cum
2330 4095 2452 4166 ipso
2486 4092 2801 4150 hominibus
2831 4090 3155 4148 interfectus
3184 4098 3270 4146 est
3314 4090 3550 4142 0thman
3605 4082 3715 4139 Ebn

2158 4185 2360 4243 Atlani.
2404 4182 2811 4240 lnterl'eceruut
2851 4182 3027 4253 ipsum
3075 4179 3411 4237 liabommed
3456 4176 3575 4234 Eho
3615 4169 3713 4233 Alii

2160 4276 2318 4334 Becrl
2345 4276 2572 4330 Ammar
2598 4271 2716 4329 Eho
2743 4270 2962 4336 Yaacri,
2988 4278 3043 4327 et
3072 4270 3292 4326 Canana
3320 4266 3437 4323 Eho
3471 4265 3718 4333 Basbari,

2156 4368 2247 4423 die
2287 4364 2372 4423 Dii
2403 4364 2575 4436 Hajje
2626 4370 2822 4419 octavo
2869 4363 2975 4431 (vel
3009 4362 3310 4419 secundum
3350 4360 3498 4417 aliud
3537 4374 3722 4417 exem-

491 4425 586 4497 (Ιυί
950 4446 1105 4530 ινφ
1134 4433 1506 4530 ωοάεγεφίηο
1539 4438 1922 4497 ηιῖεετίθοτάίκ
1945 4455 2059 4498 ωδε
2093 4454 2135 4509 D
2163 4459 2302 4530 plar,
2324 4424 2541 4514 decim-is
2559 4454 2812 4524 octavo);
2840 4424 2983 4510 anno
3006 4452 3182 4511 ilcirae
3206 4455 3485 4511 tricesimo
3505 4457 3717 4526 quinto.

494 4517 717 4615 respicit
762 4518 820 4615 in
857 4521 1059 4586 pietate
1089 4527 1185 4579 tua
1209 4562 1227 4591 ,
1274 4524 1533 4594 deditque
1587 4530 1747 4586 nobis
1791 4531 1969 4588 locum
2008 4541 2062 4589 te

2168 4517 2338 4603 sonos
2364 4555 2479 4602 tum
2502 4556 2686 4600 natum
2722 4517 3003 4614 octoginta
3039 4544 3213 4611 duos;
3247 4558 3341 4615 per
3368 4517 3613 4601 triduum
3641 4544 3721 4599 in-

490 4607 803 4711 ?lloquendi
836 4623 964 4711 cum
994 4611 1191 4711 gaudio
1228 4623 1294 4711 et
1331 4613 1626 4711 hilaritate,
1671 4632 1784 4691 quo
1831 4621 2058 4690 gratiam
2160 4638 2411 4711 ,φριιιωε
2453 4636 2674 4696 Imma,
2725 4607 2881 4692 Fuit-
2905 4633 3172 4709 [statim]
3200 4607 3553 4707 quadratae,
3584 4635 3719 4692 faeie

492 4698 636 4758 bane
684 4701 865 4772 palam
914 4700 1201 4764 iaciamus.
1256 4703 1362 4762 Vos
1407 4705 1677 4777 siquidem
1733 4720 2055 4782 potestatem

2168 4698 2430 4803 pulchra,
2460 4726 2667 4795 fuscus,
2706 4727 2874 4784 barba
2898 4698 3076 4798 ampla
3109 4698 3271 4798 quam
3295 4698 3554 4798 plicabat,
3587 4730 3720 4784 deu-

493 4804 734 4849 vestram
764 4794 1059 4866 accepistis
1092 4795 1211 4855 vice
1240 4798 1620 4869 apostolorum
1654 4813 1967 4861 sanctorum
1997 4813 2058 4860 nt

2168 4794 2243 4879 ies
2280 4794 2426 4878 auro
2450 4818 2882 4892 eoostringcbat.
2924 4794 3227 4875 Plurim—um
3287 4794 3413 4873 cum
3440 4834 3509 4873 eo
3547 4821 3721 4889 potuit

492 4884 655 4941 ﬁdem
686 4887 1048 4987 orthodoxam
1078 4894 1454 4987 propugnetis,
1484 4904 1554 4987 et
1600 4895 1917 4987 religionem
1959 4913 2056 4954 ve-
2152 4910 2505 4987 εει-³43
2538 4884 2773 4973 Reman
2798 4910 2914 4965 Ebn
2942 4907 3183 4977 Hacem;
3214 4909 3459 4981 sepultus
3497 4884 3587 4967 est
3614 4908 3720 4963 lle-

492 4991 608 5071 ram
640 4977 1005 5038 nanilestetis
1029 4996 1060 5035 :-
1076 4995 1185 5038 non
1217 4994 1277 5039 ut
1306 4983 1608 5051 Heraclius,
1641 4989 1737 5057 qul
1765 4986 1837 5044 ob
1866 4988 2057 5043 inlide-

2168 4977 2312 5056 ᾖἇὲ
2331 4977 2634 5055 loco—dicto
2672 4996 2821 5053 iasar
2859 4996 3085 5056 Caucab
3124 4977 3291 5071 [pons
3317 4997 3516 5070 stellae]
3553 5015 3569 5054 :
3616 4998 3717 5056 Sa-

490 5070 697 5129 litatem
728 5085 886 5166 suam
909 5075 1166 5145 quodque
1192 5076 1475 5133 veritatem
1508 5077 2053 5153 deseruerit.dignus
2155 5092 2385 5147 lenitum
2433 5091 2688 5166 princeps
2736 5092 2837 5164 ipsi
2894 5091 3000 5149 fuit
3036 5070 3306 5148 Abdallab
3350 5090 3465 5149 Ebn
3529 5090 3717 5147 Pbabd

490 5176 601 5255 non
630 5170 716 5255 est
746 5163 839 5234 qui
872 5179 966 5221 rex
991 5168 1325 5236 appelletur;
1356 5184 1454 5226 nec
1488 5180 1546 5226 ut
1579 5170 1826 5244 Sergius,
1866 5171 2052 5229 Hono-

2168 5185 2504 5246 Adavrensis.
2527 5163 2768 5251 Janitor,
2812 5181 3133 5241 ﬂamdanus
3161 5185 3336 5255 ipsius
3358 5199 3581 5242 servus.

490 5254 629 5321 rius,
662 5254 884 5321 Paulus,
918 5263 975 5311 et
1009 5256 1205 5315 Petrus
1235 5262 1561 5329 patriarcha:
1588 5262 2052 5333 Constantinopo—
2462 5275 2768 5345 Clralifatus
2798 5276 2911 5334 Alis
2938 5274 3053 5331 Elui
3075 5254 3400 5332 AbiTalebi.

488 5345 665 5407 litanl.
725 5346 1082 5421 331339
1129 5351 1224 5420 qui
1284 5352 1497 5408 veritati
1552 5355 2047 5423 contradixerunt,

2222 5366 2556 5424 Chalil'atum
2607 5380 2729 5440 post
2757 5369 3087 5424 Otlimanum
3128 5368 3363 5425 obtinuit
3392 5368 3473 5423 Ali
3499 5366 3617 5423 Ebn
3646 5367 3719 5422 Ab

487 5446 654 5508 atque
683 5442 1025 5498 anathemate
1056 5446 1200 5516 digiti
1238 5458 1399 5511 sunt,
1442 5449 1646 5521 quique
1682 5451 1749 5508 de
1790 5453 2048 5509 Ecclesia
2146 5459 2356 5524 Talchi,
2411 5459 2547 5529 (Ebn
2580 5461 2737 5517 Ahdil
2778 5460 3072 5525 Motallabi,
3103 5459 3220 5515 Ebn
3253 5459 3532 5526 Hashemi,
3584 5459 3714 5520 Ebni

485 5530 656 5601 gradu
706 5531 1033 5600 dejiciautur
1075 5539 1145 5591 ob
1184 5542 1580 5597 sententiarum
1626 5560 1849 5600 suarum
1900 5545 2048 5601 falsi-
2145 5552 2307 5607 Ahdil
2359 5550 2643 5620 Maoaphi;
2678 5554 2765 5607 cui
2807 5562 2977 5606 mater
3018 5551 3313 5607 Pliatemab
3376 5554 3483 5607 lilia
3530 5556 3712 5618 Asadi,

488 5634 679 5687 tatem,
715 5640 919 5695 eosque
951 5643 1090 5698 quos
1136 5630 1189 5684 in
1233 5630 1511 5689 hominum
1540 5632 1800 5709 [animas]
1841 5638 2042 5706 injcce-
2144 5643 2262 5698 Ebn
2333 5642 2611 5710 llashemi,
2678 5645 2791 5700 Eho
2852 5644 3010 5700 Abdil
3068 5645 3343 5716 Ilanaphi)
3394 5662 3582 5703 tiretise
3634 5645 3711 5701 Dil

487 5723 617 5773 t'unt
668 5720 981 5792 scrupulos.
1027 5718 1106 5777 Tu
1157 5732 1375 5794 autem,
1424 5726 1873 5798 prastantissimc
1922 5746 2035 5803 rcx,
2144 5735 2311 5807 llajjz
2336 5736 2463 5794 anni
2502 5734 2681 5795 licira:
2708 5738 2968 5797 tricesimi
2995 5740 3196 5807 quinti,
3227 5741 3388 5805 idque
3422 5756 3569 5799 anno
3608 5743 3709 5801 im-
