3980 6152
188 336 337 405 1113

1656 337 2021 402 ANNMES.

3347 328 3479 392 illi

185 453 332 521 perii
362 450 718 506 Constantini
754 448 847 505 lilii
886 447 1237 505 Constantini
1270 458 1487 520 quarto.
1522 447 1776 503 Profecto
1820 455 1865 512 Α
1899 454 2057 507 istius
2110 451 2395 506 sententia:
2444 466 2563 516 qua:
2592 447 2850 503 Ecclesia:
2894 443 3166 500 contraria
3220 453 3389 506 esset,
3426 453 3480 495 et

184 554 256 594 eo
287 540 529 595 Basram
560 540 660 595 fuit
685 541 927 612 prmlium
950 539 1153 595 Cameli
1181 557 1196 607 ;
1219 540 1413 595 deinde
1440 554 1564 595 cum
1595 538 1789 594 Cufam

185 641 394 702 petens
415 632 478 687 in
512 631 724 702 Syriam
757 632 1026 698 tenderet,
1050 633 1403 687 commissum
1430 640 1513 686 est
1547 631 1790 701 praelium

186 726 586 781 Choruziense
615 726 669 778 in
710 724 1040 780 Nabrawao.
1098 722 1231 779 Dein
1261 722 1450 778 Cul‘am
1487 722 1665 785 rediit,
1695 723 1788 777 ubi

188 814 386 883 ipsum
417 814 698 870 interfecit
725 815 1138 869 Abdorrahmau
1176 815 1293 869 Elin
1336 813 1574 868 Mtlhami
1612 813 1792 868 Alma-

190 904 513 971 xadiensis,
542 904 731 961 decem
775 914 906 960 ante
952 905 1165 959 ﬁnitum
1222 919 1465 959 mensem
1528 903 1794 957 liantada-

192 1011 334 1049 num
366 996 594 1061 diebus,
627 1011 771 1051 anno
805 994 985 1051 Βοὴ-ω
1010 996 1462 1065 quadragesimo.
1494 993 1622 1047 Erat
1667 1009 1791 1046 cum

192 1088 563 1143 occideretur
590 1102 864 1142 annorum
898 1088 1184 1155 sexaginta
1232 1087 1422 1143 trium.
1466 1084 1657 1141 Oravit
1694 1098 1792 1147 pro

196 1178 325 1247 ipso
355 1178 512 1235 ﬁlius
534 1180 710 1251 ipsius
747 1178 951 1233 iiasan.
986 1177 1110 1235 Fuit
1140 1179 1433 1234 chalifatus
1463 1180 1635 1247 ipsius
1695 1192 1795 1230 an-

197 1284 412 1323 norum
467 1280 709 1341 quatuor
739 1279 793 1325 et
832 1269 1018 1325 decem
1071 1271 1365 1324 mensium.
1408 1269 1621 1324 Fuscus
1669 1266 1793 1332 fuit,

194 1362 783 1433 ventregprominente,
806 1362 973 1417 barba
992 1360 1263 1431 promissa
1281 1360 1417 1416 adeo
1436 1369 1494 1415 ut
1507 1370 1679 1415 totum
1694 1358 1795 1429 ipsi

201 1461 409 1522 pectus
432 1453 697 1523 operiret.
725 1450 997 1507 Canitiem
1019 1466 1173 1507 suam
1197 1467 1303 1506 non
1332 1449 1798 1519 mutabat.Sepui«

203 1553 295 1599 tus
323 1552 416 1599 est
435 1543 490 1599 in
519 1542 807 1616 Garriyan,
836 1546 917 1600 vel
937 1544 1236 1600 secundum
1262 1542 1554 1599 nonnullos
1578 1544 1631 1594 in
1653 1538 1799 1594 Tha-

205 1636 381 1691 vriah.
406 1635 835 1693 Controversum
867 1638 1012 1692 enim
1036 1649 1121 1693 est
1149 1637 1216 1691 de
1241 1637 1363 1691 loco
1388 1636 1689 1707 sepulturas
1714 1633 1799 1701 ἱνα

207 1728 354 1784 eius.
377 1726 692 1785 Satellitum
712 1729 814 1800 ipsi
837 1729 1130 1800 praefectus
1161 1727 1326 1800 3“
1348 1727 1448 1781 fuit
1467 1725 1653 1781 Maaka
1680 1723 1796 1778 Ebn

1897 546 2025 614 quid
2076 544 2292 598 initium
2352 543 2453 612 ipsi
2504 541 2769 598 dederat:
2808 550 2868 593 ut
2906 538 2958 591 in
2987 536 3218 591 concilio
3258 532 3480 587 Patrum

1894 645 2206 692 sanctorum
2238 637 2523 689 anathema
2572 634 2848 690 dit-eretur
2880 632 2932 685 in
2966 629 3118 684 illum
3160 627 3256 696 'qui
3296 642 3362 679 eo
3399 626 3486 679 tli-

1894 741 2036 793 gnns
2065 734 2229 781 esset.
2282 723 2608 777 Perveniens
2650 732 2831 774 autem
2875 721 3085 788 legatus
3135 714 3485 784 imperatoris

1896 816 2144 880 Romam,
2188 815 2453 887 Diyannm
2498 814 2702 869 obiisse
2751 811 2976 881 reperit.
3008 808 3071 862 Et
3110 807 3480 878 patriarcham

1900 918 2020 977 post
2054 909 2226 977 ipsum
2279 907 2467 961 Romae
2499 907 2854 961 constitutum
2888 918 3012 958 esse
3040 901 3305 971 Agabinm
3346 917 3359 953 :
3393 897 3482 951 cui

1899 1015 2025 1053 cum
2055 1000 2265 1054 litteras
2294 999 2633 1060 tradidisset,
2658 996 2823 1069 348
2852 995 2941 1049 ille
2966 1003 3230 1064 quelquot
3257 991 3484 1043 aderant

1898 1088 2188 1156 episcopos
2213 1085 2558 1150 convocavit,
2582 1085 2674 1153 qui
2709 1096 2937 1137 numero
2960 1090 3117 1136 erant
3145 1087 3365 1134 centum
3396 1080 3477 1130 vi--

1898 1176 2034 1247 gintl
2063 1188 2319 1246 quatuor,
2360 1189 2484 1228 cum
2525 1174 2702 1228 tribus
2733 1171 3003 1237 diaconis,
3049 1185 3115 1224 ex
3163 1168 3229 1223 iis
3268 1167 3361 1237 qui
3412 1167 3480 1220 aii

1896 1268 2070 1323 altare
2095 1267 2271 1338 ipsius
2301 1265 2791 1333 communicarent,
2839 1279 3047 1333 eosque
3092 1278 3201 1316 una
3235 1277 3356 1315 cum
3396 1262 3480 1315 Ie--

1899 1358 2042 1429 gatis
2072 1355 2426 1426 imperatoris
2459 1354 2629 1410 misit.
2665 1354 2799 1408 Cum
2834 1368 2969 1422 ergo
3009 1351 3482 1420 Constantinopo-

1900 1448 1993 1503 lim
2041 1447 2417 1518 pervenissent
2455 1446 2721 1516 episc0pi,
2749 1444 2814 1499 ad
2848 1445 3268 1500 Constantinum
3310 1442 3480 1511 impe-

1901 1547 2135 1594 ratorem
2176 1538 2434 1610 ingressi,
2488 1536 2592 1607 ipsi
2643 1535 2876 1591 salutem
2930 1548 2995 1591 ac
3042 1532 3481 1589 benedictionem

1899 1630 2231 1702 comprecati
2291 1638 2441 1686 sunt.
2492 1629 2886 1684 Constantinus
2942 1637 3124 1682 autem
3180 1628 3481 1694 imperator

1900 1727 2189 1796 episcopos
2221 1731 2437 1781 centum
2473 1724 2754 1795 sexaginta
2785 1733 2909 1779 octo
2937 1722 3286 1786 convocavit,
3323 1722 3393 1775 ita
3426 1729 3485 1772 ut

221 1817 351 1873 Kisi
379 1817 451 1872 Al
472 1799 1094 1889 Zabajensis.i.lanitor,
1130 1799 1351 1874 Kanbar
1377 1832 1573 1873 servus
1601 1817 1796 1886 ipsius.
1834 1799 1873 1857 Β
1897 1819 2012 1889 μω
2044 1831 2270 1872 numero
2297 1824 2486 1871 essent
2514 1815 2739 1871 ducenti
2775 1814 3068 1885 nonaginta
3100 1811 3231 1875 duo,
3261 1820 3317 1866 at
3344 1810 3486 1879 reje-

520 1907 823 1974 Cltalt'fatus
864 1909 1102 1965 Moawia:
1133 1908 1231 1964 Abi
1268 1909 1493 1979 Sofyau.

283 1991 583 2051 Profectus
642 1995 903 2053 Moawias
942 1995 1061 2053 Ehn
1116 1999 1220 2055 Abi
1272 1997 1475 2071 Sofyan
1538 1997 1803 2057 Damaseo

210 2083 488 2152 Beatum,
508 2086 582 2143 ibi
607 2088 870 2157 praestitis
883 2089 1217 2159 iuramentis
1232 2091 1431 2146 chalifa
1453 2093 1800 2150 renuntiatus

206 2185 333 2246 est;
368 2193 577 2233 nomen
607 2180 709 2250 ipsi
745 2178 847 2235 fuit
876 2180 1051 2235 Saeltr
1077 2180 1193 2237 Ebn
1222 2179 1385 2237 llarbi
1418 2182 1533 2239 Ebn
1562 2181 1797 2239 0mmite

211 2267 334 2322 Elin
385 2273 527 2325 Ahdi
566 2270 821 2340 Shemsi;
863 2281 1038 2327 mater
1067 2272 1239 2341 ipsius
1270 2273 1458 2330 iienda
1505 2274 1614 2330 ﬁlia
1644 2276 1800 2334 Διδω

213 2353 336 2410 Eho
392 2355 604 2427 εἰδυῖαι,
658 2356 772 2413 Ebn
816 2360 933 2413 ΛΜ
1008 2357 1249 2420 Shamsi.
1311 2358 1670 2430 inauguratus
1723 2374 1810 2419 est

214 2462 413 2503 mense
460 2447 650 2505 liabia
687 2448 909 2520 prioris,
955 2464 1101 2505 anno
1152 2450 1325 2507 lieirm
1390 2454 1807 2527 quadragesimo

214 2540 427 2610 primo,
453 2541 545 2611 qui
586 2542 690 2599 fuit
714 2544 925 2612 imperii
948 2542 1299 2600 Constantini
1336 2544 1429 2601 ﬁlii
1458 2547 1807 2606 Constattiui

213 2630 569 2701 imperatoris
616 2630 989 2691 Romanorum
1031 2635 1319 2705 decimus;
1370 2638 1589 2709 praefuit
1632 2655 1807 2696 annos

215 2725 599 2781 novemdecim
643 2735 697 2782 et
721 2727 961 2797 quinque
998 2743 1238 2785 menses.
1292 2731 1452 2785 Anno
1488 2729 1803 2788 Chalifatus

214 2818 341 2883 ejus
387 2819 631 2872 secundo
678 2819 1007 2875 constitutus
1044 2829 1127 2875 est
1164 2818 1434 2894 Georgius
1485 2825 1798 2893 patriarcha

221 2908 871 2980 Constantinopolitauus
904 2927 918 2964 :
948 2912 1042 2981 qui
1072 2926 1247 2968 annos
1272 2912 1459 2968 decem
1483 2913 1651 2980 sedit,
1674 2913 1802 2970 dein

219 3012 479 3055 mortuus
498 3011 601 3056 est.
625 3000 755 3070 Ejus
771 3000 1104 3073 prefecturar
1127 3017 1273 3057 anno
1291 3003 1535 3060 secundo
1551 3002 1655 3060 fuit
1674 3018 1804 3059 cono

217 3092 413 3146 cilium
447 3101 683 3159 sextum,
715 3092 923 3165 fuitque
966 3104 1079 3148 tum
1106 3092 1295 3149 Romae
1326 3094 1639 3164 patriarcha
1662 3095 1806 3149 Mar-

217 3185 394 3241 tinus.
449 3184 761 3243 Occidentis
807 3198 988 3242 autem
1038 3186 1331 3256 pralectus
1384 3187 1605 3245 nomine
1656 3186 1802 3242 Cou-

226 3279 463 3334 stantini
498 3279 843 3350 imperatoris
862 3289 981 3335 erat
1001 3280 1223 3352 quidam
1261 3282 1482 3337 nomine
1506 3281 1802 3346 Constans,

220 3372 313 3442 qui
375 3386 501 3428 cum
549 3370 817 3428 hiareuita
861 3387 1028 3438 esset,
1089 3374 1381 3430 Martinum
1435 3375 1801 3445 patriarchas»

218 3462 533 3519 Romanum
547 3463 715 3534 jussit
733 3465 979 3522 eamdem
1001 3466 1246 3538 proﬁteri
1276 3468 1628 3534 sententiam;
1646 3481 1807 3522 cum--

219 3570 329 3626 que
353 3555 546 3621 nollet,
579 3556 761 3628 ipsum
790 3560 861 3616 ad
896 3560 1086 3616 urbem
1118 3560 1416 3631 quamdam
1451 3560 1804 3632 longinquam

222 3649 505 3725 relegavit.
579 3649 712 3708 Erat
770 3662 950 3708 autem
1003 3662 1139 3709 tunc
1188 3653 1450 3724 temporis
1504 3654 1808 3708 monachus

219 3741 445 3809 quidam
463 3751 688 3803 unctus
720 3746 941 3801 nomine
965 3744 1253 3810 Manimos,
1276 3744 1365 3798 cui
1389 3744 1498 3798 duo
1518 3754 1674 3800 erant
1696 3743 1809 3799 dis-

221 3834 416 3907 cipuli.
436 3835 533 3895 llic
546 3839 615 3895 ad
630 3838 985 3896 Constantem
1008 3838 1319 3899 praefectum
1346 3837 1614 3893 accedens
1629 3838 1808 3908 ipsum

222 3933 295 3989 ob
322 3932 609 3991 sententia
658 3947 772 3988 sua:
798 3943 848 3988 et
874 3933 1055 3988 cultus
1082 3932 1421 4002 pravitatem,
1455 3927 1809 4003 355-337

226 4024 644 4083 heterodoxiam
670 4034 834 4094 atque
854 4038 1073 4094 gravem
1096 4022 1468 4082 inﬁdelitatem
1502 4022 1802 4091 redarguit.

226 4115 406 4175 Jussit
435 4132 565 4190 ergo
596 4117 871 4173 Constans
891 4114 1126 4171 Maximo
1157 4130 1356 4170 manus
1390 4129 1454 4170 ac
1488 4114 1655 4185 pedes
1688 4129 1808 4168 am-

226 4206 434 4279 putari.
466 4206 813 4279 linguamque
845 4207 1079 4273 extrahi,
1119 4218 1282 4278 atque
1311 4208 1491 4277 ipsum
1534 4208 1587 4262 in
1629 4209 1807 4264 locum

224 4291 585 4370 longinquum
631 4299 919 4369 ablegavit.
967 4296 1142 4354 iussit
1184 4299 1349 4354 etiam
1402 4299 1804 4370 discipulorum

225 4387 403 4459 ipsius
445 4388 677 4446 alterum
715 4387 999 4460 prehendi,
1032 4387 1286 4461 idemque
1326 4388 1432 4459 ipsi
1471 4388 1587 4444 ﬁeri
1620 4405 1637 4444 :
1669 4389 1808 4444 alter

1905 1910 2008 1965 etis
2040 1910 2216 1965 tribus
2262 1906 2532 1973 diaconis,
2562 1906 2655 1977 qui
2692 1905 2760 1959 ah
2790 1906 2999 1977 Agabio
3028 1902 3334 1973 patriarcha
3372 1901 3486 1954 ito-

1905 2015 2072 2057 mano
2110 2000 2267 2056 missi
2310 1998 2550 2063 fuerant,
2602 2005 2928 2053 manserunt
2978 1996 3216 2066 episcopi
3264 1995 3488 2051 ducenti

1902 2093 2177 2163 octoginta
2216 2105 2408 2147 novem
2438 2107 2455 2144 :
2488 2098 2654 2160 atque
2686 2089 2759 2144 ita
2794 2089 2849 2144 in
2900 2088 3165 2160 diptycho
3195 2103 3488 2144 recensen-

1909 2194 2014 2240 tur.
2046 2181 2295 2238 Bonitate
2317 2196 2451 2253 ergo
2492 2180 2680 2236 auxilii
2713 2178 2909 2244 divini,
2940 2194 3005 2234 ac
3049 2165 3488 2234 mansuetudinis

1906 2269 2252 2326 Constantini
2278 2270 2622 2341 imperatoris
2650 2270 2824 2325 ﬁdelis
2840 2269 3180 2340 praestantia,
3203 2280 3480 2339 peractum

1908 2371 1992 2422 est
2021 2366 2126 2421 hoc
2152 2365 2425 2435 negotium
2457 2379 2568 2435 quo
2609 2362 2665 2420 in
2697 2364 2863 2419 unius
2901 2361 3203 2419 voluntatis
3242 2370 3486 2418 asserto-

1910 2474 1997 2513 res
2049 2464 2319 2513 statutum
2352 2465 2457 2522 est,
2488 2472 2628 2527 quos
2670 2456 3013 2512 anathemate
3045 2460 3435 2525 percusserunt
3471 2471 3485 2507 :

1909 2549 2119 2621 fuitque
2176 2547 2337 2617 huius
2373 2548 2593 2603 concilii
2632 2550 2772 2604 sexti
2822 2562 3024 2618 prmses
3079 2546 3346 2615 Georgius
3397 2560 3491 2616 pa-

1910 2644 2149 2698 triarcha
2184 2640 2846 2711 Constantinopoliianus,
2898 2650 2952 2696 et
2985 2639 3349 2709 Theophanes
3389 2655 3482 2709 pa-

1910 2736 2148 2791 triarcha
2182 2734 2559 2789 Antiochenus
2588 2751 2604 2787 :
2638 2744 2825 2804 utpote
2846 2734 2940 2804 qtti
2981 2734 3034 2787 in
3064 2734 3182 2804 ipso
3211 2734 3314 2788 hoc
3360 2747 3491 2787 con-

1907 2828 2034 2880 cilio
2057 2825 2364 2895 patriarcha
2396 2826 2747 2879 renuntiatus
2781 2833 2889 2892 est,
2924 2838 3046 2879 cum
3074 2822 3371 2887 Macarius,
3393 2823 3486 2894 qui

1906 2924 2033 2973 ante
2075 2917 2252 2989 ipsum
2314 2916 2438 2985 fuit,
2484 2916 2539 2971 in
2572 2931 2638 2971 eo
2666 2915 3019 2973 anathemate
3050 2932 3341 2987 percussus
3372 2928 3479 2973 est.

1911 3010 2252 3065 Alexandria:
2297 3017 2480 3065 autem
2512 3018 2566 3065 et
2598 3008 2992 3083 Hierosolymis
3020 3010 3327 3082 patriarcha
3359 3019 3491 3066 tunc

1913 3104 2169 3173 temporis
2196 3102 2453 3169 nonfuit,
2481 3110 2715 3175 utraque
2748 3104 2877 3159 sede
2905 3112 3156 3160 vacante.
3180 3103 3487 3157 Anathemn

1915 3210 2044 3265 ergo
2060 3195 2320 3251 dixerunt
2338 3194 2390 3249 in
2413 3192 2733 3262 Maearium,
2770 3193 3140 3250 Macedonium
3163 3206 3217 3249 et
3232 3191 3490 3262 Chazjnm

1907 3289 2248 3360 patriarchas
2294 3287 2661 3344 Antiochenos
2693 3327 2708 3351 .
2766 3285 3216 3356 Stephanumqne
3271 3283 3489 3340 Macarii

1905 3382 2272 3453 discipulum;
2316 3395 2417 3436 nec
2461 3379 2905 3451 nonCyrrum,et
2924 3380 3135 3435 Petrum
3155 3378 3491 3449 patriarchas

1907 3472 2326 3536 Aiesandrinos,
2373 3470 2731 3544 359-351
2790 3478 2846 3527 et
2902 3467 3203 3525 Honorium
3253 3468 3491 3539 patriar.

1907 3567 2067 3621 cham
2113 3563 2440 3631 Romanum,
2485 3562 2946 3635 Theodorumque
2996 3561 3250 3625 Paulum,
3280 3570 3334 3616 et
3390 3557 3490 3614 Pe~

1912 3674 2052 3715 trum
2083 3657 2421 3729 patriarchas
2449 3655 3099 3727 Constantinopolitanos
3133 3670 3147 3709 :
3186 3653 3485 3722 quinetiam

1913 3754 1967 3806 in
1993 3749 2362 3812 Theodorum,
2394 3746 2591 3802 Parani
2638 3746 2981 3820 episcopum.
3019 3754 3074 3803 et
3117 3743 3487 3801 Ilochronium

1913 3842 2008 3913 qui
2040 3838 2227 3897 Simon
2274 3838 2911 3911 Magne-cognominatus
2933 3844 3042 3894 est.

1982 3928 2107 3987 Fuit
2178 3931 2267 3988 hic
2330 3931 2602 4002 siquidem
2690 3930 2953 3986 sacerdos
3026 3929 3200 4001 Syrus
3275 3925 3495 3983 hetero-

1912 4027 2115 4092 doxus,
2170 4025 2262 4095 qui
2294 4026 2603 4082 autumavit
2632 4023 2911 4083 Christum
2937 4023 3040 4095 ipsi
3073 4024 3127 4078 in
3163 4036 3362 4078 somno
3383 4036 3486 4092 ap-

1918 4127 2198 4190 parentem
2226 4117 2530 4185 indicasse,
2557 4120 2790 4174 lstorum
2837 4116 2928 4187 qui
2961 4129 3126 4170 unam
3151 4115 3488 4181 voluntatem

1918 4218 2235 4273 assererem
2258 4223 2441 4270 veram
2469 4224 2592 4267 esse
2637 4210 2996 4266 sententiam.
3032 4205 3498 4273 Constantinopo.

1917 4303 2011 4358 lim
2053 4317 2186 4375 ergo
2237 4300 2509 4359 accedens
2545 4310 2835 4376 postquam
2882 4305 3077 4355 contra
3127 4295 3498 4362 heterodoxos

1917 4397 2184 4447 statutum
2214 4396 2362 4446 esset
2383 4387 2695 4451 decretum,
2731 4386 2847 4447 hac
2875 4399 3113 4453 narrans,
3142 4390 3373 4447 conatus
3407 4388 3495 4441 est

225 4480 409 4553 ﬂagris
433 4496 606 4538 caesus
627 4490 713 4537 est
735 4497 753 4534 :
777 4479 904 4536 dein
930 4490 1220 4552 utrumque
1250 4482 1304 4537 in
1335 4480 1514 4538 locum
1540 4482 1608 4536 ah
1633 4481 1805 4537 altero
1843 4494 1888 4551 υ
1919 4480 2065 4536 tueri
2114 4478 2447 4536 sententiam
2519 4475 3044 4535 Monotheiitartnu;
3086 4487 3256 4541 quare
3313 4474 3495 4541 ipsum

229 4570 389 4642 longe
432 4580 701 4627 remotum
742 4571 972 4642 expulit.
1017 4570 1266 4645 Cumque
1308 4571 1543 4628 Martiae
1578 4573 1808 4644 patriar-

226 4665 366 4732 chas,
397 4679 462 4722 se
504 4665 742 4722 Maximo
770 4666 1164 4738 dlscipulisque
1208 4666 1384 4738 ipsius
1430 4665 1643 4723 duobus
1699 4665 1804 4722 hoc

233 4755 445 4815 fecisset
496 4758 792 4825 Constans,
851 4757 1039 4815 Romae
1099 4758 1462 4830 patriarcham
1514 4757 1805 4813 constituit

232 4849 406 4907 virum
448 4852 733 4923 quemdam
780 4851 1039 4909 eximium
1090 4850 1309 4906 nomine
1346 4850 1635 4922 Diyanum.
1668 4847 1807 4903 Cum

232 4952 413 5001 autem
452 4943 653 5002 certior
693 4942 871 4999 factus
898 4951 1045 5001 esset
1069 4942 1461 4999 Constantinus
1506 4943 1807 5012 imperator

233 5027 405 5088 ﬁdelis
457 5031 528 5087 de
550 5033 701 5088 obitu
722 5030 993 5087 Theodori
1024 5032 1344 5101 patriarcha
1372 5029 1619 5095 Romani,
1642 5029 1803 5100 quid-

231 5136 335 5193 que
366 5121 587 5181 fecisset
617 5122 887 5179 Constans
920 5120 1153 5177 Martino
1179 5123 1502 5193 patriarcha:
1534 5118 1804 5176 Maximo-

230 5231 333 5288 que
370 5217 637 5272 monacho
681 5226 733 5272 et
763 5216 934 5285 ipsius
978 5215 1285 5286 discipulis,
1332 5213 1804 5283 constitutumque

232 5322 353 5365 esse
397 5308 661 5379 Diyanutn
717 5308 1079 5379 patriarcham
1129 5306 1455 5369 Romanum,
1488 5322 1628 5375 aegre
1679 5308 1795 5363 hzec

233 5400 372 5463 tulit,
402 5399 732 5470 scripsitque
757 5399 823 5453 ad
863 5400 1041 5470 ipsum
1072 5398 1282 5454 litteras
1308 5414 1433 5451 enm
1483 5399 1801 5468 diplomate,

234 5504 428 5562 rogans
466 5501 525 5546 ut
557 5505 589 5546 e
615 5491 1098 5560 pmstantissimis,
1138 5491 1233 5560 qui
1286 5489 1353 5545 ad
1400 5492 1574 5545 altare
1624 5488 1801 5559 ipsius

235 5578 741 5654 [communicarent]
799 5584 1065 5654 episcopis
1111 5581 1177 5635 ad
1225 5582 1401 5651 ipsqu
1440 5582 1700 5648 mitteret,
1738 5581 1804 5634 ﬁ-

234 5672 350 5727 dem
383 5674 483 5743 ipsi
517 5674 720 5729 faciens
748 5691 813 5728 ne
845 5674 1061 5729 timeret
1085 5672 1405 5743 quidquam,
1433 5688 1618 5729 verum
1652 5670 1803 5745 [esse

238 5759 358 5828 hoc]
404 5780 514 5823 ouo
568 5764 735 5820 sciret
788 5764 1444 5837 Constantinuscausam
1500 5774 1795 5829 praetextu:

1923 4571 2271 4629 anathemate
2308 4570 2644 4627 devoverunt
2689 4584 2796 4626 una
2828 4584 2951 4627 cum
3006 4566 3177 4624 sociis
3225 4566 3399 4637 ipsius
3438 4574 3494 4625 et

1917 4661 2244 4717 sententlam
2277 4659 2395 4731 ejus
2428 4658 2625 4714 falsam
2674 4656 3006 4726 reiecerunt,
3033 4652 3492 4723 appellaruntque

1921 4756 2100 4822 ipsum
2170 4753 2421 4809 homines
2469 4750 2746 4807 Simonem
2802 4747 3042 4820 Magum.
3088 4746 3337 4815 Cumque
3378 4745 3491 4813 jam

1920 4847 2273 4903 anathemate
2312 4843 2705 4900 Monothelitas
2746 4839 2981 4897 feriendi
3017 4840 3178 4895 ﬁnem
3213 4837 3489 4903 fecissent,

1918 4938 2312 5004 consederunt,
2371 4946 2431 4993 ut
2480 4935 2605 4991 lldei
2649 4933 2965 5005 Symbolum
3017 4940 3250 4997 rectum,
3300 4932 3491 4987 orthos-

1914 5030 2147 5092 doxum,
2190 5029 2491 5089 sincerum,
2520 5025 2861 5096 inculpatum
2912 5022 3014 5094 ipsi
3063 5029 3492 5091 componerent;

1917 5119 2287 5187 dixeruntque
2317 5135 2333 5173 :
2364 5116 2652 5172 Credimus
2678 5130 2837 5170 unam
2860 5130 2889 5166 e
2909 5109 3214 5182 [personis]
3251 5109 3492 5165 Trinita-

1921 5212 1991 5265 tis
2017 5224 2141 5266 esse
2174 5209 2370 5264 Filium
2402 5206 2623 5263 unicum
2653 5208 2744 5276 qui
2776 5212 2857 5260 est
2886 5204 3120 5259 Verbum
3164 5203 3490 5275 antiquum,

1908 5311 2194 5365 aternum,
2215 5300 2359 5355 Patri
2377 5298 2618 5369 aequalis,
2650 5297 2792 5353 Deus
2816 5298 2865 5349 in
2894 5308 3126 5363 persona
3152 5310 3259 5349 una
3309 5304 3363 5347 et
3391 5294 3491 5361 hy-

1912 5393 2121 5466 postasi
2150 5407 2255 5447 una
2283 5408 2299 5457 ;
2327 5392 2417 5461 qui
2444 5390 2759 5460 agnoscitur
2784 5387 3053 5458 pet-iectus
3090 5402 3211 5441 esse
3238 5384 3383 5453 quod
3426 5383 3491 5438 ad

1918 5488 2311 5542 humanitatem
2341 5499 2520 5547 suam,
2558 5492 2614 5537 et
2645 5481 2920 5549 perfectus
2962 5477 3109 5549 quod
3141 5478 3208 5533 ad
3232 5475 3491 5532 divinita-

1916 5592 2050 5643 tem,
2078 5581 2133 5634 in
2166 5594 2227 5633 ea
2265 5576 2567 5632 substantia
2609 5590 2729 5644 qum
2761 5583 2840 5627 est
2880 5572 3140 5626 Dominus
3184 5579 3367 5624 noster
3402 5566 3493 5621 Je-

1915 5690 2011 5727 sns
2046 5671 2317 5735 Christus,
2348 5669 2486 5723 duas
2516 5667 2723 5721 habens
2766 5675 2991 5719 naturas
3022 5662 3287 5732 perfectas
3312 5699 3327 5726 ,
3353 5658 3489 5713 duas

1910 5762 2283 5826 onerationes.
2338 5768 2392 5816 et
2445 5760 2581 5815 duas
2629 5757 2936 5812 voluntates
2977 5756 3031 5810 in
3075 5765 3306 5824 persona
3356 5765 3483 5804 una.
