3980 6152
484 252 622 317 1115

1458 247 1822 307 EU'I‘YCHII
1862 246 2057 306 ALEX
2073 247 2396 309 ANDRINI
2436 250 2655 311 ΡΛἸἮ.

3592 238 3744 304 1116

482 367 733 432 itit-mque
758 364 987 432 professi
1020 372 1146 417 sntit
1173 378 1291 417 cum
1316 363 1552 415 concilio
1590 359 2046 425 Citalt-edoncusi,
2079 363 2122 421 Α
2161 371 2330 425 siros,
2377 371 2427 417 et
2472 362 2690 418 dolores
2728 370 2951 417 nostros
2991 359 3261 429 suscepit;
3313 355 3470 425 cujus
3504 354 3742 410 vulnere

479 457 729 510 videlicet
766 454 931 508 Deum
982 452 1179 505 Filium
1212 454 1417 507 ultimis
1461 453 1803 520 temporibus
1833 467 2047 505 assttiu—

478 548 659 617 psisse
683 562 745 600 ex
782 545 1022 614 Virgine,
1063 544 1289 597 Domina
1312 542 1471 612 352
1510 543 1671 595 \laria
1704 550 1893 597 sancta
1923 559 2049 597 cor-

479 654 585 710 pus
609 638 906 693 humanum
938 652 1060 691 cum
1099 637 1277 689 anima
1324 635 1571 691 rationali
1602 674 1618 697 ,
1669 634 1997 688 intellectiva
2028 652 2043 689 :

480 728 644 797 idque
692 744 757 783 ex
810 728 1185 782 tniserirortlia
1245 725 1336 780 Dt-i
1391 726 1445 779 itt
1494 724 1743 779 homines
1793 724 2046 795 propitii:

482 838 658 891 neque
713 824 813 875 hoc
869 830 1026 891 pacto
1056 820 1351 888 contigisse
1382 817 1487 887 ipsi
1515 817 1911 881 confusionem,
1945 831 2046 872 nec

477 914 908 978 corruptionem,
932 925 1031 964 nec
1072 907 1494 979 separationetn.
1536 921 1639 963 nec
1675 906 2046 974 divisionem;

479 1005 573 1059 sed
605 1019 727 1057 esse
751 1004 926 1068 ipsum
953 1016 1116 1055 unum
1156 1000 1469 1062 facientem,
1497 1014 1621 1069 qum
1653 997 1928 1051 hominem
1968 996 2049 1050 fa-

477 1112 604 1150 cere
647 1096 822 1154 decet,
854 1094 906 1147 in
952 1103 1142 1147 natura
1186 1092 1382 1163 ipsius,
1412 1100 1467 1144 et
1525 1106 1645 1158 qua:
1687 1090 1850 1142 Deum
1898 1087 2047 1142 face.

480 1203 538 1243 re
584 1186 739 1241 decet
775 1187 828 1240 in
864 1194 1055 1238 natura
1111 1185 1317 1253 ipsius,
1367 1184 1464 1251 qui
1491 1190 1575 1236 est
1624 1179 1796 1234 Filius
1829 1180 2045 1243 unicus.

482 1280 717 1333 Veritum
744 1278 1161 1347 sempiternum,
1199 1276 1628 1345 incorporatum,
1664 1272 1809 1343 quod
1858 1285 2044 1326 revera

478 1376 682 1428 factum
715 1381 802 1425 est
832 1386 961 1425 caro
986 1408 1002 1433 ,
1047 1370 1191 1423 sicut
1222 1368 1353 1423 dicit
1387 1366 1735 1431 I'Ivangelium
1758 1374 2042 1418 sanctum:

478 1464 549 1515 ita
596 1462 814 1515 interim
858 1469 916 1514 ut
965 1474 1072 1513 non
1107 1459 1327 1513 recedat
1376 1472 1405 1508 a
1451 1455 1618 1523 gloria
1673 1468 1772 1507 sua
1819 1464 2044 1516 αξιοι-τιτι,

480 1568 660 1621 neque
688 1552 862 1621 ipsam
888 1558 1089 1613 mutet,
1127 1564 1314 1603 verum
1347 1549 1420 1603 sit
1458 1562 1580 1600 cum
1606 1545 1818 1599 duabus
1845 1560 2045 1614 opera-

479 1645 742 1709 tionibus,
772 1643 987 1698 duabus
1015 1640 1412 1704 voluntatibus,
1440 1649 1495 1695 et
1538 1640 1755 1693 duabus
1807 1639 2045 1697 naturis.

2148 471 2342 510 omnes
2391 457 2569 509 sanati
2611 469 2822 509 sumus.
2852 450 2980 507 Fuit
3008 452 3153 508 enim
3183 459 3241 504 ut
3267 450 3389 503 ovis
3410 463 3535 517 quze
3561 447 3735 502 ducta

2149 561 2234 602 eet
2270 547 2335 601 ad
2369 549 2755 602 mactatiouem
2781 590 2797 614 ,
2840 557 2896 602 et
2938 555 2998 601 ut
3042 561 3214 615 agnus
3250 544 3342 613 qui
3375 556 3562 597 ceram
3606 550 3735 596 ton-

2148 639 2313 694 dente
2345 640 2523 709 ipsum
2559 638 2798 702 tacebat,
2846 639 2918 693 ita
2945 653 3048 692 nec
3082 653 3145 691 os
3179 638 3413 703 aperuit.
3447 633 3503 687 in
3542 633 3732 687 humi-

2152 732 2373 785 liatione
2398 730 2568 797 ipsius
2589 731 2866 785 sublatum
2888 741 2968 786 est
2989 728 3251 799 judicium
3275 726 3413 792 ejus.
3450 722 3572 779 1am
3599 740 3738 777 vero

2148 820 2455 889 intelligant
2509 822 2604 874 tilii
2637 820 2897 876 Ecclesia
2929 821 3022 875 Dei
3058 818 3147 891 pie
3177 815 3412 890 [ipsum]
3448 816 3728 879 colentes,

2147 911 2277 967 Jesu
2312 912 2535 968 Christo
2566 912 2797 969 Domino
2836 921 2894 968 et
2940 910 3049 966 Deo
3083 917 3272 966 nostro
3298 923 3421 965 esse
3450 907 3595 962 duas
3630 922 3733 961 na-

2152 1017 2307 1063 turas
2334 1008 2628 1076 Perfectas,
2659 1006 2799 1061 duas
2834 1004 3150 1060 voluntates
3194 1010 3250 1057 et
3281 1001 3417 1056 duas
3449 1000 3734 1069 Operatio-

2152 1114 2248 1153 nos
2290 1112 2506 1163 revera,
2536 1111 2828 1167 personam
2874 1105 3060 1150 autem
3082 1109 3265 1149 unam.
3305 1090 3421 1148 Hoc
3443 1100 3532 1147 est
3568 1090 3732 1145 testi-

2151 1190 2390 1244 monium
2441 1198 2496 1244 et
2534 1189 2671 1244 ﬁdes
2701 1188 2920 1243 concilii
2973 1185 3113 1242 sexti
3177 1185 3379 1241 sancti.
3424 1182 3736 1241 Ceullrmao

2150 1288 2279 1332 runt
2307 1279 2470 1333 etiam
2499 1281 2644 1349 quoi
2680 1280 3145 1333 conﬁrmaverunt
3192 1273 3434 1344 quinque
3485 1275 3724 1329 concilia

2151 1376 2341 1421 sancta
2369 1366 2587 1434 priora;
2618 1373 2671 1419 et
2694 1365 3041 1419 anathemate
3074 1364 3415 1417 devoveruut
3445 1361 3542 1433 qui
3584 1360 3741 1415 illud'

2149 1455 2660 1519 anathematizaret,
2693 1465 2748 1511 et
2771 1455 3080 1522 reiecerunt
3112 1454 3204 1524 qui
3236 1453 3414 1523 ipsum
3440 1452 3720 1519 rejieeret.

2149 1547 2457 1614 Quinetiam
2482 1546 2639 1601 fidem
2662 1545 2950 1616 Sephronii
2974 1545 3299 1616 patriarcha:
3326 1541 3696 1613 iiierosolymi
3712 1572 3734 1584 -

2151 1638 2264 1693 taui
2304 1638 2625 1694 inmedium
2656 1638 2918 1709 prolatam
2946 1645 3274 1707 receperunt
3316 1644 3371 1692 et
3433 1636 3731 1691 conﬁrma-

481 1735 628 1792 Deus
653 1748 707 1791 et
740 1736 930 1801 homo,
975 1735 1177 1804 quibus
1226 1733 1506 1803 perﬁcitur
1533 1745 1713 1786 sermo
1755 1744 1916 1783 verus
1945 1744 1960 1782 :
1994 1736 2049 1780 et
2081 1710 2121 1769 θ
2153 1740 2300 1785 runt.
2359 1731 2583 1786 Peracta
2618 1737 2749 1785 sunt
2799 1741 2981 1785 autem
3021 1730 3137 1785 hac
3176 1731 3390 1800 negotia
3429 1728 3735 1781 auxiliante

484 1839 781 1897 utramque
822 1838 1074 1881 naturam
1104 1825 1317 1891 operari
1364 1838 1490 1880 cum
1541 1823 1925 1879 communione
1965 1819 2044 1874 ai-

479 1922 675 1984 terius,
722 1918 939 1973 duabus
986 1915 1363 1971 voluntatibus
1399 1914 1619 1969 minime
1650 1915 1797 1967 inter
1837 1928 1895 1966 se
1924 1925 2047 1967 cun-

480 2011 689 2077 trariis,
714 2018 811 2065 aut
840 2011 1234 2080 pugnantibus,
1259 2009 1429 2061 altera
1462 2006 1607 2060 aliud
1638 2003 2007 2074 amplectente
2032 2020 2047 2067 ;

481 2118 674 2159 Verum
714 2117 935 2159 manere
966 2102 1299 2156 voluntatem
1342 2099 1637 2153 humanam
1680 2098 1735 2151 in
1776 2096 2053 2153 voluntate

483 2196 673 2251 divina
706 2195 1101 2264 omnipotente.
1152 2191 1311 2257 Quod
1344 2190 1449 2246 uisi
1481 2190 1717 2246 Verbum
1751 2184 1870 2251 Del,
1923 2200 2049 2242 cum

484 2285 864 2344 descenderet,
895 2280 1294 2349 assumpsisset
1327 2279 1602 2333 hominem
1643 2275 1887 2345 undique
1922 2288 2051 2343 per-

482 2375 711 2438 fectum,
744 2373 939 2427 luisset
996 2372 1147 2426 salus
1178 2379 1363 2424 nostra
1412 2370 1594 2436 imago
1645 2377 1701 2423 et
1743 2368 2052 2437 phantasia.

484 2463 772 2528 Quomodo
822 2471 1001 2514 autent
1042 2458 1369 2514 conveniret
1424 2458 1844 2513 beneﬁcentiam
1914 2469 2054 2525 prc-

483 2554 669 2618 stanti,
712 2553 803 2621 qui
840 2561 924 2609 est
969 2551 1214 2607 medicus
1254 2550 1515 2621 sapiens,
1541 2562 1727 2602 revera
1766 2545 2055 2602 sanitatem

485 2650 622 2703 dans
656 2649 977 2716 (secundum
1026 2644 1156 2698 illud
1209 2644 1357 2714 quod
1413 2642 1548 2696 dicit
1608 2640 1899 2695 Malachias
1927 2653 2059 2708 pro-

483 2737 647 2808 pheta
674 2737 923 2791 :(lrietur
946 2734 1039 2789 Sol
1059 2734 1305 2801 iustitia,
1338 2732 1499 2803 cujus
1535 2746 1730 2785 nomen
1760 2728 2053 2790 timebunt,

486 2829 582 2899 qui
611 2828 827 2882 sanabit
856 2828 1023 2897 ipsos.
1058 2826 1405 2894 gestabitque
1431 2825 1579 2893 ipsos
1599 2822 1700 2878 alis
1721 2818 1883 2890 suis).
1919 2818 2052 2873 illud

487 2934 768 2975 assumere
820 2920 872 2973 in
898 2933 1006 2989 quo
1040 2929 1307 2973 creatura:
1346 2918 1650 2985 antiquitus
1686 2910 2052 2986 353-355

487 3028 627 3068 noxa
648 3014 771 3078 fuit,
799 3023 854 3067 ut
876 3023 1018 3068 esset
1040 3024 1317 3082 peccatum
1350 3011 1583 3080 primum
1618 3010 1675 3062 in
1711 3007 1926 3061 homine
1952 3021 2048 3075 pe-

487 3057 771 3078 ..ν--.,..-,
879 3057 1018 3068 .--ω
1040 3057 1317 3082 γ..η..-.-..-
1954 3057 1971 3075 ,
2004 3057 2013 3058 ,

486 3118 588 3159 nos
613 3104 926 3169 arbitrium,
970 3104 1300 3159 voluntatem
1322 3144 1338 3166 ,
1373 3114 1427 3154 et
1468 3108 1790 3170 potestatem
1840 3114 1996 3153 suam
2028 3098 2055 3152 2
2079 3057 2127 3123 θ’

488 3196 564 3249 Ae
584 3195 858 3263 quomodo
887 3209 993 3247 non
1024 3201 1170 3249 esset
1200 3194 1305 3248 hoc
1331 3190 1750 3247 necessarium?
1779 3189 1917 3245 Cum
1953 3188 2057 3243 do-

486 3286 667 3341 cuerit
691 3299 792 3340 nos
824 3284 1107 3348 Dominus,
1135 3283 1227 3352 qtti
1257 3295 1343 3338 est
1375 3284 1429 3337 in
1469 3282 1595 3337 sinu
1635 3280 1837 3345 Patris,
1878 3277 2055 3335 Filius

486 3379 582 3449 qui
622 3378 776 3432 solus
828 3387 915 3433 est
968 3377 1126 3441 liber,
1170 3391 1278 3430 non
1331 3390 1547 3437 servus,
1576 3389 1766 3429 verum
1815 3372 2059 3442 seipsutn

489 3482 709 3523 servum
744 3466 873 3519 fecit
906 3475 1131 3536 propter
1165 3467 1399 3520 salutem
1432 3472 1716 3530 nostram,
1746 3462 2063 3530 tlederitque

490 3558 655 3612 nobis
692 3558 984 3611 victoriam
1023 3556 1080 3611 in
1106 3555 1228 3610 illos
1254 3556 1351 3626 qui
1386 3554 1673 3624 ‘oquentes
1701 3554 1884 3608 dicant
1915 3551 2060 3606 Ada-

490 3662 640 3701 mum
682 3647 992 3703 necessario
1020 3660 1292 3715 peccasse;
1320 3660 1385 3699 ac
1417 3646 1587 3700 fuisse
1617 3654 1902 3715 peccatum
1939 3643 2058 3698 ahsv

488 3754 596 3810 que
667 3736 947 3793 voluntate
1023 3739 1241 3808 ipsius,
1309 3753 1485 3807 neque
1533 3737 1707 3792 fuisse
1752 3736 1808 3792 in
1864 3743 2060 3791 natura

490 3831 663 3901 ipsius
695 3839 1018 3898 potestatem
1057 3830 1307 3890 liberam,
1331 3844 1438 3897 qua
1468 3843 1497 3882 a
1531 3828 1684 3898 lapsu
1706 3841 1903 3881 cavere
1923 3840 2053 3895 pos-

490 3930 593 3977 Set.
642 3922 761 3987 Quo
808 3923 1051 3988 ipsarum
1086 3920 1236 3975 dicto
1279 3920 1489 3975 crimen
1535 3928 1589 3974 et
1642 3917 1916 3973 defectqu
1963 3916 2061 3970 im-

490 4013 722 4082 pingunt
752 4012 1001 4066 Creatori
1026 4051 1040 4071 .
1087 4010 1181 4079 qui
1223 4011 1382 4079 longe
1424 4025 1590 4079 supra
1623 4010 1737 4063 haec
1767 4018 1872 4072 est,
1899 4020 2062 4079 atque

494 4104 760 4159 Adamnm
798 4105 852 4156 in
883 4102 1160 4171 peccando
1194 4109 1484 4157 excusant.
1528 4098 1646 4154 Jatn
1697 4115 1827 4155 vero
1857 4100 1905 4154 si
1936 4115 2064 4154 sen-

494 4197 675 4248 tentia:
700 4210 889 4248 eorum
917 4195 1191 4264 prmeipue
1219 4195 1311 4263 qui
1346 4194 1451 4248 hoc
1479 4201 1757 4257 asserunt,
1783 4191 2063 4258 omnium-

490 4301 603 4356 que
633 4286 724 4357 qui
785 4288 850 4339 iis
895 4299 1185 4339 assensum
1234 4283 1478 4353 praebent
1508 4326 1523 4350 ,
1565 4284 1884 4340 necessario
1908 4297 2059 4337 com-

2155 1824 2286 1886 ileo,
2319 1834 2371 1877 et
2405 1830 2669 1890 praesente
2689 1819 3057 1875 Constantino
3089 1818 3611 1889 imperatoreﬁdeli,
3640 1818 3730 1870 cui

2153 1915 2291 1969 bene
2316 1914 2521 1986 precati
2553 1913 2751 1968 reversi
2782 1919 2909 1967 sunt
2937 1911 3005 1966 ad
3040 1911 3157 1965 inca
3190 1926 3288 1964 sua
3315 1927 3332 1974 ;
3358 1910 3523 1977 idque
3560 1908 3733 1975 impe-

2152 2006 2218 2062 rii
2283 2004 2625 2062 Constantini
2679 2019 2824 2060 anno
2896 2003 3113 2058 decimo
3165 2004 3370 2065 tertio,
3431 1999 3741 2055 chalifatns

2153 2096 2394 2153 Ioavrite
2422 2096 2535 2152 Eho
2566 2097 2666 2151 Abi
2699 2097 2925 2171 Sofyani
2957 2103 3177 2165 quarto.
3212 2096 3254 2147 Δ
3285 2093 3524 2149 concilio
3548 2101 3747 2146 autem-

2154 2190 2353 2262 quintn
2402 2192 2787 2261 episcoporum
2857 2200 3076 2244 ceutmn
3119 2186 3408 2257 sexaginta
3467 2196 3731 2256 quatuor,

2157 2284 2251 2355 qui
2316 2282 2789 2348 Constantinopoli
2833 2288 3227 2336 convenerunt
3262 2287 3508 2349 tempore
3554 2276 3732 2333 Justi-

2153 2376 2303 2432 niani
2370 2373 2715 2445 imperatoris
2768 2372 3177 2436 Romanorum,
3239 2370 3304 2424 ad
3355 2380 3570 2425 sextum
3624 2366 3733 2421 hoc

2154 2468 2514 2524 duce'ﬂtorum
2560 2468 2838 2535 octoginta
2900 2481 3093 2521 novem
3151 2465 3579 2533 episcoporum,
3635 2458 3735 2529 qui

2155 2560 2354 2616 ibidem
2406 2568 2781 2615 convenerunt
2814 2568 3054 2626 tempore
3079 2553 3738 2629 357-359(Zonstano

2154 2653 2254 2710 tiui
2304 2651 2648 2719 imperatoris
2668 2691 2683 2713 .
2706 2659 2923 2704 centum
2968 2658 3099 2705 sunt
3127 2648 3278 2703 anui.
3309 2647 3561 2711 Cumque
3605 2658 3737 2714 per-

2157 2756 2336 2800 actum
2383 2741 2547 2799 fuerit
2595 2744 2698 2797 hoc
2745 2742 3019 2814 negotium
3049 2784 3064 2806 ,
3112 2752 3357 2811 tempore
3419 2735 3611 2809 Agahil
3642 2750 3743 2805 pa-

2159 2836 2417 2891 triarchae
2460 2832 2689 2889 Romani
2733 2834 2942 2898 sancti,
2985 2832 3313 2888 mentionem
3347 2830 3596 2885 fecerunt
3625 2828 3738 2883 Da-

2160 2926 2328 2983 masci
2355 2935 2409 2989 et
2443 2924 2662 2996 )Egypti
2689 2925 2881 2979 incolae
2912 2922 3155 2978 neminis
3180 2921 3365 2992 Agabii
3394 2918 3733 2990 patriarcha

2159 3017 2389 3073 Romani
2420 3018 2473 3071 iu
2509 3018 2788 3088 diptycho,
2827 3015 2897 3071 ab
2929 3030 2995 3070 eo
3019 3015 3086 3069 ad
3124 3015 3225 3069 hoe
3285 3027 3461 3081 usque
3485 3020 3738 3081 tempus.

2233 3112 2478 3166 Mortuus
2507 3119 2590 3164 est
2631 3118 2810 3169 autem
2839 3107 3235 3164 Constantinus
3266 3106 3563 3175 imperator
3600 3102 3739 3158 iide-

2159 3208 2229 3263 lis
2279 3216 2568 3276 postquam
2599 3202 2878 3258 sexdecim
2910 3214 3084 3255 annos
3109 3212 3278 3268 regno
3306 3196 3511 3267 potitus
3546 3204 3740 3258 esset:

2160 3296 2522 3370 regnaritque
2575 3303 2701 3362 post
2740 3294 2921 3362 ipsum
2957 3293 3011 3346 in
3046 3290 3327 3346 Romanos
3368 3288 3513 3343 ﬁlius
3556 3287 3741 3357 ipsius

2158 3388 2511 3447 Jttstinianus
2545 3401 2721 3441 annos
2749 3383 3039 3441 duodecim
3068 3402 3081 3437 :
3132 3383 3295 3451 idque
3326 3395 3473 3437 anno
3501 3380 3740 3437 chalifr

2162 3488 2251 3534 tus
2283 3478 2521 3533 Moawiaz
2554 3474 2669 3528 Elin
2701 3471 2817 3543 Ahy
2847 3470 3049 3541 Sofyan
3077 3479 3294 3524 octavo.

2232 3568 2570 3625 Accedentes
2594 3570 2775 3619 autem
2808 3561 3034 3634 quidam
3061 3560 3128 3616 ad
3157 3557 3532 3615 Justiniannm
3561 3560 3740 3628 impe-

2163 3673 2401 3715 ratorem
2425 3659 2733 3713 [Matianum
2756 3656 3017 3709 dixerunt
3045 3671 3061 3708 :
3104 3653 3245 3710 Sunt
3278 3668 3308 3706 e
3339 3651 3739 3707 Constantino-

2162 3754 2419 3824 politauis
2475 3750 2701 3822 quidam
2754 3746 2849 3818 qui
2912 3746 3208 3802 concilium
3267 3752 3527 3807 sextum,
3586 3743 3736 3813 quod

2164 3846 2265 3900 fuit
2290 3855 2537 3916 tempore
2573 3842 2747 3912 patris
2779 3841 2855 3893 ttti
2886 3836 3273 3902 Constantini,
3302 3835 3633 3906 vituperent.
3668 3835 3737 3889 ad

2164 3936 2364 3991 falsum
2390 3932 2882 4007 (conﬁrmandum)
2916 3928 3248 3985 convenisse
3273 3943 3368 3983 eos
3396 3939 3737 3982 asserentes.

2162 4029 2383 4085 Mittens
2451 4041 2584 4097 ergo
2634 4023 2989 4080 Justinianus
3067 4019 3368 4090 imperator
3443 4022 3737 4090 epiSCOpOI

2162 4126 2384 4174 centum
2417 4117 2638 4185 triginta
2671 4112 3019 4176 convocavit,
3046 4110 3139 4181 qui
3174 4109 3394 4165 concilii
3423 4110 3563 4163 sexti
3609 4126 3732 4166 sen-

2165 4208 2393 4263 tentiam
2423 4206 2847 4267 conﬁrmarunt,
2872 4208 2928 4257 et
2961 4200 3099 4258 diris
3125 4216 3222 4254 eos
3254 4198 3616 4273 devoverant,
3643 4200 3733 4267 qui

2168 4298 2273 4369 ipsi
2333 4296 2743 4358 maledicerent,
2808 4294 2891 4348 vel
2950 4290 3433 4357 contradicerent;
3481 4306 3583 4344 nec
3630 4306 3735 4346 non

492 4379 631 4448 petit
673 4390 954 4447 peccatum
1004 4377 1102 4429 toti
1133 4375 1417 4431 hominum
1451 4375 1666 4443 generi.
1711 4372 1823 4430 Nos
1876 4384 2056 4429 autem

2166 4392 2494 4449 sententiam
2542 4388 2786 4461 quinque
2836 4385 3199 4441 conciliorum
3248 4384 3494 4453 priorum
3540 4382 3735 4438 conﬁr-

491 4471 732 4526 dicimus
778 4471 833 4523 itt
879 4476 1149 4538 potestate
1186 4467 1383 4523 Adami
1440 4466 1614 4521 fuisse
1672 4473 1732 4520 ut
1782 4464 2061 4521 Creatoris

498 4563 813 4617 mandatum
849 4570 1115 4623 servaret,
1148 4574 1245 4613 nec
1269 4574 1377 4613 non
1414 4558 1793 4615 utconsilium
1820 4557 2062 4612 mulieris

497 4656 787 4724 rejiceret;
829 4668 1015 4705 verum
1066 4666 1173 4705 non
1227 4653 1301 4704 ita
1332 4650 1590 4713 voluisse,
1627 4648 1721 4705 sed
1766 4649 1948 4703 cibum
1994 4663 2059 4703 ex

496 4746 690 4800 arbore
718 4754 771 4799 et
799 4760 829 4797 e
856 4757 1019 4796 manu
1064 4739 1310 4795 mulieris
1348 4739 1650 4810 acet-pisse,
1707 4739 2064 4810 quemadmo—

500 4840 628 4891 dum
654 4844 707 4890 et
734 4834 933 4890 mulier
963 4832 1251 4887 consilium
1288 4831 1563 4899 serpentis
1596 4839 1785 4886 secuta
1813 4836 1920 4894 est,
1952 4843 2061 4882 non

500 4928 828 4984 necessitate
868 4934 1074 4978 natura:
1098 4962 1114 4984 ,
1155 4924 1250 4976 sed
1288 4922 1661 4976 imbecillitate
1704 4918 2063 4975 intellectus:

500 5020 711 5088 fuitque
740 5019 843 5073 hoc
883 5018 1057 5086 prima
1090 5015 1369 5070 voluntate
1401 5018 1780 5069 creaturarum
1812 5012 2068 5067 videlicet

502 5111 693 5167 Adami
737 5116 796 5163 et
845 5106 990 5171 Evte,
1023 5108 1165 5161 unde
1196 5116 1523 5174 acceperunt
1570 5104 1782 5175 plagam
1824 5102 2068 5158 doloriﬁ-

504 5218 651 5267 eam,
679 5210 842 5273 atque
868 5200 1016 5255 unde
1045 5200 1211 5255 etiam
1246 5196 1532 5252 ntedelam.
1568 5194 1849 5265 Siquidem
1882 5194 2070 5249 Detul-

506 5312 611 5351 ιιιιά
642 5304 830 5352 uoster
869 5291 1034 5348 Jcsus
1076 5292 1329 5347 Christus
1360 5290 1581 5344 morbos
1625 5297 1848 5345 nostros
1895 5286 2070 5342 etde-

508 5390 884 5443 lorcsnustros
902 5388 1164 5455 suscepit,
1210 5387 1352 5439 sicut
1388 5382 1524 5436 dixit
1566 5381 1735 5437 lsaias
1770 5383 2067 5451 propheta:

511 5481 830 5550 Aspexintus
863 5494 989 5533 eum
1030 5493 1130 5533 nec
1188 5476 1353 5549 356
1396 5478 1495 5530 fuit
1541 5478 1641 5543 ipSI
1681 5476 1913 5545 species,
1973 5488 2072 5529 nec

510 5572 896 5642 pulchritudo,
951 5568 1161 5639 fuitque
1206 5566 1657 5636 contemptibilis,
1702 5565 1860 5636 cujus
1925 5565 2071 5618 nulla

514 5664 697 5720 habitat
730 5671 812 5719 est
846 5662 1006 5717 ratio.
1036 5660 1154 5720 lese
1195 5669 1275 5718 est
1309 5661 1403 5720 oui
1436 5660 1672 5719 portavit
1715 5658 1935 5715 morbos
1972 5674 2069 5713 uo-

2169 4490 2412 4545 marunt,
2458 4490 2515 4538 et
2540 4480 2595 4535 in
2626 4494 2722 4535 eos
2765 4478 2858 4549 qui
2900 4492 2964 4532 ea
3021 4474 3578 4539 auathetnatizarent,
3609 4487 3735 4527 aua-

2164 4576 2348 4631 thema
2381 4574 2660 4637 dixerunt,
2692 4571 2817 4626 dein
2846 4567 3051 4624 reversi
3074 4576 3223 4621 sunt.
3257 4599 3266 4607 ο

2252 4660 2426 4719 Porro
2473 4676 2620 4715 anno
2673 4657 2968 4713 ehalifatus
3023 4652 3266 4708 κωπίω
3311 4653 3545 4724 acptimo
3608 4668 3733 4708 eou-

2173 4754 2401 4812 stitutus
2428 4763 2511 4807 est
2548 4752 2790 4807 Joannes
2835 4746 3148 4816 patriarcha
3177 4743 3737 4819 Hierosolymitanns.

2167 4847 2262 4917 qui
2304 4860 2479 4900 annos
2516 4842 2875 4915 quadraginta
2934 4841 3099 4903 sedit,
3146 4838 3275 4893 dein
3336 4848 3591 4894 mortuus
3634 4850 3735 4895 est.

2170 4934 2446 4989 Iianserat
2477 4940 2661 4989 autem
2704 4930 2863 4987 sedes
2894 4927 3391 4999 Hierosolymitana
3424 4938 3550 4996 post
3598 4943 3740 4983 mor-

2168 5034 2276 5081 tem
2327 5023 2618 5093 Sophrouii
2681 5039 2855 5092 usque
2898 5021 3030 5075 dum
3097 5020 3441 5076 sumcerrtur
3502 5018 3741 5075 Joannes

2169 5117 2289 5173 sine
2317 5117 2624 5184 patriarcha
2648 5114 2813 5187 360
2834 5127 3008 5168 annos
3030 5110 3220 5183 viginti
3248 5126 3469 5166 novem.
3492 5110 3744 5166 Mortuus-

2169 5216 2257 5264 est
2304 5209 2467 5263 etiam
2522 5205 2792 5279 Georgius
2830 5205 3144 5275 patriarcha
3178 5201 3739 5271 Constantinopolim.

2172 5316 2296 5367 nus,
2324 5316 2446 5355 cum
2490 5314 2662 5353 annos
2712 5298 2901 5352 decem
2925 5312 2993 5352 eo
3034 5310 3256 5351 munere
3308 5294 3528 5351 functus
3568 5304 3739 5350 esset.

2173 5391 2331 5443 Anno
2378 5378 2666 5441 chalii‘atus
2706 5383 2945 5439 Iloawite
3001 5382 3329 5437 duodecimo
3398 5392 3619 5436 creatus
3657 5389 3739 5435 est

2175 5478 2414 5533 Thomas
2465 5478 2772 5548 patriarcha
2818 5471 3483 5541 Coustantinopoiitanus,
3518 5472 3612 5540 qui
3647 5486 3738 5524 an-

2176 5583 2277 5624 nos
2321 5566 2503 5621 lit‘Ct‘lll
2547 5566 2687 5619 sedit
2758 5564 2863 5634 (vel
2907 5563 3065 5633 juxta
3105 5559 3253 5615 aliud
3296 5561 3614 5629 exemplar,
3663 5562 3738 5613 vi-

2178 5657 2355 5727 ginti),
2406 5657 2528 5714 dein
2573 5666 2819 5713 mortuus
2863 5665 2963 5712 est.
2995 5654 3151 5711 Anno
3175 5653 3466 5711 chalifatus
3493 5652 3735 5718 eiusdem
