3976 6168
231 317 395 383 1117

1698 333 2074 398 ANNAIES.

3376 325 3511 395 iii8

234 444 519 499 vicesimo
563 446 729 501 tertio
776 447 988 505 addidit
1023 448 1323 507 Molsetnait
1352 450 1466 509 Ebn
1525 451 1828 509 Mociiailcd
1854 451 1909 513 Α
1937 456 2025 510 llic
2062 456 2438 527 Hierosolyma
2482 456 2744 525 templum
2800 453 2950 506 auxit
2998 454 3168 506 donec
3219 461 3426 521 petram
3452 451 3507 504 in

234 537 607 593 Ansaitensis
678 550 970 596 structurae
1015 543 1206 613 templi
1261 546 1410 614 quod
1455 556 1539 601 est
1578 544 1826 599 Pbustati

230 626 415 683 Mcsri
437 671 453 695 ,
491 638 614 700 post
647 630 874 687 Amrunt
902 631 1075 689 Ebnoi
1105 637 1219 699 Asi,
1246 640 1464 701 turrim,
1500 639 1590 691 cui
1631 652 1827 692 nomen

227 735 409 777 suum
447 723 752 796 inscripsit.
808 726 980 783 Porro
1026 732 1331 798 imperante
1367 731 1633 786 Moawiah
1672 739 1826 798 capta

228 819 335 868 est
380 812 602 872 Rhodos
625 832 658 871 e
694 830 835 874 terra
871 820 1271 879 Romanorum.
1326 826 1440 879 Sub
1469 830 1658 882 eodem
1695 825 1828 879 rita-

233 902 345 959 lifa
398 908 631 979 eclipsin
674 925 872 980 passus
915 923 1000 968 est
1045 916 1150 981 sol,
1195 916 1332 972 adeo
1378 927 1438 972 ut
1501 930 1828 989 apparerent

228 997 441 1065 stella,
494 1013 643 1055 anno
691 1003 869 1058 Heirte
902 1007 1387 1080 quinquagesimo.
1444 1009 1695 1069 Mortuus
1739 1021 1827 1069 est

228 1099 433 1146 autem
462 1089 726 1150 Moawiah
762 1095 877 1151 Εὺιι
909 1099 1009 1153 Abi
1035 1100 1239 1172 Sofyan
1270 1116 1459 1159 mense
1487 1103 1664 1175 Rajeb
1694 1108 1826 1161 anni

229 1178 425 1236 "eine
454 1187 799 1256 sexagesitni,
847 1192 1257 1259 octugenarius.
1310 1192 1438 1249 Fuit
1476 1204 1661 1251 autem
1695 1197 1829 1251 obe-

228 1288 367 1340 sus,
392 1273 649 1331 clunibus
704 1281 938 1350 magnis,
981 1290 1194 1337 statura
1238 1283 1444 1348 brevis,
1493 1301 1628 1342 voce
1658 1285 1823 1353 elata,

225 1366 423 1421 oculis
450 1367 827 1436 exstantibus,
897 1380 1120 1442 pectore
1186 1374 1320 1443 lato,
1374 1376 1827 1448 barba‘prolixa,

227 1471 412 1525 quam
441 1474 612 1515 succo
638 1459 791 1517 AlNil
844 1465 1107 1535 tingebat.
1137 1464 1397 1536 Sepultus
1430 1475 1517 1524 est
1546 1467 1819 1525 Damasci.

231 1549 561 1608 Sateliitum
595 1557 889 1625 prrefectus
942 1556 1047 1629 ipsi
1103 1557 1209 1613 fuit
1235 1556 1408 1614 ΥπῙά
1451 1557 1629 1615 Ehnol
1660 1557 1824 1615 Burri

228 1644 304 1697 At
332 1646 685 1704 Abasiensis.
715 1647 847 1705 Dein
879 1649 1008 1708 Kais
1039 1652 1154 1708 Elin
1183 1653 1424 1710 Hamzab
1450 1653 1825 1711 liatnadancn-

227 1736 341 1793 eis.
405 1737 545 1794 Tum
593 1741 777 1797 Daltait
838 1744 954 1799 Ebn
1016 1743 1145 1803 Kais
1200 1745 1518 1804 Pitarensis.
1578 1746 1818 1815 Janitor,

228 1828 494 1902 Riyabus
520 1847 713 1888 servus
742 1833 937 1903 ipsius.

526 1923 835 1995 Chalifatus
880 1927 1073 1986 Yazidi
1113 1932 1234 1986 Ebn
1272 1931 1531 1987 Moawiw.

314 2016 589 2072 Prae-stitia
625 2020 728 2089 ipsi
767 2020 1103 2091 iuramentis
1148 2026 1513 2096 inauguratus
1541 2036 1620 2081 est
1656 2026 1826 2083 Yazid

228 2107 363 2166 Ebn
394 2112 639 2171 Moawia:
656 2116 770 2171 Eho
803 2118 902 2171 Abi
928 2118 1153 2188 Soiyani
1175 2120 1264 2173 cui
1296 2128 1474 2172 mater
1502 2117 1601 2173 fuit
1627 2118 1827 2186 Misua,

235 2208 355 2259 lilia
379 2205 736 2281 361-363
771 2205 1020 2263 Yaitdaki
1053 2208 1380 2274 Caibensis;
1429 2224 1614 2265 mense
1654 2210 1827 2278 Rzijeb

232 2298 372 2352 anni
410 2296 589 2355 Heire
618 2301 974 2370 sexagesimi.
1024 2299 1196 2355 Porro
1227 2299 1550 2358 interfectus
1604 2311 1687 2356 est
1718 2300 1826 2355 ilo-

232 2391 384 2455 sain,
418 2389 569 2447 ﬁlius
607 2390 722 2447 Alis
743 2390 862 2446 Ebn
893 2392 994 2447 Abi
1030 2390 1218 2448 Taiebi
1263 2391 1511 2447 Carbalae
1556 2409 1587 2448 e
1616 2393 1823 2449 ditionc

233 2478 431 2546 I'Jraki,
470 2480 561 2539 die
588 2483 808 2540 decimo
838 2482 1091 2539 Mobarra
1112 2487 1241 2541 anni
1278 2485 1456 2554 Hejra:
1487 2487 1818 2557 sexagesimi

231 2573 426 2644 primi.
462 2589 641 2632 annos
671 2575 885 2633 habens
923 2578 1204 2648 sexaginta
1250 2588 1386 2644 tres,
1415 2586 1691 2649 caputque
1734 2580 1820 2650 ip-

236 2668 360 2720 sius
387 2665 714 2723 Damascum
748 2667 988 2724 delatum
1020 2669 1164 2724 circa
1198 2669 1387 2724 urbem
1414 2681 1685 2740 gestatum
1712 2680 1818 2727 est.

236 2756 441 2814 Occiso
488 2769 672 2813 autem
723 2757 967 2816 Hosaino
1006 2760 1122 2816 Ebn
1171 2762 1251 2815 Ali
1301 2760 1415 2815 Ebn
1460 2762 1560 2816 Abi
1607 2761 1817 2825 Talebi,

238 2849 503 2916 prodiens
522 2849 789 2906 Abdailab
818 2852 991 2908 Ebnol
1025 2852 1226 2907 Zobair
1251 2853 1425 2907 Ebnoi
1449 2855 1656 2907 Avvami
1687 2854 1824 2908 itec-

236 2956 339 3003 cas.
373 2942 660 3013 imperium
696 2944 801 3001 sibi
832 2946 1158 3002 vindicavit.
1184 2947 1356 3003 Mater
1388 2948 1490 3014 ipsi
1529 2947 1629 3001 fuit
1652 2947 1819 3003 Asma

236 3033 350 3089 tilia
391 3033 493 3089 Abi
539 3035 695 3092 Becri
719 3036 876 3108 justi.
914 3036 1018 3093 Hic
1055 3053 1178 3093 cum
1210 3038 1358 3095 litem
1391 3054 1549 3097 suam
1578 3041 1817 3095 excitas-

1854 1801 1902 1860 Β

1935 552 2111 621 ipsum
2165 549 2393 605 inferret
2446 550 2809 620 hominesque
2856 545 3236 615 Hierosolyma
3264 545 3507 615 peregri-

1934 644 2051 699 nari
2097 642 2289 712 jussit,
2336 643 2616 699 Mecciiam
2662 656 2791 697 vero
2862 641 3013 695 adire
3080 639 3246 693 vetuit
3285 646 3508 707 propter

1931 736 2261 790 Alidoilaum
2312 736 2427 791 Elin
2467 734 2690 789 Zobair.
2726 734 2874 788 Idem
2916 731 3091 788 Abdoi
3141 730 3346 784 lilaiecli
3395 730 3507 783 Ειηι

1931 827 2166 882 Mdide
2213 828 2525 882 convocatis
2564 825 2816 881 Damasci
2853 823 3187 880 Christianis
3240 821 3399 891 petiit
3440 821 3509 875 ab

1928 922 2060 992 ipsis
2090 920 2389 976 Ecclesiam
2421 917 2614 973 Sancti
2663 915 2956 979 Johannis,
2996 913 3142 985 quud
3173 911 3328 981 juxta
3372 922 3507 966 tem-

1929 1016 2080 1085 plum
2116 1029 2368 1084 rnagnum
2405 1023 2548 1065 erat.
2573 1008 2677 1077 Qui
2710 1023 2836 1065 cum
2866 1008 3090 1063 Cliaiedi
3130 1006 3285 1061 Ebnil
3306 1005 3506 1060 Walidi

1929 1106 2197 1174 scriptum
2229 1101 2569 1167 attulissent,
2597 1100 2831 1154 multum
2870 1097 2985 1153 illis
3013 1097 3260 1167 pecuniae
3280 1096 3509 1159 obtulit,

1927 1213 2041 1268 quo
2098 1196 2333 1251 similem
2380 1194 2486 1249 sibi
2538 1191 2833 1247 ecclesiam
2874 1204 3208 1259 quacunque
3257 1186 3509 1243 Damasci

1928 1301 2084 1360 parte
2120 1288 2358 1351 vellent,
2395 1292 2751 1342 exstruerem
2784 1300 2799 1337 :
2844 1296 3083 1350 cumque
3130 1280 3235 1335 hoc
3280 1278 3508 1341 nollent,

1927 1384 2140 1441 dimisit
2190 1384 2361 1451 ipsos.
2397 1379 2572 1436 Porro
2601 1384 2852 1433 mortuus
2884 1385 2971 1431 est
2994 1373 3240 1429 Thomas
3276 1373 3514 1441 patriar-

1925 1477 2029 1535 cita
2085 1472 2443 1549 365-367
2489 1469 2897 1533 Antiocltenus,
2938 1480 3066 1521 cum
3121 1480 3325 1520 tnunus
3378 1463 3512 1517 illud

1928 1569 2125 1640 viginti
2158 1581 2338 1622 annos
2371 1564 2625 1621 obiisset.
2656 1562 2820 1616 Anno
2854 1572 2989 1629 ergo
3015 1555 3314 1612 cltalifatus
3338 1555 3514 1623 ipsius

1925 1662 2141 1734 primo,
2179 1658 2520 1714 constitutus
2546 1662 2631 1712 est
2654 1651 2930 1723 Georgius
2974 1648 3292 1721 patriarcha
3322 1645 3515 1702 Antio-

1927 1760 2161 1822 chenus,
2206 1756 2300 1823 qui
2329 1768 2507 1810 annos
2533 1748 2727 1824 viginti
2754 1756 3000 1819 quatuor
3024 1746 3190 1807 sedit,
3214 1742 3337 1799 dein
3362 1756 3512 1798 mor-

1930 1864 2059 1909 tuus
2104 1857 2209 1905 est.
2254 1849 2458 1903 Eodem
2510 1859 2657 1900 anno
2719 1851 2944 1899 creatus
3010 1847 3094 1894 est
3140 1836 3382 1893 Joannes
3422 1851 3512 1906 pa-

1931 1941 2176 1999 triarcha
2206 1934 2893 2006 Constantinopolitanus,
2928 1929 3024 2001 qui
3052 1944 3176 1985 cum
3211 1943 3386 1983 annos
3406 1928 3509 1982 tri-

1930 2038 2081 2107 ginta
2111 2035 2360 2104 quinque
2407 2029 2680 2092 sedisset.
2734 2031 2989 2081 mortuus
3021 2034 3129 2078 est.
3161 2021 3226 2077 Et
3260 2031 3511 2075 mortuus

1926 2139 2013 2185 est
2062 2123 2411 2180 .iustinianus
2465 2121 2766 2189 imperator
2808 2115 3133 2172 Romanus:
3182 2120 3309 2182 post
3345 2120 3509 2180 quem

1928 2218 2179 2290 regnavit
2225 2214 2337 2271 Leo
2375 2224 2488 2269 tres
2519 2226 2734 2271 annos.
2763 2210 2891 2265 dein
2939 2213 3198 2263 mortuus
3226 2214 3345 2267 est;
3386 2209 3511 2272 post

1927 2327 2091 2381 quem
2139 2307 2435 2379 imperavit
2477 2303 2737 2361 Tiberius
2776 2301 3040 2357 Romanis
3073 2307 3506 2369 septem'annos,

1926 2408 2089 2475 idque
2121 2417 2269 2458 anno
2302 2398 2597 2456 chaiifatus
2630 2395 2793 2452 Abdii
2826 2395 3037 2451 Maieclt
3086 2392 3179 2447 lilii
3250 2388 3507 2446 lierwani

1927 2500 2142 2553 decimo
2192 2498 2376 2550 tertio.
2410 2490 2561 2547 Misit
2614 2501 2799 2545 autem
2852 2487 3031 2545 Abdoi
3081 2484 3289 2540 Maiech
3345 2480 3507 2552 llcjao

1920 2592 2061 2661 jium
2112 2590 2228 2645 Ebn
2261 2587 2506 2657 Yusepb.
2548 2584 2854 2647 Meccliam,
2882 2590 3264 2654 oppugnatum
3310 2578 3510 2633 Abdol-

1924 2684 2109 2738 talium
2145 2681 2261 2735 Ebn
2293 2678 2498 2733 Zobair
2542 2678 2595 2731 in
2648 2673 2854 2746 templo
2884 2673 3207 2735 Meccbano.
3263 2671 3316 2723 in
3361 2668 3506 2740 quod

1923 2789 2057 2830 saxa
2092 2772 2391 2843 projiciens
2428 2767 2681 2838 Hejajius
2730 2767 2911 2838 ipsius
2954 2765 3237 2836 fastigium
3284 2762 3504 2831 dejecit.

1924 2862 2173 2919 Metuens
2217 2876 2348 2931 ergo
2400 2858 2673 2914 Abdoilab
2742 2872 2810 2912 ue
2870 2859 2924 2911 in
2982 2855 3161 2926 ipsum
3221 2862 3507 2908 corruerct

1924 2948 2093 3018 aedes,
2134 2965 2393 3021 egressus
2434 2958 2541 3004 est.
2592 2948 2845 3014 Dixitque
2892 2946 2996 3015 ipsi
3052 2952 3225 3000 mater
3289 2942 3499 3013 ipsius:

1925 3046 2033 3100 Fili
2071 3045 2163 3107 mi.
2221 3044 2267 3099 si
2304 3043 2590 3098 veritatem
2635 3052 2989 3111 propugnas,
3017 3036 3216 3093 veritas
3248 3035 3304 3091 in
3339 3050 3506 3091 manu

237 3135 346 3194 set,
383 3127 637 3184 mortuus
669 3138 754 3185 est
799 3130 969 3185 Yazid
1016 3130 1260 3186 Moawiae
1305 3131 1470 3199 illius,
1519 3147 1644 3188 cum
1680 3149 1816 3204 prato
1854 3140 1897 3201 C
1934 3149 2024 3194 tua
2078 3138 2208 3204 erit,
2248 3135 2405 3205 prodi
2442 3148 2573 3204 ergo
2613 3131 2679 3186 ad
2723 3132 2874 3201 ipsos
2901 3146 2919 3183 :
2976 3128 3248 3200 siquidem
3291 3128 3509 3182 occisus

237 3219 437 3277 fuisset
455 3237 631 3280 annos
655 3233 768 3280 tres
802 3235 855 3279 et
885 3224 1301 3284 menses8.Post
1326 3227 1505 3297 ipsum
1536 3228 1814 3301 [imperio]

237 3314 593 3370 substituitur
627 3316 770 3372 illius
798 3316 972 3388 ipsius
1024 3319 1285 3376 Hoawias
1336 3320 1452 3375 Ebn
1486 3319 1648 3380 Yazid
1694 3322 1811 3377 Ebn

236 3407 486 3462 Moawia
538 3408 903 3481 quadraginta
946 3410 1089 3467 dies.
1150 3410 1275 3465 Fuit
1341 3412 1443 3482 ipsi
1508 3414 1810 3468 satellitum

236 3496 560 3567 prafectus.
585 3497 805 3568 Hamid,
839 3500 954 3556 Ebn
993 3501 1241 3558 Cliarbat
1278 3504 1397 3560 Ehn
1432 3505 1657 3561 Yaiidac
1692 3505 1819 3561 Cai-

235 3588 487 3659 blensis;
544 3591 671 3648 dein
724 3593 894 3650 Amer
933 3593 1050 3651 Ebn
1098 3596 1389 3652 Abdollalii
1434 3596 1816 3656 liamadanen-

239 3682 336 3739 sis.
370 3681 609 3749 Ianitor,
642 3683 863 3741 Safwan
891 3687 1120 3742 libertus
1156 3687 1353 3759 ipsius.

515 3777 819 3851 Chalifatus
837 3779 1087 3835 Memmii
1109 3778 1269 3835 Ebnii
1293 3783 1536 3836 Hacemr'.

307 3868 670 3941 inauguratus
724 3879 810 3927 est
867 3871 1104 3929 Merwau
1169 3872 1340 3929 Ebnol
1396 3872 1615 3930 Hacemi
1694 3874 1811 3932 Ebn

236 3963 377 4020 Abil‘
404 3964 523 4029 Asi,
553 3964 672 4021 Ebn
704 3963 988 4027 Ommaiae,
1020 3966 1136 4021 Ebn
1166 3965 1557 4032 Abd-Shemsi,
1581 3969 1672 4024 cui
1702 3985 1814 4025 ma-

238 4065 321 4113 ter
343 4065 462 4113 erat
489 4056 737 4114 Amenah
772 4055 875 4112 lilia
900 4058 1164 4126 Alkemre,
1210 4057 1330 4115 Ebn
1372 4057 1592 4117 Safwan
1624 4062 1811 4119 Alcat-

238 4148 372 4210 tani.
404 4161 595 4205 mense
628 4147 801 4218 Rajeb
828 4149 957 4203 anni
985 4147 1315 4219 sexagesimi
1342 4151 1520 4219 quarti
1549 4167 1564 4205 :
1608 4150 1812 4206 Abdol-

238 4239 324 4295 tali
372 4250 555 4297 autem
592 4238 706 4295 Ebn
740 4237 940 4296 Zobair
981 4239 1180 4295 Meccae
1234 4253 1296 4295 se
1322 4238 1679 4309 continebat;
1713 4256 1807 4296 ne-

235 4347 341 4396 que
374 4333 701 4403 permissum
724 4342 844 4389 erat
880 4332 1133 4391 Damasci
1166 4338 1258 4388 aut
1276 4330 1582 4387 Palatinae.
1608 4334 1808 4389 incolis

236 4423 703 4494 peregrinationes
725 4424 901 4488 obire.
942 4423 1278 4493 impediente
1308 4423 1456 4495 ipsos
1490 4421 1767 4479 Mervvano
1792 4464 1806 4489 ,

238 4514 421 4573 Ebuo‘l
451 4514 697 4582 Hacemi,
722 4524 948 4587 propter
979 4516 1346 4573 Abdoiiahum
1372 4514 1564 4571 Ebnoi‘
1583 4514 1803 4571 Zobair.

236 4608 713 4680 Commissumque
780 4608 947 4683 364
993 4618 1081 4665 est
1130 4607 1377 4679 praelium
1420 4607 1555 4678 Mar]
1619 4606 1811 4681 [prati]

237 4702 403 4759 Riiitel
431 4717 560 4758 cum
586 4699 807 4758 Dadako
837 4699 953 4757 Ebn
981 4700 1110 4757 Kais
1141 4698 1432 4756 Pharensi.
1456 4699 1816 4771 Mortuusque

236 4801 311 4855 est
332 4791 565 4849 Merwan
588 4793 759 4848 Ebnol
780 4792 1025 4857 Hacemi,
1047 4806 1231 4849 mense
1246 4789 1432 4847 [labiae
1456 4790 1653 4861 prioris
1682 4787 1811 4844 anni

235 4884 546 4955 sexagesimi
595 4884 798 4956 quinti,
854 4897 984 4938 cum
1034 4882 1229 4939 fuisset
1276 4881 1599 4954 praefectura
1637 4881 1813 4951 ipsius

236 4988 418 5030 navem
494 4972 792 5029 mensium.
857 4972 1009 5028 Obiit
1063 4988 1240 5029 annos
1293 4985 1461 5029 natus
1530 4971 1808 5042 sexaginta

235 5083 415 5126 unum.
448 5063 577 5125 Fuit
609 5074 791 5121 autem
829 5080 1118 5137 procerus,
1152 5063 1330 5131 rufus,
1361 5064 1539 5121 oculis
1571 5064 1807 5135 glaucis.

237 5156 487 5231 Sepultus
515 5164 600 5214 est
630 5158 909 5214 Damasci.
966 5156 1241 5213 Satcliitio
1274 5160 1395 5230 ejus
1417 5157 1636 5227 praefuit
1660 5156 1805 5229 Yaya

239 5249 344 5315 Ebu
386 5249 517 5308 Kais
554 5250 883 5307 Asanensls.
946 5249 1163 5307 Janitor
1201 5250 1306 5323 ipsi
1362 5249 1470 5306 fuit
1527 5249 1805 5306 Abusahei

238 5340 411 5414 Niger,
431 5341 664 5398 libertus
698 5343 890 5397 matris
918 5342 1117 5413 ipsius.

438 5431 745 5505 Chalifatus
769 5434 936 5489 Abdil
967 5433 1161 5488 Maliaci
1197 5432 1314 5489 Eim
1342 5432 1597 5489 Meminit.

303 5527 665 5599 inauguratus
686 5536 771 5584 est
798 5528 958 5583 ΛΜΗ
993 5528 1183 5582 Maleci
1228 5526 1345 5583 Ebn
1386 5529 1626 5583 Merwan
1661 5527 1803 5583 Ebu-

1930 3227 2123 3294 fneris,
2161 3237 2369 3296 martyr
2418 3226 2566 3289 eris,
2607 3238 2733 3279 cum
2780 3222 3031 3278 veritatis
3070 3220 3247 3293 gratia
3281 3218 3508 3275 interfe-

1923 3331 2047 3375 ctus
2073 3322 2170 3374 sis.
2203 3319 2303 3373 Cui
2335 3318 2425 3372 iilc
2462 3335 2476 3371 :
2532 3315 2739 3385 Mater,
2783 3329 2895 3371 non
2935 3314 3106 3369 timeo
3151 3328 3254 3384 ego
3277 3310 3506 3375 caedem.

1919 3426 2062 3481 aegre
2087 3418 2268 3464 autem
2307 3410 2422 3463 fero
2458 3416 2517 3463 ut
2556 3404 2903 3482 ignominiaa."
2925 3417 3197 3474 exponat.
3260 3400 3504 3471 Respon-

1919 3505 2000 3560 dit
2034 3506 2125 3558 illa
2156 3522 2171 3558 :
2215 3503 2319 3557 Fili
2359 3503 2457 3568 mi,
2488 3502 2609 3558 ovis
2644 3500 2736 3555 ubi
2765 3496 3011 3569 jugulata
3038 3495 3507 3552 fueritnontimet

1917 3598 2375 3655 cxcoriationem.
2414 3593 2611 3651 Fertur
2658 3593 2827 3648 etiam
2861 3599 3035 3646 mater
3067 3591 3171 3659 ipsi
3206 3588 3377 3643 musci
3430 3586 3501 3639 li.

1929 3695 2086 3748 bram
2136 3688 2429 3744 bibendam
2472 3686 2712 3747 dedisse.
2747 3684 2889 3741 Tum
2931 3685 2998 3737 ad
3040 3681 3311 3752 iicjajium
3371 3696 3504 3751 pro-

1917 3785 2076 3838 diens
2150 3781 2417 3853 pugnavit
2470 3779 2649 3834 donec
2727 3773 3172 3838 interﬁceretur,
3240 3771 3505 3840 crocique

1917 3878 2158 3933 Mecclite
2214 3873 2409 3929 aﬂixus
2473 3884 2581 3928 est.
2644 3870 3100 3937 Olfaciebantque
3168 3865 3421 3922 homines
3469 3877 3503 3920 e

1916 3986 2151 4041 corpore
2187 3968 2363 4039 ipsius
2390 3966 2566 4022 musci
2600 3965 2825 4020 odorem
2848 3961 3042 4016 diebus
3072 3959 3283 4014 multis.

1985 4061 2216 4118 Occisus
2248 4071 2334 4117 est
2364 4071 2544 4113 autem
2591 4054 2758 4128 368
2804 4052 3073 4110 Abdollait
3121 4050 3242 4105 Ebn
3288 4048 3489 4104 Zobair

1914 4170 2103 4211 mense
2156 4152 2377 4210 lomada
2428 4149 2618 4222 priori,
2662 4148 2795 4203 anni
2858 4143 3036 4216 ilejrte
3098 4141 3491 4212 septuagesimi

1913 4247 2085 4310 tertii,
2121 4246 2173 4301 in
2198 4242 2461 4299 chalifatu
2493 4238 2668 4297 Abdil’
2704 4237 2876 4293 Malec
2904 4236 3020 4292 Ebn
3040 4233 3303 4289 Μαι-πω.
3326 4231 3499 4289 i'orro

1912 4339 2143 4410 eclipsin
2179 4352 2378 4408 passus
2409 4343 2494 4392 est
2544 4331 2627 4391 sol
2666 4330 2802 4387 adeo
2837 4338 2899 4385 ut
2945 4337 3268 4398 apparerent
3328 4324 3498 4381 stellae

1914 4434 2001 4489 die
2071 4433 2231 4497 lunae,
2302 4429 2498 4485 ultimo
2553 4424 2787 4483 lomadm
2852 4423 3092 4495 prioris.
3155 4422 3281 4475 anni
3318 4417 3495 4473 lleirz

1915 4521 2300 4594 septuagesimi
2344 4517 2550 4590 quarti.
2584 4516 2710 4573 Fuit
2738 4523 2919 4570 autem
2962 4514 3015 4567 in
3049 4509 3284 4582 Egypto
3324 4507 3494 4564 Abdol

1917 4617 2043 4670 Aziz
2076 4614 2192 4669 Ebn
2224 4611 2457 4667 Merwan
2486 4610 2657 4666 frater
2680 4607 2838 4665 Abdii
2872 4605 3082 4669 laleci,
3114 4605 3207 4675 qui
3238 4603 3495 4673 tc-nipluuu

1916 4722 2170 4779 maguum
2203 4704 2351 4775 quod
2376 4700 2626 4759 Pbustati
2669 4698 2776 4757 fuit
2801 4700 3043 4756 dirutum
3075 4695 3165 4768 [de
3196 4692 3361 4766 novo]
3395 4710 3493 4750 ex-

1915 4798 2138 4856 struxit.
2190 4798 2469 4867 Apparere
2512 4803 2693 4849 autem
2743 4792 2800 4847 in
2854 4791 2977 4861 ipso
3033 4796 3273 4857 crepet-at
3321 4786 3494 4857 lepra,

1912 4910 2083 4965 quare
2113 4894 2298 4951 urbem
2329 4891 2551 4948 ﬂoiwan
2578 4889 2682 4961 ipsi
2714 4888 2994 4959 elegerunt
3029 4886 3226 4941 medici
3256 4902 3271 4939 :
3301 4884 3355 4939 in
3386 4900 3496 4955 qua

1908 5000 2043 5055 ergo
2070 4984 2188 5037 loca
2229 4995 2525 5038 consessus
2561 4978 2890 5040 aedificavit.
2944 4986 3180 5031 necnon
3228 4975 3495 5045 piscinam

1912 5076 2173 5151 grandeur
2202 5090 2329 5147 quae
2358 5073 2556 5130 ibidem
2597 5078 2703 5138 est,
2735 5078 2901 5138 atque
2940 5071 3007 5125 ad
3040 5071 3211 5137 ipsam
3240 5106 3257 5131 ,
3294 5083 3493 5140 aquam

1910 5182 1939 5222 e
1967 5167 2209 5223 fontibus
2250 5166 2342 5238 qui
2392 5164 2447 5219 in
2498 5173 2702 5227 monte,
2750 5162 2814 5216 ΔΙ
2848 5160 3143 5217 llukaitam
3200 5161 3490 5231 appellato,

1909 5273 2059 5327 sunt,
2097 5263 2369 5318 derivavit
2404 5276 2499 5336 per
2532 5259 2789 5325 fornices,
2823 5273 2965 5326 quos
3022 5272 3198 5326 usque
3226 5254 3292 5308 ad
3325 5252 3494 5323 pisci-

1910 5370 2035 5409 nam
2073 5354 2378 5410 exstruxit:
2417 5367 2582 5423 super
2605 5349 2804 5422 quibus
2828 5357 2884 5406 et
2910 5350 3109 5405 solium
3135 5349 3363 5403 vitreum
3408 5346 3490 5403 fe—

1910 5447 2007 5501 cit.
2042 5445 2409 5515 Erogavitque
2449 5441 2696 5498 llolumni
2734 5456 2931 5498 aureos
2961 5441 3159 5496 millies
3189 5440 3481 5495 milienos:

1905 5538 2279 5608 piantavitque
2315 5538 2367 5592 in
2401 5552 2463 5591 ea
2499 5536 2742 5606 dactylos
2770 5550 2784 5587 :
2816 5533 3048 5606 singulis
3079 5541 3261 5587 autem
3284 5531 3483 5588 diebus

244 5621 516 5689 ol-Acemi,
553 5620 670 5676 Ebn
704 5620 845 5675 Abil’
882 5621 997 5688 Asi.
1043 5625 1134 5677 cui
1172 5632 1345 5677 mater
1374 5622 1657 5692 Ayessbalt
1693 5624 1799 5679 ﬁlia
1902 5627 2054 5685 Jovis
2087 5628 2217 5685 inde
2247 5629 2573 5685 Pirustatum
2616 5629 2887 5697 equitans,
2944 5626 3015 5682 ibi
3066 5627 3338 5694 reliquum
3367 5623 3481 5680 dici

247 5714 489 5781 liloawite,
516 5713 634 5769 Ebn
669 5714 890 5786 Mogira:
934 5712 1051 5769 Ebn
1085 5713 1208 5769 Abii
1238 5712 1331 5770 Asi
1355 5755 1370 5782 ,
1399 5713 1514 5770 Ebn
1539 5712 1801 5772 Ommaite
1903 5722 2062 5776 istius
2089 5735 2213 5775 cum
2251 5728 2412 5775 nocte
2445 5719 2759 5789 insumpsit,
2789 5720 2913 5775 dein
2943 5718 3195 5775 oratione
3229 5716 3335 5773 diei
3368 5714 3481 5771 Ve-

247 5805 347 5869 iibn
369 5804 487 5862 Abii
519 5804 757 5870 Siiemsi.
785 5821 928 5863 anno
952 5806 1296 5875 sexagesimo
1328 5809 1541 5877 quinto.
1579 5806 1798 5867 Mittens

1922 5815 2050 5874 ieris
2076 5821 2295 5880 peracta
2320 5812 2693 5873 rcvcrtcbatur
2714 5809 3050 5870 ilolwanam.
3080 5810 3287 5868 Struait
3312 5808 3478 5869 etiam
