3980 6152
460 293 592 359 1119
1455 294 1822 356 EU'I‘YCllll
1871 291 2032 352 ALEI

2129 292 2406 353 NDRlNI
2450 291 2662 354 PATR.
3560 283 3695 347 1120

456 408 654 461 ibidem
689 407 995 462 columnam
1020 422 1127 478 qua
1159 418 1503 463 mensuratur
1533 424 1688 477 aqum
1726 408 1824 461 Nili
1853 407 2021 478 Egy-
2053 408 2096 462 Δ
2130 424 2381 476 magnum
2409 416 2580 463 totum
2612 405 2798 469 diruit,
2823 415 2984 476 atque
3013 402 3363 476 373-375
3386 402 3516 457 illud
3544 400 3693 470 quod

457 498 619 565 ptiaci
640 498 1052 554 incrementum.
1078 498 1318 554 Fuerunt
1340 501 1634 569 autesnipsi
1663 502 1771 555 duo
1793 503 2025 556 cubicu-
2122 502 2236 571 jam
2271 503 2343 557 ibi
2376 511 2456 559 est
2484 503 2761 558 exstruxit
2793 508 2889 554 aut
2916 499 3171 566 ornarit;
3204 500 3695 563 columnarumque

458 587 579 641 larii
610 586 911 643 Christiani
948 588 1230 653 Melchitze,
1262 590 1460 657 quibus
1496 592 1805 659 petentibus
1832 602 1889 646 ut
1918 593 2021 647 sibi
2124 608 2247 660 quae
2272 594 2326 649 in
2354 607 2617 649 consessu
2644 592 2793 648 Kaisi
2821 599 2949 648 sunt
2980 590 3155 662 capita
3183 590 3483 646 dcauravit:
3518 602 3695 656 neqne

453 680 802 734 exstruendse
833 681 1080 737 ecclesia:
1113 682 1324 751 copiam
1366 683 1591 746 faceret,
1630 683 1759 739 illud
1791 699 2021 738 conces-
2123 694 2210 742 est
2239 685 2293 740 in
2331 688 2537 754 templo
2566 687 2819 741 columna
2857 685 3036 753 aliqua
3073 684 3252 753 capite
3283 681 3548 736 deaurato
3582 680 3689 733 nisi

455 771 546 822 sit.
580 767 906 825 Struxeruut
931 790 1059 844 ergo
1098 775 1382 829 ecclesia-tt
1406 774 1589 828 Sancti
1621 776 1869 841 Joannis,
1900 776 2025 831 llol-
2125 780 2179 833 in
2214 779 2334 833 loco
2365 781 2492 833 isto.
2522 778 2823 834 Transtulit
2856 777 3016 831 etiam
3052 784 3368 842 suggestum
3398 773 3525 825 dum
3554 782 3693 824 tem-

454 859 628 925 wani;
665 876 786 929 qua:
823 863 1052 918 ecclesia
1084 879 1249 933 parva
1274 874 1360 919 est
1380 905 1396 930 ,
1428 874 1589 935 atque
1620 866 1885 933 appellata
1920 865 2023 921 fuit
2123 870 2271 940 plum
2303 871 2564 937 dirueret,
2596 872 2649 925 in
2679 870 2882 942 [locum
2907 866 3136 940 dictum]
3170 865 3490 922 Kaisariatol
3523 865 3691 924 'Asal.

451 953 681 1007 ecclesia
726 956 962 1008 Duorum
1003 956 1495 1012 Cubiculariorum.
1528 957 1733 1012 Statuit
1786 960 1924 1013 idem
1958 969 2020 1012 ut
2125 962 2307 1031 ibique
2327 964 2559 1019 orabant
2587 964 2858 1025 homines,
2882 961 3065 1030 ibique
3093 957 3287 1014 diebus
3311 956 3537 1012 Veneris
3561 972 3695 1009 con-

451 1039 672 1114 JEgypti
735 1045 1089 1117 369-371
1158 1048 1422 1102 tributum
1476 1048 1759 1121 [diversis]
1804 1050 2019 1108 vicibus
2123 1056 2448 1115 veniebant,
2482 1054 2660 1109 donec
2689 1054 2949 1109 fabricam
2987 1067 3142 1107 suam
3174 1052 3494 1119 perfecisset
3525 1069 3540 1105 ε
3572 1066 3694 1105 ma-

458 1138 813 1206 pendcretur,
851 1142 1082 1207 singulis
1121 1140 1328 1196 scilicet
1360 1140 1553 1197 diebus
1586 1141 1814 1198 Veneris
1870 1158 2019 1214 pars,
2124 1159 2215 1202 net
2256 1156 2435 1201 autem
2471 1147 2687 1202 testudo
2719 1148 2771 1201 in
2803 1145 3050 1202 Kaisaria
3074 1147 3127 1201 in
3158 1146 3305 1201 hunc
3324 1160 3500 1214 usque
3523 1146 3692 1201 diem.

453 1240 603 1284 metu
638 1246 708 1285 ne
740 1231 832 1286 lite
863 1232 1042 1301 aliqua
1078 1234 1391 1290 suboriente
1436 1236 1549 1306 regi
1600 1240 1848 1305 pecuniis
1881 1255 2021 1311 opus
2123 1238 2310 1295 Voluit
2341 1244 2504 1295 etiam
2535 1239 2715 1295 Walid
2742 1240 3003 1309 templum
3030 1240 3174 1308 quod
3214 1239 3459 1295 Damasci
3490 1248 3574 1295 est
3602 1256 3697 1294 es-

456 1326 631 1385 esset';
670 1337 842 1391 neque
871 1325 943 1378 ita
976 1324 1153 1379 facere
1180 1325 1386 1379 destitit
1412 1326 1580 1382 donec
1615 1330 2018 1389 interﬁceretur
2123 1342 2374 1398 struere;
2409 1332 2740 1388 Christianis
2760 1347 2887 1401 ergo
2912 1331 3197 1388 accersitis
3228 1331 3367 1387 dixit
3393 1333 3485 1386 ειη
3510 1332 3697 1385 animo

458 1412 721 1468 Ahdullah
767 1414 935 1471 Ehnol
991 1416 1210 1483 anair,
1243 1428 1298 1475 et
1333 1420 1642 1477 absolutum
1690 1435 1836 1481 esset
1864 1426 2021 1481 Abdil
2122 1423 2283 1479 nobis
2315 1431 2399 1477 est
2433 1423 2635 1493 templo
2687 1431 2880 1480 nostro
2928 1422 3128 1479 addere
3175 1422 3466 1479 ecclesiam
3518 1422 3695 1484 hanc,

462 1506 669 1562 Maleco
716 1507 831 1562 Ebn
884 1508 1139 1565 Merwani
1172 1513 1482 1582 imperium.
1516 1512 1799 1573 Profectus
1838 1528 2019 1576 autem
2124 1509 2311 1567 Sancti
2344 1510 2577 1570 Joannis
2623 1512 2833 1569 scilicet
2865 1512 3004 1583 (erat
3036 1526 3215 1567 autem
3251 1512 3484 1568 ecclesia
3533 1510 3692 1565 valde

457 1599 637 1655 Abdol
700 1601 831 1656 Aziz
923 1602 1308 1660 Alexandriam
1403 1621 1548 1663 anno
1621 1614 2021 1681 septuagesimo
2122 1606 2367 1675 pulchra,
2396 1608 2483 1663 cui
2512 1608 2567 1663 in
2600 1615 2714 1663 tota
2738 1607 2945 1663 ditione
2968 1608 3304 1663 Damascena
3331 1622 3429 1678 par
3458 1606 3565 1661 alia
3590 1620 3698 1657 non

459 1704 676 1798 quarto.
702 1694 1121 1800 viros-regionis
1163 1698 1330 1800 isti-us
1374 1699 1669 1800 primario;
1719 1704 2021 1800 prehenso;
2054 1743 2097 1800 Β
2124 1699 2461 1800 ςιιὶι),.νο-ιιιι
2513 1708 2696 1800 autem
2745 1701 3031 1800 pecuniam
3077 1699 3334 1800 dabimus
3380 1711 3490 1769 qua
3531 1696 3698 1800 etiam

457 1784 512 1839 in
540 1784 692 1841 vicos
723 1794 778 1841 et
813 1788 970 1844 villas
1020 1789 1334 1858 distribuit;
1394 1792 1691 1865 unicuique
1720 1796 1860 1851 villze
1886 1837 1902 1860 .
1936 1814 2022 1855 se—
2054 1784 2097 1800 ”
2126 1790 2229 1862 ipsi
2261 1790 2495 1847 similem
2528 1792 2843 1862 ubicunque
2871 1792 3054 1847 velitis
3081 1790 3353 1845 aedificare
3403 1790 3631 1857 possitis
3680 1805 3700 1842 ι

459 1878 696 1935 cundum
728 1880 992 1937 rationem
1018 1882 1216 1939 aedium
1250 1898 1313 1939 ac
1337 1884 1637 1953 vinearum,
1670 1901 1733 1943 ac
1762 1905 2020 1957 generum

2125 1882 2231 1944 vel,
2267 1882 2313 1937 si
2353 1881 2555 1945 velitis,
2589 1883 2823 1953 pretium
2878 1881 3009 1954 eius
3048 1880 3203 1936 vobis
3236 1880 3649 1936 numerabimus
3682 1898 3696 1936 :

456 1968 693 2041 frugum,
736 1981 940 2028 certam
983 1976 1226 2044 pecunia:
1250 1992 1517 2033 summam
1544 1984 1850 2050 imponens,
1874 1983 2025 2039 Ροη.
2122 1972 2426 2043 obtulitque
2453 1972 2587 2045 ipsis
2612 1972 2944 2044 quadragies
2974 1972 3119 2028 mille
3146 1987 3365 2029 aureos.
3401 1969 3484 2026 Illi
3512 1980 3701 2026 autem

455 2070 565 2118 tem
597 2063 761 2120 etiam
788 2069 1057 2122 exstruxit
1084 2068 1177 2138 qui
1225 2084 1391 2139 supra
1430 2070 1608 2127 rivum
1661 2073 1853 2129 Amlril
1900 2074 2021 2129 Hu-
2123 2066 2427 2121 abnuentes
2493 2065 2755 2123 dixerunt
2782 2085 2797 2123 :
2826 2066 2996 2123 Nobis
3031 2073 3247 2137 Paetum
3291 2073 3413 2131 est:
3456 2078 3523 2121 ac
3552 2065 3703 2121 Chl-

457 2156 643 2213 menin
692 2157 1062 2230 [imperatoris
1097 2162 1352 2237 fidelium]
1418 2166 1750 2221 extenditur.
1792 2166 2022 2238 Fuitque
2124 2157 2231 2213 iedi
2271 2159 2387 2214 Eb"
2412 2156 2613 2216 Wiiidi
2664 2159 2903 2214 “bellum
2954 2160 3009 2214 Ῐη
3055 2159 3294 2215 medium
3329 2159 3699 2228 Pmmiemm-

453 2246 531 2303 illi
571 2248 628 2302 in
658 2252 839 2306 animo
873 2262 1035 2319 ponte
1068 2256 1159 2325 qui
1199 2254 1445 2312 Phustati
1475 2264 1561 2311 est
1606 2257 1782 2313 inutili
1807 2258 2019 2313 reddito
2123 2250 2485 2317 Quamobrem
2506 2252 2678 2308 iratus
2696 2252 2876 2308 Walid
2898 2254 3015 2323 ipse
3038 2266 3265 2322 surgens
3289 2251 3495 2306 trabem
3535 2266 3702 2305 manu

452 2340 606 2397 illum
675 2342 919 2399 llulwani
968 2345 1148 2417 figere.
1200 2345 1395 2403 Portus
1448 2350 1613 2405 etiam
1659 2350 1890 2406 abolitos
1953 2368 2019 2405 eo
2124 2360 2223 2399 sua
2254 2346 2497 2410 rescidit.
2551 2360 2651 2403 nec
2696 2362 2805 2402 non
2858 2346 3080 2401 laterem
3109 2383 3127 2408 .
3161 2359 3381 2412 unaque
3411 2358 3535 2396 cum
3581 2341 3706 2409 ipso

452 2434 769 2500 transferre,
806 2452 906 2491 nec
930 2455 1034 2495 non
1053 2438 1167 2495 fora
1194 2447 1245 2495 et
1273 2449 1620 2508 mercatores,
1648 2459 1755 2512 quo
1789 2441 2022 2498 Phusta-
2124 2435 2416 2510 [ecclesiae]
2478 2438 2761 2493 diruenda-
2820 2451 3042 2506 operam
3097 2435 3365 2491 dederunt
3395 2450 3411 2487 :
3445 2435 3631 2503 itaque
3670 2447 3702 2485 a

452 2532 565 2578 tum
613 2525 765 2580 nihili
808 2527 1097 2594 redderet;
1150 2530 1298 2599 quod
1353 2540 1531 2587 tamen
1590 2531 1849 2602 perficere
1910 2548 2017 2588 non
2122 2540 2276 2600 parte
2307 2529 2565 2586 orientali
2619 2532 2879 2601 templum
2932 2538 2989 2587 et
3040 2529 3263 2602 adytum
3312 2537 3487 2585 totuut
3542 2531 3703 2583 auxit

451 2618 651 2686 potuit.
685 2617 876 2674 Scriba
918 2621 1021 2689 ipsi
1077 2621 1179 2675 fuit
1227 2619 1476 2677 Jacohita
1526 2623 1747 2690 quidam
1799 2626 2020 2681 nomine
2123 2620 2321 2694 [parte]
2356 2622 2601 2679 ecclesiae
2649 2624 2891 2694 ipsorum
2924 2662 2938 2687 ,
2973 2638 3039 2679 eo
3070 2638 3181 2693 quo
3216 2637 3275 2679 se
3312 2621 3478 2677 habet
3513 2621 3701 2675 modo.

450 2710 805 2777 Athanasius,
849 2714 939 2767 cui
990 2716 1201 2784 roganti
1252 2725 1312 2769 ut
1358 2715 1532 2784 ipsum
1582 2717 1871 2773 ecclesiam
1926 2735 2022 2773 ει·
2122 2717 2284 2769 Anno
2317 2714 2611 2771 chalilatus
2639 2716 2813 2786 ipsius
2844 2718 3005 2771 tertio
3032 2716 3371 2771 constitutus
3399 2725 3485 2770 est
3519 2712 3706 2768 Theo.

451 2811 663 2858 struere
695 2803 749 2858 iu
775 2804 951 2860 Kasril
988 2804 1221 2861 Shamaa
1250 2806 1401 2879 [arce
1429 2808 1690 2881 candelae]
1731 2811 2012 2877 permitle-
2123 2805 2294 2861 dorus
2343 2807 2653 2877 patriarcha
2695 2806 3269 2878 Hierosolymitanus:
3320 2820 3496 2860 annos
3538 2804 3709 2875 376

449 2904 553 2959 ret,
577 2900 788 2951 annuit.
833 2898 1256 2968 Esstruxitergo
1272 2901 1552 2957 ecclesiam
1575 2901 1762 2958 Sancti
1778 2901 2018 2975 Georgii,
2125 2900 2352 2966 triginta
2385 2898 2627 2969 quinque
2660 2898 2823 2965 sedit,
2856 2898 2981 2955 dein
3017 2910 3265 2955 mortuus
3292 2906 3397 2952 est.
3445 2897 3526 2951 Eo
3560 2907 3705 2949 tem-

450 3002 550 3040 tec
581 3003 686 3039 non
720 2989 1005 3043 ecclesiam
1040 2989 1263 3043 Abultiri
1320 3006 1441 3056 quae
1489 2991 1627 3044 intra
1682 3007 1861 3046 arcem
1911 3003 2017 3057 est,
2127 3005 2259 3060 pore
2291 2990 2582 3060 imperavit
2612 2990 2877 3047 Romanis
2906 2989 3275 3052 .lnstinianus.
3305 2987 3400 3059 qui
3448 3003 3573 3042 cum
3604 3002 3704 3041 sc:

447 3078 599 3145 juxta
634 3077 869 3134 Ashabol
926 3079 1117 3134 liablat
1150 3081 1242 3153 [aL
1292 3081 1512 3152 lleliat].
1560 3082 1752 3137 Fertur
1792 3086 2024 3140 ecclesia
2052 3078 2097 3137 C
2132 3097 2306 3138 annos
2340 3092 2643 3159 regnasset,
2675 3093 2922 3139 mortuus
2946 3093 3051 3139 est.
3081 3083 3339 3152 Obiitque
3372 3080 3552 3137 Walid
3580 3081 3704 3135 Elui

450 3166 695 3233 Abultiri,
722 3169 963 3237 reliquiis
985 3171 1226 3225 ecclesiae
1249 3173 1434 3227 bancti
1462 3172 1677 3243 Georgii
1718 3184 2017 3232 exstructa.
2126 3174 2283 3230 Abdil
2326 3173 2499 3231 Halec
2539 3191 2727 3232 mense
2756 3175 2972 3232 lomada
3026 3176 3315 3246 posteriori
3362 3174 3490 3229 anui
3530 3189 3705 3227 nona-

450 3259 596 3314 Obiit
628 3269 810 3314 autem
841 3276 906 3317 eo
936 3263 1376 3330 tempore-Abdol
1408 3264 1536 3320 Azis
1568 3263 1835 3329 Phustati,
1856 3276 2021 3334 atque
2130 3267 2321 3333 gesimi
2358 3267 2499 3322 sexti
2537 3264 2737 3331 Heirae,
2778 3282 2951 3325 annos
2982 3276 3144 3323 natus
3176 3266 3531 3338 quadraginta
3562 3274 3704 3318 tres.

452 3352 506 3406 in
534 3366 595 3407 ea
631 3353 877 3421 sepultus
908 3365 991 3409 est
1016 3355 1104 3410 die
1138 3356 1275 3411 luna!
1309 3359 1514 3414 mensis
1553 3359 1786 3413 lamadar
1821 3360 2021 3429 prioris
2122 3357 2383 3427 Corporis
2414 3356 2676 3430 [statura]
2711 3358 2949 3428 perfecta
2991 3358 3115 3423 fttit,
3148 3358 3316 3413 barba
3354 3358 3571 3427 grandi,
3608 3360 3705 3412 cui

450 3445 800 3513 duodecimo,
828 3448 955 3501 anui
990 3450 1305 3516 octngeslmi
1344 3452 1505 3514 sexti,
1547 3466 1720 3508 annos
1747 3460 1908 3509 natus
1931 3454 2012 3507 vi-
2131 3450 2254 3505 cani
2289 3449 2507 3505 admisti
2544 3458 2703 3506 erant
2735 3466 2750 3503 :
2792 3451 3044 3520 sepultus
3084 3457 3173 3505 est
3205 3448 3479 3505 Damasci.
3525 3447 3707 3503 Satel-

447 3537 585 3607 gintr
630 3538 789 3592 duos.
846 3536 993 3592 Obiit
1048 3550 1229 3594 autem
1277 3541 1540 3596 Abdollah
1590 3540 1717 3617 Elin
1750 3542 2013 3611 Merwan,
2123 3542 2281 3597 litum
2318 3542 2418 3610 ipsi
2457 3543 2748 3612 prafectus
2778 3540 2884 3599 fuit
2916 3543 3063 3598 Caab
3094 3541 3212 3598 Ebn
3245 3540 3425 3600 Hazen
3454 3540 3706 3598 Abasca-

449 3629 620 3701 372
652 3628 859 3685 mensis
892 3629 1126 3685 Shawali
1155 3632 1369 3688 decimo
1390 3675 1407 3702 ,
1438 3634 1566 3691 anni
1600 3635 1772 3693 lleirae
1801 3650 2021 3705 octoge-
2125 3635 2226 3690 sis.
2256 3633 2489 3695 Janitor.
2524 3633 2664 3689 Saad
2705 3635 2937 3691 libertus
2974 3635 3170 3704 ipsius.

450 3724 595 3777 simo
673 3733 848 3785 sexto.
882 3737 1055 3780 annos
1084 3732 1245 3779 natus
1274 3726 1552 3793 sexaginta
1585 3730 1747 3783 duos.
1784 3730 2014 3787 Cbalifa-
2292 3723 2610 3794 lCImlifatus
2635 3724 2904 3779 Solimani
2941 3723 3053 3777 Ebn
3085 3723 3240 3777 Abdil
3270 3724 3499 3779 Maluit.

382 3816 391 3825 '
450 3825 542 3869 tus
572 3814 746 3884 ipsius
786 3829 1049 3870 annorum
1100 3814 1201 3870 fuit
1236 3818 1447 3888 viginti.
1482 3817 1692 3877 Fuscus
1731 3820 1857 3886 fuit,
1898 3832 2017 3879 sta-
2193 3818 2552 3889 lnauguratus
2614 3815 2859 3872 Soliman
2914 3816 3026 3872 Ebn
3093 3816 3255 3871 Abdil
3318 3814 3522 3871 Malech
3580 3817 3703 3871 Elin

451 3917 586 3962 tura!
616 3907 910 3975 quadrata),
947 3908 1109 3963 barba
1160 3910 1391 3978 prolixa,
1436 3923 1624 3967 ventre
1660 3914 2012 3981 prominenti.

2130 3910 2395 3972 llcrwan.
2432 3910 2519 3965 cui
2568 3918 2749 3965 mater
2777 3907 3043 3963 Waladah
3092 3907 3201 3962 lilia
3252 3908 3314 3961 Al
3370 3907 3533 3963 Abasi
3582 3908 3702 3962 Eba

446 3998 707 4070 Sepultus
732 4011 810 4055 est
834 4001 1101 4055 Damasci.
1126 3999 1427 4057 Satellitum
1456 4004 1557 4073 ipsi
1588 4006 1877 4072 praefectus
1914 4009 2017 4066 fuit
2120 4002 2309 4059 "alim
2364 4002 2659 4059 Αδπεηείο
2711 4016 2895 4058 Iliense
2933 3999 3159 4055 Ῐοῐηεάί
3210 4000 3511 4071 Ροοίθτῖοτθ
3558 4002 3693 4055 anni

447 4092 617 4147 Yazid
650 4091 764 4146 Ebn
812 4092 913 4147 Abi
961 4093 1123 4150 ωδε
1181 4093 1538 4152 Sacsacencis
1574 4114 1589 4150 :
1621 4097 1747 4152 dein
1788 4098 2019 4157 Abdalot
2120 4094 2298 4152 Heirz
2348 4096 2688 4168 nonagesimi
2721 4096 2884 4152 sexti.
2918 4094 3156 4165 Fuitque
3190 4092 3481 4165 imperium
3520 4093 3701 4164 ipsius

442 4183 565 4241 Elin
602 4183 766 4238 ινδιιά
817 4183 1195 4243 Hacentencis.
1246 4186 1478 4257 ianitor,
1530 4189 1671 4246 Abul
1701 4189 2019 4266 _Rogairaga
2119 4204 2387 4247 annorum
2422 4188 2656 4244 duorum
2686 4197 2744 4244 et
2786 4203 2883 4246 sex
2936 4188 3230 4243 mensium.
3280 4185 3410 4258 Ejus
3455 4194 3706 4256 tempore

447 4286 640 4332 servus
672 4272 864 4343 ipsius.
2119 4281 2223 4338 fuit
2273 4281 2558 4351 Philippus
2604 4281 2900 4351 imperator
2932 4276 3325 4345 Romanorum,
3351 4280 3446 4349 qui
3517 4278 3703 4335 Maro-

655 4365 955 4436 Chatifatss
984 4367 1047 4424 Αι
1070 4368 1252 4425 Walid
1287 4370 1396 4426 Ebn
1438 4372 1592 4428 Abdit
1616 4374 1796 4431 Ualec.
2121 4375 2237 4431 nita
2277 4373 2401 4429 fuit.
2453 4374 2641 4429 Annos
2678 4372 2821 4429 duos
2853 4384 2976 4428 cum
3011 4370 3239 4426 dimidio
3293 4371 3600 4443 imperavit.
3638 4372 3700 4427 in

518 4458 852 4515 Juramcntis
874 4459 950 4515 illi
985 4462 1238 4530 praestitis
1268 4463 1623 4534 inauguratus
1648 4476 1730 4522 est
1755 4468 1818 4521 ΑΙ
1842 4468 2018 4526 Walid
2053 4454 2097 4511 υ
2126 4466 2363 4540 Egypto
2393 4467 2665 4537 vectigali.
2709 4466 2928 4521 nomine
2954 4463 3215 4519 Sollmani
3247 4462 3359 4519 Elin
3395 4463 3553 4521 Abdil
3587 4463 3700 4520 la-

442 4550 563 4608 Ehn
598 4549 757 4605 Abdil
792 4549 959 4606 Malec
984 4551 1098 4608 Ebn
1126 4552 1395 4620 Merwan;
1425 4558 1512 4611 cui
1547 4566 1721 4614 mater
1750 4560 1855 4614 fuit
1885 4558 2020 4616 Wa-
2120 4560 2244 4621 ieci.
2268 4558 2562 4629 praefectus
2592 4558 2692 4614 fuit
2734 4557 2968 4613 Asamah
3004 4554 3120 4612 Ebn
3152 4553 3284 4611 Ζιιὰ
3313 4553 3703 4613 Tannuchien-

437 4642 604 4707 ,ladab
632 4641 741 4699 illia
759 4644 956 4700 Abbasi
982 4646 1095 4702 Ebn
1128 4647 1342 4715 Harbae,
1372 4649 1487 4705 Ebu
1524 4649 1725 4706 Hareth
1762 4653 2014 4721 Abasita,
2118 4652 2221 4709 sis.
2254 4650 2355 4709 Hic
2386 4652 2453 4707 ad
2480 4650 2821 4707 Solimanum
2870 4647 3147 4717 scribens,
3175 4646 3461 4705 certiorem
3519 4649 3698 4719 ipsum

435 4750 514 4795 .eo
546 4743 790 4807 tempore
828 4752 938 4809 quo
968 4738 1205 4796 decessit
1234 4740 1463 4796 Abdolol
1515 4741 1682 4799 Malec
1724 4742 1839 4800 Ebn
1874 4743 2016 4800 Μαι-
2119 4743 2253 4800 fecit
2295 4743 2607 4798 columnam
2634 4737 3019 4796 mensuranda
3046 4753 3204 4809 aqua:
3235 4753 3396 4809 quam
3445 4736 3692 4794 ﬂolwani

444 4828 588 4884 wani
616 4844 630 4883 :
662 4829 1056 4898 imperavitque
1085 4846 1257 4885 annos
1305 4848 1500 4887 novem
1541 4842 1597 4889 et
1655 4850 1868 4891 nienses
1917 4851 2017 4893 no-
2115 4842 2363 4893 creserat
2384 4833 2580 4891 Abdol.
2616 4832 2747 4890 Asis
2770 4832 2887 4888 Ebn
2922 4829 3158 4888 Hervvan
3189 4830 3323 4887 nulli
3356 4832 3483 4887 usui
3514 4832 3698 4887 inser-

446 4936 589 4976 vem.
619 4918 838 4977 Mittens
875 4920 962 4977 hic
1006 4921 1377 4995 Hierosolyma
1409 4926 1667 4995 templum
1702 4926 2015 5003 Hierosoly-
2115 4927 2251 4993 vire;
2277 4926 2344 4983 ad
2366 4942 2527 4997 quem
2540 4940 2671 4995 ergo
2686 4924 2993 4983 rescribcns
3004 4922 3171 4995 jussit
3189 4923 3367 4993 ipsum
3386 4922 3696 4979 columnam

442 5012 715 5067 mitanum
749 5014 1019 5070 exstruxit
1042 5056 1058 5081 ,
1094 5024 1256 5085 atque
1300 5033 1465 5087 opere
1510 5019 1719 5074 albario
1754 5024 2010 5091 ornavit,
2114 5029 2398 5073 exstruere
2436 5016 2491 5072 in
2523 5016 2701 5074 insula
2731 5030 2852 5088 qua
2878 5015 3019 5071 inter
3036 5014 3257 5070 ﬂuvium
3281 5012 3493 5071 Fustati
3520 5025 3575 5071 et
3602 5013 3704 5070 ﬂu-

448 5111 599 5172 petra
634 5103 686 5159 in
712 5105 889 5159 medio
922 5107 1108 5176 templi
1137 5107 1422 5173 collocata,
1450 5124 1610 5179 quam
1645 5111 1809 5165 etiam
1844 5114 2013 5167 :edill-
2116 5110 2262 5165 vium
2296 5110 2479 5165 Allius
2504 5110 2811 5179 interiacet.
2835 5107 3117 5163 Exstruxit
3139 5120 3270 5176 ergo
3297 5107 3534 5163 Asamah
3559 5122 3701 5161 anno

446 5195 535 5251 cio
568 5196 760 5263 cinxit,
796 5198 941 5269 quod
989 5213 1259 5256 marmore
1291 5201 1647 5270 incrustavit;
1682 5205 1813 5272 quin
1852 5213 1907 5259 et
1937 5216 2013 5259 tc-
2117 5205 2472 5270 nonagesimo
2514 5203 2746 5277 septimo
2790 5201 3100 5257 columnam
3145 5217 3266 5270 quas
3301 5200 3369 5275 ad
3415 5201 3698 5256 introitum

444 5288 741 5355 studinem,
776 5306 897 5362 quae
926 5290 1251 5349 Christianis
1301 5305 1419 5349 erat
1468 5294 1520 5350 in
1571 5294 1800 5351 ecclesia
1848 5313 2011 5369 quam
2114 5294 2471 5366 377-379
2495 5294 2595 5351 .lizi
2621 5303 2727 5358 est,
2756 5308 2862 5362 qua
2889 5291 3055 5349 hodie
3078 5292 3396 5357 metiuntur,
3437 5301 3696 5348 vocatur-

447 5377 578 5433 Baal
604 5377 726 5435 Beci
756 5381 1058 5438 habuerunt
1083 5394 1136 5438 et
1157 5400 1221 5439 ex
1252 5400 1357 5440 tere
1379 5384 1633 5448 conflata.
1660 5401 1725 5443 ac
1752 5387 2011 5444 deaurata
2112 5402 2217 5458 que
2247 5387 2488 5443 Alltadim
2511 5386 2803 5460 [antiqua].
2826 5386 2983 5442 Anno
3002 5385 3292 5443 chalifatus
3310 5384 3571 5440 Solimani
3589 5392 3701 5438 ter-

444 5481 587 5539 erat,
622 5472 861 5529 dirutam
894 5484 1058 5541 petras
1089 5478 1537 5549 superimposuit;
1570 5478 1635 5533 ad
1677 5488 1885 5551 petram
1922 5497 2013 5552 pe-
2115 5479 2190 5535 tio
2214 5480 2540 5537 constitutus
2560 5487 2641 5536 est
2659 5479 2969 5551 Stephanus
2983 5478 3286 5546 patriarcha
3305 5475 3702 5532 Antiochenam

448 5566 840 5634 regrinationes
868 5568 934 5623 ab
971 5568 1283 5625 hominibus
1314 5571 1525 5626 institui
1570 5572 1755 5642 jussit.
1792 5572 2011 5629 Mittens
2111 5572 2201 5638 qui
2241 5588 2415 5628 annos
2448 5572 2664 5645 triginta
2691 5580 2897 5643 septem
2943 5569 3108 5633 sedit,
3158 5568 3285 5625 dein
3326 5576 3575 5623 mortuus
3599 5574 3700 5623 est.

447 5661 609 5713 etiam
638 5658 701 5713 ad
726 5662 956 5714 Korram
984 5660 1096 5715 Ebu
1119 5660 1357 5725 Shcbali,
1382 5662 1732 5727 Abbasidam,
1755 5665 1844 5732 qui
1879 5672 2009 5721 tunc
2109 5661 2255 5717 Obiit
2273 5674 2451 5718 aciem
2472 5664 2713 5719 Soliman
2733 5664 2849 5719 Ehn
2872 5662 2993 5718 Adil
3010 5660 3175 5717 Malec
3198 5674 3381 5715 mense
3401 5657 3559 5714 Safar
3576 5655 3699 5714 annl

456 5751 714 5820 temporis
742 5751 912 5827 ipsius
944 5752 1163 5809 nomine
1191 5750 1425 5823 Egypto
1455 5750 1670 5822 prmfuit
1699 5793 1712 5820 ,
1750 5754 2006 5827 templum
2110 5753 2283 5814 licitae
2308 5755 2639 5827 nonagesimi
2663 5756 2813 5813 noni.
2834 5771 3005 5813 annos
3024 5761 3183 5811 natus
3214 5752 3435 5824 triginta
3463 5764 3656 5811 novatn
3682 5766 3698 5807 :
