  <div class='ocr_page' id='page_1' title='image "/cluster/home/n/w/nwhite01/storage/ocr_20150623/111/mdp.39015009379887/568.png"; bbox 0 0 3980 6152; ppageno 0'>
   <div class='ocr_carea' id='block_1_1' title="bbox 350 266 482 328">
    <p class='ocr_par' dir='ltr' id='par_1_1' title="bbox 350 266 482 328">
     <span class='ocr_line' id='line_1_1' title="bbox 350 266 482 328; baseline 0.015 -3"><span class='ocrx_word' id='word_1_1' title='bbox 350 266 482 328; x_wconf 79' lang='lat'><strong>1121</strong></span> 
     </span>
    </p>
   </div>
   <div class='ocr_carea' id='block_1_2' title="bbox 1772 254 2145 325">
    <p class='ocr_par' dir='ltr' id='par_1_2' title="bbox 1772 254 2145 325">
     <span class='ocr_line' id='line_1_2' title="bbox 1772 254 2145 325; baseline 0.016 -6"><span class='ocrx_word' id='word_1_2' title='bbox 1772 254 2145 325; x_wconf 69' lang='lat' dir='ltr'><strong>ANNALES.</strong></span> 
     </span>
    </p>
   </div>
   <div class='ocr_carea' id='block_1_3' title="bbox 3436 266 3570 328">
    <p class='ocr_par' dir='ltr' id='par_1_3' title="bbox 3436 266 3570 328">
     <span class='ocr_line' id='line_1_3' title="bbox 3436 266 3570 328; baseline 0.015 -2"><span class='ocrx_word' id='word_1_3' title='bbox 3436 266 3570 328; x_wconf 65' lang='lat'><strong>112‘)</strong></span> 
     </span>
    </p>
   </div>
   <div class='ocr_carea' id='block_1_4' title="bbox 357 369 3585 446">
    <p class='ocr_par' dir='ltr' id='par_1_4' title="bbox 357 369 3585 446">
     <span class='ocr_line' id='line_1_4' title="bbox 357 369 3585 446; baseline -0.001 -16"><span class='ocrx_word' id='word_1_4' title='bbox 357 380 693 432; x_wconf 70' lang='lat' dir='ltr'><strong>testamento</strong></span> <span class='ocrx_word' id='word_1_5' title='bbox 717 372 1553 446; x_wconf 74' lang='lat' dir='ltr'><strong>imperiumlegavitOmarthn</strong></span> <span class='ocrx_word' id='word_1_6' title='bbox 1585 374 1737 428; x_wconf 84' lang='lat' dir='ltr'><strong>Abdil</strong></span> <span class='ocrx_word' id='word_1_7' title='bbox 1770 375 1921 428; x_wconf 83' lang='lat' dir='ltr'><strong>Aziz.</strong></span> <span class='ocrx_word' id='word_1_8' title='bbox 1951 381 1999 438; x_wconf 71' lang='grc' dir='ltr'><strong>Α</strong></span> <span class='ocrx_word' id='word_1_9' title='bbox 2028 373 2127 442; x_wconf 83' lang='lat' dir='ltr'><strong>ipsi</strong></span> <span class='ocrx_word' id='word_1_10' title='bbox 2160 371 2213 426; x_wconf 90' lang='lat' dir='ltr'><strong>in</strong></span> <span class='ocrx_word' id='word_1_11' title='bbox 2245 369 2421 427; x_wconf 77' lang='lat' dir='ltr'><strong>fronte</strong></span> <span class='ocrx_word' id='word_1_12' title='bbox 2450 372 2976 428; x_wconf 72' lang='lat' dir='ltr'><strong>cicatrix.Tra.lente</strong></span> <span class='ocrx_word' id='word_1_13' title='bbox 3000 375 3291 446; x_wconf 71' lang='lat' dir='ltr'><strong>exemplari</strong></span> <span class='ocrx_word' id='word_1_14' title='bbox 3324 394 3432 446; x_wconf 78' lang='lat' dir='ltr'><strong>quo</strong></span> <span class='ocrx_word' id='word_1_15' title='bbox 3455 386 3585 443; x_wconf 76' lang='lat' dir='ltr'><strong>iani,</strong></span> 
     </span>
    </p>
   </div>
   <div class='ocr_carea' id='block_1_5' title="bbox 349 466 1921 537">
    <p class='ocr_par' dir='ltr' id='par_1_5' title="bbox 349 466 1921 537">
     <span class='ocr_line' id='line_1_5' title="bbox 349 466 1921 537; baseline 0.001 -17"><span class='ocrx_word' id='word_1_16' title='bbox 349 466 470 521; x_wconf 81' lang='lat' dir='ltr'><strong>Fuit</strong></span> <span class='ocrx_word' id='word_1_17' title='bbox 503 467 751 537; x_wconf 83' lang='lat' dir='ltr'><strong>pulcher,</strong></span> <span class='ocrx_word' id='word_1_18' title='bbox 782 466 1012 537; x_wconf 82' lang='lat' dir='ltr'><strong>pinguis,</strong></span> <span class='ocrx_word' id='word_1_19' title='bbox 1040 468 1204 523; x_wconf 82' lang='lat' dir='ltr'><strong>barba</strong></span> <span class='ocrx_word' id='word_1_20' title='bbox 1249 468 1424 536; x_wconf 86' lang='lat' dir='ltr'><strong>nigra.</strong></span> <span class='ocrx_word' id='word_1_21' title='bbox 1459 466 1759 522; x_wconf 82' lang='lat' dir='ltr'><strong>Satellitum</strong></span> <span class='ocrx_word' id='word_1_22' title='bbox 1787 483 1921 537; x_wconf 64' lang='lat' dir='ltr'><strong>pra:-</strong></span> 
     </span>
    </p>
   </div>
   <div class='ocr_carea' id='block_1_6' title="bbox 352 555 1921 628">
    <p class='ocr_par' dir='ltr' id='par_1_6' title="bbox 352 555 1921 628">
     <span class='ocr_line' id='line_1_6' title="bbox 352 555 1921 628; baseline 0.001 -16"><span class='ocrx_word' id='word_1_23' title='bbox 352 558 530 613; x_wconf 69' lang='lat' dir='ltr'><strong>lectus</strong></span> <span class='ocrx_word' id='word_1_24' title='bbox 555 558 658 628; x_wconf 84' lang='lat' dir='ltr'><strong>ipsi</strong></span> <span class='ocrx_word' id='word_1_25' title='bbox 685 557 786 613; x_wconf 85' lang='lat' dir='ltr'><strong>luit</strong></span> <span class='ocrx_word' id='word_1_26' title='bbox 807 560 952 613; x_wconf 79' lang='lat' dir='ltr'><strong>Caab</strong></span> <span class='ocrx_word' id='word_1_27' title='bbox 980 555 1096 613; x_wconf 80' lang='lat' dir='ltr'><strong>Ebn</strong></span> <span class='ocrx_word' id='word_1_28' title='bbox 1119 558 1351 625; x_wconf 87' lang='lat' dir='ltr'><strong>Chaled,</strong></span> <span class='ocrx_word' id='word_1_29' title='bbox 1372 559 1684 625; x_wconf 81' lang='lat' dir='ltr'><strong>Abasensis;</strong></span> <span class='ocrx_word' id='word_1_30' title='bbox 1708 558 1921 613; x_wconf 79' lang='lat' dir='ltr'><strong>Janitor</strong></span> 
     </span>
    </p>
   </div>
   <div class='ocr_carea' id='block_1_7' title="bbox 349 652 1218 723">
    <p class='ocr_par' dir='ltr' id='par_1_7' title="bbox 349 652 1218 723">
     <span class='ocr_line' id='line_1_7' title="bbox 349 652 1218 723; baseline -0.001 -16"><span class='ocrx_word' id='word_1_31' title='bbox 349 652 471 707; x_wconf 84' lang='lat' dir='ltr'><strong>Ahu</strong></span> <span class='ocrx_word' id='word_1_32' title='bbox 498 652 736 718; x_wconf 73' lang='lat' dir='ltr'><strong>Ohadite,</strong></span> <span class='ocrx_word' id='word_1_33' title='bbox 761 653 983 709; x_wconf 85' lang='lat' dir='ltr'><strong>libertus</strong></span> <span class='ocrx_word' id='word_1_34' title='bbox 1024 653 1218 723; x_wconf 82' lang='lat' dir='ltr'><strong>ipsius.</strong></span> 
     </span>
    </p>
   </div>
   <div class='ocr_carea' id='block_1_8' title="bbox 611 748 1666 821">
    <p class='ocr_par' dir='ltr' id='par_1_8' title="bbox 611 748 1666 821">
     <span class='ocr_line' id='line_1_8' title="bbox 611 748 1666 821; baseline 0 -18"><span class='ocrx_word' id='word_1_35' title='bbox 611 748 909 821; x_wconf 72' lang='lat' dir='ltr'><strong>Chalifatus</strong></span> <span class='ocrx_word' id='word_1_36' title='bbox 938 748 1121 803; x_wconf 65' lang='grc' dir='ltr'><strong>ουτω</strong></span> <span class='ocrx_word' id='word_1_37' title='bbox 1154 748 1274 803; x_wconf 82' lang='lat' dir='ltr'><strong>Ebn</strong></span> <span class='ocrx_word' id='word_1_38' title='bbox 1301 748 1472 802; x_wconf 68' lang='grc' dir='ltr'><strong>ΛΜΗ*</strong></span> <span class='ocrx_word' id='word_1_39' title='bbox 1513 749 1666 803; x_wconf 70' lang='lat' dir='ltr'><strong>Asis.</strong></span> 
     </span>
    </p>
   </div>
   <div class='ocr_carea' id='block_1_9' title="bbox 418 838 1920 908">
    <p class='ocr_par' dir='ltr' id='par_1_9' title="bbox 418 838 1920 908">
     <span class='ocr_line' id='line_1_9' title="bbox 418 838 1920 908; baseline -0.003 -12"><span class='ocrx_word' id='word_1_40' title='bbox 418 841 778 908; x_wconf 80' lang='lat' dir='ltr'><strong>luauguratus</strong></span> <span class='ocrx_word' id='word_1_41' title='bbox 808 850 893 897; x_wconf 88' lang='lat' dir='ltr'><strong>est</strong></span> <span class='ocrx_word' id='word_1_42' title='bbox 924 838 1091 897; x_wconf 85' lang='lat' dir='ltr'><strong>Omar</strong></span> <span class='ocrx_word' id='word_1_43' title='bbox 1127 840 1242 895; x_wconf 84' lang='lat' dir='ltr'><strong>Ebn</strong></span> <span class='ocrx_word' id='word_1_44' title='bbox 1279 840 1433 895; x_wconf 85' lang='lat' dir='ltr'><strong>Abdil</strong></span> <span class='ocrx_word' id='word_1_45' title='bbox 1474 840 1601 895; x_wconf 81' lang='lat' dir='ltr'><strong>Aziz</strong></span> <span class='ocrx_word' id='word_1_46' title='bbox 1631 840 1745 895; x_wconf 83' lang='lat' dir='ltr'><strong>Ebn</strong></span> <span class='ocrx_word' id='word_1_47' title='bbox 1774 838 1920 895; x_wconf 79' lang='lat' dir='ltr'><strong>Mer-</strong></span> 
     </span>
    </p>
   </div>
   <div class='ocr_carea' id='block_1_10' title="bbox 346 932 1918 1002">
    <p class='ocr_par' dir='ltr' id='par_1_10' title="bbox 346 932 1918 1002">
     <span class='ocr_line' id='line_1_10' title="bbox 346 932 1918 1002; baseline -0.001 -14"><span class='ocrx_word' id='word_1_48' title='bbox 346 950 496 1002; x_wconf 74' lang='lat' dir='ltr'><strong>xvan,</strong></span> <span class='ocrx_word' id='word_1_49' title='bbox 538 935 650 988; x_wconf 81' lang='lat' dir='ltr'><strong>Ebn</strong></span> <span class='ocrx_word' id='word_1_50' title='bbox 688 932 909 990; x_wconf 87' lang='lat' dir='ltr'><strong>llacemi</strong></span> <span class='ocrx_word' id='word_1_51' title='bbox 938 977 953 1001; x_wconf 88' lang='lat'><strong>,</strong></span> <span class='ocrx_word' id='word_1_52' title='bbox 988 936 1073 988; x_wconf 93' lang='lat' dir='ltr'><strong>cui</strong></span> <span class='ocrx_word' id='word_1_53' title='bbox 1116 943 1285 989; x_wconf 82' lang='lat' dir='ltr'><strong>mater</strong></span> <span class='ocrx_word' id='word_1_54' title='bbox 1319 933 1420 988; x_wconf 77' lang='lat' dir='ltr'><strong>fuit</strong></span> <span class='ocrx_word' id='word_1_55' title='bbox 1464 933 1664 989; x_wconf 88' lang='lat' dir='ltr'><strong>Ommo</strong></span> <span class='ocrx_word' id='word_1_56' title='bbox 1714 934 1918 1001; x_wconf 81' lang='lat' dir='ltr'><strong>Asemi,</strong></span> 
     </span>
    </p>
   </div>
   <div class='ocr_carea' id='block_1_11' title="bbox 352 1024 1916 1091">
    <p class='ocr_par' dir='ltr' id='par_1_11' title="bbox 352 1024 1916 1091">
     <span class='ocr_line' id='line_1_11' title="bbox 352 1024 1916 1091; baseline 0 -10"><span class='ocrx_word' id='word_1_57' title='bbox 352 1028 463 1081; x_wconf 86' lang='lat' dir='ltr'><strong>lilia</strong></span> <span class='ocrx_word' id='word_1_58' title='bbox 492 1026 585 1082; x_wconf 81' lang='lat' dir='ltr'><strong>Asi</strong></span> <span class='ocrx_word' id='word_1_59' title='bbox 618 1026 732 1081; x_wconf 85' lang='lat' dir='ltr'><strong>Ebn</strong></span> <span class='ocrx_word' id='word_1_60' title='bbox 760 1026 927 1081; x_wconf 90' lang='lat' dir='ltr'><strong>Omar</strong></span> <span class='ocrx_word' id='word_1_61' title='bbox 949 1025 1065 1080; x_wconf 73' lang='lat' dir='ltr'><strong>Elin</strong></span> <span class='ocrx_word' id='word_1_62' title='bbox 1089 1026 1335 1091; x_wconf 80' lang='lat' dir='ltr'><strong>Chctabi,</strong></span> <span class='ocrx_word' id='word_1_63' title='bbox 1371 1040 1555 1081; x_wconf 87' lang='lat' dir='ltr'><strong>mense</strong></span> <span class='ocrx_word' id='word_1_64' title='bbox 1598 1024 1755 1080; x_wconf 83' lang='lat' dir='ltr'><strong>Safar</strong></span> <span class='ocrx_word' id='word_1_65' title='bbox 1787 1025 1916 1081; x_wconf 88' lang='lat' dir='ltr'><strong>anni</strong></span> 
     </span>
    </p>
   </div>
   <div class='ocr_carea' id='block_1_12' title="bbox 353 1118 1919 1192">
    <p class='ocr_par' dir='ltr' id='par_1_12' title="bbox 353 1118 1919 1192">
     <span class='ocr_line' id='line_1_12' title="bbox 353 1118 1919 1192; baseline 0 -17"><span class='ocrx_word' id='word_1_66' title='bbox 353 1121 693 1192; x_wconf 74' lang='lat' dir='ltr'><strong>nonagesimi</strong></span> <span class='ocrx_word' id='word_1_67' title='bbox 726 1121 875 1175; x_wconf 89' lang='lat' dir='ltr'><strong>noni.</strong></span> <span class='ocrx_word' id='word_1_68' title='bbox 917 1118 1017 1175; x_wconf 81' lang='lat' dir='ltr'><strong>llic</strong></span> <span class='ocrx_word' id='word_1_69' title='bbox 1062 1119 1200 1176; x_wconf 85' lang='lat' dir='ltr'><strong>tacta</strong></span> <span class='ocrx_word' id='word_1_70' title='bbox 1235 1120 1451 1175; x_wconf 74' lang='lat' dir='ltr'><strong>familiae</strong></span> <span class='ocrx_word' id='word_1_71' title='bbox 1482 1134 1595 1175; x_wconf 79' lang='lat' dir='ltr'><strong>stuc</strong></span> <span class='ocrx_word' id='word_1_72' title='bbox 1637 1122 1919 1176; x_wconf 83' lang='lat' dir='ltr'><strong>aversatus</strong></span> 
     </span>
    </p>
   </div>
   <div class='ocr_carea' id='block_1_13' title="bbox 348 1209 1915 1283">
    <p class='ocr_par' dir='ltr' id='par_1_13' title="bbox 348 1209 1915 1283">
     <span class='ocr_line' id='line_1_13' title="bbox 348 1209 1915 1283; baseline 0 -17"><span class='ocrx_word' id='word_1_73' title='bbox 348 1224 475 1273; x_wconf 82' lang='lat' dir='ltr'><strong>est;</strong></span> <span class='ocrx_word' id='word_1_74' title='bbox 510 1221 673 1282; x_wconf 82' lang='lat' dir='ltr'><strong>atque</strong></span> <span class='ocrx_word' id='word_1_75' title='bbox 707 1210 791 1267; x_wconf 88' lang='lat' dir='ltr'><strong>Ali</strong></span> <span class='ocrx_word' id='word_1_76' title='bbox 824 1210 922 1266; x_wconf 87' lang='lat' dir='ltr'><strong>Abi</strong></span> <span class='ocrx_word' id='word_1_77' title='bbox 955 1209 1140 1267; x_wconf 83' lang='lat' dir='ltr'><strong>Talebi</strong></span> <span class='ocrx_word' id='word_1_78' title='bbox 1168 1210 1523 1267; x_wconf 75' lang='lat' dir='ltr'><strong>maledicendi</strong></span> <span class='ocrx_word' id='word_1_79' title='bbox 1556 1213 1608 1266; x_wconf 93' lang='lat' dir='ltr'><strong>in</strong></span> <span class='ocrx_word' id='word_1_80' title='bbox 1642 1211 1915 1283; x_wconf 86' lang='lat' dir='ltr'><strong>suggestis</strong></span> 
     </span>
    </p>
   </div>
   <div class='ocr_carea' id='block_1_14' title="bbox 352 1299 1917 1376">
    <p class='ocr_par' dir='ltr' id='par_1_14' title="bbox 352 1299 1917 1376">
     <span class='ocr_line' id='line_1_14' title="bbox 352 1299 1917 1376; baseline 0.001 -19"><span class='ocrx_word' id='word_1_81' title='bbox 352 1299 875 1376; x_wconf 73' lang='lat' dir='ltr'><strong>{consuetudinem}</strong></span> <span class='ocrx_word' id='word_1_82' title='bbox 941 1305 1183 1359; x_wconf 82' lang='lat' dir='ltr'><strong>sustulit.</strong></span> <span class='ocrx_word' id='word_1_83' title='bbox 1241 1303 1521 1372; x_wconf 86' lang='lat' dir='ltr'><strong>Siquidem</strong></span> <span class='ocrx_word' id='word_1_84' title='bbox 1577 1317 1608 1358; x_wconf 89' lang='lat' dir='ltr'><strong>a</strong></span> <span class='ocrx_word' id='word_1_85' title='bbox 1660 1302 1917 1359; x_wconf 81' lang='lat' dir='ltr'><strong>chalil’atu</strong></span> 
     </span>
    </p>
   </div>
   <div class='ocr_carea' id='block_1_15' title="bbox 352 1394 1909 1468">
    <p class='ocr_par' dir='ltr' id='par_1_15' title="bbox 352 1394 1909 1468">
     <span class='ocr_line' id='line_1_15' title="bbox 352 1394 1909 1468; baseline -0.002 -17"><span class='ocrx_word' id='word_1_86' title='bbox 352 1395 592 1451; x_wconf 75' lang='lat' dir='ltr'><strong>lloavria:</strong></span> <span class='ocrx_word' id='word_1_87' title='bbox 628 1395 743 1450; x_wconf 81' lang='lat' dir='ltr'><strong>Ebn</strong></span> <span class='ocrx_word' id='word_1_88' title='bbox 791 1396 895 1451; x_wconf 83' lang='lat' dir='ltr'><strong>Abi</strong></span> <span class='ocrx_word' id='word_1_89' title='bbox 944 1394 1190 1468; x_wconf 76' lang='lat' dir='ltr'><strong>Solyan,</strong></span> <span class='ocrx_word' id='word_1_90' title='bbox 1240 1411 1416 1467; x_wconf 86' lang='lat' dir='ltr'><strong>usque</strong></span> <span class='ocrx_word' id='word_1_91' title='bbox 1466 1396 1533 1450; x_wconf 89' lang='lat' dir='ltr'><strong>ad</strong></span> <span class='ocrx_word' id='word_1_92' title='bbox 1592 1394 1909 1450; x_wconf 79' lang='lat' dir='ltr'><strong>chaliratum</strong></span> 
     </span>
    </p>
   </div>
   <div class='ocr_carea' id='block_1_16' title="bbox 352 1482 1917 1551">
    <p class='ocr_par' dir='ltr' id='par_1_16' title="bbox 352 1482 1917 1551">
     <span class='ocr_line' id='line_1_16' title="bbox 352 1482 1917 1551; baseline 0 -11"><span class='ocrx_word' id='word_1_93' title='bbox 352 1482 535 1540; x_wconf 88' lang='lat' dir='ltr'><strong>Omari</strong></span> <span class='ocrx_word' id='word_1_94' title='bbox 569 1484 685 1541; x_wconf 76' lang='lat' dir='ltr'><strong>Ebn</strong></span> <span class='ocrx_word' id='word_1_95' title='bbox 717 1485 818 1541; x_wconf 87' lang='lat' dir='ltr'><strong>Abi</strong></span> <span class='ocrx_word' id='word_1_96' title='bbox 852 1485 1011 1539; x_wconf 84' lang='lat' dir='ltr'><strong>Abdil</strong></span> <span class='ocrx_word' id='word_1_97' title='bbox 1055 1486 1185 1541; x_wconf 70' lang='lat' dir='ltr'><strong>Aziz</strong></span> <span class='ocrx_word' id='word_1_98' title='bbox 1212 1528 1226 1551; x_wconf 86' lang='lat'><strong>,</strong></span> <span class='ocrx_word' id='word_1_99' title='bbox 1257 1486 1505 1542; x_wconf 84' lang='lat' dir='ltr'><strong>solebant</strong></span> <span class='ocrx_word' id='word_1_100' title='bbox 1547 1485 1756 1541; x_wconf 65' lang='lat' dir='ltr'><strong>chalil’m</strong></span> <span class='ocrx_word' id='word_1_101' title='bbox 1787 1482 1917 1540; x_wconf 80' lang='lat' dir='ltr'><strong>0m-</strong></span> 
     </span>
    </p>
   </div>
   <div class='ocr_carea' id='block_1_17' title="bbox 352 1576 1917 1651">
    <p class='ocr_par' dir='ltr' id='par_1_17' title="bbox 352 1576 1917 1651">
     <span class='ocr_line' id='line_1_17' title="bbox 352 1576 1917 1651; baseline 0.003 -21"><span class='ocrx_word' id='word_1_102' title='bbox 352 1578 548 1632; x_wconf 78' lang='lat' dir='ltr'><strong>maidac</strong></span> <span class='ocrx_word' id='word_1_103' title='bbox 602 1578 685 1632; x_wconf 87' lang='lat' dir='ltr'><strong>Ali</strong></span> <span class='ocrx_word' id='word_1_104' title='bbox 737 1576 852 1633; x_wconf 82' lang='lat' dir='ltr'><strong>Ebn</strong></span> <span class='ocrx_word' id='word_1_105' title='bbox 902 1576 1090 1635; x_wconf 85' lang='lat' dir='ltr'><strong>Talebi</strong></span> <span class='ocrx_word' id='word_1_106' title='bbox 1137 1580 1191 1633; x_wconf 89' lang='lat' dir='ltr'><strong>in</strong></span> <span class='ocrx_word' id='word_1_107' title='bbox 1246 1579 1515 1651; x_wconf 74' lang='lat' dir='ltr'><strong>suggestis</strong></span> <span class='ocrx_word' id='word_1_108' title='bbox 1570 1578 1917 1643; x_wconf 79' lang='lat' dir='ltr'><strong>maledicere,</strong></span> 
     </span>
    </p>
   </div>
   <div class='ocr_carea' id='block_1_18' title="bbox 352 1667 1914 1742">
    <p class='ocr_par' dir='ltr' id='par_1_18' title="bbox 352 1667 1914 1742">
     <span class='ocr_line' id='line_1_18' title="bbox 352 1667 1914 1742; baseline 0.003 -19"><span class='ocrx_word' id='word_1_109' title='bbox 352 1670 533 1740; x_wconf 83' lang='lat' dir='ltr'><strong>ipsum</strong></span> <span class='ocrx_word' id='word_1_110' title='bbox 554 1670 669 1724; x_wconf 83' lang='lat' dir='ltr'><strong>Abs</strong></span> <span class='ocrx_word' id='word_1_111' title='bbox 688 1667 873 1725; x_wconf 82' lang='lat' dir='ltr'><strong>Torab</strong></span> <span class='ocrx_word' id='word_1_112' title='bbox 898 1668 1130 1742; x_wconf 89' lang='lat' dir='ltr'><strong>[patrem</strong></span> <span class='ocrx_word' id='word_1_113' title='bbox 1162 1669 1423 1741; x_wconf 77' lang='lat' dir='ltr'><strong>pulveris]</strong></span> <span class='ocrx_word' id='word_1_114' title='bbox 1446 1671 1914 1742; x_wconf 79' lang='lat' dir='ltr'><strong>cognominantes.</strong></span> 
     </span>
    </p>
   </div>
   <div class='ocr_carea' id='block_1_19' title="bbox 349 1761 1914 1835">
    <p class='ocr_par' dir='ltr' id='par_1_19' title="bbox 349 1761 1914 1835">
     <span class='ocr_line' id='line_1_19' title="bbox 349 1761 1914 1835; baseline 0.002 -19"><span class='ocrx_word' id='word_1_115' title='bbox 349 1761 481 1818; x_wconf 77' lang='lat' dir='ltr'><strong>Erat</strong></span> <span class='ocrx_word' id='word_1_116' title='bbox 502 1762 789 1819; x_wconf 74' lang='lat' dir='ltr'><strong>chalifatus</strong></span> <span class='ocrx_word' id='word_1_117' title='bbox 821 1762 995 1833; x_wconf 81' lang='lat' dir='ltr'><strong>ipsius</strong></span> <span class='ocrx_word' id='word_1_118' title='bbox 1028 1764 1295 1819; x_wconf 82' lang='lat' dir='ltr'><strong>mensium</strong></span> <span class='ocrx_word' id='word_1_119' title='bbox 1325 1764 1570 1835; x_wconf 77' lang='lat' dir='ltr'><strong>triginta.</strong></span> <span class='ocrx_word' id='word_1_120' title='bbox 1622 1761 1746 1819; x_wconf 81' lang='lat' dir='ltr'><strong>Fuit</strong></span> <span class='ocrx_word' id='word_1_121' title='bbox 1777 1773 1914 1819; x_wconf 83' lang='lat' dir='ltr'><strong>tern-</strong></span> 
     </span>
    </p>
   </div>
   <div class='ocr_carea' id='block_1_20' title="bbox 349 1854 1914 1928">
    <p class='ocr_par' dir='ltr' id='par_1_20' title="bbox 349 1854 1914 1928">
     <span class='ocr_line' id='line_1_20' title="bbox 349 1854 1914 1928; baseline 0.002 -20"><span class='ocrx_word' id='word_1_122' title='bbox 349 1869 486 1924; x_wconf 87' lang='lat' dir='ltr'><strong>pore</strong></span> <span class='ocrx_word' id='word_1_123' title='bbox 511 1854 680 1924; x_wconf 89' lang='lat' dir='ltr'><strong>ipsius</strong></span> <span class='ocrx_word' id='word_1_124' title='bbox 710 1854 1085 1911; x_wconf 77' lang='lat' dir='ltr'><strong>Romanorum</strong></span> <span class='ocrx_word' id='word_1_125' title='bbox 1123 1857 1417 1926; x_wconf 86' lang='lat' dir='ltr'><strong>imperator</strong></span> <span class='ocrx_word' id='word_1_126' title='bbox 1442 1857 1788 1924; x_wconf 79' lang='lat' dir='ltr'><strong>Anastasius,</strong></span> <span class='ocrx_word' id='word_1_127' title='bbox 1822 1858 1914 1928; x_wconf 91' lang='lat' dir='ltr'><strong>qui</strong></span> 
     </span>
    </p>
   </div>
   <div class='ocr_carea' id='block_1_21' title="bbox 347 1946 1911 2020">
    <p class='ocr_par' dir='ltr' id='par_1_21' title="bbox 347 1946 1911 2020">
     <span class='ocr_line' id='line_1_21' title="bbox 347 1946 1911 2020; baseline 0.003 -20"><span class='ocrx_word' id='word_1_128' title='bbox 347 1961 553 2001; x_wconf 87' lang='lat' dir='ltr'><strong>annum</strong></span> <span class='ocrx_word' id='word_1_129' title='bbox 592 1962 716 2003; x_wconf 85' lang='lat' dir='ltr'><strong>cum</strong></span> <span class='ocrx_word' id='word_1_130' title='bbox 755 1948 980 2003; x_wconf 83' lang='lat' dir='ltr'><strong>dimidio</strong></span> <span class='ocrx_word' id='word_1_131' title='bbox 1017 1948 1323 2020; x_wconf 80' lang='lat' dir='ltr'><strong>imperavit.</strong></span> <span class='ocrx_word' id='word_1_132' title='bbox 1355 1946 1552 2006; x_wconf 80' lang='lat' dir='ltr'><strong>Notum</strong></span> <span class='ocrx_word' id='word_1_133' title='bbox 1602 1960 1787 2005; x_wconf 87' lang='lat' dir='ltr'><strong>autem</strong></span> <span class='ocrx_word' id='word_1_134' title='bbox 1825 1950 1911 2005; x_wconf 78' lang='lat' dir='ltr'><strong>fe-</strong></span> 
     </span>
    </p>
   </div>
   <div class='ocr_carea' id='block_1_22' title="bbox 343 2038 1913 2114">
    <p class='ocr_par' dir='ltr' id='par_1_22' title="bbox 343 2038 1913 2114">
     <span class='ocr_line' id='line_1_22' title="bbox 343 2038 1913 2114; baseline 0.003 -20"><span class='ocrx_word' id='word_1_135' title='bbox 343 2051 544 2095; x_wconf 81' lang='lat' dir='ltr'><strong>cerunt</strong></span> <span class='ocrx_word' id='word_1_136' title='bbox 570 2040 865 2097; x_wconf 81' lang='lat' dir='ltr'><strong>Christiani</strong></span> <span class='ocrx_word' id='word_1_137' title='bbox 893 2038 1093 2097; x_wconf 87' lang='lat' dir='ltr'><strong>Omaro</strong></span> <span class='ocrx_word' id='word_1_138' title='bbox 1119 2040 1234 2096; x_wconf 82' lang='lat' dir='ltr'><strong>Ebn</strong></span> <span class='ocrx_word' id='word_1_139' title='bbox 1270 2041 1426 2097; x_wconf 87' lang='lat' dir='ltr'><strong>Abdil</strong></span> <span class='ocrx_word' id='word_1_140' title='bbox 1453 2042 1605 2111; x_wconf 83' lang='lat' dir='ltr'><strong>Azix,</strong></span> <span class='ocrx_word' id='word_1_141' title='bbox 1640 2044 1767 2114; x_wconf 90' lang='lat' dir='ltr'><strong>quid</strong></span> <span class='ocrx_word' id='word_1_142' title='bbox 1805 2044 1913 2099; x_wconf 82' lang='lat' dir='ltr'><strong>illis</strong></span> 
     </span>
    </p>
   </div>
   <div class='ocr_carea' id='block_1_23' title="bbox 348 2130 1919 2202">
    <p class='ocr_par' dir='ltr' id='par_1_23' title="bbox 348 2130 1919 2202">
     <span class='ocr_line' id='line_1_23' title="bbox 348 2130 1919 2202; baseline 0.004 -19"><span class='ocrx_word' id='word_1_143' title='bbox 348 2130 690 2202; x_wconf 68' lang='lat' dir='ltr'><strong>partem</strong></span> <span class='ocrx_word' id='word_1_144' title='bbox 717 2130 991 2186; x_wconf 72' lang='lat' dir='ltr'><strong>firmatum</strong></span> <span class='ocrx_word' id='word_1_145' title='bbox 1021 2132 1196 2188; x_wconf 79' lang='lat' dir='ltr'><strong>fuerat</strong></span> <span class='ocrx_word' id='word_1_146' title='bbox 1215 2132 1359 2201; x_wconf 89' lang='lat' dir='ltr'><strong>quod</strong></span> <span class='ocrx_word' id='word_1_147' title='bbox 1387 2131 1452 2187; x_wconf 92' lang='lat' dir='ltr'><strong>ad</strong></span> <span class='ocrx_word' id='word_1_148' title='bbox 1480 2134 1740 2189; x_wconf 83' lang='lat' dir='ltr'><strong>ecclesias</strong></span> <span class='ocrx_word' id='word_1_149' title='bbox 1787 2148 1919 2191; x_wconf 85' lang='lat' dir='ltr'><strong>suas</strong></span> 
     </span>
    </p>
   </div>
   <div class='ocr_carea' id='block_1_24' title="bbox 355 2224 1915 2296">
    <p class='ocr_par' dir='ltr' id='par_1_24' title="bbox 355 2224 1915 2296">
     <span class='ocr_line' id='line_1_24' title="bbox 355 2224 1915 2296; baseline 0.002 -19"><span class='ocrx_word' id='word_1_150' title='bbox 355 2239 426 2279; x_wconf 90' lang='lat' dir='ltr'><strong>nc</strong></span> <span class='ocrx_word' id='word_1_151' title='bbox 476 2224 557 2277; x_wconf 77' lang='lat' dir='ltr'><strong>vel</strong></span> <span class='ocrx_word' id='word_1_152' title='bbox 609 2224 978 2288; x_wconf 85' lang='lat' dir='ltr'><strong>diruerentur,</strong></span> <span class='ocrx_word' id='word_1_153' title='bbox 1036 2224 1121 2279; x_wconf 90' lang='lat' dir='ltr'><strong>vel</strong></span> <span class='ocrx_word' id='word_1_154' title='bbox 1176 2224 1591 2291; x_wconf 85' lang='lat' dir='ltr'><strong>habitarentur;</strong></span> <span class='ocrx_word' id='word_1_155' title='bbox 1652 2227 1915 2296; x_wconf 89' lang='lat' dir='ltr'><strong>scriptum</strong></span> 
     </span>
    </p>
   </div>
   <div class='ocr_carea' id='block_1_25' title="bbox 342 2316 1916 2390">
    <p class='ocr_par' dir='ltr' id='par_1_25' title="bbox 342 2316 1916 2390">
     <span class='ocr_line' id='line_1_25' title="bbox 342 2316 1916 2390; baseline 0.002 -18"><span class='ocrx_word' id='word_1_156' title='bbox 342 2317 569 2372; x_wconf 85' lang='lat' dir='ltr'><strong>Chaledi</strong></span> <span class='ocrx_word' id='word_1_157' title='bbox 610 2317 723 2372; x_wconf 84' lang='lat' dir='ltr'><strong>Ebn</strong></span> <span class='ocrx_word' id='word_1_158' title='bbox 748 2316 957 2373; x_wconf 78' lang='lat' dir='ltr'><strong>Waledi</strong></span> <span class='ocrx_word' id='word_1_159' title='bbox 984 2317 1352 2388; x_wconf 79' lang='lat' dir='ltr'><strong>proferentes.</strong></span> <span class='ocrx_word' id='word_1_160' title='bbox 1381 2317 1588 2375; x_wconf 86' lang='lat' dir='ltr'><strong>Obtulit</strong></span> <span class='ocrx_word' id='word_1_161' title='bbox 1619 2333 1749 2390; x_wconf 86' lang='lat' dir='ltr'><strong>ergo</strong></span> <span class='ocrx_word' id='word_1_162' title='bbox 1781 2320 1916 2389; x_wconf 63' lang='lat' dir='ltr'><strong>ipsis</strong></span> 
     </span>
    </p>
   </div>
   <div class='ocr_carea' id='block_1_26' title="bbox 346 2408 1917 2481">
    <p class='ocr_par' dir='ltr' id='par_1_26' title="bbox 346 2408 1917 2481">
     <span class='ocr_line' id='line_1_26' title="bbox 346 2408 1917 2481; baseline -0.001 -16"><span class='ocrx_word' id='word_1_163' title='bbox 346 2408 515 2465; x_wconf 83' lang='lat' dir='ltr'><strong>Oinar</strong></span> <span class='ocrx_word' id='word_1_164' title='bbox 549 2409 911 2480; x_wconf 66' lang='lat' dir='ltr'><strong>quadraginta</strong></span> <span class='ocrx_word' id='word_1_165' title='bbox 944 2424 1236 2464; x_wconf 82' lang='lat' dir='ltr'><strong>aureorum</strong></span> <span class='ocrx_word' id='word_1_166' title='bbox 1271 2410 1459 2475; x_wconf 86' lang='lat' dir='ltr'><strong>millia,</strong></span> <span class='ocrx_word' id='word_1_167' title='bbox 1490 2425 1691 2481; x_wconf 88' lang='lat' dir='ltr'><strong>rogans</strong></span> <span class='ocrx_word' id='word_1_168' title='bbox 1725 2420 1782 2465; x_wconf 91' lang='lat' dir='ltr'><strong>ut</strong></span> <span class='ocrx_word' id='word_1_169' title='bbox 1823 2427 1917 2464; x_wconf 82' lang='lat' dir='ltr'><strong>ac-</strong></span> 
     </span>
    </p>
   </div>
   <div class='ocr_carea' id='block_1_27' title="bbox 348 2501 1916 2579">
    <p class='ocr_par' dir='ltr' id='par_1_27' title="bbox 348 2501 1916 2579">
     <span class='ocr_line' id='line_1_27' title="bbox 348 2501 1916 2579; baseline -0.003 -19"><span class='ocrx_word' id='word_1_170' title='bbox 348 2510 511 2573; x_wconf 88' lang='lat' dir='ltr'><strong>cepta</strong></span> <span class='ocrx_word' id='word_1_171' title='bbox 570 2501 798 2572; x_wconf 85' lang='lat' dir='ltr'><strong>pecunia</strong></span> <span class='ocrx_word' id='word_1_172' title='bbox 828 2503 1114 2579; x_wconf 78' lang='lat' dir='ltr'><strong>ecclesiam</strong></span> <span class='ocrx_word' id='word_1_173' title='bbox 1146 2503 1521 2567; x_wconf 88' lang='lat' dir='ltr'><strong>dimitterent,</strong></span> <span class='ocrx_word' id='word_1_174' title='bbox 1560 2514 1722 2573; x_wconf 90' lang='lat' dir='ltr'><strong>atque</strong></span> <span class='ocrx_word' id='word_1_175' title='bbox 1758 2504 1916 2558; x_wconf 88' lang='lat' dir='ltr'><strong>aliam</strong></span> 
     </span>
    </p>
   </div>
   <div class='ocr_carea' id='block_1_28' title="bbox 347 2592 1917 2664">
    <p class='ocr_par' dir='ltr' id='par_1_28' title="bbox 347 2592 1917 2664">
     <span class='ocr_line' id='line_1_28' title="bbox 347 2592 1917 2664; baseline 0.001 -16"><span class='ocrx_word' id='word_1_176' title='bbox 347 2598 469 2663; x_wconf 74' lang='lat' dir='ltr'><strong>ejus</strong></span> <span class='ocrx_word' id='word_1_177' title='bbox 502 2592 618 2649; x_wconf 82' lang='lat' dir='ltr'><strong>vice</strong></span> <span class='ocrx_word' id='word_1_178' title='bbox 646 2592 957 2657; x_wconf 86' lang='lat' dir='ltr'><strong>ecclesiam,</strong></span> <span class='ocrx_word' id='word_1_179' title='bbox 1006 2608 1111 2663; x_wconf 92' lang='lat' dir='ltr'><strong>qua</strong></span> <span class='ocrx_word' id='word_1_180' title='bbox 1158 2594 1357 2648; x_wconf 82' lang='lat' dir='ltr'><strong>vellent</strong></span> <span class='ocrx_word' id='word_1_181' title='bbox 1417 2595 1665 2649; x_wconf 83' lang='lat' dir='ltr'><strong>Damasci</strong></span> <span class='ocrx_word' id='word_1_182' title='bbox 1722 2607 1917 2664; x_wconf 84' lang='lat' dir='ltr'><strong>parte,</strong></span> 
     </span>
    </p>
   </div>
   <div class='ocr_carea' id='block_1_29' title="bbox 347 2684 1920 2757">
    <p class='ocr_par' dir='ltr' id='par_1_29' title="bbox 347 2684 1920 2757">
     <span class='ocr_line' id='line_1_29' title="bbox 347 2684 1920 2757; baseline -0.001 -15"><span class='ocrx_word' id='word_1_183' title='bbox 347 2694 691 2742; x_wconf 80' lang='lat' dir='ltr'><strong>exstruerem</strong></span> <span class='ocrx_word' id='word_1_184' title='bbox 725 2684 911 2756; x_wconf 90' lang='lat' dir='ltr'><strong>:quod</strong></span> <span class='ocrx_word' id='word_1_185' title='bbox 963 2686 1345 2743; x_wconf 82' lang='lat' dir='ltr'><strong>recusantibus</strong></span> <span class='ocrx_word' id='word_1_186' title='bbox 1380 2687 1533 2757; x_wconf 82' lang='lat' dir='ltr'><strong>ipsis,</strong></span> <span class='ocrx_word' id='word_1_187' title='bbox 1580 2703 1646 2742; x_wconf 88' lang='lat' dir='ltr'><strong>eo</strong></span> <span class='ocrx_word' id='word_1_188' title='bbox 1701 2688 1920 2744; x_wconf 80' lang='lat' dir='ltr'><strong>devenit</strong></span> 
     </span>
    </p>
   </div>
   <div class='ocr_carea' id='block_1_30' title="bbox 352 2776 1917 2846">
    <p class='ocr_par' dir='ltr' id='par_1_30' title="bbox 352 2776 1917 2846">
     <span class='ocr_line' id='line_1_30' title="bbox 352 2776 1917 2846; baseline 0.003 -14"><span class='ocrx_word' id='word_1_189' title='bbox 352 2791 463 2842; x_wconf 88' lang='lat' dir='ltr'><strong>res,</strong></span> <span class='ocrx_word' id='word_1_190' title='bbox 501 2785 558 2831; x_wconf 89' lang='lat' dir='ltr'><strong>ut</strong></span> <span class='ocrx_word' id='word_1_191' title='bbox 590 2776 912 2832; x_wconf 84' lang='lat' dir='ltr'><strong>redderetur</strong></span> <span class='ocrx_word' id='word_1_192' title='bbox 937 2777 1071 2846; x_wconf 84' lang='lat' dir='ltr'><strong>ipsis</strong></span> <span class='ocrx_word' id='word_1_193' title='bbox 1099 2780 1329 2833; x_wconf 87' lang='lat' dir='ltr'><strong>ecclesia</strong></span> <span class='ocrx_word' id='word_1_194' title='bbox 1360 2794 1457 2833; x_wconf 87' lang='lat' dir='ltr'><strong>sua</strong></span> <span class='ocrx_word' id='word_1_195' title='bbox 1490 2793 1614 2835; x_wconf 90' lang='lat' dir='ltr'><strong>cum</strong></span> <span class='ocrx_word' id='word_1_196' title='bbox 1651 2781 1917 2837; x_wconf 84' lang='lat' dir='ltr'><strong>limitibus</strong></span> 
     </span>
    </p>
   </div>
   <div class='ocr_carea' id='block_1_31' title="bbox 350 2872 1921 2942">
    <p class='ocr_par' dir='ltr' id='par_1_31' title="bbox 350 2872 1921 2942">
     <span class='ocr_line' id='line_1_31' title="bbox 350 2872 1921 2942; baseline 0.003 -18"><span class='ocrx_word' id='word_1_197' title='bbox 350 2872 543 2942; x_wconf 88' lang='lat' dir='ltr'><strong>ipsius,</strong></span> <span class='ocrx_word' id='word_1_198' title='bbox 582 2885 697 2941; x_wconf 86' lang='lat' dir='ltr'><strong>quo</strong></span> <span class='ocrx_word' id='word_1_199' title='bbox 745 2886 865 2925; x_wconf 82' lang='lat' dir='ltr'><strong>eam</strong></span> <span class='ocrx_word' id='word_1_200' title='bbox 908 2880 1305 2927; x_wconf 86' lang='lat' dir='ltr'><strong>restaurarent.</strong></span> <span class='ocrx_word' id='word_1_201' title='bbox 1342 2872 1455 2928; x_wconf 88' lang='lat' dir='ltr'><strong>lloc</strong></span> <span class='ocrx_word' id='word_1_202' title='bbox 1499 2882 1678 2927; x_wconf 88' lang='lat' dir='ltr'><strong>autem</strong></span> <span class='ocrx_word' id='word_1_203' title='bbox 1718 2873 1921 2928; x_wconf 80' lang='lat' dir='ltr'><strong>Moste-</strong></span> 
     </span>
    </p>
   </div>
   <div class='ocr_carea' id='block_1_32' title="bbox 2026 468 3593 537">
    <p class='ocr_par' dir='ltr' id='par_1_32' title="bbox 2026 468 3593 537">
     <span class='ocr_line' id='line_1_32' title="bbox 2026 468 3593 537; baseline 0.001 -15"><span class='ocrx_word' id='word_1_204' title='bbox 2026 468 2275 537; x_wconf 85' lang='lat' dir='ltr'><strong>sepultus</strong></span> <span class='ocrx_word' id='word_1_205' title='bbox 2322 478 2406 523; x_wconf 90' lang='lat' dir='ltr'><strong>est</strong></span> <span class='ocrx_word' id='word_1_206' title='bbox 2453 468 2505 521; x_wconf 90' lang='lat' dir='ltr'><strong>in</strong></span> <span class='ocrx_word' id='word_1_207' title='bbox 2562 470 2893 523; x_wconf 86' lang='lat' dir='ltr'><strong>monasterio</strong></span> <span class='ocrx_word' id='word_1_208' title='bbox 2948 469 3221 526; x_wconf 84' lang='lat' dir='ltr'><strong>Simeonis</strong></span> <span class='ocrx_word' id='word_1_209' title='bbox 3276 474 3327 524; x_wconf 91' lang='lat' dir='ltr'><strong>in</strong></span> <span class='ocrx_word' id='word_1_210' title='bbox 3386 472 3593 525; x_wconf 80' lang='lat' dir='ltr'><strong>d;tione</strong></span> 
     </span>
    </p>
   </div>
   <div class='ocr_carea' id='block_1_33' title="bbox 2027 557 3595 631">
    <p class='ocr_par' dir='ltr' id='par_1_33' title="bbox 2027 557 3595 631">
     <span class='ocr_line' id='line_1_33' title="bbox 2027 557 3595 631; baseline 0.003 -19"><span class='ocrx_word' id='word_1_211' title='bbox 2027 557 2194 614; x_wconf 85' lang='lat' dir='ltr'><strong>Hems</strong></span> <span class='ocrx_word' id='word_1_212' title='bbox 2222 557 2517 631; x_wconf 60' lang='lat' dir='ltr'><strong>[Emissa].</strong></span> <span class='ocrx_word' id='word_1_213' title='bbox 2557 558 2862 614; x_wconf 82' lang='lat' dir='ltr'><strong>Satellitum</strong></span> <span class='ocrx_word' id='word_1_214' title='bbox 2909 560 3082 630; x_wconf 86' lang='lat' dir='ltr'><strong>ipsius</strong></span> <span class='ocrx_word' id='word_1_215' title='bbox 3144 560 3431 631; x_wconf 65' lang='lat' dir='ltr'><strong>prtel&#39;cetus</strong></span> <span class='ocrx_word' id='word_1_216' title='bbox 3491 563 3595 617; x_wconf 82' lang='lat' dir='ltr'><strong>luit</strong></span> 
     </span>
    </p>
   </div>
   <div class='ocr_carea' id='block_1_34' title="bbox 2027 649 3594 715">
    <p class='ocr_par' dir='ltr' id='par_1_34' title="bbox 2027 649 3594 715">
     <span class='ocr_line' id='line_1_34' title="bbox 2027 649 3594 715; baseline 0.003 -12"><span class='ocrx_word' id='word_1_217' title='bbox 2027 649 2297 705; x_wconf 78' lang='lat' dir='ltr'><strong>Bawahus</strong></span> <span class='ocrx_word' id='word_1_218' title='bbox 2332 651 2445 706; x_wconf 81' lang='lat' dir='ltr'><strong>Ebn</strong></span> <span class='ocrx_word' id='word_1_219' title='bbox 2482 650 2673 715; x_wconf 74' lang='lat' dir='ltr'><strong>Yazid,</strong></span> <span class='ocrx_word' id='word_1_220' title='bbox 2709 652 3077 707; x_wconf 81' lang='lat' dir='ltr'><strong>Saceasensis.</strong></span> <span class='ocrx_word' id='word_1_221' title='bbox 3105 650 3317 709; x_wconf 84' lang='lat' dir='ltr'><strong>Janitor</strong></span> <span class='ocrx_word' id='word_1_222' title='bbox 3360 653 3594 709; x_wconf 85' lang='lat' dir='ltr'><strong>Ilobaish</strong></span> 
     </span>
    </p>
   </div>
   <div class='ocr_carea' id='block_1_35' title="bbox 2025 740 2478 814">
    <p class='ocr_par' dir='ltr' id='par_1_35' title="bbox 2025 740 2478 814">
     <span class='ocr_line' id='line_1_35' title="bbox 2025 740 2478 814; baseline 0.007 -20"><span class='ocrx_word' id='word_1_223' title='bbox 2025 740 2255 797; x_wconf 85' lang='lat' dir='ltr'><strong>libertus</strong></span> <span class='ocrx_word' id='word_1_224' title='bbox 2284 744 2478 814; x_wconf 87' lang='lat' dir='ltr'><strong>ipsius.</strong></span> 
     </span>
    </p>
   </div>
   <div class='ocr_carea' id='block_1_36' title="bbox 2251 835 3366 906">
    <p class='ocr_par' dir='ltr' id='par_1_36' title="bbox 2251 835 3366 906">
     <span class='ocr_line' id='line_1_36' title="bbox 2251 835 3366 906; baseline 0.005 -15"><span class='ocrx_word' id='word_1_225' title='bbox 2251 835 2553 906; x_wconf 69' lang='lat' dir='ltr'><strong>Chalifatus</strong></span> <span class='ocrx_word' id='word_1_226' title='bbox 2591 835 2778 891; x_wconf 77' lang='lat' dir='ltr'><strong>Yasidt&#39;</strong></span> <span class='ocrx_word' id='word_1_227' title='bbox 2812 837 2929 892; x_wconf 71' lang='lat' dir='ltr'><strong>Ebn</strong></span> <span class='ocrx_word' id='word_1_228' title='bbox 2960 840 3119 894; x_wconf 67' lang='lat' dir='ltr'><strong>Abt/il</strong></span> <span class='ocrx_word' id='word_1_229' title='bbox 3154 840 3366 898; x_wconf 70' lang='lat' dir='ltr'><strong>Maleci.</strong></span> 
     </span>
    </p>
   </div>
   <div class='ocr_carea' id='block_1_37' title="bbox 2093 921 3591 997">
    <p class='ocr_par' dir='ltr' id='par_1_37' title="bbox 2093 921 3591 997">
     <span class='ocr_line' id='line_1_37' title="bbox 2093 921 3591 997; baseline 0.006 -19"><span class='ocrx_word' id='word_1_230' title='bbox 2093 921 2455 997; x_wconf 84' lang='lat' dir='ltr'><strong>inauguratus</strong></span> <span class='ocrx_word' id='word_1_231' title='bbox 2499 936 2582 984; x_wconf 88' lang='lat' dir='ltr'><strong>est</strong></span> <span class='ocrx_word' id='word_1_232' title='bbox 2630 926 2802 985; x_wconf 78' lang='lat' dir='ltr'><strong>Yazid</strong></span> <span class='ocrx_word' id='word_1_233' title='bbox 2852 931 2969 985; x_wconf 88' lang='lat' dir='ltr'><strong>Ebn</strong></span> <span class='ocrx_word' id='word_1_234' title='bbox 3020 932 3181 986; x_wconf 81' lang='lat' dir='ltr'><strong>Abdil</strong></span> <span class='ocrx_word' id='word_1_235' title='bbox 3232 932 3422 987; x_wconf 82' lang='lat' dir='ltr'><strong>Maleci</strong></span> <span class='ocrx_word' id='word_1_236' title='bbox 3475 934 3591 989; x_wconf 85' lang='lat' dir='ltr'><strong>Ebn</strong></span> 
     </span>
    </p>
   </div>
   <div class='ocr_carea' id='block_1_38' title="bbox 2022 1012 3595 1087">
    <p class='ocr_par' dir='ltr' id='par_1_38' title="bbox 2022 1012 3595 1087">
     <span class='ocr_line' id='line_1_38' title="bbox 2022 1012 3595 1087; baseline 0.007 -17"><span class='ocrx_word' id='word_1_237' title='bbox 2022 1012 2296 1082; x_wconf 62' lang='lat' dir='ltr'><strong>Reman,</strong></span> <span class='ocrx_word' id='word_1_238' title='bbox 2340 1018 2456 1073; x_wconf 83' lang='lat' dir='ltr'><strong>Ebn</strong></span> <span class='ocrx_word' id='word_1_239' title='bbox 2497 1018 2831 1087; x_wconf 86' lang='lat' dir='ltr'><strong>ol&#39;llacemi,</strong></span> <span class='ocrx_word' id='word_1_240' title='bbox 2882 1021 2971 1075; x_wconf 89' lang='lat' dir='ltr'><strong>cui</strong></span> <span class='ocrx_word' id='word_1_241' title='bbox 3012 1030 3188 1077; x_wconf 89' lang='lat' dir='ltr'><strong>mater</strong></span> <span class='ocrx_word' id='word_1_242' title='bbox 3232 1026 3432 1079; x_wconf 85' lang='lat' dir='ltr'><strong>Atecah</strong></span> <span class='ocrx_word' id='word_1_243' title='bbox 3484 1027 3595 1081; x_wconf 86' lang='lat' dir='ltr'><strong>tilia</strong></span> 
     </span>
    </p>
   </div>
   <div class='ocr_carea' id='block_1_39' title="bbox 2022 1108 3592 1181">
    <p class='ocr_par' dir='ltr' id='par_1_39' title="bbox 2022 1108 3592 1181">
     <span class='ocr_line' id='line_1_39' title="bbox 2022 1108 3592 1181; baseline 0.004 -18"><span class='ocrx_word' id='word_1_244' title='bbox 2022 1108 2208 1165; x_wconf 79' lang='lat' dir='ltr'><strong>Yasidi</strong></span> <span class='ocrx_word' id='word_1_245' title='bbox 2250 1108 2367 1165; x_wconf 81' lang='lat' dir='ltr'><strong>Ebn</strong></span> <span class='ocrx_word' id='word_1_246' title='bbox 2412 1109 2689 1178; x_wconf 69' lang='lat' dir='ltr'><strong>Moawias;</strong></span> <span class='ocrx_word' id='word_1_247' title='bbox 2742 1120 2979 1181; x_wconf 85' lang='lat' dir='ltr'><strong>quatuor</strong></span> <span class='ocrx_word' id='word_1_248' title='bbox 3026 1128 3201 1177; x_wconf 83' lang='lat' dir='ltr'><strong>annos</strong></span> <span class='ocrx_word' id='word_1_249' title='bbox 3247 1124 3299 1169; x_wconf 92' lang='lat' dir='ltr'><strong>ct</strong></span> <span class='ocrx_word' id='word_1_250' title='bbox 3349 1132 3592 1171; x_wconf 83' lang='lat' dir='ltr'><strong>mensem</strong></span> 
     </span>
    </p>
   </div>
   <div class='ocr_carea' id='block_1_40' title="bbox 2022 1200 3596 1277">
    <p class='ocr_par' dir='ltr' id='par_1_40' title="bbox 2022 1200 3596 1277">
     <span class='ocr_line' id='line_1_40' title="bbox 2022 1200 3596 1277; baseline 0.003 -21"><span class='ocrx_word' id='word_1_251' title='bbox 2022 1200 2331 1271; x_wconf 76' lang='lat' dir='ltr'><strong>imperavit.</strong></span> <span class='ocrx_word' id='word_1_252' title='bbox 2392 1201 2606 1261; x_wconf 88' lang='lat' dir='ltr'><strong>Primus</strong></span> <span class='ocrx_word' id='word_1_253' title='bbox 2645 1205 2731 1259; x_wconf 90' lang='lat' dir='ltr'><strong>hic</strong></span> <span class='ocrx_word' id='word_1_254' title='bbox 2763 1203 3087 1261; x_wconf 62' lang='lat' dir='ltr'><strong>etialifarum</strong></span> <span class='ocrx_word' id='word_1_255' title='bbox 3136 1207 3369 1277; x_wconf 89' lang='lat' dir='ltr'><strong>puellam</strong></span> <span class='ocrx_word' id='word_1_256' title='bbox 3402 1218 3596 1263; x_wconf 85' lang='lat' dir='ltr'><strong>canta-</strong></span> 
     </span>
    </p>
   </div>
   <div class='ocr_carea' id='block_1_41' title="bbox 2022 1293 3595 1366">
    <p class='ocr_par' dir='ltr' id='par_1_41' title="bbox 2022 1293 3595 1366">
     <span class='ocr_line' id='line_1_41' title="bbox 2022 1293 3595 1366; baseline 0.003 -18"><span class='ocrx_word' id='word_1_257' title='bbox 2022 1293 2211 1349; x_wconf 89' lang='lat' dir='ltr'><strong>tricem</strong></span> <span class='ocrx_word' id='word_1_258' title='bbox 2244 1293 2347 1350; x_wconf 86' lang='lat' dir='ltr'><strong>sibi</strong></span> <span class='ocrx_word' id='word_1_259' title='bbox 2380 1295 2703 1365; x_wconf 84' lang='lat' dir='ltr'><strong>assumpsit.</strong></span> <span class='ocrx_word' id='word_1_260' title='bbox 2738 1294 2863 1351; x_wconf 85' lang='lat' dir='ltr'><strong>Fuit</strong></span> <span class='ocrx_word' id='word_1_261' title='bbox 2896 1297 2987 1351; x_wconf 85' lang='lat' dir='ltr'><strong>illa</strong></span> <span class='ocrx_word' id='word_1_262' title='bbox 3019 1298 3193 1366; x_wconf 87' lang='lat' dir='ltr'><strong>puella</strong></span> <span class='ocrx_word' id='word_1_263' title='bbox 3231 1302 3448 1354; x_wconf 81' lang='lat' dir='ltr'><strong>nomine</strong></span> <span class='ocrx_word' id='word_1_264' title='bbox 3485 1304 3595 1353; x_wconf 83' lang='lat' dir='ltr'><strong>lla-</strong></span> 
     </span>
    </p>
   </div>
   <div class='ocr_carea' id='block_1_42' title="bbox 2023 1386 3598 1463">
    <p class='ocr_par' dir='ltr' id='par_1_42' title="bbox 2023 1386 3598 1463">
     <span class='ocr_line' id='line_1_42' title="bbox 2023 1386 3598 1463; baseline 0.003 -21"><span class='ocrx_word' id='word_1_265' title='bbox 2023 1386 2202 1443; x_wconf 87' lang='lat' dir='ltr'><strong>babah</strong></span> <span class='ocrx_word' id='word_1_266' title='bbox 2231 1386 2529 1444; x_wconf 83' lang='lat' dir='ltr'><strong>admodum</strong></span> <span class='ocrx_word' id='word_1_267' title='bbox 2562 1391 2666 1460; x_wconf 89' lang='lat' dir='ltr'><strong>ipsi</strong></span> <span class='ocrx_word' id='word_1_268' title='bbox 2696 1389 2883 1457; x_wconf 87' lang='lat' dir='ltr'><strong>chara,</strong></span> <span class='ocrx_word' id='word_1_269' title='bbox 2914 1405 3035 1461; x_wconf 67' lang='lat' dir='ltr'><strong>qua</strong></span> <span class='ocrx_word' id='word_1_270' title='bbox 3068 1390 3353 1461; x_wconf 65' lang='lat' dir='ltr'><strong>prafectos</strong></span> <span class='ocrx_word' id='word_1_271' title='bbox 3385 1393 3598 1463; x_wconf 86' lang='lat' dir='ltr'><strong>injussu</strong></span> 
     </span>
    </p>
   </div>
   <div class='ocr_carea' id='block_1_43' title="bbox 2021 1477 3600 1553">
    <p class='ocr_par' dir='ltr' id='par_1_43' title="bbox 2021 1477 3600 1553">
     <span class='ocr_line' id='line_1_43' title="bbox 2021 1477 3600 1553; baseline 0.004 -18"><span class='ocrx_word' id='word_1_272' title='bbox 2021 1477 2199 1553; x_wconf 86' lang='lat' dir='ltr'><strong>ipsius</strong></span> <span class='ocrx_word' id='word_1_273' title='bbox 2236 1483 2639 1550; x_wconf 86' lang='lat' dir='ltr'><strong>constitueret,</strong></span> <span class='ocrx_word' id='word_1_274' title='bbox 2675 1492 2730 1539; x_wconf 90' lang='lat' dir='ltr'><strong>et</strong></span> <span class='ocrx_word' id='word_1_275' title='bbox 2763 1484 2885 1538; x_wconf 89' lang='lat' dir='ltr'><strong>loco</strong></span> <span class='ocrx_word' id='word_1_276' title='bbox 2924 1494 3189 1539; x_wconf 81' lang='lat' dir='ltr'><strong>moveret.</strong></span> <span class='ocrx_word' id='word_1_277' title='bbox 3234 1484 3381 1541; x_wconf 80' lang='lat' dir='ltr'><strong>Obiit</strong></span> <span class='ocrx_word' id='word_1_278' title='bbox 3413 1501 3600 1542; x_wconf 84' lang='lat' dir='ltr'><strong>mense</strong></span> 
     </span>
    </p>
   </div>
   <div class='ocr_carea' id='block_1_44' title="bbox 2012 1570 3596 1648">
    <p class='ocr_par' dir='ltr' id='par_1_44' title="bbox 2012 1570 3596 1648">
     <span class='ocr_line' id='line_1_44' title="bbox 2012 1570 3596 1648; baseline 0.001 -17"><span class='ocrx_word' id='word_1_279' title='bbox 2012 1570 2701 1631; x_wconf 86' lang='lat' dir='ltr'><strong>Scbabanannicentesimi</strong></span> <span class='ocrx_word' id='word_1_280' title='bbox 2747 1575 2961 1644; x_wconf 88' lang='lat' dir='ltr'><strong>quinti,</strong></span> <span class='ocrx_word' id='word_1_281' title='bbox 3002 1574 3170 1648; x_wconf 62' lang='lat'><strong>385</strong></span> <span class='ocrx_word' id='word_1_282' title='bbox 3213 1590 3388 1631; x_wconf 87' lang='lat' dir='ltr'><strong>annos</strong></span> <span class='ocrx_word' id='word_1_283' title='bbox 3434 1593 3596 1633; x_wconf 75' lang='lat' dir='ltr'><strong>natus</strong></span> 
     </span>
    </p>
   </div>
   <div class='ocr_carea' id='block_1_45' title="bbox 2023 1662 3597 1735">
    <p class='ocr_par' dir='ltr' id='par_1_45' title="bbox 2023 1662 3597 1735">
     <span class='ocr_line' id='line_1_45' title="bbox 2023 1662 3597 1735; baseline 0.001 -16"><span class='ocrx_word' id='word_1_284' title='bbox 2023 1663 2242 1735; x_wconf 80' lang='lat' dir='ltr'><strong>triginta</strong></span> <span class='ocrx_word' id='word_1_285' title='bbox 2274 1678 2483 1730; x_wconf 84' lang='lat' dir='ltr'><strong>unum;</strong></span> <span class='ocrx_word' id='word_1_286' title='bbox 2517 1666 2601 1719; x_wconf 87' lang='lat' dir='ltr'><strong>vel</strong></span> <span class='ocrx_word' id='word_1_287' title='bbox 2634 1662 2947 1721; x_wconf 84' lang='lat' dir='ltr'><strong>secundum</strong></span> <span class='ocrx_word' id='word_1_288' title='bbox 2981 1666 3127 1719; x_wconf 85' lang='lat' dir='ltr'><strong>aliud</strong></span> <span class='ocrx_word' id='word_1_289' title='bbox 3162 1666 3462 1735; x_wconf 85' lang='lat' dir='ltr'><strong>exemplar,</strong></span> <span class='ocrx_word' id='word_1_290' title='bbox 3497 1668 3597 1720; x_wconf 78' lang='lat' dir='ltr'><strong>tri-</strong></span> 
     </span>
    </p>
   </div>
   <div class='ocr_carea' id='block_1_46' title="bbox 1949 1744 3596 1828">
    <p class='ocr_par' dir='ltr' id='par_1_46' title="bbox 1949 1744 3596 1828">
     <span class='ocr_line' id='line_1_46' title="bbox 1949 1744 3596 1828; baseline 0.004 -23"><span class='ocrx_word' id='word_1_291' title='bbox 1949 1744 1997 1804; x_wconf 85' lang='lat' dir='ltr'><strong>B</strong></span> <span class='ocrx_word' id='word_1_292' title='bbox 2025 1755 2174 1825; x_wconf 88' lang='lat' dir='ltr'><strong>ginta</strong></span> <span class='ocrx_word' id='word_1_293' title='bbox 2221 1765 2469 1824; x_wconf 78' lang='lat' dir='ltr'><strong>septem;</strong></span> <span class='ocrx_word' id='word_1_294' title='bbox 2526 1756 2778 1828; x_wconf 89' lang='lat' dir='ltr'><strong>sepultus</strong></span> <span class='ocrx_word' id='word_1_295' title='bbox 2823 1766 2910 1812; x_wconf 89' lang='lat' dir='ltr'><strong>est</strong></span> <span class='ocrx_word' id='word_1_296' title='bbox 2961 1755 3235 1811; x_wconf 85' lang='lat' dir='ltr'><strong>Damasci.</strong></span> <span class='ocrx_word' id='word_1_297' title='bbox 3290 1757 3596 1812; x_wconf 84' lang='lat' dir='ltr'><strong>Satellitum</strong></span> 
     </span>
    </p>
   </div>
   <div class='ocr_carea' id='block_1_47' title="bbox 2019 1844 3599 1916">
    <p class='ocr_par' dir='ltr' id='par_1_47' title="bbox 2019 1844 3599 1916">
     <span class='ocr_line' id='line_1_47' title="bbox 2019 1844 3599 1916; baseline 0.004 -17"><span class='ocrx_word' id='word_1_298' title='bbox 2019 1844 2124 1915; x_wconf 83' lang='lat' dir='ltr'><strong>ipsi</strong></span> <span class='ocrx_word' id='word_1_299' title='bbox 2170 1844 2460 1916; x_wconf 77' lang='lat' dir='ltr'><strong>przeiectus</strong></span> <span class='ocrx_word' id='word_1_300' title='bbox 2508 1846 2606 1903; x_wconf 74' lang='lat' dir='ltr'><strong>fuit</strong></span> <span class='ocrx_word' id='word_1_301' title='bbox 2646 1847 2796 1904; x_wconf 88' lang='lat' dir='ltr'><strong>Caab</strong></span> <span class='ocrx_word' id='word_1_302' title='bbox 2827 1845 2945 1903; x_wconf 84' lang='lat' dir='ltr'><strong>Ebn</strong></span> <span class='ocrx_word' id='word_1_303' title='bbox 2988 1846 3224 1912; x_wconf 81' lang='lat' dir='ltr'><strong>Chaled,</strong></span> <span class='ocrx_word' id='word_1_304' title='bbox 3272 1848 3599 1905; x_wconf 76' lang='lat' dir='ltr'><strong>Abasensis.</strong></span> 
     </span>
    </p>
   </div>
   <div class='ocr_carea' id='block_1_48' title="bbox 2018 1934 2951 2010">
    <p class='ocr_par' dir='ltr' id='par_1_48' title="bbox 2018 1934 2951 2010">
     <span class='ocr_line' id='line_1_48' title="bbox 2018 1934 2951 2010; baseline 0.003 -19"><span class='ocrx_word' id='word_1_305' title='bbox 2018 1934 2233 1992; x_wconf 67' lang='lat' dir='ltr'><strong>Ianitor</strong></span> <span class='ocrx_word' id='word_1_306' title='bbox 2258 1937 2460 1993; x_wconf 81' lang='lat' dir='ltr'><strong>Chaled</strong></span> <span class='ocrx_word' id='word_1_307' title='bbox 2491 1938 2728 1996; x_wconf 88' lang='lat' dir='ltr'><strong>libertus</strong></span> <span class='ocrx_word' id='word_1_308' title='bbox 2753 1940 2951 2010; x_wconf 86' lang='lat' dir='ltr'><strong>ipsius.</strong></span> 
     </span>
    </p>
   </div>
   <div class='ocr_carea' id='block_1_49' title="bbox 2216 2026 3397 2099">
    <p class='ocr_par' dir='ltr' id='par_1_49' title="bbox 2216 2026 3397 2099">
     <span class='ocr_line' id='line_1_49' title="bbox 2216 2026 3397 2099; baseline 0.003 -14"><span class='ocrx_word' id='word_1_309' title='bbox 2216 2026 2523 2099; x_wconf 77' lang='lat' dir='ltr'><strong>Chalifatus</strong></span> <span class='ocrx_word' id='word_1_310' title='bbox 2556 2030 2811 2087; x_wconf 75' lang='lat' dir='ltr'><strong>Hes/rami</strong></span> <span class='ocrx_word' id='word_1_311' title='bbox 2842 2031 2960 2086; x_wconf 81' lang='lat' dir='ltr'><strong>Ebn</strong></span> <span class='ocrx_word' id='word_1_312' title='bbox 2992 2032 3155 2087; x_wconf 75' lang='lat' dir='ltr'><strong>Abdil</strong></span> <span class='ocrx_word' id='word_1_313' title='bbox 3187 2032 3397 2088; x_wconf 73' lang='lat' dir='ltr'><strong>Malui.</strong></span> 
     </span>
    </p>
   </div>
   <div class='ocr_carea' id='block_1_50' title="bbox 2092 2120 3596 2191">
    <p class='ocr_par' dir='ltr' id='par_1_50' title="bbox 2092 2120 3596 2191">
     <span class='ocr_line' id='line_1_50' title="bbox 2092 2120 3596 2191; baseline 0.002 -16"><span class='ocrx_word' id='word_1_314' title='bbox 2092 2120 2463 2191; x_wconf 85' lang='lat' dir='ltr'><strong>lnauguratus</strong></span> <span class='ocrx_word' id='word_1_315' title='bbox 2501 2132 2588 2178; x_wconf 89' lang='lat' dir='ltr'><strong>est</strong></span> <span class='ocrx_word' id='word_1_316' title='bbox 2627 2120 2860 2178; x_wconf 84' lang='lat' dir='ltr'><strong>Hesbsm</strong></span> <span class='ocrx_word' id='word_1_317' title='bbox 2897 2124 3014 2179; x_wconf 80' lang='lat' dir='ltr'><strong>Ebu</strong></span> <span class='ocrx_word' id='word_1_318' title='bbox 3045 2124 3205 2181; x_wconf 87' lang='lat' dir='ltr'><strong>Abdil</strong></span> <span class='ocrx_word' id='word_1_319' title='bbox 3246 2125 3447 2190; x_wconf 76' lang='lat' dir='ltr'><strong>Malec,</strong></span> <span class='ocrx_word' id='word_1_320' title='bbox 3479 2125 3596 2180; x_wconf 83' lang='lat' dir='ltr'><strong>Ebn</strong></span> 
     </span>
    </p>
   </div>
   <div class='ocr_carea' id='block_1_51' title="bbox 2019 2210 3598 2281">
    <p class='ocr_par' dir='ltr' id='par_1_51' title="bbox 2019 2210 3598 2281">
     <span class='ocr_line' id='line_1_51' title="bbox 2019 2210 3598 2281; baseline 0.002 -14"><span class='ocrx_word' id='word_1_321' title='bbox 2019 2210 2281 2278; x_wconf 76' lang='lat' dir='ltr'><strong>Merwan,</strong></span> <span class='ocrx_word' id='word_1_322' title='bbox 2304 2211 2501 2269; x_wconf 86' lang='lat' dir='ltr'><strong>Ebnol&#39;</strong></span> <span class='ocrx_word' id='word_1_323' title='bbox 2520 2211 2762 2280; x_wconf 84' lang='lat' dir='ltr'><strong>Hacemi,</strong></span> <span class='ocrx_word' id='word_1_324' title='bbox 2790 2215 2877 2271; x_wconf 92' lang='lat' dir='ltr'><strong>cui</strong></span> <span class='ocrx_word' id='word_1_325' title='bbox 2907 2224 3081 2271; x_wconf 86' lang='lat' dir='ltr'><strong>mater</strong></span> <span class='ocrx_word' id='word_1_326' title='bbox 3097 2215 3291 2273; x_wconf 88' lang='lat' dir='ltr'><strong>Ommo</strong></span> <span class='ocrx_word' id='word_1_327' title='bbox 3320 2215 3598 2281; x_wconf 83' lang='lat' dir='ltr'><strong>Hashemi,</strong></span> 
     </span>
    </p>
   </div>
   <div class='ocr_carea' id='block_1_52' title="bbox 2030 2304 3598 2372">
    <p class='ocr_par' dir='ltr' id='par_1_52' title="bbox 2030 2304 3598 2372">
     <span class='ocr_line' id='line_1_52' title="bbox 2030 2304 3598 2372; baseline 0.003 -12"><span class='ocrx_word' id='word_1_328' title='bbox 2030 2305 2140 2360; x_wconf 84' lang='lat' dir='ltr'><strong>lilia</strong></span> <span class='ocrx_word' id='word_1_329' title='bbox 2179 2304 2470 2369; x_wconf 81' lang='lat' dir='ltr'><strong>Hashemi,</strong></span> <span class='ocrx_word' id='word_1_330' title='bbox 2517 2305 2635 2362; x_wconf 84' lang='lat' dir='ltr'><strong>Ebn</strong></span> <span class='ocrx_word' id='word_1_331' title='bbox 2666 2306 2896 2372; x_wconf 83' lang='lat' dir='ltr'><strong>lsrnael,</strong></span> <span class='ocrx_word' id='word_1_332' title='bbox 2936 2307 3053 2363; x_wconf 85' lang='lat' dir='ltr'><strong>Ebn</strong></span> <span class='ocrx_word' id='word_1_333' title='bbox 3087 2311 3381 2372; x_wconf 83' lang='lat' dir='ltr'><strong>Hashemi,</strong></span> <span class='ocrx_word' id='word_1_334' title='bbox 3426 2310 3598 2365; x_wconf 83' lang='lat' dir='ltr'><strong>Ebnol</strong></span> 
     </span>
    </p>
   </div>
   <div class='ocr_carea' id='block_1_53' title="bbox 2038 2398 3599 2471">
    <p class='ocr_par' dir='ltr' id='par_1_53' title="bbox 2038 2398 3599 2471">
     <span class='ocr_line' id='line_1_53' title="bbox 2038 2398 3599 2471; baseline 0.002 -17"><span class='ocrx_word' id='word_1_335' title='bbox 2038 2399 2249 2455; x_wconf 83' lang='lat' dir='ltr'><strong>Waledi</strong></span> <span class='ocrx_word' id='word_1_336' title='bbox 2272 2438 2288 2465; x_wconf 85' lang='lat'><strong>,</strong></span> <span class='ocrx_word' id='word_1_337' title='bbox 2325 2398 2494 2455; x_wconf 84' lang='lat' dir='ltr'><strong>Ebnol</strong></span> <span class='ocrx_word' id='word_1_338' title='bbox 2528 2398 2777 2471; x_wconf 77' lang='lat' dir='ltr'><strong>Magaira:</strong></span> <span class='ocrx_word' id='word_1_339' title='bbox 2798 2439 2814 2463; x_wconf 89' lang='lat'><strong>.</strong></span> <span class='ocrx_word' id='word_1_340' title='bbox 2848 2401 3306 2459; x_wconf 75' lang='lat' dir='ltr'><strong>Machzumcnsis.</strong></span> <span class='ocrx_word' id='word_1_341' title='bbox 3339 2404 3462 2457; x_wconf 87' lang='lat' dir='ltr'><strong>Fuit</strong></span> <span class='ocrx_word' id='word_1_342' title='bbox 3494 2405 3599 2457; x_wconf 59' lang='lat' dir='ltr'><strong>ima</strong></span> 
     </span>
    </p>
   </div>
   <div class='ocr_carea' id='block_1_54' title="bbox 2031 2491 3598 2567">
    <p class='ocr_par' dir='ltr' id='par_1_54' title="bbox 2031 2491 3598 2567">
     <span class='ocr_line' id='line_1_54' title="bbox 2031 2491 3598 2567; baseline 0.005 -23"><span class='ocrx_word' id='word_1_343' title='bbox 2031 2492 2243 2561; x_wconf 88' lang='lat' dir='ltr'><strong>perium</strong></span> <span class='ocrx_word' id='word_1_344' title='bbox 2293 2491 2467 2560; x_wconf 86' lang='lat' dir='ltr'><strong>ipsius</strong></span> <span class='ocrx_word' id='word_1_345' title='bbox 2521 2508 2794 2547; x_wconf 87' lang='lat' dir='ltr'><strong>annorum</strong></span> <span class='ocrx_word' id='word_1_346' title='bbox 2849 2496 3225 2550; x_wconf 82' lang='lat' dir='ltr'><strong>novemdecim</strong></span> <span class='ocrx_word' id='word_1_347' title='bbox 3282 2506 3336 2551; x_wconf 90' lang='lat' dir='ltr'><strong>et</strong></span> <span class='ocrx_word' id='word_1_348' title='bbox 3392 2506 3598 2567; x_wconf 72' lang='lat' dir='ltr'><strong>septem</strong></span> 
     </span>
    </p>
   </div>
   <div class='ocr_carea' id='block_1_55' title="bbox 2023 2581 3598 2658">
    <p class='ocr_par' dir='ltr' id='par_1_55' title="bbox 2023 2581 3598 2658">
     <span class='ocr_line' id='line_1_55' title="bbox 2023 2581 3598 2658; baseline 0.001 -17"><span class='ocrx_word' id='word_1_349' title='bbox 2023 2583 2319 2641; x_wconf 84' lang='lat' dir='ltr'><strong>mensium.</strong></span> <span class='ocrx_word' id='word_1_350' title='bbox 2380 2581 2517 2656; x_wconf 83' lang='lat' dir='ltr'><strong>Ejus</strong></span> <span class='ocrx_word' id='word_1_351' title='bbox 2571 2594 2811 2653; x_wconf 88' lang='lat' dir='ltr'><strong>tempore</strong></span> <span class='ocrx_word' id='word_1_352' title='bbox 2869 2583 3238 2642; x_wconf 79' lang='lat' dir='ltr'><strong>Romanorum</strong></span> <span class='ocrx_word' id='word_1_353' title='bbox 3296 2589 3598 2658; x_wconf 87' lang='lat' dir='ltr'><strong>imperator</strong></span> 
     </span>
    </p>
   </div>
   <div class='ocr_carea' id='block_1_56' title="bbox 2024 2671 3592 2746">
    <p class='ocr_par' dir='ltr' id='par_1_56' title="bbox 2024 2671 3592 2746">
     <span class='ocr_line' id='line_1_56' title="bbox 2024 2671 3592 2746; baseline 0.002 -19"><span class='ocrx_word' id='word_1_354' title='bbox 2024 2671 2131 2728; x_wconf 79' lang='lat' dir='ltr'><strong>fuit</strong></span> <span class='ocrx_word' id='word_1_355' title='bbox 2160 2672 2527 2737; x_wconf 88' lang='lat' dir='ltr'><strong>Theodosius,</strong></span> <span class='ocrx_word' id='word_1_356' title='bbox 2557 2676 2652 2746; x_wconf 88' lang='lat' dir='ltr'><strong>qui</strong></span> <span class='ocrx_word' id='word_1_357' title='bbox 2681 2690 2808 2730; x_wconf 89' lang='lat' dir='ltr'><strong>cum</strong></span> <span class='ocrx_word' id='word_1_358' title='bbox 2841 2690 3045 2730; x_wconf 86' lang='lat' dir='ltr'><strong>annum</strong></span> <span class='ocrx_word' id='word_1_359' title='bbox 3081 2687 3135 2733; x_wconf 92' lang='lat' dir='ltr'><strong>et</strong></span> <span class='ocrx_word' id='word_1_360' title='bbox 3169 2678 3455 2734; x_wconf 87' lang='lat' dir='ltr'><strong>dimidium</strong></span> <span class='ocrx_word' id='word_1_361' title='bbox 3493 2679 3592 2731; x_wconf 59' lang='lat' dir='ltr'><strong>im.</strong></span> 
     </span>
    </p>
   </div>
   <div class='ocr_carea' id='block_1_57' title="bbox 2024 2766 3598 2842">
    <p class='ocr_par' dir='ltr' id='par_1_57' title="bbox 2024 2766 3598 2842">
     <span class='ocr_line' id='line_1_57' title="bbox 2024 2766 3598 2842; baseline 0.003 -21"><span class='ocrx_word' id='word_1_362' title='bbox 2024 2776 2295 2836; x_wconf 86' lang='lat' dir='ltr'><strong>perasset,</strong></span> <span class='ocrx_word' id='word_1_363' title='bbox 2326 2777 2578 2822; x_wconf 86' lang='lat' dir='ltr'><strong>mortuus</strong></span> <span class='ocrx_word' id='word_1_364' title='bbox 2617 2776 2734 2833; x_wconf 88' lang='lat' dir='ltr'><strong>est;</strong></span> <span class='ocrx_word' id='word_1_365' title='bbox 2780 2766 3083 2838; x_wconf 87' lang='lat' dir='ltr'><strong>imperante</strong></span> <span class='ocrx_word' id='word_1_366' title='bbox 3124 2782 3246 2842; x_wconf 86' lang='lat' dir='ltr'><strong>post</strong></span> <span class='ocrx_word' id='word_1_367' title='bbox 3273 2771 3448 2841; x_wconf 86' lang='lat' dir='ltr'><strong>ipsum</strong></span> <span class='ocrx_word' id='word_1_368' title='bbox 3492 2770 3598 2826; x_wconf 73' lang='lat' dir='ltr'><strong>llo-</strong></span> 
     </span>
    </p>
   </div>
   <div class='ocr_carea' id='block_1_58' title="bbox 2024 2860 3591 2934">
    <p class='ocr_par' dir='ltr' id='par_1_58' title="bbox 2024 2860 3591 2934">
     <span class='ocr_line' id='line_1_58' title="bbox 2024 2860 3591 2934; baseline -0.001 -19"><span class='ocrx_word' id='word_1_369' title='bbox 2024 2862 2204 2915; x_wconf 85' lang='lat' dir='ltr'><strong>manis</strong></span> <span class='ocrx_word' id='word_1_370' title='bbox 2230 2860 2409 2915; x_wconf 85' lang='lat' dir='ltr'><strong>Leone</strong></span> <span class='ocrx_word' id='word_1_371' title='bbox 2436 2874 2609 2915; x_wconf 90' lang='lat' dir='ltr'><strong>annos</strong></span> <span class='ocrx_word' id='word_1_372' title='bbox 2642 2861 2829 2931; x_wconf 89' lang='lat' dir='ltr'><strong>viginti</strong></span> <span class='ocrx_word' id='word_1_373' title='bbox 2857 2872 3112 2931; x_wconf 91' lang='lat' dir='ltr'><strong>quatuor,</strong></span> <span class='ocrx_word' id='word_1_374' title='bbox 3135 2873 3258 2934; x_wconf 90' lang='lat' dir='ltr'><strong>post</strong></span> <span class='ocrx_word' id='word_1_375' title='bbox 3283 2880 3421 2931; x_wconf 89' lang='lat' dir='ltr'><strong>quos</strong></span> <span class='ocrx_word' id='word_1_376' title='bbox 3451 2879 3591 2917; x_wconf 82' lang='lat' dir='ltr'><strong>tuor-</strong></span> 
     </span>
    </p>
   </div>
   <div class='ocr_carea' id='block_1_59' title="bbox 350 2953 3598 3057">
    <p class='ocr_par' dir='ltr' id='par_1_59' title="bbox 350 2953 3598 3057">
     <span class='ocr_line' id='line_1_59' title="bbox 350 2953 3598 3057; baseline -0.003 -41"><span class='ocrx_word' id='word_1_377' title='bbox 350 2960 474 3017; x_wconf 82' lang='lat' dir='ltr'><strong>tuiis</strong></span> <span class='ocrx_word' id='word_1_378' title='bbox 504 2977 665 3034; x_wconf 83' lang='lat' dir='ltr'><strong>grave</strong></span> <span class='ocrx_word' id='word_1_379' title='bbox 695 2962 870 3017; x_wconf 87' lang='lat' dir='ltr'><strong>visum</strong></span> <span class='ocrx_word' id='word_1_380' title='bbox 902 2970 1008 3027; x_wconf 89' lang='lat' dir='ltr'><strong>est,</strong></span> <span class='ocrx_word' id='word_1_381' title='bbox 1033 2962 1405 3033; x_wconf 77' lang='lat' dir='ltr'><strong>dixeruntque</strong></span> <span class='ocrx_word' id='word_1_382' title='bbox 1454 2980 1469 3018; x_wconf 87' lang='lat'><strong>:</strong></span> <span class='ocrx_word' id='word_1_383' title='bbox 1508 2962 1790 3018; x_wconf 73' lang='lat' dir='ltr'><strong>&#39;l‘raditun</strong></span> <span class='ocrx_word' id='word_1_384' title='bbox 1826 2974 1911 3019; x_wconf 83' lang='lat' dir='ltr'><strong>est</strong></span> <span class='ocrx_word' id='word_1_385' title='bbox 1943 2998 1987 3057; x_wconf 65' lang='grc' dir='ltr'>ο</span> <span class='ocrx_word' id='word_1_386' title='bbox 2022 2960 2150 3009; x_wconf 88' lang='lat' dir='ltr'><strong>tuus</strong></span> <span class='ocrx_word' id='word_1_387' title='bbox 2188 2963 2295 3009; x_wconf 89' lang='lat' dir='ltr'><strong>est.</strong></span> <span class='ocrx_word' id='word_1_388' title='bbox 2329 2953 2489 3008; x_wconf 84' lang='lat' dir='ltr'><strong>Anno</strong></span> <span class='ocrx_word' id='word_1_389' title='bbox 2519 2953 2680 3008; x_wconf 85' lang='lat' dir='ltr'><strong>tertio</strong></span> <span class='ocrx_word' id='word_1_390' title='bbox 2710 2955 3004 3010; x_wconf 80' lang='lat' dir='ltr'><strong>chalifatus</strong></span> <span class='ocrx_word' id='word_1_391' title='bbox 3036 2954 3293 3011; x_wconf 87' lang='lat' dir='ltr'><strong>Hcshami</strong></span> <span class='ocrx_word' id='word_1_392' title='bbox 3324 2958 3598 3010; x_wconf 84' lang='lat' dir='ltr'><strong>constitu-</strong></span> 
     </span>
    </p>
   </div>
   <div class='ocr_carea' id='block_1_60' title="bbox 353 3053 1923 3125">
    <p class='ocr_par' dir='ltr' id='par_1_60' title="bbox 353 3053 1923 3125">
     <span class='ocr_line' id='line_1_60' title="bbox 353 3053 1923 3125; baseline 0.001 -17"><span class='ocrx_word' id='word_1_393' title='bbox 353 3053 459 3109; x_wconf 87' lang='lat' dir='ltr'><strong>illis</strong></span> <span class='ocrx_word' id='word_1_394' title='bbox 488 3053 750 3125; x_wconf 83' lang='lat' dir='ltr'><strong>templum</strong></span> <span class='ocrx_word' id='word_1_395' title='bbox 786 3063 1054 3117; x_wconf 88' lang='lat' dir='ltr'><strong>nostrum,</strong></span> <span class='ocrx_word' id='word_1_396' title='bbox 1094 3054 1146 3108; x_wconf 93' lang='lat' dir='ltr'><strong>in</strong></span> <span class='ocrx_word' id='word_1_397' title='bbox 1177 3069 1287 3123; x_wconf 90' lang='lat' dir='ltr'><strong>quo</strong></span> <span class='ocrx_word' id='word_1_398' title='bbox 1323 3056 1388 3110; x_wconf 89' lang='lat' dir='ltr'><strong>ad</strong></span> <span class='ocrx_word' id='word_1_399' title='bbox 1426 3070 1613 3124; x_wconf 81' lang='lat' dir='ltr'><strong>preces</strong></span> <span class='ocrx_word' id='word_1_400' title='bbox 1650 3071 1923 3111; x_wconf 83' lang='lat' dir='ltr'><strong>convoca-</strong></span> 
     </span>
    </p>
   </div>
   <div class='ocr_carea' id='block_1_61' title="bbox 349 3146 1919 3216">
    <p class='ocr_par' dir='ltr' id='par_1_61' title="bbox 349 3146 1919 3216">
     <span class='ocr_line' id='line_1_61' title="bbox 349 3146 1919 3216; baseline 0.002 -18"><span class='ocrx_word' id='word_1_401' title='bbox 349 3146 548 3212; x_wconf 85' lang='lat' dir='ltr'><strong>vimus,</strong></span> <span class='ocrx_word' id='word_1_402' title='bbox 575 3152 738 3216; x_wconf 89' lang='lat' dir='ltr'><strong>atque</strong></span> <span class='ocrx_word' id='word_1_403' title='bbox 773 3147 1051 3201; x_wconf 86' lang='lat' dir='ltr'><strong>oravimus</strong></span> <span class='ocrx_word' id='word_1_404' title='bbox 1082 3187 1097 3211; x_wconf 92' lang='lat'><strong>,</strong></span> <span class='ocrx_word' id='word_1_405' title='bbox 1132 3162 1429 3216; x_wconf 77' lang='lat' dir='ltr'><strong>precesque</strong></span> <span class='ocrx_word' id='word_1_406' title='bbox 1472 3146 1578 3201; x_wconf 73' lang='grc' dir='ltr'><strong>Ι)ρο</strong></span> <span class='ocrx_word' id='word_1_407' title='bbox 1624 3150 1724 3203; x_wconf 78' lang='lat' dir='ltr'><strong>rite</strong></span> <span class='ocrx_word' id='word_1_408' title='bbox 1772 3148 1919 3202; x_wconf 77' lang='lat' dir='ltr'><strong>fudi-</strong></span> 
     </span>
    </p>
   </div>
   <div class='ocr_carea' id='block_1_62' title="bbox 350 3238 1920 3309">
    <p class='ocr_par' dir='ltr' id='par_1_62' title="bbox 350 3238 1920 3309">
     <span class='ocr_line' id='line_1_62' title="bbox 350 3238 1920 3309; baseline 0.005 -20"><span class='ocrx_word' id='word_1_409' title='bbox 350 3250 497 3301; x_wconf 80' lang='lat' dir='ltr'><strong>nius,</strong></span> <span class='ocrx_word' id='word_1_410' title='bbox 535 3245 594 3292; x_wconf 88' lang='lat' dir='ltr'><strong>ut</strong></span> <span class='ocrx_word' id='word_1_411' title='bbox 622 3238 892 3303; x_wconf 68' lang='lat' dir='ltr'><strong>dir-natur,</strong></span> <span class='ocrx_word' id='word_1_412' title='bbox 929 3250 1376 3309; x_wconf 86' lang='lat' dir='ltr'><strong>restaureturque</strong></span> <span class='ocrx_word' id='word_1_413' title='bbox 1429 3242 1681 3297; x_wconf 80' lang='lat' dir='ltr'><strong>ecclesia.</strong></span> <span class='ocrx_word' id='word_1_414' title='bbox 1748 3242 1920 3308; x_wconf 85' lang='lat' dir='ltr'><strong>Quin-</strong></span> 
     </span>
    </p>
   </div>
   <div class='ocr_carea' id='block_1_63' title="bbox 244 3328 1926 3391">
    <p class='ocr_par' dir='ltr' id='par_1_63' title="bbox 244 3328 1926 3391">
     <span class='ocr_line' id='line_1_63' title="bbox 244 3328 1926 3391; baseline 0.005 -8"><span class='ocrx_word' id='word_1_415' title='bbox 244 3354 249 3360; x_wconf 60' lang='grc'><em>’</em></span> <span class='ocrx_word' id='word_1_416' title='bbox 346 3331 514 3384; x_wconf 70' lang='lat' dir='ltr'><strong>etiam</strong></span> <span class='ocrx_word' id='word_1_417' title='bbox 541 3328 680 3384; x_wconf 90' lang='lat' dir='ltr'><strong>dixit</strong></span> <span class='ocrx_word' id='word_1_418' title='bbox 704 3331 821 3385; x_wconf 89' lang='lat' dir='ltr'><strong>Abu</strong></span> <span class='ocrx_word' id='word_1_419' title='bbox 849 3331 1005 3386; x_wconf 81' lang='lat' dir='ltr'><strong>Edris</strong></span> <span class='ocrx_word' id='word_1_420' title='bbox 1030 3329 1420 3388; x_wconf 73' lang='lat' dir='ltr'><strong>Ilolvvauensis:</strong></span> <span class='ocrx_word' id='word_1_421' title='bbox 1445 3332 1582 3388; x_wconf 86' lang='lat' dir='ltr'><strong>Cum</strong></span> <span class='ocrx_word' id='word_1_422' title='bbox 1605 3334 1926 3391; x_wconf 81' lang='lat' dir='ltr'><strong>Christianis</strong></span> 
     </span>
    </p>
   </div>
   <div class='ocr_carea' id='block_1_64' title="bbox 348 3420 1926 3494">
    <p class='ocr_par' dir='ltr' id='par_1_64' title="bbox 348 3420 1926 3494">
     <span class='ocr_line' id='line_1_64' title="bbox 348 3420 1926 3494; baseline 0.006 -21"><span class='ocrx_word' id='word_1_423' title='bbox 348 3420 597 3489; x_wconf 83' lang='lat' dir='ltr'><strong>equidem</strong></span> <span class='ocrx_word' id='word_1_424' title='bbox 636 3422 817 3478; x_wconf 70' lang='lat' dir='ltr'><strong>lmdus</strong></span> <span class='ocrx_word' id='word_1_425' title='bbox 848 3423 1039 3477; x_wconf 87' lang='lat' dir='ltr'><strong>ittitum</strong></span> <span class='ocrx_word' id='word_1_426' title='bbox 1070 3435 1155 3479; x_wconf 90' lang='lat' dir='ltr'><strong>est</strong></span> <span class='ocrx_word' id='word_1_427' title='bbox 1182 3426 1322 3494; x_wconf 89' lang='lat' dir='ltr'><strong>quod</strong></span> <span class='ocrx_word' id='word_1_428' title='bbox 1356 3426 1422 3479; x_wconf 88' lang='lat' dir='ltr'><strong>ad</strong></span> <span class='ocrx_word' id='word_1_429' title='bbox 1454 3426 1742 3480; x_wconf 90' lang='lat' dir='ltr'><strong>dimidium</strong></span> <span class='ocrx_word' id='word_1_430' title='bbox 1778 3427 1926 3483; x_wconf 83' lang='lat' dir='ltr'><strong>urbis</strong></span> 
     </span>
    </p>
   </div>
   <div class='ocr_carea' id='block_1_65' title="bbox 350 3510 1920 3586">
    <p class='ocr_par' dir='ltr' id='par_1_65' title="bbox 350 3510 1920 3586">
     <span class='ocr_line' id='line_1_65' title="bbox 350 3510 1920 3586; baseline 0.006 -22"><span class='ocrx_word' id='word_1_431' title='bbox 350 3510 716 3577; x_wconf 67' lang='lat' dir='ltr'><strong>Damasceuae,</strong></span> <span class='ocrx_word' id='word_1_432' title='bbox 745 3524 819 3579; x_wconf 89' lang='lat' dir='ltr'><strong>et,</strong></span> <span class='ocrx_word' id='word_1_433' title='bbox 848 3531 971 3584; x_wconf 69' lang='lat' dir='ltr'><strong>qua:</strong></span> <span class='ocrx_word' id='word_1_434' title='bbox 1004 3516 1058 3570; x_wconf 91' lang='lat' dir='ltr'><strong>in</strong></span> <span class='ocrx_word' id='word_1_435' title='bbox 1109 3517 1227 3586; x_wconf 88' lang='lat' dir='ltr'><strong>ipso</strong></span> <span class='ocrx_word' id='word_1_436' title='bbox 1278 3525 1407 3572; x_wconf 89' lang='lat' dir='ltr'><strong>sunt</strong></span> <span class='ocrx_word' id='word_1_437' title='bbox 1453 3516 1580 3583; x_wconf 89' lang='lat' dir='ltr'><strong>illis,</strong></span> <span class='ocrx_word' id='word_1_438' title='bbox 1614 3517 1874 3573; x_wconf 76' lang='lat' dir='ltr'><strong>ecclesias</strong></span> <span class='ocrx_word' id='word_1_439' title='bbox 1906 3534 1920 3572; x_wconf 93' lang='lat'><strong>:</strong></span> 
     </span>
    </p>
   </div>
   <div class='ocr_carea' id='block_1_66' title="bbox 356 3603 1923 3677">
    <p class='ocr_par' dir='ltr' id='par_1_66' title="bbox 356 3603 1923 3677">
     <span class='ocr_line' id='line_1_66' title="bbox 356 3603 1923 3677; baseline 0.001 -19"><span class='ocrx_word' id='word_1_440' title='bbox 356 3603 501 3674; x_wconf 87' lang='lat' dir='ltr'><strong>quod</strong></span> <span class='ocrx_word' id='word_1_441' title='bbox 529 3604 596 3658; x_wconf 91' lang='lat' dir='ltr'><strong>ad</strong></span> <span class='ocrx_word' id='word_1_442' title='bbox 627 3605 851 3659; x_wconf 85' lang='lat' dir='ltr'><strong>alteram</strong></span> <span class='ocrx_word' id='word_1_443' title='bbox 877 3622 1009 3661; x_wconf 83' lang='lat' dir='ltr'><strong>vero</strong></span> <span class='ocrx_word' id='word_1_444' title='bbox 1038 3608 1159 3677; x_wconf 88' lang='lat' dir='ltr'><strong>ejus</strong></span> <span class='ocrx_word' id='word_1_445' title='bbox 1182 3617 1414 3677; x_wconf 84' lang='lat' dir='ltr'><strong>partem,</strong></span> <span class='ocrx_word' id='word_1_446' title='bbox 1436 3606 1613 3676; x_wconf 81' lang='lat' dir='ltr'><strong>gladio</strong></span> <span class='ocrx_word' id='word_1_447' title='bbox 1639 3617 1794 3677; x_wconf 87' lang='lat' dir='ltr'><strong>capta</strong></span> <span class='ocrx_word' id='word_1_448' title='bbox 1818 3617 1923 3675; x_wconf 87' lang='lat' dir='ltr'><strong>est;</strong></span> 
     </span>
    </p>
   </div>
   <div class='ocr_carea' id='block_1_67' title="bbox 348 3693 1919 3766">
    <p class='ocr_par' dir='ltr' id='par_1_67' title="bbox 348 3693 1919 3766">
     <span class='ocr_line' id='line_1_67' title="bbox 348 3693 1919 3766; baseline 0.004 -18"><span class='ocrx_word' id='word_1_449' title='bbox 348 3693 645 3765; x_wconf 86' lang='lat' dir='ltr'><strong>eodemque</strong></span> <span class='ocrx_word' id='word_1_450' title='bbox 677 3696 837 3750; x_wconf 90' lang='lat' dir='ltr'><strong>modo</strong></span> <span class='ocrx_word' id='word_1_451' title='bbox 871 3698 1013 3766; x_wconf 88' lang='lat' dir='ltr'><strong>quod</strong></span> <span class='ocrx_word' id='word_1_452' title='bbox 1046 3697 1190 3753; x_wconf 87' lang='lat' dir='ltr'><strong>circa</strong></span> <span class='ocrx_word' id='word_1_453' title='bbox 1231 3696 1553 3751; x_wconf 77' lang='lat' dir='ltr'><strong>Damascum</strong></span> <span class='ocrx_word' id='word_1_454' title='bbox 1601 3706 1682 3753; x_wconf 87' lang='lat' dir='ltr'><strong>est</strong></span> <span class='ocrx_word' id='word_1_455' title='bbox 1716 3715 1743 3751; x_wconf 88' lang='lat' dir='ltr'><strong>e</strong></span> <span class='ocrx_word' id='word_1_456' title='bbox 1776 3698 1919 3754; x_wconf 81' lang='lat' dir='ltr'><strong>valle</strong></span> 
     </span>
    </p>
   </div>
   <div class='ocr_carea' id='block_1_68' title="bbox 350 3783 1924 3857">
    <p class='ocr_par' dir='ltr' id='par_1_68' title="bbox 350 3783 1924 3857">
     <span class='ocr_line' id='line_1_68' title="bbox 350 3783 1924 3857; baseline 0.002 -16"><span class='ocrx_word' id='word_1_457' title='bbox 350 3783 589 3851; x_wconf 78' lang='lat' dir='ltr'><strong>Coutah,</strong></span> <span class='ocrx_word' id='word_1_458' title='bbox 622 3801 852 3857; x_wconf 56' lang='lat' dir='ltr'><strong>quaeque</strong></span> <span class='ocrx_word' id='word_1_459' title='bbox 880 3788 933 3841; x_wconf 91' lang='lat' dir='ltr'><strong>in</strong></span> <span class='ocrx_word' id='word_1_460' title='bbox 965 3804 1027 3842; x_wconf 85' lang='lat' dir='ltr'><strong>ea</strong></span> <span class='ocrx_word' id='word_1_461' title='bbox 1055 3797 1183 3845; x_wconf 90' lang='lat' dir='ltr'><strong>sunt</strong></span> <span class='ocrx_word' id='word_1_462' title='bbox 1214 3790 1539 3843; x_wconf 69' lang='lat' dir='ltr'><strong>monasteria</strong></span> <span class='ocrx_word' id='word_1_463' title='bbox 1560 3798 1614 3845; x_wconf 91' lang='lat' dir='ltr'><strong>et</strong></span> <span class='ocrx_word' id='word_1_464' title='bbox 1644 3790 1924 3857; x_wconf 64' lang='lat' dir='ltr'><strong>ecclesias;</strong></span> 
     </span>
    </p>
   </div>
   <div class='ocr_carea' id='block_1_69' title="bbox 349 3879 1925 3951">
    <p class='ocr_par' dir='ltr' id='par_1_69' title="bbox 349 3879 1925 3951">
     <span class='ocr_line' id='line_1_69' title="bbox 349 3879 1925 3951; baseline 0.004 -20"><span class='ocrx_word' id='word_1_465' title='bbox 349 3892 470 3947; x_wconf 67' lang='lat' dir='ltr'><strong>qua:</strong></span> <span class='ocrx_word' id='word_1_466' title='bbox 498 3894 629 3950; x_wconf 85' lang='lat' dir='ltr'><strong>ergo</strong></span> <span class='ocrx_word' id='word_1_467' title='bbox 671 3881 852 3934; x_wconf 88' lang='lat' dir='ltr'><strong>omnia</strong></span> <span class='ocrx_word' id='word_1_468' title='bbox 909 3879 1325 3935; x_wconf 70' lang='lat' dir='ltr'><strong>Moseminorum</strong></span> <span class='ocrx_word' id='word_1_469' title='bbox 1372 3890 1519 3942; x_wconf 88' lang='lat' dir='ltr'><strong>sunt.</strong></span> <span class='ocrx_word' id='word_1_470' title='bbox 1571 3898 1694 3935; x_wconf 90' lang='lat' dir='ltr'><strong>cum</strong></span> <span class='ocrx_word' id='word_1_471' title='bbox 1746 3882 1925 3951; x_wconf 76' lang='lat' dir='ltr'><strong>gladio</strong></span> 
     </span>
    </p>
   </div>
   <div class='ocr_carea' id='block_1_70' title="bbox 352 3970 1916 4043">
    <p class='ocr_par' dir='ltr' id='par_1_70' title="bbox 352 3970 1916 4043">
     <span class='ocr_line' id='line_1_70' title="bbox 352 3970 1916 4043; baseline 0.001 -17"><span class='ocrx_word' id='word_1_472' title='bbox 352 3978 515 4040; x_wconf 82' lang='lat' dir='ltr'><strong>capta</strong></span> <span class='ocrx_word' id='word_1_473' title='bbox 546 3970 655 4025; x_wconf 88' lang='lat' dir='ltr'><strong>sint</strong></span> <span class='ocrx_word' id='word_1_474' title='bbox 687 3986 701 4024; x_wconf 90' lang='lat'><strong>:</strong></span> <span class='ocrx_word' id='word_1_475' title='bbox 732 3972 776 4026; x_wconf 90' lang='lat' dir='ltr'><strong>si</strong></span> <span class='ocrx_word' id='word_1_476' title='bbox 811 3984 942 4041; x_wconf 86' lang='lat' dir='ltr'><strong>ergo</strong></span> <span class='ocrx_word' id='word_1_477' title='bbox 969 3971 1140 4027; x_wconf 86' lang='lat' dir='ltr'><strong>velint</strong></span> <span class='ocrx_word' id='word_1_478' title='bbox 1170 3971 1465 4027; x_wconf 83' lang='lat' dir='ltr'><strong>Christiani</strong></span> <span class='ocrx_word' id='word_1_479' title='bbox 1497 3981 1554 4026; x_wconf 92' lang='lat' dir='ltr'><strong>ut</strong></span> <span class='ocrx_word' id='word_1_480' title='bbox 1583 3972 1716 4043; x_wconf 89' lang='lat' dir='ltr'><strong>ipsis</strong></span> <span class='ocrx_word' id='word_1_481' title='bbox 1746 3976 1916 4029; x_wconf 85' lang='lat' dir='ltr'><strong>eccle-</strong></span> 
     </span>
    </p>
   </div>
   <div class='ocr_carea' id='block_1_71' title="bbox 348 4059 1919 4131">
    <p class='ocr_par' dir='ltr' id='par_1_71' title="bbox 348 4059 1919 4131">
     <span class='ocr_line' id='line_1_71' title="bbox 348 4059 1919 4131; baseline 0.004 -17"><span class='ocrx_word' id='word_1_482' title='bbox 348 4060 486 4114; x_wconf 87' lang='lat' dir='ltr'><strong>siam</strong></span> <span class='ocrx_word' id='word_1_483' title='bbox 538 4059 682 4117; x_wconf 87' lang='lat' dir='ltr'><strong>hanc</strong></span> <span class='ocrx_word' id='word_1_484' title='bbox 741 4076 897 4117; x_wconf 87' lang='lat' dir='ltr'><strong>suam</strong></span> <span class='ocrx_word' id='word_1_485' title='bbox 950 4062 1260 4125; x_wconf 88' lang='lat' dir='ltr'><strong>reddamus,</strong></span> <span class='ocrx_word' id='word_1_486' title='bbox 1309 4064 1598 4120; x_wconf 85' lang='lat' dir='ltr'><strong>reddemus</strong></span> <span class='ocrx_word' id='word_1_487' title='bbox 1646 4066 1814 4131; x_wconf 88' lang='lat' dir='ltr'><strong>ipsam</strong></span> <span class='ocrx_word' id='word_1_488' title='bbox 1853 4080 1919 4120; x_wconf 83' lang='lat' dir='ltr'><strong>ea</strong></span> 
     </span>
    </p>
   </div>
   <div class='ocr_carea' id='block_1_72' title="bbox 351 4150 1922 4223">
    <p class='ocr_par' dir='ltr' id='par_1_72' title="bbox 351 4150 1922 4223">
     <span class='ocr_line' id='line_1_72' title="bbox 351 4150 1922 4223; baseline 0.003 -18"><span class='ocrx_word' id='word_1_489' title='bbox 351 4150 672 4208; x_wconf 87' lang='lat' dir='ltr'><strong>conditione</strong></span> <span class='ocrx_word' id='word_1_490' title='bbox 708 4162 764 4206; x_wconf 93' lang='lat' dir='ltr'><strong>ut</strong></span> <span class='ocrx_word' id='word_1_491' title='bbox 804 4150 1071 4208; x_wconf 86' lang='lat' dir='ltr'><strong>ecclesias</strong></span> <span class='ocrx_word' id='word_1_492' title='bbox 1113 4155 1355 4223; x_wconf 87' lang='lat' dir='ltr'><strong>reliquas</strong></span> <span class='ocrx_word' id='word_1_493' title='bbox 1392 4154 1445 4208; x_wconf 92' lang='lat' dir='ltr'><strong>in</strong></span> <span class='ocrx_word' id='word_1_494' title='bbox 1497 4155 1725 4209; x_wconf 88' lang='lat' dir='ltr'><strong>dimidia</strong></span> <span class='ocrx_word' id='word_1_495' title='bbox 1769 4155 1922 4211; x_wconf 83' lang='lat' dir='ltr'><strong>urbis</strong></span> 
     </span>
    </p>
   </div>
   <div class='ocr_carea' id='block_1_73' title="bbox 352 4241 1921 4312">
    <p class='ocr_par' dir='ltr' id='par_1_73' title="bbox 352 4241 1921 4312">
     <span class='ocr_line' id='line_1_73' title="bbox 352 4241 1921 4312; baseline 0.003 -18"><span class='ocrx_word' id='word_1_496' title='bbox 352 4241 701 4299; x_wconf 71' lang='lat' dir='ltr'><strong>Damascenre</strong></span> <span class='ocrx_word' id='word_1_497' title='bbox 732 4253 908 4312; x_wconf 83' lang='lat' dir='ltr'><strong>parte,</strong></span> <span class='ocrx_word' id='word_1_498' title='bbox 943 4257 1039 4297; x_wconf 88' lang='lat' dir='ltr'><strong>nec</strong></span> <span class='ocrx_word' id='word_1_499' title='bbox 1071 4259 1178 4298; x_wconf 89' lang='lat' dir='ltr'><strong>non</strong></span> <span class='ocrx_word' id='word_1_500' title='bbox 1204 4245 1466 4299; x_wconf 86' lang='lat' dir='ltr'><strong>ecclesias</strong></span> <span class='ocrx_word' id='word_1_501' title='bbox 1496 4254 1550 4299; x_wconf 89' lang='lat' dir='ltr'><strong>et</strong></span> <span class='ocrx_word' id='word_1_502' title='bbox 1596 4246 1921 4300; x_wconf 85' lang='lat' dir='ltr'><strong>monasteria</strong></span> 
     </span>
    </p>
   </div>
   <div class='ocr_carea' id='block_1_74' title="bbox 2029 3047 3591 3118">
    <p class='ocr_par' dir='ltr' id='par_1_74' title="bbox 2029 3047 3591 3118">
     <span class='ocr_line' id='line_1_74' title="bbox 2029 3047 3591 3118; baseline -0.002 -14"><span class='ocrx_word' id='word_1_503' title='bbox 2029 3058 2119 3104; x_wconf 89' lang='lat' dir='ltr'><strong>tus</strong></span> <span class='ocrx_word' id='word_1_504' title='bbox 2149 3058 2233 3103; x_wconf 86' lang='lat' dir='ltr'><strong>est</strong></span> <span class='ocrx_word' id='word_1_505' title='bbox 2260 3047 2655 3103; x_wconf 87' lang='lat' dir='ltr'><strong>Constantinus</strong></span> <span class='ocrx_word' id='word_1_506' title='bbox 2686 3048 2991 3118; x_wconf 84' lang='lat' dir='ltr'><strong>patriarcha</strong></span> <span class='ocrx_word' id='word_1_507' title='bbox 3023 3048 3591 3118; x_wconf 82' lang='lat' dir='ltr'><strong>Constantinopolita-</strong></span> 
     </span>
    </p>
   </div>
   <div class='ocr_carea' id='block_1_75' title="bbox 2028 3140 3600 3213">
    <p class='ocr_par' dir='ltr' id='par_1_75' title="bbox 2028 3140 3600 3213">
     <span class='ocr_line' id='line_1_75' title="bbox 2028 3140 3600 3213; baseline 0.001 -16"><span class='ocrx_word' id='word_1_508' title='bbox 2028 3157 2163 3206; x_wconf 88' lang='lat' dir='ltr'><strong>nus.</strong></span> <span class='ocrx_word' id='word_1_509' title='bbox 2206 3141 2298 3212; x_wconf 88' lang='lat' dir='ltr'><strong>qui</strong></span> <span class='ocrx_word' id='word_1_510' title='bbox 2344 3156 2521 3196; x_wconf 88' lang='lat' dir='ltr'><strong>annos</strong></span> <span class='ocrx_word' id='word_1_511' title='bbox 2553 3140 2744 3213; x_wconf 87' lang='lat' dir='ltr'><strong>viginti</strong></span> <span class='ocrx_word' id='word_1_512' title='bbox 2795 3150 2922 3196; x_wconf 90' lang='lat' dir='ltr'><strong>octo</strong></span> <span class='ocrx_word' id='word_1_513' title='bbox 2962 3144 3134 3205; x_wconf 86' lang='lat' dir='ltr'><strong>sedit.</strong></span> <span class='ocrx_word' id='word_1_514' title='bbox 3178 3143 3304 3198; x_wconf 90' lang='lat' dir='ltr'><strong>dein</strong></span> <span class='ocrx_word' id='word_1_515' title='bbox 3351 3152 3600 3199; x_wconf 89' lang='lat' dir='ltr'><strong>mortuus</strong></span> 
     </span>
    </p>
   </div>
   <div class='ocr_carea' id='block_1_76' title="bbox 2027 3233 3594 3305">
    <p class='ocr_par' dir='ltr' id='par_1_76' title="bbox 2027 3233 3594 3305">
     <span class='ocr_line' id='line_1_76' title="bbox 2027 3233 3594 3305; baseline 0 -14"><span class='ocrx_word' id='word_1_516' title='bbox 2027 3244 2134 3291; x_wconf 87' lang='lat' dir='ltr'><strong>est.</strong></span> <span class='ocrx_word' id='word_1_517' title='bbox 2167 3236 2327 3289; x_wconf 85' lang='lat' dir='ltr'><strong>Auno</strong></span> <span class='ocrx_word' id='word_1_518' title='bbox 2354 3233 2651 3289; x_wconf 83' lang='lat' dir='ltr'><strong>ehalil&#39;atus</strong></span> <span class='ocrx_word' id='word_1_519' title='bbox 2685 3234 2931 3304; x_wconf 87' lang='lat' dir='ltr'><strong>ejusdem</strong></span> <span class='ocrx_word' id='word_1_520' title='bbox 2965 3236 3224 3305; x_wconf 88' lang='lat' dir='ltr'><strong>septimo,</strong></span> <span class='ocrx_word' id='word_1_521' title='bbox 3259 3236 3594 3291; x_wconf 86' lang='lat' dir='ltr'><strong>constitutus</strong></span> 
     </span>
    </p>
   </div>
   <div class='ocr_carea' id='block_1_77' title="bbox 2026 3324 3598 3396">
    <p class='ocr_par' dir='ltr' id='par_1_77' title="bbox 2026 3324 3598 3396">
     <span class='ocr_line' id='line_1_77' title="bbox 2026 3324 3598 3396; baseline 0.001 -14"><span class='ocrx_word' id='word_1_522' title='bbox 2026 3338 2111 3382; x_wconf 85' lang='lat' dir='ltr'><strong>est</strong></span> <span class='ocrx_word' id='word_1_523' title='bbox 2159 3324 2364 3381; x_wconf 77' lang='lat' dir='ltr'><strong>Kozma</strong></span> <span class='ocrx_word' id='word_1_524' title='bbox 2420 3325 2731 3395; x_wconf 83' lang='lat' dir='ltr'><strong>patriarcha</strong></span> <span class='ocrx_word' id='word_1_525' title='bbox 2783 3325 3226 3392; x_wconf 84' lang='lat' dir='ltr'><strong>Alexandrinus,</strong></span> <span class='ocrx_word' id='word_1_526' title='bbox 3274 3327 3370 3396; x_wconf 88' lang='lat' dir='ltr'><strong>qui</strong></span> <span class='ocrx_word' id='word_1_527' title='bbox 3422 3341 3598 3383; x_wconf 90' lang='lat' dir='ltr'><strong>annos</strong></span> 
     </span>
    </p>
   </div>
   <div class='ocr_carea' id='block_1_78' title="bbox 2028 3416 3599 3488">
    <p class='ocr_par' dir='ltr' id='par_1_78' title="bbox 2028 3416 3599 3488">
     <span class='ocr_line' id='line_1_78' title="bbox 2028 3416 3599 3488; baseline 0.001 -15"><span class='ocrx_word' id='word_1_528' title='bbox 2028 3420 2221 3488; x_wconf 81' lang='lat' dir='ltr'><strong>viginti</strong></span> <span class='ocrx_word' id='word_1_529' title='bbox 2263 3427 2389 3472; x_wconf 90' lang='lat' dir='ltr'><strong>octo</strong></span> <span class='ocrx_word' id='word_1_530' title='bbox 2423 3418 2586 3472; x_wconf 82' lang='lat' dir='ltr'><strong>sedit.</strong></span> <span class='ocrx_word' id='word_1_531' title='bbox 2621 3416 2861 3473; x_wconf 87' lang='lat' dir='ltr'><strong>Orahant</strong></span> <span class='ocrx_word' id='word_1_532' title='bbox 2904 3429 3087 3472; x_wconf 90' lang='lat' dir='ltr'><strong>autem</strong></span> <span class='ocrx_word' id='word_1_533' title='bbox 3129 3419 3432 3473; x_wconf 84' lang='lat' dir='ltr'><strong>Christiani</strong></span> <span class='ocrx_word' id='word_1_534' title='bbox 3464 3419 3599 3474; x_wconf 77' lang='lat' dir='ltr'><strong>Mel-</strong></span> 
     </span>
    </p>
   </div>
   <div class='ocr_carea' id='block_1_79' title="bbox 2028 3508 3600 3576">
    <p class='ocr_par' dir='ltr' id='par_1_79' title="bbox 2028 3508 3600 3576">
     <span class='ocr_line' id='line_1_79' title="bbox 2028 3508 3600 3576; baseline 0.001 -12"><span class='ocrx_word' id='word_1_535' title='bbox 2028 3510 2187 3564; x_wconf 66' lang='lat' dir='ltr'><strong>ehitaa</strong></span> <span class='ocrx_word' id='word_1_536' title='bbox 2240 3509 2582 3564; x_wconf 70' lang='lat' dir='ltr'><strong>Alexandria:</strong></span> <span class='ocrx_word' id='word_1_537' title='bbox 2627 3510 2681 3563; x_wconf 92' lang='lat' dir='ltr'><strong>in</strong></span> <span class='ocrx_word' id='word_1_538' title='bbox 2730 3511 2961 3565; x_wconf 82' lang='lat' dir='ltr'><strong>ecclesia</strong></span> <span class='ocrx_word' id='word_1_539' title='bbox 3010 3510 3199 3565; x_wconf 90' lang='lat' dir='ltr'><strong>Sancti</strong></span> <span class='ocrx_word' id='word_1_540' title='bbox 3240 3508 3429 3576; x_wconf 67' lang='lat' dir='ltr'><strong>Sabae,</strong></span> <span class='ocrx_word' id='word_1_541' title='bbox 3471 3526 3600 3566; x_wconf 89' lang='lat' dir='ltr'><strong>cum</strong></span> 
     </span>
    </p>
   </div>
   <div class='ocr_carea' id='block_1_80' title="bbox 2025 3600 3596 3670">
    <p class='ocr_par' dir='ltr' id='par_1_80' title="bbox 2025 3600 3596 3670">
     <span class='ocr_line' id='line_1_80' title="bbox 2025 3600 3596 3670; baseline 0.001 -14"><span class='ocrx_word' id='word_1_542' title='bbox 2025 3600 2289 3656; x_wconf 67' lang='lat' dir='ltr'><strong>Jacobitaa</strong></span> <span class='ocrx_word' id='word_1_543' title='bbox 2314 3601 2425 3670; x_wconf 87' lang='lat' dir='ltr'><strong>jam</strong></span> <span class='ocrx_word' id='word_1_544' title='bbox 2457 3616 2648 3656; x_wconf 90' lang='lat' dir='ltr'><strong>omnes</strong></span> <span class='ocrx_word' id='word_1_545' title='bbox 2677 3600 2943 3656; x_wconf 89' lang='lat' dir='ltr'><strong>ecclesias</strong></span> <span class='ocrx_word' id='word_1_546' title='bbox 2970 3610 3328 3670; x_wconf 88' lang='lat' dir='ltr'><strong>occupassent</strong></span> <span class='ocrx_word' id='word_1_547' title='bbox 3354 3618 3368 3655; x_wconf 91' lang='lat'><strong>:</strong></span> <span class='ocrx_word' id='word_1_548' title='bbox 3397 3600 3596 3657; x_wconf 83' lang='lat' dir='ltr'><strong>Kozma</strong></span> 
     </span>
    </p>
   </div>
   <div class='ocr_carea' id='block_1_81' title="bbox 2028 3693 3595 3763">
    <p class='ocr_par' dir='ltr' id='par_1_81' title="bbox 2028 3693 3595 3763">
     <span class='ocr_line' id='line_1_81' title="bbox 2028 3693 3595 3763; baseline -0.001 -16"><span class='ocrx_word' id='word_1_549' title='bbox 2028 3705 2208 3748; x_wconf 85' lang='lat' dir='ltr'><strong>autem</strong></span> <span class='ocrx_word' id='word_1_550' title='bbox 2244 3693 2335 3763; x_wconf 87' lang='lat' dir='ltr'><strong>qui</strong></span> <span class='ocrx_word' id='word_1_551' title='bbox 2370 3693 2681 3763; x_wconf 84' lang='lat' dir='ltr'><strong>patriarcha</strong></span> <span class='ocrx_word' id='word_1_552' title='bbox 2720 3694 3058 3748; x_wconf 88' lang='lat' dir='ltr'><strong>constitutus</strong></span> <span class='ocrx_word' id='word_1_553' title='bbox 3119 3703 3224 3758; x_wconf 88' lang='lat' dir='ltr'><strong>est,</strong></span> <span class='ocrx_word' id='word_1_554' title='bbox 3278 3695 3441 3748; x_wconf 87' lang='lat' dir='ltr'><strong>idiota</strong></span> <span class='ocrx_word' id='word_1_555' title='bbox 3476 3695 3595 3759; x_wconf 84' lang='lat' dir='ltr'><strong>iuit,</strong></span> 
     </span>
    </p>
   </div>
   <div class='ocr_carea' id='block_1_82' title="bbox 2026 3786 3595 3857">
    <p class='ocr_par' dir='ltr' id='par_1_82' title="bbox 2026 3786 3595 3857">
     <span class='ocr_line' id='line_1_82' title="bbox 2026 3786 3595 3857; baseline 0.003 -16"><span class='ocrx_word' id='word_1_556' title='bbox 2026 3788 2116 3857; x_wconf 91' lang='lat' dir='ltr'><strong>qui</strong></span> <span class='ocrx_word' id='word_1_557' title='bbox 2175 3801 2275 3842; x_wconf 90' lang='lat' dir='ltr'><strong>nec</strong></span> <span class='ocrx_word' id='word_1_558' title='bbox 2333 3786 2507 3857; x_wconf 85' lang='lat' dir='ltr'><strong>legere</strong></span> <span class='ocrx_word' id='word_1_559' title='bbox 2558 3795 2743 3855; x_wconf 85' lang='lat' dir='ltr'><strong>posset</strong></span> <span class='ocrx_word' id='word_1_560' title='bbox 2792 3801 2892 3841; x_wconf 88' lang='lat' dir='ltr'><strong>nec</strong></span> <span class='ocrx_word' id='word_1_561' title='bbox 2937 3786 3177 3842; x_wconf 86' lang='lat' dir='ltr'><strong>scribere</strong></span> <span class='ocrx_word' id='word_1_562' title='bbox 3233 3803 3355 3842; x_wconf 92' lang='lat' dir='ltr'><strong>cum</strong></span> <span class='ocrx_word' id='word_1_563' title='bbox 3392 3804 3482 3845; x_wconf 88' lang='lat' dir='ltr'><strong>ars</strong></span> <span class='ocrx_word' id='word_1_564' title='bbox 3519 3790 3595 3845; x_wconf 88' lang='lat' dir='ltr'><strong>illl</strong></span> 
     </span>
    </p>
   </div>
   <div class='ocr_carea' id='block_1_83' title="bbox 2025 3875 3595 3934">
    <p class='ocr_par' dir='ltr' id='par_1_83' title="bbox 2025 3875 3595 3934">
     <span class='ocr_line' id='line_1_83' title="bbox 2025 3875 3595 3934; baseline 0.001 -3"><span class='ocrx_word' id='word_1_565' title='bbox 2025 3886 2173 3934; x_wconf 88' lang='lat' dir='ltr'><strong>esset</strong></span> <span class='ocrx_word' id='word_1_566' title='bbox 2223 3892 2354 3932; x_wconf 89' lang='lat' dir='ltr'><strong>acus</strong></span> <span class='ocrx_word' id='word_1_567' title='bbox 2410 3877 2704 3932; x_wconf 80' lang='lat' dir='ltr'><strong>coniicere.</strong></span> <span class='ocrx_word' id='word_1_568' title='bbox 2767 3875 2907 3931; x_wconf 84' lang='lat' dir='ltr'><strong>lluic</strong></span> <span class='ocrx_word' id='word_1_569' title='bbox 2963 3893 3085 3931; x_wconf 85' lang='lat' dir='ltr'><strong>cum</strong></span> <span class='ocrx_word' id='word_1_570' title='bbox 3152 3877 3472 3933; x_wconf 82' lang='lat' dir='ltr'><strong>Damascum</strong></span> <span class='ocrx_word' id='word_1_571' title='bbox 3530 3879 3595 3933; x_wconf 87' lang='lat' dir='ltr'><strong>ad</strong></span> 
     </span>
    </p>
   </div>
   <div class='ocr_carea' id='block_1_84' title="bbox 2026 3968 3595 4041">
    <p class='ocr_par' dir='ltr' id='par_1_84' title="bbox 2026 3968 3595 4041">
     <span class='ocr_line' id='line_1_84' title="bbox 2026 3968 3595 4041; baseline 0.003 -17"><span class='ocrx_word' id='word_1_572' title='bbox 2026 3968 2353 4025; x_wconf 83' lang='lat' dir='ltr'><strong>Heshamum</strong></span> <span class='ocrx_word' id='word_1_573' title='bbox 2383 3969 2545 4041; x_wconf 77' lang='lat'><strong>385</strong></span> <span class='ocrx_word' id='word_1_574' title='bbox 2590 3968 2752 4040; x_wconf 76' lang='lat'><strong>387</strong></span> <span class='ocrx_word' id='word_1_575' title='bbox 2780 3968 2894 4023; x_wconf 84' lang='lat' dir='ltr'><strong>Ehn</strong></span> <span class='ocrx_word' id='word_1_576' title='bbox 2927 3970 3084 4024; x_wconf 81' lang='lat' dir='ltr'><strong>Abdil</strong></span> <span class='ocrx_word' id='word_1_577' title='bbox 3119 3969 3288 4026; x_wconf 79' lang='lat' dir='ltr'><strong>Maleo</strong></span> <span class='ocrx_word' id='word_1_578' title='bbox 3320 3971 3595 4041; x_wconf 70' lang='lat' dir='ltr'><strong>proiectura</strong></span> 
     </span>
    </p>
   </div>
   <div class='ocr_carea' id='block_1_85' title="bbox 2025 4062 3596 4133">
    <p class='ocr_par' dir='ltr' id='par_1_85' title="bbox 2025 4062 3596 4133">
     <span class='ocr_line' id='line_1_85' title="bbox 2025 4062 3596 4133; baseline -0.003 -15"><span class='ocrx_word' id='word_1_579' title='bbox 2025 4070 2207 4127; x_wconf 89' lang='lat' dir='ltr'><strong>esset,</strong></span> <span class='ocrx_word' id='word_1_580' title='bbox 2239 4077 2517 4117; x_wconf 76' lang='lat' dir='ltr'><strong>concessae</strong></span> <span class='ocrx_word' id='word_1_581' title='bbox 2546 4073 2673 4116; x_wconf 91' lang='lat' dir='ltr'><strong>sunt</strong></span> <span class='ocrx_word' id='word_1_582' title='bbox 2705 4078 2808 4131; x_wconf 87' lang='lat' dir='ltr'><strong>ope</strong></span> <span class='ocrx_word' id='word_1_583' title='bbox 2837 4062 3176 4118; x_wconf 90' lang='lat' dir='ltr'><strong>eruditorum</strong></span> <span class='ocrx_word' id='word_1_584' title='bbox 3213 4065 3596 4133; x_wconf 85' lang='lat' dir='ltr'><strong>quorumdam,</strong></span> 
     </span>
    </p>
   </div>
   <div class='ocr_carea' id='block_1_86' title="bbox 2025 4154 3596 4226">
    <p class='ocr_par' dir='ltr' id='par_1_86' title="bbox 2025 4154 3596 4226">
     <span class='ocr_line' id='line_1_86' title="bbox 2025 4154 3596 4226; baseline 0.001 -17"><span class='ocrx_word' id='word_1_585' title='bbox 2025 4155 2269 4212; x_wconf 70' lang='lat' dir='ltr'><strong>ecclesia:</strong></span> <span class='ocrx_word' id='word_1_586' title='bbox 2300 4169 2441 4226; x_wconf 88' lang='lat' dir='ltr'><strong>quas</strong></span> <span class='ocrx_word' id='word_1_587' title='bbox 2473 4162 2877 4224; x_wconf 85' lang='lat' dir='ltr'><strong>oecupaverant</strong></span> <span class='ocrx_word' id='word_1_588' title='bbox 2918 4154 3221 4210; x_wconf 73' lang='lat' dir='ltr'><strong>Jacobitze:</strong></span> <span class='ocrx_word' id='word_1_589' title='bbox 3268 4156 3596 4226; x_wconf 87' lang='lat' dir='ltr'><strong>scripsitque</strong></span> 
     </span>
    </p>
   </div>
   <div class='ocr_carea' id='block_1_87' title="bbox 2027 4244 3596 4319">
    <p class='ocr_par' dir='ltr' id='par_1_87' title="bbox 2027 4244 3596 4319">
     <span class='ocr_line' id='line_1_87' title="bbox 2027 4244 3596 4319; baseline 0.001 -18"><span class='ocrx_word' id='word_1_590' title='bbox 2027 4245 2336 4303; x_wconf 81' lang='lat' dir='ltr'><strong>llesbamus</strong></span> <span class='ocrx_word' id='word_1_591' title='bbox 2386 4245 2450 4300; x_wconf 89' lang='lat' dir='ltr'><strong>ad</strong></span> <span class='ocrx_word' id='word_1_592' title='bbox 2501 4246 2814 4316; x_wconf 65' lang='lat' dir='ltr'><strong>przlectum</strong></span> <span class='ocrx_word' id='word_1_593' title='bbox 2865 4244 3087 4319; x_wconf 53' lang='grc' dir='ltr'><strong>Εὖγε)ῐῆ</strong></span> <span class='ocrx_word' id='word_1_594' title='bbox 3120 4262 3318 4311; x_wconf 87' lang='lat' dir='ltr'><strong>suum,</strong></span> <span class='ocrx_word' id='word_1_595' title='bbox 3370 4250 3463 4315; x_wconf 87' lang='lat' dir='ltr'><strong>qui</strong></span> <span class='ocrx_word' id='word_1_596' title='bbox 3499 4247 3596 4303; x_wconf 75' lang='lat' dir='ltr'><strong>fuit</strong></span> 
     </span>
    </p>
   </div>
   <div class='ocr_carea' id='block_1_88' title="bbox 347 4334 3596 4407">
    <p class='ocr_par' dir='ltr' id='par_1_88' title="bbox 347 4334 3596 4407">
     <span class='ocr_line' id='line_1_88' title="bbox 347 4334 3596 4407; baseline 0.001 -17"><span class='ocrx_word' id='word_1_597' title='bbox 347 4350 470 4404; x_wconf 63' lang='lat' dir='ltr'><strong>qua</strong></span> <span class='ocrx_word' id='word_1_598' title='bbox 500 4347 649 4391; x_wconf 86' lang='lat' dir='ltr'><strong>extra</strong></span> <span class='ocrx_word' id='word_1_599' title='bbox 684 4335 869 4389; x_wconf 87' lang='lat' dir='ltr'><strong>urbem</strong></span> <span class='ocrx_word' id='word_1_600' title='bbox 902 4336 956 4388; x_wconf 91' lang='lat' dir='ltr'><strong>in</strong></span> <span class='ocrx_word' id='word_1_601' title='bbox 990 4334 1200 4389; x_wconf 84' lang='lat' dir='ltr'><strong>Coutah</strong></span> <span class='ocrx_word' id='word_1_602' title='bbox 1234 4344 1379 4401; x_wconf 89' lang='lat' dir='ltr'><strong>sunt,</strong></span> <span class='ocrx_word' id='word_1_603' title='bbox 1409 4336 1689 4390; x_wconf 82' lang='lat' dir='ltr'><strong>diruatnus</strong></span> <span class='ocrx_word' id='word_1_604' title='bbox 1722 4352 1735 4388; x_wconf 89' lang='lat'><strong>:</strong></span> <span class='ocrx_word' id='word_1_605' title='bbox 1770 4337 1914 4404; x_wconf 90' lang='lat' dir='ltr'><strong>quod</strong></span> <span class='ocrx_word' id='word_1_606' title='bbox 1953 4339 1997 4398; x_wconf 87' lang='lat' dir='ltr'><strong>D</strong></span> <span class='ocrx_word' id='word_1_607' title='bbox 2024 4339 2289 4395; x_wconf 88' lang='lat' dir='ltr'><strong>Abdollah</strong></span> <span class='ocrx_word' id='word_1_608' title='bbox 2320 4338 2491 4394; x_wconf 87' lang='lat' dir='ltr'><strong>Ebnol</strong></span> <span class='ocrx_word' id='word_1_609' title='bbox 2529 4338 2688 4407; x_wconf 84' lang='lat' dir='ltr'><strong>itjani</strong></span> <span class='ocrx_word' id='word_1_610' title='bbox 2721 4335 3055 4402; x_wconf 76' lang='lat' dir='ltr'><strong>Saewensis,</strong></span> <span class='ocrx_word' id='word_1_611' title='bbox 3090 4348 3149 4394; x_wconf 91' lang='lat' dir='ltr'><strong>ut</strong></span> <span class='ocrx_word' id='word_1_612' title='bbox 3182 4340 3447 4395; x_wconf 84' lang='lat' dir='ltr'><strong>ecclesias</strong></span> <span class='ocrx_word' id='word_1_613' title='bbox 3475 4356 3596 4407; x_wconf 72' lang='lat' dir='ltr'><strong>qius</strong></span> 
     </span>
    </p>
   </div>
   <div class='ocr_carea' id='block_1_89' title="bbox 348 4426 1915 4497">
    <p class='ocr_par' dir='ltr' id='par_1_89' title="bbox 348 4426 1915 4497">
     <span class='ocr_line' id='line_1_89' title="bbox 348 4426 1915 4497; baseline 0 -16"><span class='ocrx_word' id='word_1_614' title='bbox 348 4426 393 4481; x_wconf 79' lang='lat' dir='ltr'><strong>si</strong></span> <span class='ocrx_word' id='word_1_615' title='bbox 442 4427 578 4480; x_wconf 88' lang='lat' dir='ltr'><strong>hanc</strong></span> <span class='ocrx_word' id='word_1_616' title='bbox 612 4426 769 4480; x_wconf 84' lang='lat' dir='ltr'><strong>nobis</strong></span> <span class='ocrx_word' id='word_1_617' title='bbox 804 4426 1089 4481; x_wconf 81' lang='lat' dir='ltr'><strong>ecclesiam</strong></span> <span class='ocrx_word' id='word_1_618' title='bbox 1133 4428 1514 4497; x_wconf 82' lang='lat' dir='ltr'><strong>permiserint.</strong></span> <span class='ocrx_word' id='word_1_619' title='bbox 1578 4428 1679 4481; x_wconf 87' lang='lat' dir='ltr'><strong>ista</strong></span> <span class='ocrx_word' id='word_1_620' title='bbox 1735 4428 1915 4481; x_wconf 84' lang='lat' dir='ltr'><strong>Omnia</strong></span> 
     </span>
    </p>
   </div>
   <div class='ocr_carea' id='block_1_90' title="bbox 350 4518 1916 4586">
    <p class='ocr_par' dir='ltr' id='par_1_90' title="bbox 350 4518 1916 4586">
     <span class='ocr_line' id='line_1_90' title="bbox 350 4518 1916 4586; baseline 0.001 -15"><span class='ocrx_word' id='word_1_621' title='bbox 350 4518 457 4572; x_wconf 86' lang='lat' dir='ltr'><strong>illis</strong></span> <span class='ocrx_word' id='word_1_622' title='bbox 479 4518 865 4582; x_wconf 80' lang='lat' dir='ltr'><strong>concedemus,</strong></span> <span class='ocrx_word' id='word_1_623' title='bbox 884 4518 1149 4586; x_wconf 87' lang='lat' dir='ltr'><strong>siquidem</strong></span> <span class='ocrx_word' id='word_1_624' title='bbox 1178 4519 1437 4573; x_wconf 83' lang='lat' dir='ltr'><strong>ecclesias</strong></span> <span class='ocrx_word' id='word_1_625' title='bbox 1460 4519 1610 4573; x_wconf 78' lang='lat' dir='ltr'><strong>vallis</strong></span> <span class='ocrx_word' id='word_1_626' title='bbox 1630 4518 1837 4573; x_wconf 87' lang='lat' dir='ltr'><strong>Goutah</strong></span> <span class='ocrx_word' id='word_1_627' title='bbox 1863 4528 1916 4573; x_wconf 89' lang='lat' dir='ltr'><strong>et</strong></span> 
     </span>
    </p>
   </div>
   <div class='ocr_carea' id='block_1_91' title="bbox 350 4607 1917 4678">
    <p class='ocr_par' dir='ltr' id='par_1_91' title="bbox 350 4607 1917 4678">
     <span class='ocr_line' id='line_1_91' title="bbox 350 4607 1917 4678; baseline -0.001 -17"><span class='ocrx_word' id='word_1_628' title='bbox 350 4608 743 4664; x_wconf 80' lang='lat' dir='ltr'><strong>manasterium</strong></span> <span class='ocrx_word' id='word_1_629' title='bbox 776 4610 967 4662; x_wconf 83' lang='lat' dir='ltr'><strong>Moran</strong></span> <span class='ocrx_word' id='word_1_630' title='bbox 995 4610 1347 4676; x_wconf 78' lang='lat' dir='ltr'><strong>possederant</strong></span> <span class='ocrx_word' id='word_1_631' title='bbox 1378 4607 1699 4673; x_wconf 84' lang='lat' dir='ltr'><strong>lloslemini,</strong></span> <span class='ocrx_word' id='word_1_632' title='bbox 1728 4608 1917 4678; x_wconf 71' lang='lat'><strong>381-</strong></span> 
     </span>
    </p>
   </div>
   <div class='ocr_carea' id='block_1_92' title="bbox 349 4699 1917 4770">
    <p class='ocr_par' dir='ltr' id='par_1_92' title="bbox 349 4699 1917 4770">
     <span class='ocr_line' id='line_1_92' title="bbox 349 4699 1917 4770; baseline 0.002 -17"><span class='ocrx_word' id='word_1_633' title='bbox 349 4699 511 4770; x_wconf 73' lang='lat'><strong>383</strong></span> <span class='ocrx_word' id='word_1_634' title='bbox 539 4715 707 4768; x_wconf 86' lang='lat' dir='ltr'><strong>eaque</strong></span> <span class='ocrx_word' id='word_1_635' title='bbox 743 4700 1101 4754; x_wconf 84' lang='lat' dir='ltr'><strong>incoluerant.</strong></span> <span class='ocrx_word' id='word_1_636' title='bbox 1131 4699 1430 4755; x_wconf 80' lang='lat' dir='ltr'><strong>Metuentes</strong></span> <span class='ocrx_word' id='word_1_637' title='bbox 1462 4716 1590 4769; x_wconf 79' lang='lat' dir='ltr'><strong>ergo</strong></span> <span class='ocrx_word' id='word_1_638' title='bbox 1620 4700 1917 4755; x_wconf 84' lang='lat' dir='ltr'><strong>Christiani</strong></span> 
     </span>
    </p>
   </div>
   <div class='ocr_carea' id='block_1_93' title="bbox 352 4792 1922 4864">
    <p class='ocr_par' dir='ltr' id='par_1_93' title="bbox 352 4792 1922 4864">
     <span class='ocr_line' id='line_1_93' title="bbox 352 4792 1922 4864; baseline 0.004 -21"><span class='ocrx_word' id='word_1_639' title='bbox 352 4809 417 4845; x_wconf 86' lang='lat' dir='ltr'><strong>ne</strong></span> <span class='ocrx_word' id='word_1_640' title='bbox 447 4792 799 4847; x_wconf 89' lang='lat' dir='ltr'><strong>diruerentur</strong></span> <span class='ocrx_word' id='word_1_641' title='bbox 834 4793 1075 4847; x_wconf 65' lang='lat' dir='ltr'><strong>ecclesiae</strong></span> <span class='ocrx_word' id='word_1_642' title='bbox 1122 4799 1177 4847; x_wconf 85' lang='lat' dir='ltr'><strong>et</strong></span> <span class='ocrx_word' id='word_1_643' title='bbox 1222 4795 1591 4864; x_wconf 58' lang='lat' dir='ltr'><strong>monasteria,</strong></span> <span class='ocrx_word' id='word_1_644' title='bbox 1633 4795 1922 4849; x_wconf 86' lang='lat' dir='ltr'><strong>ecclesiam</strong></span> 
     </span>
    </p>
   </div>
   <div class='ocr_carea' id='block_1_94' title="bbox 350 4884 1929 4956">
    <p class='ocr_par' dir='ltr' id='par_1_94' title="bbox 350 4884 1929 4956">
     <span class='ocr_line' id='line_1_94' title="bbox 350 4884 1929 4956; baseline 0.001 -17"><span class='ocrx_word' id='word_1_645' title='bbox 350 4886 459 4940; x_wconf 88' lang='lat' dir='ltr'><strong>illis</strong></span> <span class='ocrx_word' id='word_1_646' title='bbox 490 4886 861 4953; x_wconf 81' lang='lat' dir='ltr'><strong>reliquerunt.</strong></span> <span class='ocrx_word' id='word_1_647' title='bbox 904 4884 1245 4956; x_wconf 87' lang='lat' dir='ltr'><strong>Scripsitque</strong></span> <span class='ocrx_word' id='word_1_648' title='bbox 1276 4888 1411 4954; x_wconf 86' lang='lat' dir='ltr'><strong>ipsis</strong></span> <span class='ocrx_word' id='word_1_649' title='bbox 1457 4884 1620 4940; x_wconf 92' lang='lat' dir='ltr'><strong>Omar</strong></span> <span class='ocrx_word' id='word_1_650' title='bbox 1652 4888 1888 4956; x_wconf 83' lang='lat' dir='ltr'><strong>diploma</strong></span> <span class='ocrx_word' id='word_1_651' title='bbox 1912 4927 1929 4954; x_wconf 96' lang='lat'><strong>,</strong></span> 
     </span>
    </p>
   </div>
   <div class='ocr_carea' id='block_1_95' title="bbox 350 4975 1921 5047">
    <p class='ocr_par' dir='ltr' id='par_1_95' title="bbox 350 4975 1921 5047">
     <span class='ocr_line' id='line_1_95' title="bbox 350 4975 1921 5047; baseline 0.001 -17"><span class='ocrx_word' id='word_1_652' title='bbox 350 4991 573 5031; x_wconf 83' lang='lat' dir='ltr'><strong>seruros</strong></span> <span class='ocrx_word' id='word_1_653' title='bbox 602 4976 717 5032; x_wconf 73' lang='lat' dir='ltr'><strong>fore</strong></span> <span class='ocrx_word' id='word_1_654' title='bbox 750 4977 895 5047; x_wconf 89' lang='lat' dir='ltr'><strong>ipsos</strong></span> <span class='ocrx_word' id='word_1_655' title='bbox 933 4975 1079 5047; x_wconf 88' lang='lat' dir='ltr'><strong>quod</strong></span> <span class='ocrx_word' id='word_1_656' title='bbox 1106 4976 1173 5032; x_wconf 87' lang='lat' dir='ltr'><strong>ad</strong></span> <span class='ocrx_word' id='word_1_657' title='bbox 1203 4977 1461 5033; x_wconf 87' lang='lat' dir='ltr'><strong>ecclesias</strong></span> <span class='ocrx_word' id='word_1_658' title='bbox 1493 4992 1617 5033; x_wconf 88' lang='lat' dir='ltr'><strong>suas</strong></span> <span class='ocrx_word' id='word_1_659' title='bbox 1639 4994 1759 5047; x_wconf 65' lang='lat' dir='ltr'><strong>qua:</strong></span> <span class='ocrx_word' id='word_1_660' title='bbox 1783 4978 1921 5033; x_wconf 89' lang='lat' dir='ltr'><strong>intra</strong></span> 
     </span>
    </p>
   </div>
   <div class='ocr_carea' id='block_1_96' title="bbox 351 5070 1915 5137">
    <p class='ocr_par' dir='ltr' id='par_1_96' title="bbox 351 5070 1915 5137">
     <span class='ocr_line' id='line_1_96' title="bbox 351 5070 1915 5137; baseline 0.001 -13"><span class='ocrx_word' id='word_1_661' title='bbox 351 5070 672 5127; x_wconf 71' lang='lat' dir='ltr'><strong>Damascum</strong></span> <span class='ocrx_word' id='word_1_662' title='bbox 697 5078 902 5137; x_wconf 87' lang='lat' dir='ltr'><strong>essent,</strong></span> <span class='ocrx_word' id='word_1_663' title='bbox 935 5086 1039 5127; x_wconf 83' lang='lat' dir='ltr'><strong>nec</strong></span> <span class='ocrx_word' id='word_1_664' title='bbox 1070 5087 1173 5127; x_wconf 88' lang='lat' dir='ltr'><strong>non</strong></span> <span class='ocrx_word' id='word_1_665' title='bbox 1209 5072 1471 5127; x_wconf 87' lang='lat' dir='ltr'><strong>ecclesias</strong></span> <span class='ocrx_word' id='word_1_666' title='bbox 1503 5079 1555 5126; x_wconf 89' lang='lat' dir='ltr'><strong>et</strong></span> <span class='ocrx_word' id='word_1_667' title='bbox 1587 5071 1915 5127; x_wconf 86' lang='lat' dir='ltr'><strong>monasteria</strong></span> 
     </span>
    </p>
   </div>
   <div class='ocr_carea' id='block_1_97' title="bbox 349 5164 1922 5234">
    <p class='ocr_par' dir='ltr' id='par_1_97' title="bbox 349 5164 1922 5234">
     <span class='ocr_line' id='line_1_97' title="bbox 349 5164 1922 5234; baseline 0.002 -17"><span class='ocrx_word' id='word_1_668' title='bbox 349 5179 469 5234; x_wconf 70' lang='lat' dir='ltr'><strong>qua:</strong></span> <span class='ocrx_word' id='word_1_669' title='bbox 508 5173 660 5218; x_wconf 90' lang='lat' dir='ltr'><strong>extra</strong></span> <span class='ocrx_word' id='word_1_670' title='bbox 700 5164 1024 5220; x_wconf 87' lang='lat' dir='ltr'><strong>Damascum</strong></span> <span class='ocrx_word' id='word_1_671' title='bbox 1062 5165 1115 5219; x_wconf 91' lang='lat' dir='ltr'><strong>in</strong></span> <span class='ocrx_word' id='word_1_672' title='bbox 1148 5166 1357 5219; x_wconf 83' lang='lat' dir='ltr'><strong>Goutah</strong></span> <span class='ocrx_word' id='word_1_673' title='bbox 1382 5207 1397 5230; x_wconf 91' lang='lat'><strong>,</strong></span> <span class='ocrx_word' id='word_1_674' title='bbox 1454 5180 1520 5219; x_wconf 89' lang='lat' dir='ltr'><strong>ne</strong></span> <span class='ocrx_word' id='word_1_675' title='bbox 1570 5164 1922 5220; x_wconf 84' lang='lat' dir='ltr'><strong>diruerentur</strong></span> 
     </span>
    </p>
   </div>
   <div class='ocr_carea' id='block_1_98' title="bbox 352 5254 1922 5327">
    <p class='ocr_par' dir='ltr' id='par_1_98' title="bbox 352 5254 1922 5327">
     <span class='ocr_line' id='line_1_98' title="bbox 352 5254 1922 5327; baseline 0.005 -23"><span class='ocrx_word' id='word_1_676' title='bbox 352 5255 431 5307; x_wconf 76' lang='lat' dir='ltr'><strong>vel</strong></span> <span class='ocrx_word' id='word_1_677' title='bbox 480 5254 872 5315; x_wconf 86' lang='lat' dir='ltr'><strong>habitarentur.</strong></span> <span class='ocrx_word' id='word_1_678' title='bbox 920 5271 1053 5310; x_wconf 84' lang='lat' dir='ltr'><strong>neve</strong></span> <span class='ocrx_word' id='word_1_679' title='bbox 1088 5256 1527 5312; x_wconf 80' lang='lat' dir='ltr'><strong>Moslcminorum</strong></span> <span class='ocrx_word' id='word_1_680' title='bbox 1580 5257 1812 5327; x_wconf 88' lang='lat' dir='ltr'><strong>cuipiam</strong></span> <span class='ocrx_word' id='word_1_681' title='bbox 1871 5259 1922 5312; x_wconf 89' lang='lat' dir='ltr'><strong>in</strong></span> 
     </span>
    </p>
   </div>
   <div class='ocr_carea' id='block_1_99' title="bbox 350 5347 1919 5419">
    <p class='ocr_par' dir='ltr' id='par_1_99' title="bbox 350 5347 1919 5419">
     <span class='ocr_line' id='line_1_99' title="bbox 350 5347 1919 5419; baseline 0.003 -22"><span class='ocrx_word' id='word_1_682' title='bbox 350 5347 467 5417; x_wconf 88' lang='lat' dir='ltr'><strong>ipsa</strong></span> <span class='ocrx_word' id='word_1_683' title='bbox 502 5353 739 5417; x_wconf 81' lang='lat' dir='ltr'><strong>potestas</strong></span> <span class='ocrx_word' id='word_1_684' title='bbox 767 5357 915 5401; x_wconf 84' lang='lat' dir='ltr'><strong>esset</strong></span> <span class='ocrx_word' id='word_1_685' title='bbox 946 5365 959 5399; x_wconf 90' lang='lat'><strong>:</strong></span> <span class='ocrx_word' id='word_1_686' title='bbox 1000 5348 1251 5419; x_wconf 86' lang='lat' dir='ltr'><strong>idemque</strong></span> <span class='ocrx_word' id='word_1_687' title='bbox 1288 5348 1547 5402; x_wconf 87' lang='lat' dir='ltr'><strong>adhibitis</strong></span> <span class='ocrx_word' id='word_1_688' title='bbox 1576 5349 1806 5403; x_wconf 87' lang='lat' dir='ltr'><strong>testibus</strong></span> <span class='ocrx_word' id='word_1_689' title='bbox 1851 5348 1919 5403; x_wconf 91' lang='lat' dir='ltr'><strong>iis</strong></span> 
     </span>
    </p>
   </div>
   <div class='ocr_carea' id='block_1_100' title="bbox 349 5436 1918 5495">
    <p class='ocr_par' dir='ltr' id='par_1_100' title="bbox 349 5436 1918 5495">
     <span class='ocr_line' id='line_1_100' title="bbox 349 5436 1918 5495; baseline 0.002 -5"><span class='ocrx_word' id='word_1_690' title='bbox 349 5436 712 5494; x_wconf 80' lang='lat' dir='ltr'><strong>conﬁrmavit.</strong></span> <span class='ocrx_word' id='word_1_691' title='bbox 765 5436 937 5494; x_wconf 80' lang='lat' dir='ltr'><strong>Porro</strong></span> <span class='ocrx_word' id='word_1_692' title='bbox 988 5451 1233 5494; x_wconf 89' lang='lat' dir='ltr'><strong>mortuus</strong></span> <span class='ocrx_word' id='word_1_693' title='bbox 1280 5450 1363 5495; x_wconf 85' lang='lat' dir='ltr'><strong>est</strong></span> <span class='ocrx_word' id='word_1_694' title='bbox 1416 5438 1581 5495; x_wconf 85' lang='lat' dir='ltr'><strong>Omar</strong></span> <span class='ocrx_word' id='word_1_695' title='bbox 1616 5440 1727 5495; x_wconf 79' lang='lat' dir='ltr'><strong>Elin</strong></span> <span class='ocrx_word' id='word_1_696' title='bbox 1760 5441 1918 5495; x_wconf 80' lang='lat' dir='ltr'><strong>Abdil</strong></span> 
     </span>
    </p>
   </div>
   <div class='ocr_carea' id='block_1_101' title="bbox 350 5529 1917 5602">
    <p class='ocr_par' dir='ltr' id='par_1_101' title="bbox 350 5529 1917 5602">
     <span class='ocr_line' id='line_1_101' title="bbox 350 5529 1917 5602; baseline 0.003 -19"><span class='ocrx_word' id='word_1_697' title='bbox 350 5530 479 5585; x_wconf 81' lang='lat' dir='ltr'><strong>Aziz</strong></span> <span class='ocrx_word' id='word_1_698' title='bbox 513 5546 698 5587; x_wconf 86' lang='lat' dir='ltr'><strong>mense</strong></span> <span class='ocrx_word' id='word_1_699' title='bbox 729 5529 899 5601; x_wconf 82' lang='lat' dir='ltr'><strong>Rajeb</strong></span> <span class='ocrx_word' id='word_1_700' title='bbox 925 5533 1049 5587; x_wconf 88' lang='lat' dir='ltr'><strong>anni</strong></span> <span class='ocrx_word' id='word_1_701' title='bbox 1083 5532 1255 5588; x_wconf 72' lang='lat' dir='ltr'><strong>lleiraa</strong></span> <span class='ocrx_word' id='word_1_702' title='bbox 1286 5536 1567 5589; x_wconf 52' lang='lat' dir='ltr'><strong>centes-imi</strong></span> <span class='ocrx_word' id='word_1_703' title='bbox 1603 5536 1780 5602; x_wconf 84' lang='lat' dir='ltr'><strong>primi,</strong></span> <span class='ocrx_word' id='word_1_704' title='bbox 1818 5552 1917 5588; x_wconf 83' lang='lat' dir='ltr'><strong>an-</strong></span> 
     </span>
    </p>
   </div>
   <div class='ocr_carea' id='block_1_102' title="bbox 356 5626 1915 5696">
    <p class='ocr_par' dir='ltr' id='par_1_102' title="bbox 356 5626 1915 5696">
     <span class='ocr_line' id='line_1_102' title="bbox 356 5626 1915 5696; baseline 0.002 -19"><span class='ocrx_word' id='word_1_705' title='bbox 356 5638 453 5677; x_wconf 91' lang='lat' dir='ltr'><strong>nos</strong></span> <span class='ocrx_word' id='word_1_706' title='bbox 490 5631 651 5678; x_wconf 86' lang='lat' dir='ltr'><strong>natus</strong></span> <span class='ocrx_word' id='word_1_707' title='bbox 682 5626 904 5696; x_wconf 83' lang='lat' dir='ltr'><strong>triginta</strong></span> <span class='ocrx_word' id='word_1_708' title='bbox 937 5642 1148 5681; x_wconf 81' lang='lat' dir='ltr'><strong>novem.</strong></span> <span class='ocrx_word' id='word_1_709' title='bbox 1198 5628 1417 5681; x_wconf 73' lang='lat' dir='ltr'><strong>Statura</strong></span> <span class='ocrx_word' id='word_1_710' title='bbox 1470 5629 1734 5696; x_wconf 86' lang='lat' dir='ltr'><strong>quadrata</strong></span> <span class='ocrx_word' id='word_1_711' title='bbox 1773 5628 1867 5681; x_wconf 83' lang='lat' dir='ltr'><strong>fuit</strong></span> <span class='ocrx_word' id='word_1_712' title='bbox 1900 5669 1915 5693; x_wconf 94' lang='lat'><strong>,</strong></span> 
     </span>
    </p>
   </div>
   <div class='ocr_carea' id='block_1_103' title="bbox 351 5716 1927 5785">
    <p class='ocr_par' dir='ltr' id='par_1_103' title="bbox 351 5716 1927 5785">
     <span class='ocr_line' id='line_1_103' title="bbox 351 5716 1927 5785; baseline 0.004 -16"><span class='ocrx_word' id='word_1_713' title='bbox 351 5730 578 5783; x_wconf 74' lang='lat' dir='ltr'><strong>eirpore</strong></span> <span class='ocrx_word' id='word_1_714' title='bbox 600 5726 651 5773; x_wconf 91' lang='lat' dir='ltr'><strong>et</strong></span> <span class='ocrx_word' id='word_1_715' title='bbox 678 5716 812 5774; x_wconf 78' lang='lat' dir='ltr'><strong>facie</strong></span> <span class='ocrx_word' id='word_1_716' title='bbox 844 5717 1106 5783; x_wconf 83' lang='lat' dir='ltr'><strong>pulchris,</strong></span> <span class='ocrx_word' id='word_1_717' title='bbox 1140 5722 1341 5775; x_wconf 76' lang='lat' dir='ltr'><strong>canitie</strong></span> <span class='ocrx_word' id='word_1_718' title='bbox 1390 5733 1664 5784; x_wconf 67' lang='lat' dir='ltr'><strong>aspersus,</strong></span> <span class='ocrx_word' id='word_1_719' title='bbox 1719 5718 1927 5785; x_wconf 84' lang='lat' dir='ltr'><strong>fuitque</strong></span> 
     </span>
    </p>
   </div>
   <div class='ocr_carea' id='block_1_104' title="bbox 2027 4430 3595 4502">
    <p class='ocr_par' dir='ltr' id='par_1_104' title="bbox 2027 4430 3595 4502">
     <span class='ocr_line' id='line_1_104' title="bbox 2027 4430 3595 4502; baseline 0.001 -17"><span class='ocrx_word' id='word_1_720' title='bbox 2027 4433 2082 4486; x_wconf 91' lang='lat' dir='ltr'><strong>in</strong></span> <span class='ocrx_word' id='word_1_721' title='bbox 2128 4447 2292 4486; x_wconf 89' lang='lat' dir='ltr'><strong>manu</strong></span> <span class='ocrx_word' id='word_1_722' title='bbox 2336 4430 2706 4487; x_wconf 79' lang='lat' dir='ltr'><strong>Jacobitarum</strong></span> <span class='ocrx_word' id='word_1_723' title='bbox 2743 4440 2901 4485; x_wconf 88' lang='lat' dir='ltr'><strong>erant</strong></span> <span class='ocrx_word' id='word_1_724' title='bbox 2950 4434 3206 4500; x_wconf 84' lang='lat' dir='ltr'><strong>repetitas</strong></span> <span class='ocrx_word' id='word_1_725' title='bbox 3248 4430 3466 4489; x_wconf 67' lang='lat' dir='ltr'><strong>Kozmae</strong></span> <span class='ocrx_word' id='word_1_726' title='bbox 3508 4449 3595 4502; x_wconf 84' lang='lat' dir='ltr'><strong>pa-</strong></span> 
     </span>
    </p>
   </div>
   <div class='ocr_carea' id='block_1_105' title="bbox 2028 4524 3593 4593">
    <p class='ocr_par' dir='ltr' id='par_1_105' title="bbox 2028 4524 3593 4593">
     <span class='ocr_line' id='line_1_105' title="bbox 2028 4524 3593 4593; baseline 0.001 -16"><span class='ocrx_word' id='word_1_727' title='bbox 2028 4527 2280 4580; x_wconf 75' lang='lat' dir='ltr'><strong>triarcha:</strong></span> <span class='ocrx_word' id='word_1_728' title='bbox 2326 4527 2595 4587; x_wconf 87' lang='lat' dir='ltr'><strong>traderet,</strong></span> <span class='ocrx_word' id='word_1_729' title='bbox 2642 4532 2696 4578; x_wconf 91' lang='lat' dir='ltr'><strong>et</strong></span> <span class='ocrx_word' id='word_1_730' title='bbox 2741 4524 3107 4593; x_wconf 89' lang='lat' dir='ltr'><strong>quodcunque</strong></span> <span class='ocrx_word' id='word_1_731' title='bbox 3154 4540 3337 4579; x_wconf 86' lang='lat' dir='ltr'><strong>earum</strong></span> <span class='ocrx_word' id='word_1_732' title='bbox 3380 4526 3593 4579; x_wconf 79' lang='lat' dir='ltr'><strong>nomine</strong></span> 
     </span>
    </p>
   </div>
   <div class='ocr_carea' id='block_1_106' title="bbox 2026 4614 3595 4686">
    <p class='ocr_par' dir='ltr' id='par_1_106' title="bbox 2026 4614 3595 4686">
     <span class='ocr_line' id='line_1_106' title="bbox 2026 4614 3595 4686; baseline -0.003 -13"><span class='ocrx_word' id='word_1_733' title='bbox 2026 4618 2599 4686; x_wconf 84' lang='lat' dir='ltr'><strong>comprehenderetur.</strong></span> <span class='ocrx_word' id='word_1_734' title='bbox 2628 4615 2848 4684; x_wconf 78' lang='lat' dir='ltr'><strong>Accepit</strong></span> <span class='ocrx_word' id='word_1_735' title='bbox 2885 4630 3011 4685; x_wconf 82' lang='lat' dir='ltr'><strong>ergo</strong></span> <span class='ocrx_word' id='word_1_736' title='bbox 3042 4614 3245 4670; x_wconf 79' lang='lat' dir='ltr'><strong>Kozma</strong></span> <span class='ocrx_word' id='word_1_737' title='bbox 3285 4616 3595 4685; x_wconf 82' lang='lat' dir='ltr'><strong>patriarcha</strong></span> 
     </span>
    </p>
   </div>
   <div class='ocr_carea' id='block_1_107' title="bbox 2028 4705 3594 4779">
    <p class='ocr_par' dir='ltr' id='par_1_107' title="bbox 2028 4705 3594 4779">
     <span class='ocr_line' id='line_1_107' title="bbox 2028 4705 3594 4779; baseline -0.001 -16"><span class='ocrx_word' id='word_1_738' title='bbox 2028 4724 2057 4763; x_wconf 84' lang='lat' dir='ltr'><strong>a</strong></span> <span class='ocrx_word' id='word_1_739' title='bbox 2090 4708 2354 4763; x_wconf 75' lang='lat' dir='ltr'><strong>Jacobitis</strong></span> <span class='ocrx_word' id='word_1_740' title='bbox 2386 4707 2662 4762; x_wconf 86' lang='lat' dir='ltr'><strong>ecclesias</strong></span> <span class='ocrx_word' id='word_1_741' title='bbox 2684 4744 2699 4770; x_wconf 93' lang='lat'><strong>,</strong></span> <span class='ocrx_word' id='word_1_742' title='bbox 2733 4714 2895 4776; x_wconf 89' lang='lat' dir='ltr'><strong>atque</strong></span> <span class='ocrx_word' id='word_1_743' title='bbox 2930 4706 3097 4779; x_wconf 85' lang='lat' dir='ltr'><strong>[inter</strong></span> <span class='ocrx_word' id='word_1_744' title='bbox 3134 4705 3383 4779; x_wconf 80' lang='lat' dir='ltr'><strong>caeteras]</strong></span> <span class='ocrx_word' id='word_1_745' title='bbox 3424 4709 3594 4763; x_wconf 82' lang='lat' dir='ltr'><strong>cccle-</strong></span> 
     </span>
    </p>
   </div>
   <div class='ocr_carea' id='block_1_108' title="bbox 2028 4800 3594 4869">
    <p class='ocr_par' dir='ltr' id='par_1_108' title="bbox 2028 4800 3594 4869">
     <span class='ocr_line' id='line_1_108' title="bbox 2028 4800 3594 4869; baseline -0.001 -12"><span class='ocrx_word' id='word_1_746' title='bbox 2028 4803 2166 4857; x_wconf 84' lang='lat' dir='ltr'><strong>siam</strong></span> <span class='ocrx_word' id='word_1_747' title='bbox 2199 4802 2261 4855; x_wconf 79' lang='lat' dir='ltr'><strong>AI</strong></span> <span class='ocrx_word' id='word_1_748' title='bbox 2292 4800 2579 4855; x_wconf 68' lang='lat' dir='ltr'><strong>Kaisariae.</strong></span> <span class='ocrx_word' id='word_1_749' title='bbox 2612 4800 2889 4867; x_wconf 85' lang='lat' dir='ltr'><strong>Siquidem</strong></span> <span class='ocrx_word' id='word_1_750' title='bbox 2915 4813 2979 4852; x_wconf 85' lang='lat' dir='ltr'><strong>ex</strong></span> <span class='ocrx_word' id='word_1_751' title='bbox 3013 4814 3119 4869; x_wconf 93' lang='lat' dir='ltr'><strong>quo</strong></span> <span class='ocrx_word' id='word_1_752' title='bbox 3151 4808 3395 4869; x_wconf 88' lang='lat' dir='ltr'><strong>tempore</strong></span> <span class='ocrx_word' id='word_1_753' title='bbox 3430 4800 3594 4855; x_wconf 59' lang='lat' dir='ltr'><strong>Geor-</strong></span> 
     </span>
    </p>
   </div>
   <div class='ocr_carea' id='block_1_109' title="bbox 2028 4890 3598 4963">
    <p class='ocr_par' dir='ltr' id='par_1_109' title="bbox 2028 4890 3598 4963">
     <span class='ocr_line' id='line_1_109' title="bbox 2028 4890 3598 4963; baseline 0.001 -17"><span class='ocrx_word' id='word_1_754' title='bbox 2028 4896 2151 4963; x_wconf 79' lang='lat' dir='ltr'><strong>gius</strong></span> <span class='ocrx_word' id='word_1_755' title='bbox 2183 4893 2488 4963; x_wconf 83' lang='lat' dir='ltr'><strong>patriarcha</strong></span> <span class='ocrx_word' id='word_1_756' title='bbox 2521 4891 2847 4947; x_wconf 86' lang='lat' dir='ltr'><strong>Alexandria</strong></span> <span class='ocrx_word' id='word_1_757' title='bbox 2879 4890 3405 4961; x_wconf 87' lang='lat' dir='ltr'><strong>Constantinopolim</strong></span> <span class='ocrx_word' id='word_1_758' title='bbox 3439 4892 3598 4963; x_wconf 78' lang='lat' dir='ltr'><strong>fugit.</strong></span> 
     </span>
    </p>
   </div>
   <div class='ocr_carea' id='block_1_110' title="bbox 2029 4979 3596 5041">
    <p class='ocr_par' dir='ltr' id='par_1_110' title="bbox 2029 4979 3596 5041">
     <span class='ocr_line' id='line_1_110' title="bbox 2029 4979 3596 5041; baseline 0.002 -6"><span class='ocrx_word' id='word_1_759' title='bbox 2029 4999 2172 5037; x_wconf 90' lang='lat' dir='ltr'><strong>anno</strong></span> <span class='ocrx_word' id='word_1_760' title='bbox 2201 4984 2363 5038; x_wconf 90' lang='lat' dir='ltr'><strong>tertio</strong></span> <span class='ocrx_word' id='word_1_761' title='bbox 2392 4982 2686 5037; x_wconf 82' lang='lat' dir='ltr'><strong>chalilatus</strong></span> <span class='ocrx_word' id='word_1_762' title='bbox 2715 4980 2899 5035; x_wconf 85' lang='lat' dir='ltr'><strong>Omari</strong></span> <span class='ocrx_word' id='word_1_763' title='bbox 2933 4979 3104 5035; x_wconf 83' lang='lat' dir='ltr'><strong>Ebnol</strong></span> <span class='ocrx_word' id='word_1_764' title='bbox 3133 4982 3382 5041; x_wconf 74' lang='lat' dir='ltr'><strong>Chetabi.</strong></span> <span class='ocrx_word' id='word_1_765' title='bbox 3422 4984 3596 5038; x_wconf 74' lang='lat' dir='ltr'><strong>donec</strong></span> 
     </span>
    </p>
   </div>
   <div class='ocr_carea' id='block_1_111' title="bbox 2030 5072 3597 5142">
    <p class='ocr_par' dir='ltr' id='par_1_111' title="bbox 2030 5072 3597 5142">
     <span class='ocr_line' id='line_1_111' title="bbox 2030 5072 3597 5142; baseline -0.001 -11"><span class='ocrx_word' id='word_1_766' title='bbox 2030 5076 2456 5131; x_wconf 85' lang='lat' dir='ltr'><strong>constitueretur</strong></span> <span class='ocrx_word' id='word_1_767' title='bbox 2482 5073 2685 5128; x_wconf 80' lang='lat' dir='ltr'><strong>Kozma</strong></span> <span class='ocrx_word' id='word_1_768' title='bbox 2721 5072 3060 5128; x_wconf 74' lang='lat' dir='ltr'><strong>Alexandria:</strong></span> <span class='ocrx_word' id='word_1_769' title='bbox 3091 5074 3423 5142; x_wconf 84' lang='lat' dir='ltr'><strong>patriarcha,</strong></span> <span class='ocrx_word' id='word_1_770' title='bbox 3448 5091 3597 5131; x_wconf 88' lang='lat' dir='ltr'><strong>anno</strong></span> 
     </span>
    </p>
   </div>
   <div class='ocr_carea' id='block_1_112' title="bbox 2031 5162 3592 5235">
    <p class='ocr_par' dir='ltr' id='par_1_112' title="bbox 2031 5162 3592 5235">
     <span class='ocr_line' id='line_1_112' title="bbox 2031 5162 3592 5235; baseline -0.003 -13"><span class='ocrx_word' id='word_1_771' title='bbox 2031 5169 2265 5235; x_wconf 69' lang='lat' dir='ltr'><strong>Septimo</strong></span> <span class='ocrx_word' id='word_1_772' title='bbox 2295 5166 2585 5220; x_wconf 74' lang='lat' dir='ltr'><strong>chalefatus</strong></span> <span class='ocrx_word' id='word_1_773' title='bbox 2617 5163 2894 5227; x_wconf 82' lang='lat' dir='ltr'><strong>Hcshatnl,</strong></span> <span class='ocrx_word' id='word_1_774' title='bbox 2932 5162 3034 5216; x_wconf 78' lang='lat' dir='ltr'><strong>fuit</strong></span> <span class='ocrx_word' id='word_1_775' title='bbox 3068 5165 3326 5218; x_wconf 83' lang='lat' dir='ltr'><strong>cathedra</strong></span> <span class='ocrx_word' id='word_1_776' title='bbox 3359 5166 3592 5218; x_wconf 74' lang='lat' dir='ltr'><strong>Alexan-</strong></span> 
     </span>
    </p>
   </div>
   <div class='ocr_carea' id='block_1_113' title="bbox 2032 5255 3596 5326">
    <p class='ocr_par' dir='ltr' id='par_1_113' title="bbox 2032 5255 3596 5326">
     <span class='ocr_line' id='line_1_113' title="bbox 2032 5255 3596 5326; baseline 0.001 -17"><span class='ocrx_word' id='word_1_777' title='bbox 2032 5258 2186 5310; x_wconf 87' lang='lat' dir='ltr'><strong>drina</strong></span> <span class='ocrx_word' id='word_1_778' title='bbox 2244 5258 2453 5326; x_wconf 88' lang='lat' dir='ltr'><strong>absque</strong></span> <span class='ocrx_word' id='word_1_779' title='bbox 2504 5257 2815 5326; x_wconf 83' lang='lat' dir='ltr'><strong>patriarcha</strong></span> <span class='ocrx_word' id='word_1_780' title='bbox 2848 5255 3129 5321; x_wconf 82' lang='lat' dir='ltr'><strong>Melchita,</strong></span> <span class='ocrx_word' id='word_1_781' title='bbox 3179 5257 3354 5325; x_wconf 74' lang='lat' dir='ltr'><strong>Spatio</strong></span> <span class='ocrx_word' id='word_1_782' title='bbox 3388 5258 3596 5311; x_wconf 76' lang='lat' dir='ltr'><strong>sciliet</strong></span> 
     </span>
    </p>
   </div>
   <div class='ocr_carea' id='block_1_114' title="bbox 2036 5349 3593 5419">
    <p class='ocr_par' dir='ltr' id='par_1_114' title="bbox 2036 5349 3593 5419">
     <span class='ocr_line' id='line_1_114' title="bbox 2036 5349 3593 5419; baseline -0.002 -18"><span class='ocrx_word' id='word_1_783' title='bbox 2036 5362 2301 5402; x_wconf 82' lang='lat' dir='ltr'><strong>annorum</strong></span> <span class='ocrx_word' id='word_1_784' title='bbox 2345 5355 2639 5419; x_wconf 55' lang='lat' dir='ltr'><strong>nonaginta</strong></span> <span class='ocrx_word' id='word_1_785' title='bbox 2675 5357 2920 5417; x_wconf 83' lang='lat' dir='ltr'><strong>septem;</strong></span> <span class='ocrx_word' id='word_1_786' title='bbox 2958 5359 3463 5418; x_wconf 83' lang='lat' dir='ltr'><strong>occupaverantque</strong></span> <span class='ocrx_word' id='word_1_787' title='bbox 3499 5349 3593 5404; x_wconf 71' lang='lat' dir='ltr'><strong>Ju-</strong></span> 
     </span>
    </p>
   </div>
   <div class='ocr_carea' id='block_1_115' title="bbox 2029 5440 3591 5512">
    <p class='ocr_par' dir='ltr' id='par_1_115' title="bbox 2029 5440 3591 5512">
     <span class='ocr_line' id='line_1_115' title="bbox 2029 5440 3591 5512; baseline -0.001 -17"><span class='ocrx_word' id='word_1_788' title='bbox 2029 5442 2222 5495; x_wconf 57' lang='lat' dir='ltr'><strong>eobitax</strong></span> <span class='ocrx_word' id='word_1_789' title='bbox 2266 5455 2459 5495; x_wconf 87' lang='lat' dir='ltr'><strong>omnes</strong></span> <span class='ocrx_word' id='word_1_790' title='bbox 2494 5440 2755 5495; x_wconf 85' lang='lat' dir='ltr'><strong>ecclesias</strong></span> <span class='ocrx_word' id='word_1_791' title='bbox 2791 5452 2895 5494; x_wconf 90' lang='lat' dir='ltr'><strong>tam</strong></span> <span class='ocrx_word' id='word_1_792' title='bbox 2938 5440 3153 5512; x_wconf 56' lang='lat' dir='ltr'><strong>[Egypti</strong></span> <span class='ocrx_word' id='word_1_793' title='bbox 3178 5457 3339 5512; x_wconf 88' lang='lat' dir='ltr'><strong>quam</strong></span> <span class='ocrx_word' id='word_1_794' title='bbox 3366 5443 3591 5495; x_wconf 74' lang='lat' dir='ltr'><strong>Alexan-</strong></span> 
     </span>
    </p>
   </div>
   <div class='ocr_carea' id='block_1_116' title="bbox 2033 5532 3592 5605">
    <p class='ocr_par' dir='ltr' id='par_1_116' title="bbox 2033 5532 3592 5605">
     <span class='ocr_line' id='line_1_116' title="bbox 2033 5532 3592 5605; baseline 0.002 -20"><span class='ocrx_word' id='word_1_795' title='bbox 2033 5535 2183 5587; x_wconf 66' lang='lat' dir='ltr'><strong>driae.</strong></span> <span class='ocrx_word' id='word_1_796' title='bbox 2211 5533 2455 5602; x_wconf 72' lang='lat' dir='ltr'><strong>Cumque</strong></span> <span class='ocrx_word' id='word_1_797' title='bbox 2483 5548 2622 5601; x_wconf 86' lang='lat' dir='ltr'><strong>opus</strong></span> <span class='ocrx_word' id='word_1_798' title='bbox 2655 5532 2917 5587; x_wconf 89' lang='lat' dir='ltr'><strong>haberent</strong></span> <span class='ocrx_word' id='word_1_799' title='bbox 2937 5532 3097 5588; x_wconf 70' lang='lat' dir='ltr'><strong>Nubii</strong></span> <span class='ocrx_word' id='word_1_800' title='bbox 3124 5535 3413 5605; x_wconf 72' lang='lat' dir='ltr'><strong>episcopis.</strong></span> <span class='ocrx_word' id='word_1_801' title='bbox 3445 5535 3592 5589; x_wconf 86' lang='lat' dir='ltr'><strong>ordi-</strong></span> 
     </span>
    </p>
   </div>
   <div class='ocr_carea' id='block_1_117' title="bbox 2039 5623 3591 5696">
    <p class='ocr_par' dir='ltr' id='par_1_117' title="bbox 2039 5623 3591 5696">
     <span class='ocr_line' id='line_1_117' title="bbox 2039 5623 3591 5696; baseline 0.001 -17"><span class='ocrx_word' id='word_1_802' title='bbox 2039 5625 2187 5679; x_wconf 85' lang='lat' dir='ltr'><strong>navit</strong></span> <span class='ocrx_word' id='word_1_803' title='bbox 2258 5626 2566 5695; x_wconf 86' lang='lat' dir='ltr'><strong>patriarcha</strong></span> <span class='ocrx_word' id='word_1_804' title='bbox 2631 5623 3001 5680; x_wconf 83' lang='lat' dir='ltr'><strong>Jaeobitarum</strong></span> <span class='ocrx_word' id='word_1_805' title='bbox 3069 5627 3203 5695; x_wconf 85' lang='lat' dir='ltr'><strong>ipsis</strong></span> <span class='ocrx_word' id='word_1_806' title='bbox 3267 5628 3591 5696; x_wconf 84' lang='lat' dir='ltr'><strong>episcopos:</strong></span> 
     </span>
    </p>
   </div>
   <div class='ocr_carea' id='block_1_118' title="bbox 2036 5717 3592 5787">
    <p class='ocr_par' dir='ltr' id='par_1_118' title="bbox 2036 5717 3592 5787">
     <span class='ocr_line' id='line_1_118' title="bbox 2036 5717 3592 5787; baseline 0.001 -15"><span class='ocrx_word' id='word_1_807' title='bbox 2036 5725 2198 5784; x_wconf 84' lang='lat' dir='ltr'><strong>atque</strong></span> <span class='ocrx_word' id='word_1_808' title='bbox 2230 5732 2295 5775; x_wconf 89' lang='lat' dir='ltr'><strong>ex</strong></span> <span class='ocrx_word' id='word_1_809' title='bbox 2340 5733 2404 5775; x_wconf 90' lang='lat' dir='ltr'><strong>eo</strong></span> <span class='ocrx_word' id='word_1_810' title='bbox 2438 5726 2678 5787; x_wconf 77' lang='lat' dir='ltr'><strong>tempore</strong></span> <span class='ocrx_word' id='word_1_811' title='bbox 2715 5717 3081 5775; x_wconf 73' lang='lat' dir='ltr'><strong>Jacobitarum</strong></span> <span class='ocrx_word' id='word_1_812' title='bbox 3118 5718 3439 5777; x_wconf 76' lang='lat' dir='ltr'><strong>sententiam</strong></span> <span class='ocrx_word' id='word_1_813' title='bbox 3474 5732 3592 5774; x_wconf 80' lang='lat' dir='ltr'><strong>am-</strong></span> 
     </span>
    </p>
   </div>
  </div>
