3976 6168
481 199 500 259 1
521 201 617 263 123

1498 202 1870 266 EUTYCIIII
1914 202 2452 267 ALEXANDBINI
2487 203 2702 268 PATR.

3617 193 3747 263 1194

482 312 635 381 plexa
685 318 770 367 est
815 308 1022 381 Nuhia;
1074 324 1123 367 nt
1181 314 1609 385 quotiescunque
1660 326 1967 371 moreretur
2005 316 2059 370 in
2094 324 2134 377 Α
2167 317 2387 377 ilaeemi
2421 319 2541 375 Ebu
2573 314 2854 372 Armenihi
2911 314 3023 386 (cui
3054 322 3227 372 mater
3251 324 3373 370 erat
3405 315 3595 383 Ariua,
3626 332 3744 386 qua:

486 404 671 473 aliqua
704 402 924 473 Egypti
967 406 1102 457 urbe
1137 407 1447 476 episcopus,
1490 409 1657 462 alium
1694 409 1823 478 ipsis
1858 408 2065 463 consti-

484 494 672 547 tuebat
702 491 1077 549 Jacobitarum
1113 498 1439 564 patriarcha.
1477 501 1732 570 Adeoque
1792 502 1930 554 facta
1983 508 2066 555 est

483 585 750 657 {Egyptus
796 595 903 641 tam
952 592 1202 654 superior
1243 604 1410 659 quam
1456 593 1685 646 inferior
1734 591 2061 658 Jacohitica,

482 688 708 748 excepta
740 679 973 734 ecclesia
1013 679 1291 738 Michaelis
1316 726 1330 749 ,
1380 699 1500 753 quae
1536 683 1587 736 in
1623 684 1799 739 Kasril
1836 682 2060 739 Shamai

481 768 650 842 [Arce
737 770 1000 845 candelu']
1071 772 1192 828 fuit.
1245 775 1395 830 Illam
1456 777 1667 832 scilicet
1728 778 2068 832 retinuerunt

482 859 769 923 Melchitm,
799 871 964 944 atque
1000 866 1050 916 in
1080 879 1141 919 ea
1176 865 1428 923 orabant.
1465 866 1712 935 Cumque
1746 879 2053 924 moreretur

484 954 617 1023 ipsis
644 955 952 1025 episcopus,
985 958 1050 1011 ad
1081 957 1249 1029 388
1279 957 1405 1030 Tyri
1443 958 1843 1028 tuett'opulitam
1883 962 2064 1017 mitte-

488 1047 622 1105 bant
656 1048 751 1116 qui
794 1049 927 1116 ipsis
967 1049 1285 1119 episcopum
1326 1052 1626 1105 ordinaret.
1670 1050 1856 1121 Neque
1893 1054 1964 1105 ita
2006 1068 2067 1108 se

486 1139 689 1194 habere
713 1138 875 1195 desiit
903 1139 1281 1197 Melehitarum
1310 1142 1362 1197 in
1392 1140 1629 1214 Egyth
1652 1152 1705 1198 et
1732 1145 2064 1199 Alexandria

484 1238 662 1285 status
692 1245 865 1300 usque
896 1233 960 1285 ad
995 1231 1256 1287 Kozmam
1292 1236 1680 1303 patriarchaiu.
1716 1233 1888 1289 Porro
1920 1249 2067 1290 anno

490 1320 782 1377 chaiil’atus
818 1320 1074 1379 lleshumi
1105 1324 1321 1380 decimo
1348 1327 1582 1396 septimo
1615 1326 1951 1382 constitutus
1978 1336 2063 1383 est

486 1415 635 1470 Elias
678 1415 986 1484 patriarcha
1017 1416 1593 1490 ilierosolymitanus.
1638 1420 1727 1475 ubi
1756 1434 1931 1476 annos
1966 1422 2068 1476 tri-

488 1509 637 1580 ginta
667 1518 904 1578 quatuor
929 1511 1094 1579 sedit,
1129 1512 1253 1567 dein
1290 1524 1536 1570 mortuus
1566 1524 1670 1570 est.
1700 1514 1849 1570 Obiit
1874 1526 2057 1570 autem

490 1601 796 1657 llesliamus
855 1617 1043 1660 mense
1098 1601 1273 1660 Rabia
1336 1607 1629 1677 posteriori
1693 1607 1823 1661 anni
1884 1605 2062 1675 "vita!

486 1694 769 1750 centesimi
826 1694 1070 1750 vicesimi
1122 1696 1342 1766 quinti.
1398 1713 1525 1753 eum
1582 1714 1853 1753 annormu
1914 1709 2062 1755 esset

486 1784 885 1856 quinquaginta
916 1785 1081 1840 trium
1110 1803 1126 1841 :
1151 1789 1396 1859 sepultus
1420 1798 1504 1845 est
1526 1788 1745 1845 Rosat‘a:
1772 1792 1826 1845 in
1858 1791 2064 1848 ditioue

488 1874 557 1931 Al
617 1874 840 1933 Rakkm.
898 1875 1073 1934 llul’us
1134 1878 1257 1943 fuit,
1309 1882 1564 1948 strabus,
1613 1882 1755 1938 facie
1807 1882 2063 1949 deformi,

488 1965 688 2022 indolis
723 1982 935 2036 pravae,
978 1983 1199 2034 avarus,
1241 1984 1405 2040 opum
1448 1986 1723 2029 carrasor.
1758 1972 2063 2029 Satellitum

488 2061 662 2145 ipsius
706 2061 994 2131 pra'icctus
1047 2062 1148 2117 luit
1196 2063 1342 2119 Caab
1387 2063 1500 2120 Ebn
1550 2066 1778 2123 ilamed.
1824 2065 2066 2132 Ianitor,

488 2151 697 2217 Galeb,
742 2153 972 2209 libertus
1024 2155 1216 2222 ipsius.
1261 2153 1365 2222 Qui
1413 2157 1646 2212 maxima
1691 2160 1831 2228 apud
1888 2158 2065 2227 ipsum

490 2246 664 2315 gratia
702 2246 937 2313 pollebat
974 2244 1102 2300 Said
1138 2247 1308 2302 Ebnol
1340 2246 1519 2304 Walid
1559 2249 1617 2303 Ai
1656 2250 1867 2305 Abrash
1891 2294 1904 2316 ,
1938 2250 2069 2308 Cal-

494 2338 700 2393 bens‘s.
736 2336 952 2403 Scriba,
988 2339 1167 2395 Salem
1196 2339 1323 2413 Ebu
1358 2342 1520 2397 Abdil
1553 2346 1704 2399 Aziz.

773 2451 1080 2521 Chalifatus
1116 2453 1369 2508 Alwalidi
1407 2454 1521 2510 Ebn
1576 2455 1786 2513 Yazidt'.

563 2543 925 2613 luauquratus
956 2554 1040 2599 est
1067 2545 1131 2598 Al
1159 2544 1338 2601 Walid
1364 2544 1477 2602 Ebn
1515 2545 1727 2616 Yasidi,
1757 2551 1869 2605 Ebn
1896 2549 2071 2605 abdil-

491 2634 683 2701 Malec,
713 2635 828 2690 Ebu
863 2634 1121 2699 Mei'wan,
1156 2637 1244 2692 cui
1276 2648 1447 2693 mater
1475 2638 1705 2694 Ommol’
1739 2638 1936 2711 llujuji,
1963 2642 2070 2698 tilia

492 2730 887 2784 i‘luhammcdis
926 2728 983 2783 El
1008 2748 1039 2783 n
1075 2729 1267 2794 Yusel,
1303 2731 1495 2787 Ehnol'
1536 2730 1780 2799 llacemi,
1816 2733 1930 2789 Ebu
1966 2734 2070 2790 Abi

491 2821 672 2883 Okail,
701 2819 1079 2876 Tliakal’ensis.
1125 2822 1247 2877 Fuit
1282 2824 1367 2879 hic
1399 2824 1652 2889 stolidus,
1685 2826 1891 2892 fatuus,
1924 2826 2069 2884 lusui

491 2895 749 2968 deditus:
802 2915 1089 2983 imperavit
1145 2930 1350 2968 annum
1396 2923 1451 2969 et
1499 2924 1611 2971 tres
1664 2932 1899 2984 menses,
1944 2920 2069 2975 dein

495 3004 889 3061 convenientes
928 3005 1175 3058 homines
1218 3008 1310 3073 qui
1357 3005 1500 3059 facta
1538 3006 1657 3075 ejus
1698 3009 2070 3077 improbarent
2100 3029 2140 3089 ε

495 3096 675 3165 ipsum
709 3092 1100 3149 interfecerunt
1132 3093 1363 3149 .iumada
1397 3098 1849 3167 posteriori,anni
1881 3112 2066 3159 cente-

493 3187 618 3245 simi
671 3188 914 3241 vicesimi
974 3188 1153 3252 sexti;
1197 3189 1579 3259 proiectusque
1632 3193 1801 3246 estin
1837 3190 2068 3249 Bohaira

492 3278 711 3350 regione
732 3276 1101 3345 Damasccua;
1128 3279 1482 3350 339-391
1511 3296 1780 3336 annorum
1810 3281 1909 3338 fuit
1929 3299 2068 3354 qua-

497 3370 771 3439 draginta.
800 3370 1011 3427 Accidit
1036 3388 1169 3439 ergo
1199 3374 1250 3425 in
1286 3372 1443 3443 Syria
1473 3376 1754 3431 contentio
1781 3383 1837 3429 et
1865 3389 2067 3432 motus.

492 3460 649 3517 Facie
678 3470 795 3517 erat
827 3464 1078 3533 pulchra,
1116 3465 1302 3535 lingua
1334 3466 1635 3535 eloquenti,
1655 3477 1867 3524 statura
1893 3469 2072 3541 perle-

489 3565 595 3611 cta.
619 3552 923 3609 Satellitum
957 3558 1057 3625 ipsi
1086 3558 1377 3626 prmi'ectus
1397 3559 1498 3612 fuit
1520 3560 1935 3615 Abdorrahman
1957 3560 2071 3617 Ebu

492 3645 1080 3711 llomaidi,Calbensis.
1127 3646 1360 3714 Janitor,
1392 3649 1590 3706 Katrus
1613 3653 1839 3710 libertus
1877 3656 2069 3726 ipsius.

771 3739 1075 3809 Chaiifutus
1114 3739 1302 3795 ἵειιὶάί
1338 3739 1525 3798 Elmei'
1564 3741 1786 3799 Waiidi.

567 3834 929 3902 inauguratus
991 3842 1075 3887 est
1128 3831 1293 3888 Yazid
1344 3834 1536 3890 Ebnol’
1577 3832 1757 3890 Walid
1810 3838 2070 3905 Alnakcs,

490 3928 584 3994 qui
636 3931 720 3978 est
750 3924 916 3979 Yazid
945 3927 1114 3979 libttol
1157 3925 1337 3981 Walid
1378 3927 1492 3983 Ebn
1523 3928 1682 3984 Abdil
1711 3928 1900 3996 Maleo,
1950 3932 2068 3989 Ebn

492 4016 769 4082 Mei-wau;
800 4018 889 4070 cui
917 4024 1094 4071 mater
1126 4017 1293 4073 Persa
1329 4017 1451 4083 fuit,
1486 4022 1743 4077 videlicet
1774 4024 2065 4090 Shahkud.

492 4111 600 4165 illia
631 4111 848 4165 i‘hiruzi
878 4110 1059 4166 Cesra:
1090 4113 1232 4181 regis
1265 4112 1575 4179 Persarum,
1604 4117 1695 4169 illii
1724 4115 2067 4190 Yazdejerdi.

496 4203 588 4258 lilii
616 4201 988 4269 Shariar;cui
1021 4206 1138 4259 avia
1168 4204 1270 4260 fuit
1298 4205 1405 4261 tilia
1439 4207 1679 4263 Mauricii
1714 4210 2067 4282 imperatoris

496 4288 867 4360 itoinanoruut
903 4313 917 4351 :
955 4306 1120 4368 atque
1154 4299 1226 4350 ita
1266 4299 1449 4355 dicere
1490 4301 1745 4357 solebat:
1794 4302 1927 4360 Sum
1965 4323 2068 4378 ego

2171 427 2308 466 uxor
2341 412 2522 466 fuerat
2549 407 2760 465 Mosabi
2798 407 2955 463 Elinil
2991 407 3211 474 Zobair,
3244 416 3299 462 at
3328 416 3623 480 postquam
3658 411 3745 466 ille

2169 505 2569 561 interﬁceretur
2618 502 2980 561 Mohammedi
3036 501 3150 558 Ehn
3212 501 3520 566 Merwani.
3584 502 3742 558 Ebnil

2170 596 2440 670 Hacemi).
2491 595 2800 653 Merwauus
2840 596 2944 652 iste
2984 610 3111 651 cum
3153 594 3208 650 in
3256 594 3471 666 Syriam
3505 595 3743 652 venisset

2164 695 2541 762 juramentum
2564 690 2844 748 lideiitatis
2870 689 2972 759 ipsi
2998 690 3371 759 pmstiterunt
3389 703 3424 745 e
3451 685 3745 745 Damasce-

2168 787 2256 841 nis
2282 784 2528 857 quidam,
2557 783 2974 839 contradicente
3003 780 3288 835 Soiimano
3312 777 3431 835 Ebn
3457 777 3744 843 Bestia-Isi.

2168 877 2286 934 Ebn
2336 878 2500 934 Abdil
2557 876 2769 943 Maleo,
2820 876 3057 948 aliisque
3104 873 3545 931 Ommaidarum.
3603 870 3745 928 Tum

2168 971 2516 1043 congregatis
2545 978 2739 1026 contra
2776 968 2957 1039 Ipsum
2992 969 3165 1041 Syria:
3194 966 3390 1024 incolis
3413 1008 3432 1031 .
3470 976 3526 1021 et
3556 965 3757 1039 pleris-

2168 1080 2278 1133 que
2308 1079 2502 1119 eorum
2534 1064 2628 1135 qui
2660 1064 2728 1117 ab
2764 1062 3224 1119 Hashemidarum
3253 1060 3509 1132 partibus
3536 1068 3748 1115 starent

2170 1156 2224 1212 in
2278 1155 2632 1222 Chorasano,
2694 1153 2953 1225 fugerunt
3012 1153 3187 1223 ipsius
3240 1152 3454 1223 capias,
3509 1152 3751 1220 casique

2167 1257 2297 1305 sunt
2322 1246 2602 1303 exercitus
2631 1246 2774 1319 ejus,
2816 1244 3280 1301 interlicientibus
3321 1240 3629 1298 Chorasaui
3661 1242 3751 1295 in-

2169 1341 2309 1398 colis
2342 1354 2596 1412 magnam
2622 1356 2653 1396 e
2683 1338 2859 1411 Syria
2882 1337 3234 1394 Damaseena
3276 1343 3332 1392 et
3359 1332 3520 1390 Eralti
3548 1334 3750 1390 inn-olis

2168 1432 2598 1497 multitudinem,
2629 1445 2869 1498 quorum
2896 1437 2952 1485 et
2990 1444 3121 1501 opes
3149 1427 3527 1500 diripuerunt,
3560 1424 3751 1481 mulie-

2170 1542 2365 1597 resque
2418 1540 2482 1580 ac
2535 1525 2736 1581 liberos
2787 1522 3033 1593 captivos
3091 1521 3392 1577 duxerunt.
3451 1518 3751 1589 Imperavit

2170 1618 2407 1673 Merwan
2437 1631 2612 1672 annos
2642 1616 2888 1687 quinque
2922 1630 2938 1669 :
2973 1614 3133 1669 bellis
3163 1614 3403 1679 interim,
3428 1626 3751 1683 Oppugnan-

2168 1714 2315 1769 tibus
2338 1712 2580 1782 undique
2598 1711 2777 1781 ipsum
2801 1708 3084 1780 regionum
3108 1703 3501 1779 [diversarum]
3526 1705 3748 1769 incolis,

2166 1818 2422 1863 vexatus.
2460 1804 2682 1867 Deinde,
2722 1816 2847 1858 cum
2878 1800 2947 1857 ab
2979 1802 3039 1854 Al
3072 1800 3184 1856 Zab
3216 1799 3466 1855 Musilam
3508 1797 3745 1871 ingeret.

2169 1902 2295 1959 inde
2318 1903 2372 1956 in
2396 1899 2872 1970 Mesopotamiam,
2888 1896 3083 1953 deinde
3102 1911 3195 1966 per
3212 1894 3426 1968 Syriam
3442 1894 3746 1963 transiens,

2167 1995 2343 2050 donec
2390 1996 2447 2049 ln
2492 1990 2787 2063 Egyptum
2835 1989 3166 2060 perveniret,
3209 1986 3360 2043 missi
3410 1996 3537 2056 post
3568 1987 3746 2055 ipsum

2169 2087 2395 2142 Saidum
2467 2100 2641 2157 usque
2710 2079 3171 2138 Hashemidarum
3235 2079 3513 2133 exercitus
3564 2077 3745 2147 ipsum

2170 2179 2460 2251 qnasitum
2522 2176 2758 2234 assecuti
2824 2182 2957 2232 sunt
3013 2187 3140 2229 eum
3208 2171 3262 2227 in
3327 2173 3449 2226 vico
3508 2170 3746 2239 quodam

2171 2272 2463 2333 Ashmuri,
2500 2270 2590 2325 cui
2633 2283 2831 2324 nomen
2873 2265 3029 2320 Busir
3057 2263 3364 2325 Kurindes.
3399 2262 3492 2318 ubi
3529 2264 3747 2316 occisus

2169 2374 2277 2429 est,
2315 2378 2441 2419 cum
2486 2376 2755 2417 annorum
2795 2367 2943 2416 esset
2982 2358 3267 2429 sexaginta
3308 2369 3524 2411 norem.
3570 2350 3749 2408 Caedis

2173 2457 2348 2527 ipsius
2378 2469 2511 2509 cura
2541 2452 2834 2508 commissa
2868 2449 2971 2505 fuit
3001 2449 3203 2506 Amero
3245 2445 3359 2503 Ebu
3393 2445 3589 2502 lsmael
3625 2444 3750 2496 Sal-

2173 2544 2400 2601 mensis.
2428 2540 2785 2616 393-395
2813 2540 3249 2611 Cognominatus
3282 2545 3464 2593 autem
3496 2544 3583 2592 est
3611 2534 3751 2590 Iler-

2169 2655 2293 2694 wan
2321 2638 2386 2695 Al
2410 2635 2589 2704 Jaadi,
2617 2641 2744 2707 quia
2776 2639 2831 2692 in
2862 2635 3039 2705 ipsum
3066 2646 3263 2703 resque
3294 2630 3469 2701 ipsius
3506 2636 3751 2700 potesta-

2173 2739 2281 2787 tem
2310 2732 2587 2802 praecipue
2617 2729 2803 2784 habuit
2835 2728 2899 2783 Al
2928 2724 3061 2781 Jaad
3095 2723 3213 2780 Elin
3248 2720 3530 2780 Darbaml.
3565 2720 3747 2776 Satel-

2173 2823 2293 2879 litio
2340 2823 2513 2892 ipsius
2567 2819 2785 2892 praefuit
2833 2819 2897 2875 Al
2946 2817 3191 2874 Cauthar
3239 2814 3355 2873 Ebn
3410 2813 3475 2869 Ai
3524 2810 3749 2878 Aswad,

2173 2916 2516 2974 Anawensls.
2575 2916 2790 2970 Janitor
2849 2913 2972 2986 ejus
3033 2911 3183 2980 fuit,
3224 2909 3427 2969 8.·1ιιιὶ)
3490 2909 3744 2966 libertus.

2670 3006 2900 3078 Chalifc
2946 3006 3251 3073 Αδιοεεααρ,

2245 3100 2543 3160 Chalifatns
2576 3098 2713 3153 Abil'
2762 3097 2943 3154 Abbas
2980 3095 3276 3153 AlSaliahi.
3310 3095 3550 3168 ruitque
3583 3097 3743 3164 jura-

2173 3206 2415 3249 mentum
2444 3192 2723 3247 lidelitatis
2751 3189 3055 3262 przestitum
3085 3188 3229 3245 Aliil‘
3250 3188 3473 3244 Abbaso
3510 3189 3629 3260 (qui
3664 3195 3751 3243 est

2172 3287 2435 3343 Abdollah
2459 3284 2575 3340 Ebn
2605 3282 2972 3346 Hohammcd.
3000 3282 3117 3337 Ebn
3141 3283 3251 3345 Ali.
3280 3278 3400 3335 Ebn
3433 3279 3752 3344 Abdollahi,

2174 3381 2347 3437 Ehnol
2403 3377 2625 3443 Abbasi,
2685 3377 2800 3432 Ebn
2854 3374 3014 3432 Abdil
3071 3372 3377 3441 Ilotallabi,
3431 3374 3523 3430 cui
3571 3383 3749 3428 mater

2172 3471 2383 3528 Radiah
2443 3472 2550 3523 illia
2606 3468 2915 3531 Abdollahi,
2968 3467 3082 3523 Ebn
3136 3465 3529 3531 Obaidollahi,
3589 3464 3747 3521 anil

2174 3566 2396 3630 Abbasi,
2454 3563 2569 3619 Ebn
2608 3563 2767 3619 Abdii
2807 3560 3079 3622 Maddeni.
3118 3558 3277 3617 Ebuil
3324 3557 3539 3624 Daiani,
3580 3557 3751 3613 Hare-

2173 3658 2431 3729 theusis),
2457 3656 2623 3713 Cusa‘.
2659 3654 2749 3711 die
2775 3653 3052 3717 Mercurii,
3089 3650 3378 3708 undecimo
3409 3650 3617 3707 mensis
3642 3648 3748 3704 itas

2173 3753 2275 3807 1›ἰ;ε
2306 3750 2627 3823 posterioris
2672 3748 2798 3804 anni
2835 3746 3011 3818 ηψπ
3040 3745 3329 3802 centesimi
3361 3742 3628 3799 tricesimi
3658 3759 3746 3799 se-

2171 3844 2359 3900 cundi.
2412 3842 2513 3896 ilic
2545 3857 2689 3912 eQIIo
2720 3842 2786 3895 ad
2832 3839 3097 3911 templum
3148 3850 3334 3895 vectus
3381 3834 3472 3893 die
3515 3833 3748 3893 Veneris

2171 3939 2240 3992 ad
2275 3936 2554 4000 homines,
2588 3933 2817 4003 pedibus
2848 3941 3003 3987 stans
3039 3944 3347 3986 sermonem
3382 3928 3595 3993 habuit,
3620 3944 3745 3983 cum

2172 4026 2470 4083 Ommaidze
2499 4026 2753 4081 sedentes
2785 4021 3063 4079 orationes
3096 4036 3228 4078 suas
3247 4020 3453 4077 habere
3482 4020 3747 4076 solerent.

2170 4121 2317 4177 illisit
2346 4122 2432 4175 hic
2465 4121 2743 4173 exercitus
2772 4124 2965 4172 contra
2988 4111 3255 4170 Yazidum
3287 4111 3404 4167 Ebn
3430 4110 3601 4169 Omar
3629 4109 3750 4166 Elin

2170 4212 2270 4267 Abi
2327 4212 2571 4266 Horairae
2626 4207 2911 4265 Wasetum
2958 4224 2972 4260 :
3034 4208 3185 4272 misit
3254 4208 3423 4262 etiam
3489 4212 3745 4276 patruum

2171 4321 2329 4361 suum
2361 4303 2723 4359 Abdollahum
2762 4301 2876 4357 Ebn
2906 4300 2991 4357 Ali
3030 4310 3221 4356 contra
3265 4298 3594 4356 ﬂerwauem
3631 4296 3747 4353 Eba

496 4389 637 4443 (ilius
668 4387 849 4443 Cesra:
878 4397 932 4443 et
966 4387 1107 4446 illius
1148 4388 1427 4458 Blerwani,
1473 4393 1716 4464 mihique
1745 4411 1879 4452 avus
1914 4373 2067 4454 Mau-
2100 4373 2143 4426 θ
2176 4395 2537 4464 Multammed,
2569 4409 2732 4466 quem
2792 4394 2847 4447 in
2888 4391 3069 4464 fugam
3105 4392 3255 4446 dedit
3280 4431 3295 4455 ,
3331 4391 3507 4448 donec
3564 4391 3747 4460 ipsum

494 4481 702 4547 ricius,
756 4490 812 4536 et
854 4496 989 4537 avus
1045 4481 1242 4541 Sasau.
1296 4484 1599 4543 meccius
1654 4488 1883 4558 imperio
1940 4494 2066 4559 luit,

495 4593 684 4635 mense
719 4576 913 4644 Hajeb,
948 4577 1343 4650 imperavitque
1386 4596 1603 4637 menses
1646 4586 1905 4655 quinque,
1938 4588 2066 4644 dein

494 4680 744 4725 mortuus
772 4680 856 4726 est
886 4676 989 4726 line
1023 4673 1224 4727 mensis
1257 4670 1544 4728 Dulkaade
1572 4676 1701 4729 anui
1733 4674 1904 4743 "eer
1935 4695 2065 4734 ceu-

498 4764 671 4819 tesimi
700 4763 940 4819 vicesimi
974 4767 1135 4826 sexti,
1164 4780 1339 4820 annos
1365 4767 1570 4821 habens
1596 4768 1851 4836 triginta;
1884 4771 2067 4841 sepul-

498 4867 583 4911 tus
633 4868 716 4911 est
764 4855 1037 4910 Damasci.
1098 4854 1403 4912 Satelhtmn
1462 4856 1566 4925 ipsi
1626 4859 1918 4925 praefeCtus
1966 4863 2070 4919 fuit

496 4943 665 4999 Yazid
702 4945 889 4999 Ebnol‘
930 4943 1245 5017 Sammadjy
1278 4946 1560 5003 cli-tensis
1589 4967 1603 5003 :
1646 4944 1858 5004 Janitor
1885 4949 2068 5007 Salam

495 5041 721 5095 libertus
752 5040 948 5108 ipsius.

555 5129 855 5200 Cnaiifatus
899 5126 1153 5184 Πυθωαηί
1186 5129 1297 5186 Elm
1342 5131 1670 5188 Mohammed
1729 5134 2024 5209 [cognomi-

1060 5228 1171 5280 nati
1205 5225 1271 5278 ΑΙ
1290 5222 1500 5299 laudi].

566 5314 777 5371 Mortuo
833 5314 1039 5377 Yazido
1088 5319 1366 5383 Alnaltes.
1419 5320 1735 5387 iuramento
1793 5321 2068 5379 ﬁdelitatis

498 5410 736 5475 prmstito
766 5407 1049 5481 [chalilam
1082 5410 1489 5484 renuntiarunt]
1517 5414 1768 5469 homines
1799 5415 1853 5469 in
1892 5415 2055 5487 392

500 5499 655 5571 Syria
711 5500 1071 5556 Abrahimum
1130 5501 1300 5557 [ilium
1360 5504 1423 5557 Al
1478 5501 1673 5558 Walidi
1730 5502 1842 5559 Elin
1903 5507 2061 5562 Ainl

502 5592 718 5659 Malcci;
747 5606 801 5648 at
820 5608 944 5649 cum
971 5604 1210 5664 quatuor
1234 5610 1449 5650 menses
1475 5596 1819 5663 imperasset,
1847 5599 2074 5669 imperio

506 5694 791 5746 exuetunt.
822 5684 1085 5758 Venitque
1110 5687 1345 5745 hlerwau
1370 5688 1481 5746 Ebu
1512 5687 1873 5755 Mobammed.
1902 5692 2071 5751 i'lbzzol

2177 4487 2569 4557 Mesopotamia
2616 4494 2671 4542 et
2720 4483 2878 4556 Syria
2929 4484 3253 4555 expelleret.
3293 4484 3432 4540 Tum
3487 4482 3747 4538 Salehum

2177 4579 2296 4633 Ebn
2328 4578 2412 4631 Ali
2445 4577 2615 4640 misit,
2648 4576 2742 4646 qui
2769 4574 3020 4629 eumdem
3059 4574 3111 4631 in
3144 4572 3438 4648 [Egyptum
3469 4576 3749 4630 tusc-cutus

2175 4679 2277 4728 est,
2328 4663 2515 4736 prima:
2544 4661 2665 4733 ejus
2699 4662 2834 4717 aciei
2876 4662 3141 4733 prastecto
3190 4665 3309 4718 Abu
3356 4663 3540 4726 Auno.
3574 4664 3748 4719 donec

2179 4761 2357 4829 ipsum
2420 4756 2810 4812 interfecisset.
2853 4753 3085 4811 Romani
3139 4768 3320 4812 autem
3354 4771 3481 4812 cum
3531 4765 3748 4815 mortuo

2180 4852 2515 4922 imperatore
2564 4847 2747 4904 Leone
2791 4849 2948 4904 multi
2978 4848 3146 4922 396
3188 4850 3311 4906 illos
3351 4850 3495 4907 male
3542 4859 3748 4907 tracta-

2181 4953 2324 5012 rent,
2360 4960 2425 5001 ac
2454 4944 2685 4999 turbatas
2723 4950 2909 4999 essent
2945 4943 3122 5013 ipsius
3151 4944 3370 5014 imperii
3421 4957 3533 5011 res,
3574 4945 3745 4999 virum

2179 5036 2473 5111 quemdam
2535 5051 2567 5090 e
2612 5034 2848 5090 Marashi
2885 5036 3084 5091 incolis
3144 5036 3367 5091 nomine
3419 5035 3744 5091 Artabatum

2180 5131 2288 5187 sibi
2337 5128 2738 5199 prmiecerunt,
2786 5126 2943 5197 cuius
2973 5126 3268 5196 imperium
3322 5127 3500 5184 turbis
3528 5131 3746 5199 plenum

2179 5226 2283 5281 fuit
2312 5231 2556 5292 tempore
2587 5219 2707 5274 Abii
2734 5218 2937 5275 Abbasl
2968 5228 3022 5274 et
3048 5218 3336 5277 Mansoris.
3363 5218 3626 5275 Condidit
3658 5237 3746 5275 au-

2181 5331 2287 5372 tem
2328 5315 2470 5369 Aliul
2506 5314 2691 5368 Abbas
2735 5316 2789 5365 in
2825 5312 3043 5367 Anbaro
3087 5312 3276 5367 urbem
3326 5326 3491 5383 quam
3543 5313 3747 5369 Ilashe-

2182 5412 2344 5463 miam
2404 5406 2721 5477 appellavit.
2760 5404 2886 5459 Fuit
2910 5404 3203 5461 chalit'atus
3252 5404 3429 5473 ipsius
3475 5418 3744 5461 annorum

2172 5512 2426 5574 quatuor.
2454 5506 2510 5552 et
2537 5513 2729 5553 novem
2764 5498 3033 5553 mensium
3065 5514 3081 5553 :
3119 5509 3373 5553 mortuus
3417 5507 3504 5554 est
3542 5498 3597 5553 in
3645 5500 3749 5555 An-

2176 5598 2330 5659 baro,
2359 5593 2446 5647 die
2483 5592 2789 5657 Dumiuieo,
2828 5591 3034 5648 mensis
3060 5590 3141 5644 Dil
3182 5588 3358 5661 Hujize
3386 5590 3741 5659 duodecimo,

2178 5690 2303 5745 anni
2336 5685 2511 5756 "eine
2548 5682 2831 5739 centesimi
2877 5683 3138 5741 tricesimi
3180 5684 3346 5745 sexti.
3398 5684 3646 5754 sepultus
3689 5686 3740 5741 iu
