3976 6168
292 296 431 362 1125

1738 299 2089 361 ANNALES

3424 294 3559 358 i126

282 415 421 467 urbe
455 408 767 467 liashemia.
797 410 922 465 Fuit
955 411 1093 466 Abul
1158 410 1343 467 Abbas
1387 426 1673 482 procerus.
1730 412 1872 468 lacie
1902 417 1950 474 Α
1978 409 2281 467 centesimo
2313 412 2775 483 quinquagesimo
2804 418 3019 474 octavo,
3066 409 3313 476 obiitque
3362 406 3563 465 Mei-hae

278 506 532 574 pulchra,
566 513 778 560 statura
810 505 1077 577 perlecta.
1101 504 1414 559 Satellitum
1447 506 1550 575 ipsi
1578 502 1871 576 prefectus

278 601 382 653 iuit
416 596 588 653 AbOIOl
628 598 819 655 Iabbar
849 596 966 652 Ebn
1003 598 1515 666 Abdor-Balimani,
1539 599 1808 656 Azdcnsia
1852 614 1868 652 :

274 690 515 757 Janitor,
546 690 661 745 Ebn
699 690 890 746 Gaﬂ'au
925 693 1163 748 libertus
1202 693 1398 763 ipsius.

596 783 900 853 Chalij'atus
951 784 1166 858 lnafari
1206 786 1546 843 Almansuri.

347 876 677 933 Coniecerat
747 877 892 934 Abul
933 878 1119 934 Abbas
1194 886 1581 934 testamentum
1650 878 1703 933 in
1756 892 1869 948 quo

272 966 552 1024 imredem
583 970 957 1024 constituerat
1002 965 1230 1025 fratrem
1282 984 1448 1025 suum
1504 969 1608 1025 Abi
1661 969 1868 1035 iaaiar,

271 1057 642 1117 Abdoilahum
680 1060 797 1116 Ebn
823 1058 1198 1127 Mohatnmed,
1232 1060 1347 1117 Ebn
1370 1061 1482 1129 Ali,
1509 1062 1630 1119 Ebn
1655 1061 1867 1119 Abdal-

265 1153 406 1220 iabi,
438 1153 614 1210 Ebnol
668 1153 869 1213 Abbasi
905 1154 1093 1226 (cujus
1150 1166 1328 1211 mater
1378 1156 1691 1213 concubina
1734 1155 1869 1226 fuit,

272 1248 498 1303 nomine
528 1246 785 1303 Sal-amab
824 1249 934 1304 tilia
966 1248 1218 1315 Bashari,
1240 1264 1472 1320 qumque
1510 1249 1729 1305 Basorze
1760 1265 1873 1306 na-

268 1352 325 1398 ta
404 1339 554 1413 fuit),
592 1342 899 1413 colemque
923 1350 1126 1413 patruo
1172 1360 1272 1398 suo
1306 1344 1404 1399 isse
1436 1340 1553 1401 Ebn
1604 1344 1715 1411 Ali,
1749 1343 1869 1401 Ebn

275 1431 567 1489 Abdollahi
602 1431 777 1488 Ebnoi
804 1432 1009 1489 Abbasi
1042 1432 1277 1498 tradito;
1307 1430 1408 1489 Ubi
1442 1434 1671 1505 (inquit)
1712 1450 1868 1492 mor-

274 1536 400 1580 tuus
433 1523 612 1589 l‘uero,
641 1525 895 1580 homines
951 1524 1114 1580 ﬁdem
1139 1524 1456 1596 jurameuto
1501 1527 1854 1599 obstringere

276 1617 449 1673 facias
478 1618 556 1673 illi
580 1618 742 1689 cujus
770 1618 825 1673 itt
850 1618 956 1675 hoc
989 1626 1321 1675 testamento
1348 1620 1555 1676 mentio
1587 1618 1731 1676 iacta
1762 1630 1868 1677 est.

273 1709 376 1766 Ubi
420 1726 552 1784 ergo
586 1726 617 1766 e
667 1712 810 1767 vivis
838 1719 1159 1768 excesserat
1206 1712 1350 1767 Abui
1401 1711 1645 1778 Abbasi,
1694 1712 1859 1770 tidem

272 1805 410 1859 dare
445 1804 572 1860 iecit
603 1803 686 1858 lsa
750 1804 866 1859 Ebn
922 1803 1007 1859 Ali
1048 1803 1447 1872 Hasbemidas,
1500 1808 1594 1877 qui
1647 1807 1859 1863 Anbari

271 1908 455 1960 erant,
481 1894 757 1966 ducesque
784 1894 1145 1969 397-399
1174 1898 1278 1955 Abi
1308 1895 1521 1954 iaal'aro
1553 1899 1864 1956 Abdoilabo

270 1986 391 2043 Ebn
422 1984 806 2045 Mobanunedi.
841 1986 1020 2044 laafar
1052 1999 1239 2047 autem
1295 2001 1430 2048 tunc
1480 1992 1743 2065 temporis
1775 2008 1873 2066 pe-

272 2081 702 2149 regrinationem
744 2081 1031 2154 religionis
1074 2097 1209 2154 ergo
1262 2082 1619 2152 instituerat,
1685 2088 1867 2141 comi-

273 2181 431 2230 tante
463 2173 646 2245 ipsum
678 2173 795 2229 Abu
834 2172 1183 2233 Moslemino.
1209 2163 1433 2233 Litteris
1471 2190 1603 2250 ergo
1636 2178 1862 2249 scriptis

275 2265 446 2337 bujus
490 2267 569 2324 rei
620 2268 924 2326 certiorem
993 2268 1175 2341 ipsum
1230 2268 1511 2338 fecerunt,
1580 2271 1741 2344 cujus
1777 2271 1872 2329 ubi

277 2359 476 2416 notitia
504 2361 572 2415 ad
609 2362 787 2433 ipsum
823 2362 1093 2433 pervenit,
1127 2360 1505 2429 juratnentum
1562 2363 1668 2434 ipsi
1723 2380 1870 2434 prae-

275 2457 540 2509 stiterunt
571 2452 690 2508 Abu
741 2453 989 2519 Moslem,
1044 2455 1358 2527 ceterique,
1413 2456 1504 2527 qui
1565 2473 1693 2513 cum
1745 2458 1870 2531 ipso

273 2554 437 2601 erant
483 2545 676 2602 duces.
716 2545 1002 2602 Anbarum
1058 2560 1191 2618 ergo
1248 2544 1443 2604 tendit.
1502 2548 1629 2604 Fuit
1685 2561 1866 2609 autem

277 2637 543 2695 Abdoiiah
580 2637 694 2695 Ebn
729 2639 837 2704 Ali,
873 2638 1000 2696 Ebn
1057 2639 1379 2707 Abdoliabi,
1440 2639 1614 2698 Ebnoi
1664 2645 1868 2702 Abbasi

277 2730 335 2786 in
370 2729 758 2803 hiesopotamia
792 2730 1023 2805 [ibique]
1056 2734 1161 2789 sibi
1198 2733 1490 2804 imperium
1515 2737 1867 2807 rendicavit;

275 2822 349 2876 ad
383 2838 546 2894 quem
584 2823 804 2879 mittens
836 2824 959 2880 Abu
1010 2826 1184 2880 laalar
1228 2828 1351 2882 Abu
1400 2827 1753 2899 Mosiemum,
1788 2832 1871 2903 ip-

274 2929 402 2970 sum
430 2914 757 2987 proﬂigavit.
794 2914 1183 2989 Reversusque
1218 2929 1298 2974 est
1329 2918 1623 2977 Albiausur
1646 2923 1866 2981 Cuiam.

280 3002 421 3060 Tum
461 3003 775 3076 Bagdadum
809 3008 998 3063 urbem
1046 3009 1319 3074 condidit,
1349 3025 1513 3080 quam
1550 3011 1864 3070 Medinatoi'

1986 502 2194 557 mensis
2244 501 2324 557 Dii
2375 500 2543 572 Iiajjze
2587 518 2757 564 nono,
2809 517 2985 559 annos
3050 513 3215 557 natus
3276 503 3562 571 sexaginta

1978 604 2130 660 octo,
2182 611 2309 651 cum
2356 596 2619 651 chaliiatu
2668 595 2893 651 iunctus
2934 607 3080 651 esset
3130 610 3305 651 annos
3359 597 3561 666 viginti

1975 689 2136 745 duos.
2168 688 2361 745 Oravit
2409 702 2509 761 pro
2543 691 2664 760 ipso
2698 690 2843 748 illius
2877 690 3051 759 ipsius
3082 688 3340 757 Saieltus,
3372 690 3562 761 sepul-

1977 789 2175 853 tusque
2202 790 2289 837 cst
2338 779 2539 838 iiieciue
2581 783 2738 853 juxta
2791 790 3015 853 puteum
3067 782 3382 838 iiiaimonis.
3440 780 3569 840 Fuit

1975 873 2095 929 Abu
2129 871 2306 928 laaiar
2340 871 2639 930 Aliiansur
2685 890 2978 946 procerus,
3013 872 3231 945 fuscus,
3261 876 3411 932 raris
3446 892 3565 947 my-

1976 966 2249 1028 stacibus.
2293 967 2482 1023 barbas
2511 977 2668 1038 parte
2698 968 2967 1023 anteriori
3000 969 3238 1041 prolixa.
3290 968 3561 1024 Satellitio

1974 1058 2154 1128 ipsius
2184 1060 2524 1131 pra-inerunt
2544 1061 2715 1117 Abdol
2747 1062 2938 1118 lahbar
2964 1062 3076 1119 Ebn
3105 1064 3562 1129 Abdit"ralnnan,

1973 1149 2277 1217 Azdensis,
2330 1150 2449 1208 Ebn
2481 1153 2654 1218 Caab,
2698 1151 2815 1208 Ebn
2864 1152 3039 1219 Musa,
3094 1152 3465 1210 Tamimensis
3508 1165 3565 1207 et

1973 1240 2322 1315 Albiosaiyeb
2352 1240 2650 1309 AiZahari,
2684 1242 3013 1301 Dabbensis.
3048 1241 3270 1299 Janitor
3297 1243 3422 1314 ejus
3460 1243 3566 1297 init

1973 1335 2115 1392 Abui
2147 1334 2352 1393 Chatib
2384 1335 2605 1393 Marzuc
2642 1338 2876 1392 libertus
2903 1337 3085 1408 ipsius
3117 1347 3198 1403 et,
3226 1343 3353 1409 post
3384 1336 3563 1406 ipsum

1973 1426 2254 1489 AlRabius
2291 1430 2527 1486 libertus
2562 1431 2770 1501 ipsius.

2228 1520 2586 1596 ωιοωθ
2641 1522 2950 1595 Cltalifaiua
3004 1521 3302 1579 Attio/ldis.

2048 1612 2265 1673 Mortuo
2295 1615 2532 1672 Meccbtn
2567 1615 2897 1672 Aimansuro
2934 1619 3091 1671 iidem
3143 1615 3565 1674 obstrinxcrttttt

1977 1706 2139 1764 Saleb
2169 1706 2343 1764 Ebuol
2372 1706 2620 1773 Mansur;
2652 1717 2711 1762 et
2744 1710 2827 1764 lsa
2881 1708 3000 1763 Ebn
3050 1707 3227 1773 Musa,
3272 1706 3564 1763 Aibiohdio

1892 1765 1935 1823 Β
1977 1798 2092 1855 Ebn
2124 1799 2494 1863 ilohammed.
2538 1765 2655 1856 ΕΜ»
2690 1800 2984 1866 Abdollali,
3024 1800 3142 1856 Ebn
3190 1765 3563 1865 hiohammed,

1972 1891 2090 1949 Ebu
2121 1894 2229 1958 Ali,
2258 1891 2377 1950 Ebn
2406 1892 2721 1956 Abdoiiahi.
2763 1892 2937 1950 Ebnoi
2979 1892 3183 1949 Abbasi
3212 1911 3230 1963 ;
3264 1894 3352 1951 cui
3388 1901 3563 1948 mater

1969 1994 2086 2041 erat
2117 1984 2298 2043 Omno
2334 1985 2510 2054 lusa,
2538 1986 2645 2042 lilia
2676 1984 3013 2048 AlMansuri,
3060 1985 3179 2041 Ebn
3235 1984 3549 2051 Abdoilah‘,

1968 2078 2089 2136 Ebn
2117 2079 2297 2137 Sabwi
2333 2078 2744 2154 ﬂatnyarensis,
2778 2079 2893 2137 Ebn
2925 2078 3207 2137 AlRoaini.
3239 2079 3563 2151 Peregrina-

1980 2171 2145 2227 tionis
2177 2186 2309 2244 ergo
2336 2169 2530 2246 [ritus]
2583 2171 2910 2229 hominibus
2963 2173 3195 2244 periecit
3243 2170 3411 2228 Saleb
3440 2170 3558 2227 Ebn

1973 2262 2286 2320 Alliansuri
2318 2282 2331 2321 :
2369 2267 2455 2323 vel
2493 2264 2864 2322 referentibus
2899 2265 3255 2335 quibusdam,
3316 2265 3563 2321 licitant-

1969 2357 2121 2421 lled,
2171 2358 2285 2414 Ebn
2316 2356 2529 2431 Yabya,
2579 2358 2694 2415 Ebn
2739 2359 3117 2423 Hohammod,
3152 2358 3271 2416 Ebn
3302 2360 3410 2424 Ali,
3438 2362 3557 2416 Eim

1970 2452 2290 2515 Abdollabi,
2352 2454 2524 2508 Ebnoi
2580 2452 2778 2509 Abbasi
2814 2472 2827 2508 :
2858 2463 2912 2508 et
2957 2454 3023 2508 ad
3075 2451 3347 2508 Aiiiohdii
3399 2453 3559 2508 obse-

1969 2541 2162 2611 quium
2219 2542 2490 2599 invitavit.
2525 2541 2785 2598 Nuntium
2841 2552 3023 2599 autem
3085 2540 3151 2598 ad
3183 2541 3557 2607 AiMOIidiUlli,

1968 2635 2060 2703 qui
2096 2631 2335 2702 Bagdaili
2368 2645 2498 2691 tunc
2523 2646 2662 2696 erat.
2684 2636 2912 2706 pertulit
2944 2633 3209 2689 Mouarub
3237 2632 3555 2689 Aliiansnri

1972 2742 2192 2783 servus.
2242 2726 2491 2783 Prastita
2524 2742 2656 2798 ergo
2687 2735 2816 2784 sunt
2848 2728 2925 2782 illi
2947 2728 3261 2797 jnramenta
3295 2728 3555 2799 Bagdadi,

1977 2818 2174 2873 ultimo
2237 2816 2533 2891 Dilﬂajja,
2586 2833 2735 2874 anno
2797 2820 3101 2875 centesimo
3162 2819 3557 2891 quinquagesi-

1970 2925 2062 2967 mo
2134 2925 2349 2970 octavo.
2421 2911 2597 2969 Porro
2661 2922 2917 2968 utortuns
2995 2921 3081 2969 est
3148 2910 3551 2970 Constantinus

1972 3003 2172 3062 Leonis
2224 3004 2368 3063 illius
2419 3002 2794 3062 Romanorum
2846 3006 3167 3075 imperator,
3209 3006 3545 3063 succedente

280 3094 463 3150 Solam
508 3095 585 3170 [id
630 3106 715 3154 est
749 3100 939 3155 urbem
975 3098 1152 3175 pacis]
1177 3102 1499 3172 appellavit.
1557 3102 1758 3161 Vorata
1782 3119 1862 3167 est

1972 3098 2076 3171 ipsi
2115 3097 2171 3155 in
2200 3098 2430 3170 imperio
2450 3098 2563 3153 lilio
2596 3100 2770 3169 ipsius
2806 3096 3009 3163 Leone,
3042 3099 3155 3155 lilio
3178 3097 3556 3168 Constantini,

280 3197 464 3243 autem
497 3187 630 3247 urbs
689 3186 910 3263 Bagdad
955 3190 1081 3247 ideo
1111 3193 1259 3264 quod
1294 3195 1345 3248 in
1374 3209 1440 3251 ea
1485 3209 1633 3253 esset
1679 3215 1870 3256 mona-

278 3282 418 3338 chus
458 3282 683 3354 quidam
721 3282 945 3339 nomine
971 3281 1230 3355 Bagdad;
1276 3287 1365 3343 cui
1408 3290 1717 3346 claustrum
1746 3303 1866 3351 erat

276 3372 335 3427 in
369 3382 527 3430 terra
544 3376 737 3445 amplae
760 3389 825 3431 ac
838 3374 1073 3446 pulchra!
1101 3378 1299 3441 medio.
1324 3381 1416 3450 qui
1439 3379 1594 3438 locus
1611 3397 1735 3439 cum
1763 3386 1864 3441 Abi

273 3463 489 3521 laniare
518 3467 780 3537 placeret,
819 3474 938 3538 Ipso
969 3468 1267 3538 delineato,
1314 3474 1368 3527 in
1406 3488 1472 3529 eo
1508 3477 1698 3532 urbem
1731 3493 1867 3534 cou-

273 3557 436 3624 didit,
463 3574 588 3629 qua:
622 3560 838 3631 [ςκεάιά
873 3563 1147 3631 appellata
1183 3576 1268 3618 est
1299 3566 1523 3621 nomine
1557 3571 1812 3626 monachi
1844 3590 1858 3633 ς

279 3648 438 3718 quasi
470 3649 619 3704 dicat
650 3665 665 3703 :
704 3648 987 3706 Exstruxit
1030 3652 1152 3707 Abu
1185 3652 1360 3710 iaai’ar
1393 3658 1583 3712 urbem
1637 3660 1693 3716 in
1743 3662 1863 3717 luco

275 3737 516 3811 Bagdadi
547 3741 827 3797 monachi.
874 3744 1037 3799 Anno
1071 3744 1371 3804 cbalil'atus
1400 3747 1503 3803 Abi
1540 3748 1736 3808 iaafari
1771 3754 1865 3808 Al-

276 3831 524 3890 Ilansuri
553 3837 752 3907 primo,
787 3838 1124 3895 constitutus
1151 3848 1236 3897 est
1266 3839 1661 3914 Pmphylaetus
1698 3850 1865 3915 patri-

277 3926 446 3981 archa
468 3927 869 3996 Antiochenus,
892 3932 993 4001 qui
1024 3946 1200 3988 annos
1220 3934 1527 3991 octodecim
1552 3938 1712 4004 sedit,
1737 3941 1864 3997 dein

275 4028 530 4075 mortuus
572 4029 681 4076 est.
748 4018 1010 4095 Ejusdem
1045 4037 1190 4079 anno
1207 4024 1476 4083 vicesimo
1518 4031 1862 4089 constitutus

269 4120 359 4166 est
396 4110 723 4170 Theodorus
761 4116 1078 4187 patriarcha
1124 4116 1527 4187 Antiochenus,
1564 4126 1657 4195 qui
1687 4140 1863 4183 annos

270 4204 464 4275 viginti
495 4212 608 4261 tres
632 4207 797 4272 sedit,
832 4208 962 4264 dein
1004 4221 1258 4267 mortuus
1293 4220 1400 4269 est.
1432 4202 1595 4271 Anno
1624 4217 1859 4274 cbalii'a-

270 4306 365 4353 tus
405 4298 654 4369 ejusdem
686 4310 894 4371 quarto
926 4304 1266 4359 constitutus
1301 4318 1387 4361 est
1416 4306 1737 4367 Balatianus
1766 4326 1863 4381 pa-

268 4393 514 4447 triaroba
552 4393 985 4458 Alexandrinus,
1021 4394 1188 4467 400
1214 4399 1309 4470 qni
1341 4408 1395 4454 et
1433 4402 1683 4459 medicus
1715 4403 1855 4460 luit:

270 4498 451 4542 annos
500 4488 868 4561 quadraginta
919 4502 1015 4545 sex
1053 4490 1219 4557 sedit,
1266 4486 1402 4548 dein
1453 4504 1706 4553 mortuus
1750 4509 1857 4553 est.

249 4576 318 4657 ,Α
331 4592 441 4633 uno
474 4578 718 4648 ejusdem
744 4581 923 4650 prino
940 4581 1277 4637 conatitutus
1304 4594 1386 4638 est
1418 4582 1741 4642 Theodorus
1764 4603 1860 4657 pa-

268 4673 516 4730 triarcha
561 4671 1258 4740 Constantinopolitanus;
1296 4675 1389 4745 qui
1446 4690 1623 4731 annos
1665 4679 1855 4751 viginti

269 4781 367 4825 sex
402 4766 567 4833 sedit,
597 4762 727 4819 dein
757 4764 918 4821 obiit.
985 4762 1101 4819 Non
1138 4778 1316 4820 autem
1345 4768 1476 4822 mihi
1512 4769 1654 4825 scire
1718 4787 1855 4828 cono

271 4860 398 4931 tigit
449 4857 672 4914 nomina
724 4858 1165 4928 patriarcharum
1217 4857 1863 4933 Constantinopolitano-

270 4965 390 5007 rutn
421 4964 452 5003 a
481 4956 731 5020 tempore
756 4961 867 5016 quo
900 4956 1154 5004 mortuus
1180 4957 1264 5003 est
1289 4946 1617 5007 Theodorus
1649 4954 1717 5010 ad
1756 4956 1861 5011 hoc

269 5056 444 5114 usque
467 5054 580 5112 quo
611 5040 759 5096 hunc
792 5038 996 5096 librum
1046 5040 1360 5109 composui,
1397 5054 1453 5096 ut
1489 5059 1591 5098 nec
1623 5047 1861 5114 patriar.

267 5138 499 5192 charum
532 5132 931 5201 Romanorum,
960 5148 988 5188 a
1022 5143 1270 5202 tempore
1303 5137 1494 5206 Agabii
1530 5138 1860 5205 patriarcha

269 5227 532 5295 Romani;
565 5244 665 5284 nec
694 5226 827 5298 quid
854 5228 924 5283 de
956 5228 1092 5297 ipsis
1120 5238 1397 5283 narretur.
1428 5229 1589 5283 Anno
1617 5233 1855 5286 cltaiila-

269 5333 359 5379 tus
402 5322 654 5393 ejusdem
699 5319 1014 5376 Alilansuri
1072 5321 1335 5377 vicesimo
1383 5325 1722 5378 constitutus
1769 5332 1849 5380 cst

266 5413 877 5485 Georgiusopatriarcba
925 5411 1497 5485 iiierosuiytnitanus;
1550 5416 1643 5485 qui
1674 5430 1853 5472 autms

268 5508 493 5581 tri‘iuta
529 5521 622 5562 sex
660 5506 823 5571 sedit,
856 5507 985 5561 dein
1033 5520 1287 5565 mortuus
1331 5520 1436 5561 est.
1478 5507 1724 5563 Mortuus
1757 5520 1844 5565 est

266 5596 1143 5655 etiatnArtabatusRomanorum
1175 5596 1498 5665 imperator,
1523 5610 1649 5666 post
1684 5616 1847 5669 quem

270 5691 465 5748 iisdem
492 5688 777 5762 imperatit
810 5688 1205 5744 Constantinus
1240 5690 1384 5743 lilius
1424 5688 1645 5746 Leonis.
1677 5690 1847 5747 Porro

273 5784 765 5860 peregrinationem
815 5783 1049 5840 instituit
1113 5783 1408 5840 Aiiiansur
1470 5800 1612 5842 anno
1674 5784 1847 5859 iiejrte

1970 3188 2069 3245 iiiii
2124 3187 2342 3246 Leonis.
2392 3188 2517 3246 Fuit
2559 3199 2743 3247 autem
2789 3191 3060 3247 Aihiehdii
3117 3191 3414 3249 chaiii’atus
3456 3208 3554 3247 an-

1971 3297 2166 3338 norum
2208 3272 2397 3340 decem
2455 3300 2585 3340 cum
2643 3298 2834 3341 mense
2870 3293 2927 3341 et
2993 3285 3271 3341 sexdecim
3330 3287 3552 3346 diebus.

1967 3374 2115 3431 Obiit
2142 3389 2330 3432 mense
2364 3374 2675 3432 loliarram
2707 3377 2836 3433 anni
2864 3376 3041 3448 iiejra:
3072 3378 3360 3435 centesimi
3394 3394 3553 3436 sexa-

1966 3469 2161 3540 gesimi
2235 3471 2386 3537 noni,
2494 3485 2620 3526 cum
2683 3485 2951 3525 annorum
3010 3482 3158 3528 esset
3182 3472 3403 3542 triginta
3448 3489 3553 3530 no-

1965 3576 2111 3628 vem,
2163 3560 2325 3633 idque
2370 3560 2427 3617 in
2480 3560 2604 3619 viro
2660 3561 2809 3617 dicto
2852 3560 3045 3618 Αιιιυα
3078 3579 3108 3619 e
3161 3572 3304 3620 terra
3338 3564 3554 3623 Masab-

1959 3650 2093 3713 dan,
2124 3649 2216 3705 ubi
2244 3657 2299 3706 et
2333 3648 2586 3721 sepultus
2616 3660 2723 3707 est.
2756 3649 2883 3707 Fuit
2916 3655 3057 3708 idem
3094 3654 3256 3721 facie,
3292 3671 3548 3726 corpore,

1961 3752 2013 3798 et
2036 3748 2246 3798 statura
2266 3743 2531 3813 pulchris,
2562 3743 2616 3798 in
2640 3744 2802 3799 oculo
2835 3745 3027 3801 dextro
3053 3744 3362 3819 aibuginem
3388 3749 3552 3823 404

1968 3833 2199 3891 habens.
2230 3834 2571 3893 Satellitibus
2597 3836 2769 3908 ipsius
2794 3839 3085 3908 praefectus
3126 3840 3228 3897 l'uit
3250 3841 3359 3899 Nae
3426 3844 3545 3902 Ebn

1968 3925 2190 3992 Nosair,
2248 3928 2365 3983 Ebn
2424 3927 2616 3994 Maleo,
2669 3926 3043 3999 Choaaensis;
3104 3948 3283 4003 eoque
3333 3946 3551 3991 mortuo

1968 4017 2212 4075 Hamub
2263 4015 2379 4076 Ebn
2423 4019 2618 4087 Iaiec,
2669 4018 2783 4077 Ebn
2837 4024 3152 4093 Abdoilahi,
3191 4024 3309 4083 Ebn
3356 4027 3547 4085 Siaicc.

1963 4110 2174 4168 ianitor
2219 4112 2395 4181 ipsius
2444 4113 2717 4171 Aiilabins
2760 4114 2992 4173 libertus
3026 4117 3246 4189 ipsius:
3279 4119 3405 4176 dein
3454 4121 3549 4176 Ai-

1965 4202 2167 4260 Hosaia
2200 4203 2322 4260 Ebn
2355 4201 2573 4260 Rasln-d
2612 4206 2845 4264 libertus
2876 4208 3074 4279 ipsius.

2363 4294 2672 4367 Chalifatats
2710 4296 2878 4354 Haec
2906 4297 3033 4354 ΑΙΗ
3036 4300 3150 4357 adi.

2039 4383 2254 4443 Mortuo
2300 4385 2592 4447 Aillobdio
2633 4391 2691 4447 in
2734 4391 2930 4447 AlBud
2972 4394 3217 4466 regionis
3248 4396 3546 4459 iriosabdan

1889 4460 1942 4521 D
1968 4481 2193 4551 oppido,
2222 4480 2485 4538 snii‘ectus
2508 4492 2592 4540 est
2621 4483 2773 4539 Musa
2811 4484 2986 4542 Ebnol
3011 4460 3222 4555 idobdi,
3253 4494 3352 4546 cui
3373 4508 3549 4551 mutor

1966 4576 2299 4640 concubina,
2353 4575 2574 4633 nomine
2620 4578 3009 4646 Alcliizaram,
3067 4581 3173 4635 tilia
3226 4583 3339 4637 Atae
3386 4594 3550 4642 natus

1964 4667 2127 4724 Jortin
2147 4671 2420 4741 eregione
2451 4668 2683 4727 Yaman.
2712 4669 2834 4727 Fuit
2863 4686 3042 4729 amem
3071 4673 3222 4730 Musa
3246 4676 3472 4733 Aliiadii
3513 4696 3548 4738 η

1968 4763 2186 4832 regione
2217 4761 2407 4835 Jurjan
2442 4765 2581 4819 bello
2625 4764 2815 4822 Madar
2860 4764 3135 4823 liortnozo
3176 4770 3401 4827 dmuino
3438 4772 3547 4828 Ta-

1964 4853 2241 4911 barestani
2291 4856 2579 4914 inierendo
2624 4869 2951 4931 occupatus.
2990 4859 3377 4918 duramentum
3411 4882 3545 4935 ergo

1962 4952 2240 5010 iideiitatls
2287 4967 2415 5026 erga
2461 4952 2698 5011 fratrem
2729 4970 2892 5012 suum
2945 4955 3017 5012 ab
3053 4957 3122 5014 iis
3166 4957 3257 5027 qui
3316 4960 3548 5017 οιιιηιιι

1960 5041 2333 5111 iiashcmidis,
2368 5046 2713 5118 ducibusque
2751 5050 2869 5104 suis
2905 5050 3088 5120 exegit
3125 5048 3312 5107 Harun
3344 5052 3543 5110 Mobdii

1964 5134 2134 5202 liiius,
2169 5138 2336 5194 misso
2384 5136 2650 5196 Saimatoi
2692 5138 2921 5210 Wasipb
2956 5140 3157 5199 Mobdii
3188 5124 3406 5208 Lbeito,
3445 5149 3542 5217 qui

1959 5232 2173 5285 veredis
2189 5231 2479 5300 praefectus
2502 5241 2643 5295 erat,
2667 5250 2777 5303 quo
2802 5237 3057 5291 nuntium
3088 5238 3155 5294 ad
3180 5238 3390 5295 Musam
3422 5258 3545 5311 per-

1954 5322 2143 5388 ferret,
2180 5340 2544 5395 reversusque
2600 5338 2687 5383 est
2745 5329 2929 5383 llaruu
2963 5328 3137 5386 Ebnoi
3182 5330 3366 5387 Moltdi
3415 5349 3540 5388 cum

1953 5415 2187 5472 ducibus
2210 5415 2738 5487 Bagdadum,ilonec
2794 5421 3075 5476 adveniret
3127 5423 3277 5480 Musa
3309 5424 3541 5482 Aliladi.

1953 5509 2077 5563 Fuit
2098 5508 2394 5563 cimiii’utus
2423 5512 2597 5578 ipsius
2630 5512 2896 5568 mensium
2930 5516 3365 5583 quatuordeciut.
3389 5519 3540 5573 Obiit

1953 5613 2133 5657 autem
2170 5601 2320 5657 Musa
2379 5602 2582 5657 Aliladi
2621 5614 2776 5660 extra
2834 5606 3153 5677 Bagdadum
3211 5610 3330 5665 iceo
3374 5626 3537 5678 quem

1952 5694 2143 5751 Isubati
2183 5704 2415 5761 vocant;
2448 5696 2757 5768 ibidemque
2797 5701 3071 5770 sepultus,
3106 5716 3229 5756 cum
3260 5717 3533 5758 annorum

1951 5796 2095 5846 esset
2120 5786 2305 5860 viginti
2341 5793 2586 5862 quinque
2616 5809 2625 5845 :
2666 5791 2894 5863 pulcher
2932 5792 3057 5864 iuit,
3089 5810 3280 5864 eques,
3306 5809 3538 5867 corpore
