3980 6152
467 262 601 325 1127

1514 252 1887 314 EUTYCDII
1937 245 2472 311 ALEXANDBINI
2518 242 2743 305 PATR.

3582 240 3725 304 1128

463 376 671 427 valens.
716 368 1058 426 Satellitibus
1104 366 1277 438 ipsius
1316 363 1607 433 praefectus
1647 365 1748 417 fuit
1779 360 2047 416 Ahdollah
2081 364 2122 418 Ρ.
2156 366 2334 417 tiantts
2372 362 2426 415 in
2462 358 2755 432 .Egyptttm
2780 357 3043 413 ecclesias
3094 356 3328 426 repetit:
3367 367 3735 425 mortuusque

461 464 578 520 Elin
616 462 838 525 Ilazem,
878 461 992 515 Ebn
1030 458 1353 523 llozaimah,
1391 457 1754 510 'l‘nmimensis
1794 474 1805 507 :
1839 454 2037 507 deinde

462 561 583 623 ipso
613 559 872 611 abdicato
926 552 1190 608 Abdollah
1250 552 1356 605 Ehn
1412 549 1615 611 Maleo.
1679 545 2038 603 Chosaensil‘.

460 647 813 722 ἧσε-407
879 645 1094 701 Ianitor
1164 646 1336 714 ipsius
1389 644 1450 695 Al
1505 641 1751 705 Rabius;
1808 645 1925 692 tum
1980 652 2047 691 eo

434 744 684 796 imurtuo
724 753 971 808 ,muncre
1027 738 1121 792 ilio
1160 735 1386 789 iunctus
1436 744 1519 789 est
1554 731 1824 789 AlFadlus
1874 730 2047 785 Ebuol

466 836 623 890 Κηὶιὶί
637 876 651 892 ο

807 926 1106 995 Chalifatus
1141 924 1352 978 "omni
1378 920 1699 977 Allius/ridi.

538 1023 677 1076 Tum
751 1021 997 1091 praestita
1064 1019 1379 1089 iuramento
1461 1014 1744 1070 ildelitatis
1822 1020 2050 1067 evectus

466 1130 549 1173 est
606 1116 924 1180 AlRasliid,
972 1112 1245 1169 AlMohdii
1304 1113 1502 1176 tilius,
1559 1111 1649 1164 cui
1705 1114 1881 1163 mater
1946 1106 2050 1160 fuit

468 1211 886 1273 AlChaizaran,
942 1208 1009 1262 ad
1084 1205 1405 1262 chalil'atum
1458 1202 1649 1258 eadem
1718 1206 1882 1255 nocte
1938 1212 2045 1269 qua

468 1308 608 1362 obiit
653 1303 805 1358 liiusa
854 1299 1083 1363 Allladi,
1138 1312 1335 1367 nempe
1389 1295 1479 1351 die
1544 1294 1773 1351 Veneris
1829 1291 2046 1347 decimo

2145 476 2224 520 est
2258 480 2382 518 cum
2427 473 2658 515 munere
2696 457 3050 528 patriarchali
3099 454 3322 510 functus
3370 464 3517 510 esset
3563 454 3728 508 annis

2144 549 2504 622 quadraginta
2560 562 2676 601 sex.
2741 544 3091 600 Constitutus
3124 555 3207 600 est
3258 554 3381 615 post
3423 545 3604 614 ipsum
3632 560 3734 614 pa-

2147 642 2386 697 triarcha
2441 638 2848 694 Alexatidrinus
2879 636 3188 699 Eustatius,
3222 636 3383 706 idque
3420 651 3570 691 anno
3592 637 3733 689 cha-

2148 737 2333 793 lilatus
2379 732 2675 791 All'tashidi
2707 732 2924 789 decimo
2948 738 3125 789 sexto.
3170 729 3368 786 Fuerat
3407 740 3591 785 autem
3622 727 3737 782 Eu-

2144 830 2343 888 statius
2373 829 2478 884 iste
2504 827 2753 891 linarius,
2790 825 2884 898 qui
2911 840 3036 881 cum
3066 825 3120 880 in
3141 823 3306 880 domo
3332 822 3385 877 in
3423 837 3529 894 qua
3558 821 3733 875 linum

2143 922 2489 979 contundere
2531 922 2806 985 solebant,
2854 920 3177 975 thesaurum
3230 918 3558 981 invenisset,
3611 929 3733 968 mu-

2146 1017 2443 1072 nachatum
2480 1013 2535 1069 in
2587 1012 2930 1069 monasterio
2975 1010 3261 1067 AlKosairi
3298 1009 3587 1079 amplexus
3620 1017 3728 1073 est,

2147 1108 2437 1179 factuSque
2499 1105 2819 1162 monasterii
2867 1104 3159 1175 praefectus
3217 1103 3271 1157 ln
3317 1119 3383 1159 eo
3434 1102 3727 1158 ecclesiam

2147 1204 2382 1256 duorum
2420 1201 2807 1269 Apostolorum
2867 1196 3184 1261 exstruxit;
3242 1195 3507 1268 episcopo
3561 1195 3728 1250 etiam

2147 1292 2468 1348 cubiculum
2491 1290 2799 1357 fabricavit,
2828 1303 2891 1343 ac
2915 1298 3103 1360 postea
3132 1286 3474 1344 Alexandriae
3498 1284 3736 1356 patriar-

469 1406 667 1468 quarto
736 1394 940 1448 mensis
998 1391 1154 1446 itabii
1217 1390 1463 1461 prioris,
1531 1402 1677 1442 anno
1734 1384 2048 1441 centesimo
2150 1384 2252 1441 cha
2279 1383 2617 1440 constitutus
2638 1380 3003 1449 est;uhicum
3027 1378 3730 1451 quatuoraunussedisset.

470 1488 902 1561 septuagesimo,
931 1497 1040 1553 qua
1063 1483 1227 1538 etiam
1256 1489 1416 1535 nocte
1451 1486 1612 1533 natus
1639 1484 1725 1533 est
1764 1476 1867 1547 ipsi
1904 1473 2049 1529 ﬁlius
2146 1483 2399 1532 mortuus
2432 1484 2539 1530 est.
2572 1472 2971 1542 Successitque
3016 1472 3120 1543 ipsi
3165 1471 3221 1528 in
3246 1472 3437 1527 eodem
3494 1471 3738 1543 patriar-

471 1582 781 1638 Atldamun.
832 1576 931 1633 llie
988 1589 1173 1631 rerum
1225 1574 1584 1644 gerendarum
1643 1582 1833 1625 curam
1896 1581 2051 1623 cotu-
2153 1567 2324 1624 chatu
2382 1565 2818 1636 Christophorus
2851 1582 2865 1619 :
2896 1564 3065 1635 idque
3106 1578 3256 1619 anno
3286 1562 3589 1619 ehalil‘atus
3634 1562 3736 1616 Aio

472 1675 624 1732 misit
658 1672 857 1743 Yahyte
888 1670 1007 1726 Ebn
1040 1665 1269 1731 Chaled,
1302 1664 1406 1721 ebu
1448 1663 1680 1721 Bormae
1715 1678 1731 1717 :
1768 1660 1958 1765 novies
1987 1662 2045 1715 in
2082 1710 2125 1765 Β
2154 1660 2380 1717 Rashidi
2444 1660 2735 1715 vicesimo.
2794 1656 2999 1765 Deinde
3059 1655 3305 1765 paralysi
3324 1664 3618 1761 correptus
3651 1660 3737 1708 est

472 1768 732 1825 chalit'atu
757 1781 858 1822 suo
883 1761 1381 1835 peregrinationem
1404 1759 1544 1815 obiit
1582 1775 1597 1811 :
1629 1757 1807 1813 octies
1838 1753 2047 1813 Roma-
2084 1747 2125 1765 “’
2150 1755 2592 1825 Christopborus
2643 1750 2981 1823 patriarcha,
3018 1748 3158 1805 adeo
3189 1758 3252 1804 ut
3289 1747 3576 1803 hominum
3626 1760 3741 1801 ma-

475 1875 670 1917 norum
713 1859 955 1913 ditiones
995 1854 1138 1910 bello
1184 1867 1478 1925 aggressos
1504 1861 1609 1907 est.
1637 1849 1777 1906 Tum
1811 1850 1865 1904 in
1908 1850 2045 1904 Bnr-
2151 1849 2316 1905 nibus
2334 1854 2680 1917 gestaretur;
2710 1856 2881 1917 quare
2906 1842 3130 1914 quidam
3153 1840 3373 1897 nomine
3390 1838 3585 1897 Petrus
3618 1840 3737 1911 epi-

480 1952 725 2007 inacidas
773 1951 911 2004 iram
952 1945 1205 2015 concepit
1253 1959 1440 1999 mense
1484 1941 1652 1998 Sasar
1702 1942 1833 1996 anni
1870 1939 2049 2011 ηψπ
2150 1957 2353 2013 scapus
2389 1942 2750 2006 constitutus,
2791 1937 3066 1996 cathedra
3097 1934 3454 2009 patriarchali
3486 1932 3741 1990 insidens

477 2040 758 2098 ceutesimi
819 2037 1142 2105 octogesimi
1192 2034 1431 2103 septimi.
1475 2029 1603 2087 Fuit
1638 2029 1929 2088 chalilatus
1967 2030 2051 2100 ip-
2152 2038 2328 2107 ipsius
2356 2037 2477 2091 vice
2514 2033 2807 2104 episcopos
2840 2031 3133 2087 ordinavit.
3170 2030 3324 2087 sedit
3348 2036 3533 2083 autem
3573 2025 3742 2083 cura.

478 2139 595 2192 sius
617 2148 886 2187 annorum
928 2130 1120 2200 viginti
1173 2128 1338 2183 trium
1368 2142 1493 2182 cum
1519 2127 1737 2183 duobus
1766 2122 2050 2179 mensibus
2153 2129 2451 2199 stophorus
2494 2141 2673 2183 annos
2717 2124 2940 2196 triginta
2969 2124 3135 2189 duos,
3168 2122 3297 2179 dein
3327 2133 3587 2176 mortuus
3632 2129 3740 2174 est.

477 2242 529 2285 et
560 2227 755 2283 diebus
790 2224 1090 2279 sexdecim.
1132 2222 1304 2278 Porro
1337 2231 1592 2275 mortuus
1627 2228 1714 2276 est
1759 2216 1871 2273 Leo
1904 2218 2051 2272 (λοπι-
2156 2220 2328 2275 Porro
2389 2234 2535 2273 anno
2592 2216 2888 2274 chalil‘atus
2927 2214 3230 2275 AlRashidi
3287 2223 3483 2271 octavo
3533 2209 3747 2267 consti-

476 2319 703 2373 stantini
748 2316 892 2371 filius
946 2314 1316 2372 Romanorum
1353 2315 1669 2383 imperator,
1722 2309 2055 2365 succedente
2159 2316 2315 2364 tutus
2375 2318 2463 2363 est
2524 2304 2893 2362 Theodoritus
2947 2303 3262 2375 patriarcha
3328 2301 3744 2366 Antiochcnus,

480 2410 581 2478 ipsi
614 2410 667 2462 in
720 2406 949 2477 imperio
996 2405 1309 2477 Nicephoro
1373 2404 1576 2459 Stiiaki
1616 2404 1747 2469 lilio,
1781 2403 1870 2471 qui
1926 2414 2050 2455 cum
2160 2400 2250 2465 qui
2286 2414 2464 2455 annos
2506 2396 2901 2469 septemdecim
2950 2397 3114 2459 sedit,
3146 2396 3273 2450 dein
3322 2404 3581 2450 mortuus
3640 2402 3750 2450 est.

481 2500 733 2556 inducias
790 2500 860 2555 ab
894 2498 1206 2555 AlRashidu
1258 2506 1485 2568 peteret,
1550 2498 1669 2567 ipse
1704 2510 1825 2550 cum
1880 2508 1946 2548 eo
1985 2488 2054 2546 ad
2162 2490 2494 2548 Chalifatum
2573 2492 2736 2546 etiam
2800 2498 3023 2545 tenente
3074 2481 3424 2544 AlRashindo
3493 2485 3751 2556 eclipsim

481 2594 780 2647 triennium
844 2592 1096 2665 inducias
1150 2590 1298 2645 fecit.
1349 2590 1604 2662 Egypto,
1636 2588 1860 2643 nomine
1883 2587 2063 2643 Allia-
2165 2600 2361 2656 passus
2415 2595 2498 2639 est
2548 2583 2713 2656 ﬁla
2769 2581 2849 2637 sol
2879 2590 3007 2653 post
3056 2596 3253 2652 preces
3307 2580 3751 2649 pomeridianas,

484 2687 649 2752 shidi,
689 2683 907 2754 praefuit
933 2684 1085 2739 ldusa
1119 2682 1233 2737 Ebn
1266 2683 1352 2737 lsa
1386 2681 1754 2747 llasliemida;
1791 2681 1883 2750 qui
1915 2689 2057 2737 tcm-
2164 2678 2303 2733 adeo
2338 2685 2397 2731 ut
2429 2681 2757 2747 apparerent
2799 2673 3003 2740 stellae;
3042 2687 3211 2744 quare
3247 2670 3414 2727 Deum
3449 2672 3616 2739 cujus
3650 2685 3756 2724 no-

484 2777 553 2843 pli
596 2776 799 2843 magni,
865 2772 1012 2842 quod
1059 2771 1222 2825 Mesri
1280 2779 1384 2836 est,
1434 2780 1642 2841 partem
1694 2769 2055 2840 posteriorem
2169 2788 2291 2828 men
2330 2771 2626 2840 gloriosum
2668 2777 2774 2830 est,
2830 2766 3204 2825 inclamarunt
3258 2766 3532 2829 homines,
3584 2765 3760 2835 eique

482 2867 727 2921 mdiliciis
756 2867 948 2929 auxit.
1003 2880 1070 2920 eo
1114 2880 1225 2933 quo
1272 2879 1416 2917 nunc
1443 2879 1502 2918 se
1535 2862 1697 2917 Ιιαῦοι
1728 2862 1909 2918 ηιοιίοο
1962 2864 2060 2916 Μ’
2166 2871 2573 2941 supplicartmt.
2628 2866 2940 2934 Quinetiam
3008 2874 3201 2921 contra
3251 2864 3621 2921 Alﬂsshidum
3704 2866 3762 2921 in

483 2956 690 3012 Bashid
720 2966 901 3011 autem
935 2972 1061 3010 cum
1086 2956 1293 3011 Musam
1329 2953 1446 3031 Ebu
1469 2955 1568 3010 lsze
1599 2955 1722 3010 luco
1752 2955 2064 3011 abdicasset
2100 3026 2127 3031 ᾧ
2169 2966 2491 3020 apol-assuto
2525 2960 2786 3031 prodiens
2825 2957 3085 3029 Raphcus
3118 2957 3233 3011 Ebn
3264 2955 3409 3012 Lithi
3436 2972 3557 3010 eam
3584 2972 3765 3011 occu-

486 3047 651 3122 ωθ
690 3049 1058 3104 Abdullahum
1113 3047 1289 3102 Ebnol
1334 3026 1536 3101 Molidii
1584 3046 1846 3117 praefecit.
1888 3047 2060 3103 Porro
2086 3026 2131 3085 (ἶ
2168 3054 2352 3127 pavit:
2389 3026 2746 3122 quamobrem
2779 3026 2923 3102 eum'
2949 3048 3333 3103 Chosaranum
3368 3047 3621 3104 tenderet
3650 3048 3759 3102 Al-

484 3143 629 3197 duno
656 3141 807 3197 dedit
836 3139 1175 3196 Ahdollahus
1205 3138 1557 3194 AlRashindo
1593 3139 1828 3208 puellam
1859 3153 1923 3194 ex
1960 3136 2065 3193 Ya-
2169 3148 2395 3213 nasum,
2429 3142 2684 3214 Georjani
2720 3142 2914 3198 morbo
2956 3150 3265 3209 correptus,
3301 3139 3508 3195 τυευηι
3562 3155 3624 3194 se
3657 3156 3760 3195 τε-

487 3228 867 3293 manensihus,
899 3227 992 3297 qui
1021 3227 1337 3283 inferiorem
1367 3234 1526 3281 terra:
1562 3225 1903 3297 Egyptian:
1934 3243 2062 3298 par-

2171 3242 2339 3313 cepit,
2369 3238 2691 3295 AlMamune
2735 3250 2863 3291 cum
2917 3235 3166 3290 exercitu
3218 3225 3416 3305 magno
3444 3232 3763 3288 Heravvum

485 3333 592 3376 tem
622 3319 940 3394 [incolunt],
964 3336 1151 3392 quam,
1176 3337 1299 3377 cum
1348 3322 1523 3376 forma
1548 3320 1824 3377 excellens
1865 3330 1920 3375 et
1950 3319 2059 3374 for-

2172 3337 2365 3391 misso.
2395 3331 2654 3401 Obiitque
2675 3328 2952 3383 Alllashid
2982 3341 3171 3382 mense
3198 3323 3425 3380 Jomada
3443 3324 3767 3395 posteriori

485 3430 637 3468 "‘03"
686 3422 854 3478 esset,
919 3411 1076 3467 “me
1129 3414 1333 3466 “mam
1377 3412 1676 3477 “nasum:
1718 3410 1908 3467 eadem
1939 3428 2063 3467 cum
2171 3432 2298 3483 anni
2362 3423 2652 3481 centesimi
2707 3419 3046 3491 uonagesimi
3088 3420 3258 3484 tertii,
3311 3434 3487 3473 annos
3542 3419 3763 3475 habens

488 3509 681 3564 morbo
720 3508 872 3577 gravi
898 3505 1196 3569 laboraret,
1228 3520 1331 3561 nec
1357 3506 1644 3575 prodesset
1676 3505 1782 3575 ipsi
1810 3506 1919 3559 ulla
1947 3520 2063 3561 me-

488 3601 652 3656 dendi
706 3601 847 3657 ratio
900 3614 1064 3669 quam
1105 3599 1475 3654 adhibuerunt
1503 3598 1718 3661 medici,
1755 3596 2067 3652 Alliashido

490 3697 743 3749 dixerunt
774 3711 789 3747 :
835 3693 912 3747 Ad
935 3690 1297 3747 Abdollahum
1324 3691 1641 3759 deputatum
1667 3689 1886 3761 Egypti
1911 3698 2065 3745 tuum

492 3789 702 3848 ruinas.
736 3800 846 3855 quo
876 3784 942 3838 ad
986 3796 1036 3838 te
1078 3785 1313 3853 aliquem
1376 3799 1406 3837 e
1457 3782 1681 3837 medicis
1729 3781 2068 3853 )Egyptiacis

489 3882 661 3932 mittat
695 3896 708 3931 :
744 3878 867 3932 talis
892 3877 1163 3946 siquidem
1191 3876 1317 3931 huic
1343 3874 1539 3946 puella:
1578 3876 1856 3931 medenda
1891 3877 2067 3947 magis

492 3973 721 4026 idoneus
766 3973 867 4024 erit
919 3985 1085 4038 quam
1136 3968 1334 4022 medici
1373 3967 1699 4024 Erakenses.
1746 3967 1894 4024 Misit
1937 3982 2067 4037 ergo

488 4062 765 4116 AiRashid
801 4063 866 4114 ad
894 4060 1256 4115 Abdollahum
1288 4058 1405 4115 Ehu
1435 4059 1709 4125 AlMohdi,
1742 4068 1801 4115 ut
1830 4060 2069 4117 medioe-

489 4169 610 4207 rum
648 4150 1102 4221 Egyptiacorum
1153 4148 1553 4220 peritissimum
1609 4149 1910 4218 exquirens
1939 4164 2064 4203 eum

491 4243 557 4296 ad
591 4242 766 4312 ipsum
797 4240 1057 4305 mitteret,
1092 4249 1257 4309 atque
1304 4240 1551 4309 insuper,
1579 4240 1856 4311 quomodo
1889 4255 1948 4295 se
1969 4238 2069 4293 ha-

493 4338 643 4389 beret
685 4342 848 4401 atque
901 4330 1091 4386 aﬂeeta
1141 4342 1289 4387 esset
1352 4331 1531 4400 puella
1560 4370 1577 4396 ,
1627 4331 1729 4400 ipsi
1780 4330 2062 4387 indicavit.

492 4432 794 4483 Aceerscns
823 4440 953 4496 ergo
981 4424 1320 4480 Abdullaltus
1340 4423 1675 4478 Balatianum
1704 4423 2069 4494 patriarcham

494 4516 1318 4587 Alexandriae,Melchitatn,qui
1352 4516 1427 4569 rei
1453 4515 1677 4570 medica:
1704 4514 1912 4585 peritus
1947 4513 2071 4583 fuit,

494 4611 771 4681 quomodo
793 4626 853 4665 se
872 4610 1097 4664 haberet
1117 4609 1316 4680 puella,
1342 4608 1609 4679 qualique
1637 4609 1827 4663 morbo
1854 4607 2074 4677 aﬂ'ecta,

496 4706 599 4774 ipsi
629 4704 892 4759 indicavit
925 4712 977 4759 et
997 4700 1063 4756 ad
1096 4701 1429 4757 Alliasidum
1492 4702 1658 4757 misit.
1713 4702 1967 4776 Quiergo
1986 4719 2078 4760 se-

499 4815 621 4853 cum
656 4806 826 4853 tortas
848 4796 1202 4867 Egyptiacas
1234 4797 1402 4851 duras
1424 4807 1476 4851 et
1502 4799 1732 4851 muriam
1761 4814 2074 4868 assumens,

503 4892 592 4946 ubi
650 4889 961 4961 Bagdadum
994 4887 1358 4959 pervenisset,
1402 4890 1467 4942 ad
1507 4890 1745 4957 puellam
1790 4890 2075 4960 ingressus

504 4982 605 5050 ipsi
625 4990 826 5035 tortam
846 4983 1129 5046 rusticam,
1152 4989 1209 5035 et
1236 4982 1472 5034 muriam
1494 4981 1888 5037 coniedcndam
1905 4983 2077 5040 dedit.

505 5074 661 5129 Unde
693 5074 760 5128 ad
804 5080 1293 5143 temperamentum
1327 5090 1483 5129 suum
1510 5076 1746 5146 primum
1780 5074 1965 5140 rediit,
1994 5091 2080 5130 re-

2167 3516 2526 3588 quadraginta
2566 3528 2681 3567 sex.
2740 3510 3003 3578 Sepultus
3059 3516 3147 3563 est
3199 3506 3333 3563 Tusi
3390 3509 3443 3562 in
3483 3510 3619 3562 urbe
3653 3510 3757 3561 ΑΙ-

2168 3611 2362 3665 Tiran.
2396 3606 2775 3662 duramentum
2821 3612 3005 3656 autem
3057 3601 3340 3655 ﬁdelitatis
3372 3601 3760 3670 prtestitcrunt

2164 3703 2259 3776 qui
2282 3699 2509 3757 aderant
2536 3713 2599 3753 ex
2647 3696 2822 3765 ipsius
2859 3694 3005 3760 (iliis,
3036 3692 3354 3748 domesticis
3395 3708 3462 3750 ac
3490 3692 3755 3761 ducibus,

2167 3790 2533 3851 Mohammedi
2564 3788 2679 3843 Ebn
2711 3785 2969 3840 Zohaida
2996 3784 3108 3839 lilio
3139 3783 3337 3854 ipsius,
3376 3798 3759 3852 reversusque

2170 3898 2259 3946 est
2300 3881 2611 3940 All’hadlus
2663 3879 2833 3933 Ebnol
2884 3878 3041 3932 Rabii
3082 3892 3208 3931 cum
3245 3876 3561 3931 hominibus
3612 3874 3759 3944 Bag-

2173 3983 2396 4039 dadum.
2449 3974 2576 4030 Fuit
2611 3970 2890 4027 Alﬂashid
2922 3978 3142 4025 statura
3177 3968 3439 4037 perlecta,
3490 3968 3631 4023 facie
3665 3984 3763 4022 ve—

2173 4081 2366 4137 nusta,
2408 4067 2580 4125 barba
2616 4066 2795 4134 nigra,
2847 4076 3003 4119 coma
3053 4058 3329 4129 spissiori.
3380 4075 3571 4128 quam,
3624 4073 3754 4112 cum

2174 4164 2641 4237 peregrinaretur,
2688 4154 2934 4209 radebat.
2975 4151 3517 4221 Satellitibusipsius
3538 4152 3760 4221 praefuit

2177 4256 2431 4325 AlKajem
2467 4250 2587 4305 Ebu
2610 4246 2789 4311 Nasri,
2822 4244 2938 4299 Ehn
2974 4244 3186 4307 Malcci.
3226 4255 3340 4299 tum
3364 4242 3604 4299 llamzah
3641 4243 3759 4299 Ebn

2173 4347 2418 4410 ilazemi,
2445 4344 2560 4398 Ehu
2592 4338 2950 4403 Chaidillahi,
2984 4338 3101 4393 Ebn
3138 4335 3342 4392 Maleci
3372 4354 3388 4402 ;
3422 4337 3618 4392 deinde
3648 4336 3761 4393 lla-

2175 4442 2355 4515 phedh
2406 4436 2526 4491 Ebn
2558 4432 2747 4488 Omari
2798 4430 2967 4486 Ebnol
3015 4429 3281 4498 Shojairi.
3327 4428 3540 4484 Janitor
3582 4430 3759 4500 ipsius

2178 4534 2282 4588 fuit
2326 4526 2537 4582 Basltar
2576 4522 2691 4578 Ebn
2728 4522 3011 4588 Maimum,
3061 4519 3180 4576 Ebn
3217 4519 3587 4586 Mohammed,
3643 4520 3797 4577 Ebn‘

2176 4623 2403 4687 Ctialed,
2438 4620 2555 4674 Ebn
2595 4617 2868 4672 Barmaci.
2910 4614 3048 4670 Tum
3098 4614 3257 4670 rediit
3304 4613 3543 4669 AlPhadl
3586 4616 3762 4671 Ebuol

2182 4716 2338 4772 liahii
2373 4712 2440 4766 ad
2476 4707 2743 4763 Janitoris
2773 4722 2997 4762 munus.

2239 4800 2596 4879 $13-$15
2637 4797 2944 4867 Chalifatus
2982 4796 3363 4853 Mohammedis
3404 4796 3683 4856 AlAms'm'.

2253 4897 2531 4952 Perlatnm
2580 4900 2665 4946 est
2696 4890 2947 4944 nuntium
2990 4890 3180 4944 mortis
3231 4888 3523 4945 Alliasbidi
3560 4888 3736 4959 Bagda

2192 4990 2320 5044 dum
2353 4986 2440 5041 die
2467 4984 2745 5047 Mercurii,
2777 4983 2869 5051 qui
2901 4979 3262 5037 duodecimus
3315 4980 3417 5036 fuit
3452 4991 3582 5037 ante
3639 4983 3757 5037 tini-

2186 5092 2299 5138 tmu
2333 5093 2574 5133 mensem
2606 5075 2852 5131 .lomada:
2882 5074 3267 5145 posteriorem.
3312 5074 3451 5130 Cum
3482 5092 3763 5130 convenis-

507 5166 738 5221 cedente
768 5166 837 5220 ab
890 5167 1007 5235 ipsa
1043 5167 1238 5221 morbo
1277 5182 1487 5235 :quare
1525 5168 1594 5223 ab
1635 5184 1703 5223 eo
1736 5174 1982 5238 tempore
2012 5184 2081 5223 ex
2186 5182 2272 5228 sel.
2300 5186 2431 5239 ergo
2468 5168 2723 5239 populus,
2780 5166 2922 5221 ﬁlius
2968 5166 3088 5236 ejus
3140 5164 3482 5221 Multammed
3535 5182 3764 5222 ascenso

507 5258 741 5329 Aigypto
767 5256 834 5311 ad
880 5256 1165 5326 penarium
1208 5259 1415 5328 regium
1463 5262 1662 5326 portari
1695 5259 1874 5314 solent
1924 5269 2082 5315 torta
2186 5272 2447 5334 suggestu
2518 5261 2651 5316 illud
2708 5259 3032 5329 publicavit.
3086 5258 3382 5330 ipsumque
3430 5260 3621 5336 codem
3678 5262 3766 5314 die

507 5364 714 5420 aspera
744 5356 799 5402 et
830 5348 1030 5401 min-ia.
1071 5344 1348 5404 Alliashid
1396 5359 1578 5403 autem
1612 5350 1952 5406 Balatianum
1985 5369 2082 5424 pa-

2186 5354 2444 5411 chalil’atn
2478 5354 2785 5408 salutarunt
2812 5351 3081 5405 homines.
3136 5349 3266 5405 Orta
3298 5360 3379 5405 est
3405 5360 3588 5405 autem
3629 5353 3767 5409 inter

508 5444 801 5497 triarcham
835 5441 1021 5496 multis
1062 5441 1305 5496 nummis
1358 5442 1601 5497 donavit.
1653 5443 1889 5513 Scriptis
1916 5444 2080 5500 etiam
2187 5448 2368 5518 ipsum
2424 5454 2478 5499 et
2530 5444 2910 5499 AlMamunetu
2951 5442 3245 5498 dissensio.
3301 5441 3472 5497 Mater
3521 5442 3764 5498 Hoham-

896 5533 1093 5589 litteris
1122 5530 1476 5589 mandatoriis
1506 5532 1752 5606 [quibus]
1783 5552 1972 5591 omnes
1994 5552 2085 5591 cc.

511 5628 707 5681 etesias
734 5626 788 5678 in
815 5624 1032 5693 regione
1048 5619 1423 5685 Jacobitarum
1449 5640 1584 5693 quas
1600 5622 1922 5697 {Melchitis}
1941 5627 2090 5680 abla-

510 5730 596 5774 tas
633 5717 1009 5788 possederant,
1044 5713 1195 5773 reddi
1220 5710 1451 5786 [jussit].
1486 5714 1757 5776 iteret-sus
1776 5731 1907 5785 ergo
1931 5716 2077 5774 Balao

2192 5538 2366 5593 medis
2422 5535 2667 5590 AlAmini
2720 5535 2938 5589 nomine
2984 5544 3103 5589 erat
3153 5531 3351 5589 Ommo
3403 5533 3597 5600 laafar,
3660 5535 3764 5588 lilia

2192 5632 2292 5687 Abi
2358 5628 2537 5682 laafar
2592 5626 2953 5683 Alllansoris.
3037 5626 3182 5681 Misit
3239 5641 3368 5697 ergo
3426 5626 3763 5681 hluhammed

2197 5722 2423 5779 MAmin
2496 5721 2548 5777 iu
2607 5718 2910 5777 Chorasani
2965 5720 3243 5788 regionem
3315 5716 3455 5772 Alim
3528 5715 3761 5781 Ebulsze,
