3976 6168
328 343 468 412 1129

317 436 437 494 Ebn
499 431 715 489 Muhau,
766 428 966 481 bellum
1022 424 1327 479 ANamuui
1390 422 1635 487 illatum;

321 541 452 580 vero
484 524 679 577 Marwa
718 522 866 575 misit
898 520 1249 572 Tdhaherum
1300 516 1473 569 Ehnol
1531 512 1731 567 liusaiu
1785 512 1896 565 Ehu

322 617 468 671 Saab
492 616 897 683 Alliusjensem,
932 614 1023 679 qui
1060 611 1142 663 Ali
1182 610 1294 661 libu
1332 608 1425 660 lsze
1456 622 1620 668 t‘msn,
1653 604 1899 656 Moham-

322 709 502 765 medis
531 707 778 761 AlAmini
804 706 991 773 copias
1023 706 1074 756 iu
1109 703 1290 771 fugam
1327 699 1527 760 vertit;
1561 697 1901 765 Bagdadum-

320 816 429 868 que
465 796 741 867 profectus
793 794 1225 862 adjuugentibus
1272 806 1331 845 se
1378 794 1426 844 ei
1470 789 1731 841 llazimab
1790 789 1902 841 Ebu

333 891 509 962 Ayoni
562 898 614 942 et
675 885 943 939 Homaido
981 884 1096 939 Ehn
1157 882 1332 940 Abdil'
1390 883 1585 940 Hamid
1639 880 1898 936 Tusensi.

321 984 717 1051 Salutatusque
767 990 852 1034 est
884 979 1166 1034 Alblamun
1184 975 1383 1031 chalifa
1414 975 1719 1029 ChoraSani
1760 987 1907 1028 anno

323 1075 631 1131 centesimo
680 1072 1035 1141 nonagesimo
1069 1079 1245 1133 sexto,
1278 1085 1342 1123 ac
1397 1068 1737 1138 pertingeute
1789 1067 1902 1119 dis-

325 1169 588 1225 sensione
621 1167 933 1237 Bagdadum
976 1179 1150 1232 usque
1193 1164 1407 1217 occisus
1438 1171 1521 1217 est
1556 1163 1625 1215 ihi
1663 1161 1907 1215 Moham-

324 1259 446 1311 med
471 1257 696 1310 AIAmin
727 1257 815 1309 die
846 1255 1090 1314 Sabbati,
1136 1254 1330 1322 quinto
1361 1261 1485 1306 ante
1515 1253 1724 1306 finitum
1757 1267 1909 1305 men-

326 1362 443 1401 sem
510 1347 894 1400 Aanharram
968 1360 1115 1398 anno
1181 1346 1487 1399 centesimo
1552 1345 1906 1412 nonagesimo

322 1449 542 1492 octavo.
597 1437 719 1491 Fuit
788 1437 1082 1491 chalifatus
1130 1436 1303 1505 ipsius
1356 1451 1529 1504 usque
1581 1436 1647 1487 ad
1705 1436 1906 1489 caedem

326 1529 503 1603 ipsius
552 1545 825 1583 annorqu
876 1540 1115 1599 quatuor
1164 1544 1292 1587 eum
1345 1538 1473 1581 octo
1522 1529 1804 1580 mensibus
1843 1541 1908 1580 ac

324 1636 421 1677 sex
448 1620 665 1676 diebus.
716 1623 908 1674 Annos
961 1630 1093 1674 tunc
1150 1631 1314 1673 natus
1369 1620 1470 1672 fuit
1523 1620 1709 1687 viginti
1762 1629 1911 1675 octo.

328 1712 498 1766 Porro
532 1721 781 1765 mortuus
830 1711 996 1784 416
1029 1720 1111 1765 est
1142 1711 1485 1780 Nicephorus
1515 1710 1803 1764 Estabraki
1853 1713 1912 1763 li-

324 1803 436 1859 lius
474 1803 851 1857 Romanorum
907 1807 1225 1873 imperator,
1284 1805 1588 1873 imperante
1645 1813 1774 1873 post
1832 1805 1915 1873 ip-

325 1911 449 1951 sum
483 1895 744 1951 Romanis
778 1896 1078 1951 Estabrako
1104 1896 1417 1966 Nicephori,
1477 1895 1574 1950 lilii
1609 1894 1919 1959 Estabraki,

326 1988 465 2042 ﬁlio.
498 1990 660 2044 Auno
694 1990 990 2043 ehalifatus
1024 1987 1421 2044 Mohammedis
1457 1988 1705 2044 AlAmiui
1753 1991 1918 2044 tertio

325 2082 664 2135 constitutus
690 2088 773 2135 est
806 2080 1049 2134 Thomas
1081 2082 1193 2151 (cui
1232 2094 1537 2150 cognomen
1595 2079 1917 2145 Tamrikus)

327 2174 640 2244 patriarcha
702 2172 1279 2243 Hierosolymitanus;
1343 2175 1438 2229 ubi
1496 2188 1670 2228 annos
1727 2175 1916 2227 decem

326 2268 491 2321 sedit.
522 2265 647 2319 Fuit
678 2265 1027 2320 Mohammed
1066 2266 1297 2320 AlAmin
1334 2266 1474 2321 facie
1502 2265 1752 2335 pulchra,
1786 2281 1914 2319 cor-

329 2375 461 2428 pore
524 2361 761 2428 integro,
826 2358 1013 2412 colore
1066 2358 1327 2419 candido,
1390 2358 1629 2427 pinguis.
1687 2372 1920 2428 corpore

326 2453 578 2515 robusto,
629 2452 814 2520 digitis
860 2450 1231 2519 elegantibus.
1271 2450 1563 2519 Sepultum
1601 2461 1687 2505 cst
1716 2465 1917 2519 corpus

328 2544 503 2603 ipsius
524 2542 781 2612 liagdadi,
804 2552 967 2610 caput
991 2549 1173 2595 autem
1196 2540 1584 2599 Chorosauum
1618 2540 1917 2609 perlatum.

329 2636 669 2690 Satellitihus
723 2634 897 2703 ipsius
930 2633 1147 2701 praefuit
1203 2634 1283 2685 Ali
1327 2632 1439 2684 Ebu
1474 2632 1597 2693 lsa’,
1653 2630 1767 2683 Ebu
1802 2631 1915 2684 Ma-

327 2723 902 2795 lianJaniteripsius,
934 2724 1202 2777 AlFadlus
1234 2722 1401 2775 Ebnol
1437 2721 1653 2782 lialiize;
1682 2723 1919 2773 maxima

328 2820 475 2892 apud
507 2819 681 2889 ipsum
718 2817 888 2887 gratia
919 2816 1154 2883 pollebat
1182 2811 1452 2867 AlFadlus
1482 2814 1647 2865 Ehuol
1684 2812 1889 2867 Babae.

756 2907 1066 2974 Chalifatus
1131 2905 1496 2959 Milonianis.

406 3002 668 3057 Praestitis
693 2998 1026 3070 jurameutis
1054 2996 1256 3051 chalifa
1288 2998 1638 3050 renuntiatus
1697 3006 1780 3049 est
1826 2996 1918 3048 Al-

1770 327 2135 390 ANNALES.

1708 418 1886 471 Mamu
1934 423 1979 478 Α
2033 418 2099 471 ad
2130 414 2230 470 Alii
2268 414 2332 469 Ν.
2363 414 2432 468 ab
2463 412 2530 470 Ν.
2561 412 2679 468 Ebn
2711 410 2805 477 Ν..
2856 412 2974 466 sine
3003 410 3111 467 ulla
3143 412 3196 467 in
3230 414 3400 468 titulis
3432 430 3587 469 com-

3451 326 3589 390 H30

2012 506 2346 577 precatione,
2371 521 2547 575 usque
2576 506 2644 559 ad
2673 505 2873 559 eaedem
2891 501 3289 560 Mohammcdis
3307 507 3587 574 AlAmini;

2016 599 2373 667 meminitque
2404 614 2690 653 cursorum
2744 595 2983 666 Bagdadi
3026 599 3343 669 praefectum
3378 601 3589 655 litteras

2014 695 2079 749 ad
2115 695 2290 763 ipsum
2327 709 2355 746 a
2387 690 2486 747 Dil’
2520 693 2856 764 ltiyasataiui
2907 694 3071 766 [duos
3104 678 3442 766 principatus
3492 698 3593 751 ha-

2012 783 2195 857 bente]
2228 784 2500 840 Ali’hadlo
2530 800 2757 841 curasse
2786 784 2868 841 sic
2900 789 3197 856 inscriptas
3225 804 3239 841 :
3274 788 3373 842 Abi
3400 789 3590 848 I~aaco

2014 894 2175 948 quem
2227 887 2515 933 conservet
2565 879 2705 931 Deus
2766 880 3017 935 excelsus
3076 880 3145 935 ab
3194 880 3292 934 Abi
3350 881 3593 937 Abhaso.

2016 971 2257 1037 Quarum
2311 970 2525 1040 (inquit
2570 970 2689 1023 Abu
2751 968 2922 1035 Isaac)
2954 971 3121 1042 420
3156 973 3243 1026 ubi
3278 973 3597 1043 inscriptioo

2018 1078 2139 1117 nem
2173 1063 2435 1125 viderem,
2464 1062 2613 1132 ipsas
2644 1063 2707 1115 ad
2744 1073 3001 1133 patruum
3040 1080 3218 1119 meum
3248 1064 3596 1119 Solimauum

2023 1152 2173 1217 misi,
2198 1168 2305 1223 quo
2338 1153 2441 1224 ipsi
2472 1162 2530 1206 ut
2564 1168 2759 1207 uerum
2793 1155 2921 1223 quid
2955 1155 3327 1223 ostenderem,
3356 1173 3595 1225 eiuuque

2018 1249 2083 1299 ad
2122 1253 2295 1316 ipsum
2353 1247 2733 1315 pervenissent
2786 1247 2982 1301 littera!
3028 1264 3185 1311 mem.
3216 1250 3395 1303 attulit
3458 1252 3591 1305 mihi

2014 1341 2221 1409 jauitor
2265 1341 2436 1409 ipsius
2466 1339 2603 1394 alias
2636 1355 2663 1391 a
2697 1336 3136 1411 Dil-Riyasatain
3169 1341 3235 1395 ad
3261 1342 3439 1408 ipsum
3468 1344 3603 1396 mis-

2018 1448 2134 1496 sas,
2164 1433 2470 1502 eodemque
2503 1432 2668 1487 modo
2700 1447 2810 1502 quo
2844 1449 2983 1502 quas
3018 1433 3083 1488 ad
3131 1448 3217 1488 me
3252 1434 3478 1487 dederat
3511 1434 3600 1487 in-

2017 1527 2277 1593 scriptas.
2316 1526 2495 1595 Atque.
2539 1540 2605 1582 ex
2637 1541 2703 1580 eo
2728 1533 2977 1596 tempore
3030 1526 3083 1580 in
3152 1527 3605 1594 inscriptionibus

2016 1621 2323 1674 litterarum
2358 1634 2582 1673 suarum
2632 1622 3106 1688 eomprecatioues
3164 1618 3424 1674 adhibere
3472 1635 3607 1674 cou-

2019 1721 2338 1768 sueveruut.
2370 1711 2546 1766 Porro
2576 1712 2631 1765 in
2686 1712 2924 1783 .Egypto
2980 1711 3083 1766 fuit
3119 1711 3465 1767 Mohammcd
3501 1712 3609 1766 Ειι.

2020 1807 2109 1861 uol
2150 1804 2313 1868 Sarii,
2343 1804 2517 1861 Ehnol
2554 1804 2797 1866 llacemi.
2838 1805 2930 1875 qui
2995 1806 3218 1862 rebellis
3280 1805 3479 1869 factus.
3520 1821 3608 1860 se-

2024 1914 2132 1965 que
2164 1899 2233 1953 ab
2266 1898 2605 1954 AlMamuuis
2631 1898 2902 1967 obsequio
2931 1899 3268 1961 subduceus,
3312 1897 3604 1969 {Egyntum

2032 1991 2350 2061 occupavit,
2387 2005 2551 2059 quam
2587 2000 2643 2044 et
2676 1998 2804 2044 aute
2842 1990 3022 2060 ipsum
3052 1998 3420 2058 occupaverat
3449 2000 3607 2059 pater

2028 2086 2203 2153 ipsius
2233 2081 2497 2139 AlSarius
2527 2102 2541 2139 :
2575 2082 2728 2137 misit
2757 2097 2890 2150 ergo
2937 2082 3247 2142 Alilamuu,
3283 2080 3596 2135 Obaidalla-

2019 2178 2151 2231 hum
2186 2175 2302 2229 Elin
2334 2174 2609 2230 Tdhaheri
2664 2175 2719 2228 in
2776 2173 3113 2245 Egyptum;
3152 2174 3245 2239 qui
3295 2188 3363 2225 co
3413 2188 3608 2242 perve-

2022 2270 2183 2323 niens
2214 2268 2391 2326 Ebuol
2425 2266 2644 2322 Sarium
2702 2268 2986 2327 salutavit,
3021 2273 3208 2333 utpote
3238 2267 3331 2334 qui
3364 2282 3430 2319 eo
3462 2275 3609 2320 tem.

2019 2379 2153 2431 pore
2185 2378 2295 2433 quo
2322 2360 2619 2432 IEgypmm
2657 2361 2939 2429 ingressus
2971 2366 3055 2414 est
3089 2359 3432 2421 ()haidallah,
3462 2375 3607 2428 przc‘

2036 2453 2213 2509 fectus
2251 2456 2449 2507 fuerat.
2490 2450 2591 2505 llic
2622 2467 2755 2523 ergo
2808 2450 3109 2521 Egyptum
3164 2450 3451 2517 ingressus
3481 2454 3611 2505 col-

2030 2551 2196 2602 lectas
2231 2560 2361 2615 epes
2414 2545 2727 2615 Bagdadum
2782 2544 2850 2598 ad
2913 2543 3305 2596 AlMamuuem
3356 2544 3606 2603 abduxit,

2030 2638 2310 2708 Idemque,
2347 2639 2501 2707 copia
2538 2654 2634 2707 per
2671 2637 2881 2693 litteras
2912 2639 2979 2691 ab
3015 2636 3334 2692 Alliamune
3361 2636 3607 2704 scriptas

2021 2734 2124 2799 ipsi
2160 2748 2448 2789 concessa.
2489 2731 2751 2798 templum
2805 2745 3096 2785 commune
3130 2729 3273 2800 quod
3316 2728 3476 2783 Μυετί
3504 2740 3610 2790 est,

2024 2822 2277 2895 [palatio]
2338 2823 2501 2876 l‘aril’
2536 2822 2712 2875 Ramli
2763 2831 2880 2876 toto
2917 2822 3088 2884 auxit,
3139 2831 3389 2890 excepta.
3445 2835 3610 2890 quam

2033 2917 2277 2987 reliquit,
2333 2918 2763 2971 mouctariorum
2831 2917 3017 2969 domo.
3085 2917 3261 2968 Porro
3329 2915 3609 2967 vacillavit

2027 3010 2418 3080 Hierosolymis
2446 3008 2694 3063 ecclesia:
2725 3008 3172 3063 Resurrectiouis
3193 3009 3436 3066 testudo.
3470 3010 3613 3061 adeo

331 3095 551 3155 Manum
589 3096 643 3147 in
678 3094 962 3147 Chorasan
1019 3089 1238 3160 (estque
1294 3091 1408 3159 ipse
1462 3089 1750 3151 Abdollah,
1806 3088 1917 3141 Ehu

2029 3112 2087 3157 ut
2120 3118 2312 3172 parum
2367 3103 2588 3158 abesset
2623 3103 2755 3172 quin
2796 3102 3099 3157 decideret.
3156 3101 3372 3154 Accidit
3428 3110 3614 3154 autem

341 3188 526 3241 "aruit
556 3185 880 3247 Alnashidi,
916 3185 1032 3239 Ebn
1081 3183 1423 3237 Moliauuncd
1476 3181 1751 3239 AlMohdi.
1802 3182 1916 3238 Ebn

332 3280 627 3340 Abdollah,
686 3277 801 3330 Ehn
836 3276 1046 3338 llaruu,
1082 3275 1254 3328 Ebunl
1311 3274 1557 3337 Mansur,
1612 3275 1697 3326 cui
1748 3280 1922 3326 mater

332 3372 436 3427 fuit
471 3369 692 3440 Marajel
720 3365 1198 3437 Aliladegiseusis)
1262 3381 1406 3418 auuo
1432 3364 1731 3417 centesimo
1759 3379 1923 3417 nona-

342 3466 553 3535 gesimo
571 3475 744 3517 sexto.
768 3461 1091 3515 Interfectus
1124 3467 1409 3511 estautem
1440 3456 1780 3509 l'dohammcd
1810 3456 1920 3509 Afi-

341 3559 526 3619 Amin,
552 3556 719 3609 frater
742 3552 1082 3607 Alhlamunis
1100 3549 1340 3619 Bagdadi
1361 3552 1462 3600 sub
1484 3550 1589 3602 line
1612 3553 1814 3601 uicuss
1834 3550 1923 3601 Al-

335 3650 677 3707 moharram,
714 3661 858 3700 anno
884 3644 1188 3697 centesimo
1214 3642 1574 3709 "Onagesimo
1615 3650 1810 3693 octavo
1842 3656 1930 3693 oc-

332 3750 575 3810 cupaute
597 3737 886 3792 Tdhahero
908 3735 1080 3789 Ebuol
1110 3733 1308 3787 llosain
1338 3733 1487 3786 urbis
1517 3740 1722 3799 partem
1755 3731 1934 3785 oricu-

335 3829 522 3893 talem,
564 3826 823 3882 llozaima
848 3823 1257 3881 occidentalem.
1292 3830 1455 3890 atque
1521 3820 1786 3873 llomaido
1822 3820 1933 3873 Ehu

337 3917 949 3976 AbdilllamidTusensi
1000 3925 1233 3985 qur-tuor
1264 3915 1332 3967 ab
1382 3912 1568 3967 eadem
1619 3913 1936 3981 parasangis

336 4010 579 4064 sedente.
640 4004 999 4079 517-519
1062 4003 1467 4071 Pra~fectusque
1522 4011 1606 4055 est
1666 4001 1933 4058 Aliiosain

338 4099 456 4153 Eho
480 4098 604 4153 Sabl
629 4098 823 4159 Erako,
857 4098 908 4151 iu
935 4096 1093 4166 cujus
1126 4104 1449 4164 potestatem
1473 4104 1737 4149 venerunt
1773 4090 1935 4151 Eraki

338 4192 577 4247 ditiones
626 4205 841 4259 unaque
878 4190 1017 4243 alim.
1055 4187 1293 4242 Fuerunt
1324 4200 1500 4241 autem
1532 4188 1782 4258 regiones
1821 4204 1941 4241 om-

342 4300 443 4339 nes
488 4283 736 4337 dissidiis
769 4282 961 4349 pleuze,
991 4295 1113 4333 cum
1148 4281 1202 4333 in
1236 4280 1467 4346 singulis
1499 4289 1681 4333 essent
1709 4279 1802 4347 qui
1833 4280 1936 4334 sibi

345 4374 635 4443 imperium
702 4369 1056 4423 vendit-arent
1096 4378 1201 4419 tam
1234 4382 1298 4421 ex
1336 4368 1417 4419 Ali
1458 4368 1741 4436 prognatis
1769 4382 1933 4435 quam

341 4466 487 4519 aliis.
522 4461 817 4517 Discedens
853 4470 1029 4513 autem
1078 4459 1361 4512 Altiamuu
1396 4474 1425 4513 e
1452 4458 1769 4512 Chorasauo
1801 4458 1935 4529 Bag-

2029 3195 2081 3247 iu
2108 3194 2394 3249 Palaestina
2427 3201 2590 3261 atque
2614 3191 3011 3262 Hierosolymis
3038 3192 3212 3246 fames
3241 3191 3449 3261 gravis,
3486 3204 3615 3244 cum

2028 3288 2369 3345 locustarum
2424 3284 2803 3347 multitudine,
2861 3283 2997 3338 adeo
3052 3290 3114 3335 ut
3167 3281 3309 3336 fame
3372 3280 3616 3350 perirent

2031 3379 2301 3439 homines,
2335 3376 2694 3445 fugerentque
2725 3374 3037 3430 Moslemini
3070 3371 3469 3443 Hierosolymis
3503 3387 3616 3437 pra:

2040 3482 2274 3523 aunona‘:
2321 3466 2573 3529 caritate,
2626 3480 2806 3536 neque
2842 3479 3034 3518 eorum
3080 3462 3280 3519 ibidem
3313 3463 3481 3532 aliqui
3520 3478 3617 3515 su-

2032 3566 2313 3629 peressent
2342 3556 2698 3629 5.21-5.23
2754 3555 2944 3625 paucis
2996 3554 3291 3608 admodum
3346 3557 3615 3620 exceptis.

2035 3652 2275 3707 Thomas
2307 3664 2441 3719 ergo
2478 3648 2797 3719 patriarcha
2854 3646 2973 3717 (qui
3022 3645 3245 3701 Tamrik
3296 3647 3468 3715 audit)
3518 3662 3617 3717 0p.-

2040 3742 2434 3814 portunitatem
2482 3742 2645 3797 hanc.
2698 3754 2804 3808 qua
2857 3738 3193 3793 Moslemuiis
3245 3753 3412 3792 vacua
3470 3748 3617 3794 cssct

2038 3837 2192 3897 urbs,
2225 3836 2497 3896 lucratus,
2524 3832 2762 3904 Cyprum
2816 3832 3043 3887 mittens
3076 3832 3211 3885 σιειιί
3263 3832 3472 3886 curavit
3523 3848 3617 3886 cc.

2039 3932 2262 3985 drorum
2295 3936 2352 3983 et
2384 3926 2626 3982 abietum
2659 3926 3061 3995 quinquaginta
3117 3932 3367 3988 truncos,
3409 3939 3616 3995 eosque

2040 4018 2418 4089 Hierosolyma
2449 4016 2671 4070 adduci.
2707 4013 2947 4084 Fuitque
2991 4015 3076 4069 vir
3106 4012 3329 4082 quidam
3367 4029 3431 4068 ex
3462 4014 3618 4070 Butae.

2040 4114 2092 4167 in
2125 4112 2360 4183 Egypto
2418 4110 2622 4164 incolis
2677 4107 2908 4162 nomine
2958 4107 3158 4162 Bocam
3210 4107 3409 4175 opibus
3440 4108 3620 4161 abue-

2036 4211 2196 4268 dans,
2234 4203 2331 4257 Hic
2362 4204 2429 4257 ad
2481 4202 2747 4257 Thomam
2786 4199 3166 4270 patriarcbam
3218 4197 3622 4271 Hierosolymis

2034 4306 2225 4351 tauum
2264 4310 2517 4363 magnam
2573 4293 2819 4366 pecunias
2849 4292 2959 4347 vim
3012 4293 3260 4357 mittens,
3296 4310 3403 4363 qua
3444 4302 3620 4348 testu-

2033 4390 2213 4443 dinem
2299 4389 2653 4447 instauraret.
2724 4385 2884 4453 jussit
2931 4400 2961 4439 a
3021 4386 3242 4439 nemine
3301 4385 3617 4441 mortalium

2041 4482 2335 4551 quidquam
2373 4479 2665 4548 accipere:
2720 4477 2867 4546 quod
2924 4477 2971 4531 si
3009 4476 3261 4545 pluribus
3290 4476 3467 4531 adhuc
3525 4492 3620 4547 pc-

344 4558 546 4611 dadum
593 4554 857 4623 pervenit,
933 4566 1119 4604 mense
1173 4550 1385 4619 Saphar
1416 4549 1542 4603 anui
1578 4550 1935 4603 ducentesiuii
1970 4554 2015 4611 ο
2042 4549 2225 4628 (gnum
2254 4587 2395 4643 opus
2429 4570 2678 4635 habent,
2724 4585 2784 4626 se
2813 4569 2882 4633 ad
2916 4570 3096 4640 ipsum
3129 4584 3254 4625 esse
3294 4570 3614 4623 missurum.

344 4652 554 4721 quarti,
575 4647 901 4701 satellitibus
919 4646 1030 4699 suis
1052 4645 1305 4712 prmfecto
1325 4642 1612 4697 Tdhahero
1636 4643 1807 4697 Ebnol
1832 4640 1941 4695 llo-

350 4744 491 4808 eain,
516 4740 874 4808 hominesque
892 4737 957 4789 ad
980 4752 1147 4789 unum
1167 4751 1353 4787 omnes
1371 4749 1593 4789 securos
1613 4749 1735 4790 esse
1751 4734 1935 4804 jussit.

352 4834 647 4903 Superavit
698 4832 861 4885 etiam
890 4829 1243 4882 Abrahimum
1278 4826 1445 4880 Ehuol
1480 4828 1681 4894 lllohdi,
1704 4829 1796 4899 qui
1821 4828 1936 4887 Ebu

355 4923 598 4979 Shaklah
651 4922 845 4985 audiit,
877 4920 969 4989 qui
1032 4907 1321 4988 imperium
1373 4920 1475 4973 sibi
1542 4919 1934 4983 vindicaverat,

352 5025 518 5084 atjue
593 5016 891 5083 imperator
947 5011 1186 5066 fidelium
1259 5014 1570 5082 appellatus
1626 5014 1825 5067 fuerat.
1876 5012 1931 5067 lu

355 5118 579 5164 ca'tcras
606 5110 768 5159 etiam
807 5105 1058 5175 regiones
1109 5122 1233 5157 eum
1268 5105 1453 5173 copias
1509 5105 1766 5167 mitteret,
1804 5106 1933 5159 sub-

352 5202 552 5271 jngatre
590 5207 717 5252 sunt
771 5196 1008 5251 ditioucs
1062 5212 1272 5261 omnes,
1309 5212 1481 5265 coque
1518 5197 1704 5249 audito
1740 5214 1933 5251 manus

357 5293 630 5344 dederunt
660 5298 929 5357 quotquot
957 5289 1062 5341 sibi
1094 5297 1414 5354 poteSIatem
1454 5290 1825 5358 arripueraut,
1880 5301 1935 5345 et

359 5381 727 5435 seditionibus
764 5379 888 5434 linis
943 5381 1233 5447 impositus
1265 5389 1369 5433 est.
1407 5378 1553 5433 Ditit
1608 5382 1727 5433 Ahu
1782 5380 1936 5434 Isaac

360 5474 618 5528 Abrahim
657 5474 772 5527 Ebu
806 5474 855 5525 ol
892 5470 1095 5534 Mohsli,
1132 5473 1222 5540 qui
1283 5472 1397 5525 Ebn
1431 5473 1665 5526 Shaclah
1700 5477 1939 5543 appella-

363 5576 451 5618 tus
483 5573 588 5619 est.
621 5563 737 5616 Non
772 5564 1053 5618 desierunt
1080 5564 1319 5631 cpistola:
1378 5563 1517 5616 inter
1556 5564 1804 5617 homines
1840 5570 1937 5627 hac

358 5655 537 5709 forma
574 5655 828 5716 inscribi,
863 5655 943 5707 Ab
980 5653 1045 5707 Ν.
1084 5654 1196 5707 Ebu
1248 5652 1312 5707 N.
1351 5654 1419 5708 ad
1457 5653 1522 5709 Ν.
1574 5654 1689 5708 Ειηι
1741 5655 1804 5709 Ν.
1846 5668 1938 5713 aut

366 5749 435 5805 ab
472 5748 570 5804 Abi
604 5746 669 5802 Ν.
713 5748 780 5801 ad
824 5747 925 5801 Alii
956 5745 1021 5800 Ν.
1060 5756 1154 5802 aut
1185 5747 1251 5800 ad
1291 5747 1393 5801 Abi
1427 5746 1491 5803 Ν.
1526 5749 1592 5801 ab
1618 5749 1715 5803 Alii
1755 5750 1819 5803 Ν.
1844 5760 1936 5804 aut

694 5846 964 5914 PnnoL.
1005 5846 1048 5906 ϐ
1065 5865 1124 5907 ιι,
1158 5845 1311 5908 CXI.

2039 4663 2284 4719 Thomas
2316 4678 2447 4732 ergo
2495 4662 2808 4732 patriarcha
2845 4660 3177 4717 testudinem
3231 4661 3492 4731 paulatim
3530 4662 3616 4715 di-

2039 4772 2227 4821 rueus,
2263 4755 2425 4824 lignis
2480 4754 2599 4810 istis
2647 4753 2989 4811 intromissis
3042 4753 3435 4822 superstruxit.
3468 4752 3617 4808 Vidit

2036 4862 2220 4906 autem
2276 4850 2331 4903 in
2392 4846 2688 4907 insomnio.
2722 4863 2755 4902 e
2810 4847 3069 4902 columna
3127 4847 3363 4915 quadam
3419 4862 3485 4899 ex
3548 4847 3618 4907 iis

2034 4939 2675 5011 quibus'sustentabatur
2708 4937 2926 4992 testudo
2959 4934 3199 5009 [templi]
3232 4933 3618 4993 Resurrectio-

2040 5033 2126 5088 uis
2155 5032 2492 5101 prodeuntes
2539 5028 2898 5099 quadraginta
2936 5028 3089 5086 viros
3133 5026 3228 5096 qui
3276 5028 3612 5084 testudinem

2035 5126 2395 5185 sustinerent,
2439 5138 2508 5176 ne
2530 5122 2774 5184 caderet,
2811 5119 2912 5195 [e]
2960 5121 3219 5177 columna
3250 5122 3460 5177 scilicet
3491 5137 3615 5191 qua:

2036 5215 2219 5267 domui
2248 5214 2531 5282 supposita
2561 5221 2644 5267 est
2672 5230 2685 5267 :
2713 5220 3067 5282 experrectus
3096 5228 3228 5283 ergo
3258 5213 3394 5268 dixit
3420 5232 3435 5278 ;
3475 5213 3619 5269 Sunt

2036 5305 2399 5372 quadraginta
2430 5303 2507 5356 illi
2545 5304 2635 5372 qui
2670 5302 3002 5359 testudinem
3037 5305 3336 5370 sustinent,
3377 5305 3618 5372 quadra-

2038 5398 2184 5464 ginta
2218 5406 2524 5465 martyres:
2558 5394 2918 5464 quadraginta
2946 5410 3078 5464 ergo
3102 5400 3252 5466 tigna
3286 5397 3339 5450 iu
3377 5396 3615 5454 testudi-

2041 5499 2161 5538 nem
2194 5484 2444 5545 immisit,
2487 5498 2719 5551 quorum
2753 5486 3183 5555 unumquodque
3216 5485 3340 5539 sinu
3377 5485 3619 5552 comple-

2039 5585 2276 5632 cteretur
2313 5579 2472 5631 homo
2502 5578 2568 5631 ad
2594 5593 2878 5633 munerum
2906 5576 3268 5648 quadraginta
3295 5586 3615 5648 martyrum.

2052 5668 2253 5735 Estque
2301 5668 2553 5720 co‘umna
2593 5669 2694 5723 ista
2741 5683 2865 5738 qua:
2918 5669 3021 5723 sita
3056 5679 3140 5723 est
3169 5684 3197 5722 e
3238 5670 3460 5732 regione
3507 5668 3624 5737 pul-

2042 5756 2136 5825 piti
2186 5770 2345 5810 secus
2393 5755 2561 5810 altare
2623 5759 2688 5810 ad
2727 5756 2870 5811 latus
2934 5756 3193 5819 australe,
3226 5758 3376 5823 juxta
3430 5774 3616 5828 quam,

3230 5852 3301 5915 36
