3980 6152
396 347 528 415 ill-ll

1432 344 1800 409 EU'l‘YtzlllI
1840 336 2379 407 ALEXANDRINI
2418 332 2638 411 mira.

3530 347 3671 413 1132

392 468 608 532 quoties
665 462 829 517 fuerit
863 460 1064 516 festum
1121 462 1483 530 quadraginta
1542 468 1866 529 martyrum,
1901 454 2050 517 le-A
2081 456 2351 525 quispiam
2409 475 2515 513 una
2557 472 2784 531 excepta
2830 463 2965 528 tilia,
3023 478 3187 533 quam
3237 465 3501 519 dememo
3558 468 3668 520 ista

388 566 531 609 stum
581 554 647 608 iis
680 553 983 608 celebrant.
1035 551 1285 621 Cumque
1315 551 1427 621 jam
1468 549 1792 619 perfecisset
1821 547 1973 603 ’Πιο-

392 662 509 701 mas
560 647 875 715 patriarcha
931 646 1393 701 instaurationem
1446 643 1614 716 424
1676 641 1973 699 testudinis

390 735 706 810 [immissis]
758 736 947 806 tignis,
1002 752 1238 807 eamque
1272 748 1326 792 et
1364 738 1619 807 superius
1655 746 1707 791 et
1740 733 1972 790 inferius

391 834 777 894 iucrustasset,
819 830 1107 884 zedllicavit
1164 842 1331 899 supra
1366 828 1695 883 testudinem
1752 828 1973 881 istame

388 923 551 991 lignis
581 931 636 976 et
668 920 850 985 aliam,
911 935 978 978 eo
1012 921 1155 975 inter
1191 922 1339 990 ipsas
1394 919 1584 975 relicto
1632 919 1813 990 spatio
1863 933 1989 987 quos

386 1016 635 1071 incedere
667 1013 792 1085 quis
828 1015 1027 1084 possit.

455 1110 591 1161 Cum
630 1119 764 1173 ergo
792 1122 856 1160 ex
906 1106 1140 1177 Egypto
1197 1114 1567 1161 reverteretur
1599 1102 1773 1159 Ohaid
1806 1103 1965 1158 Allah

384 1200 501 1254 Ehn
564 1200 823 1256 Tdhaher
880 1196 1199 1268 Bagdadum
1257 1196 1515 1260 tendens,
1564 1196 1845 1266 querelam
1898 1195 1962 1249 ad

382 1295 561 1364 ipsum
609 1293 926 1350 detulerunt
962 1292 1289 1357 Moslcmini,
1316 1289 1663 1346 Christianos
1690 1297 1964 1359 trangres-

380 1401 494 1449 sos.
533 1387 668 1441 illud
701 1385 846 1457 quod
898 1400 1005 1439 non
1057 1374 1251 1440 liceret
1282 1384 1419 1452 ipsis
1454 1380 1679 1444 fecisse,
1737 1380 1963 1435 testudi-

2074 547 2309 615 privavit
2340 549 2488 616 Eltas
2518 549 2635 606 Ebu
2666 550 2891 609 Mausur
2920 555 3232 623 patriarcha
3266 555 3667 627 Hierosolymi-

2075 651 2259 694 tanus.
2300 639 2513 697 Mortuo
2546 653 2725 698 autent
2751 643 2959 699 Thonta
2994 646 3326 713 patriarcha,
3367 650 3667 719 praefectus

2072 743 2156 787 est
2187 740 2311 801 post
2366 736 2542 805 ipsum
2591 736 2898 807 discipulus
2934 741 3129 808 ipsius,
3168 741 3385 796 nomine
3421 742 3667 806 Basilab.

2072 820 2467 895 Hierosolymis
2519 828 2877 896 patriarcha:
2946 831 3111 900 idque
3162 848 3308 887 aliine
3362 836 3667 890 ehahtatus

2072 913 2415 973 Alﬂamuuis
2465 921 2740 989 septimo;
2773 922 3090 976 cathedram
3147 933 3327 979 autem
3365 929 3667 994 occupavit

2072 1006 2294 1062 Basilah
2326 1024 2506 1067 annos
2539 1012 2730 1082 viginti
2779 1015 3050 1084 quinque,
3102 1016 3229 1071 dein
3280 1020 3439 1077 obiit.
3499 1022 3664 1073 Auno

2067 1098 2246 1166 primo
2284 1100 2578 1157 chalil’atus
2628 1103 2968 1161 Alﬂainunis
2993 1109 3323 1166 constitutus
3355 1110 3449 1164 iob
3484 1112 3657 1180 patri-

2063 1190 2233 1244 archa
2267 1191 2661 1256 Autiochenus.
2699 1198 2789 1267 qui
2815 1214 2989 1254 annos
3020 1202 3239 1269 triginta
3266 1218 3437 1258 unum
3486 1206 3658 1260 sedit.

2138 1279 2417 1338 Reversus
2449 1300 2629 1343 autem
2658 1289 2979 1347 Obaidollah
3005 1293 3122 1349 Ebn
3148 1292 3427 1351 Tdhaheii
3453 1296 3652 1369 Bugda-

2066 1379 2219 1442 dum,
2271 1379 2339 1433 ad
2383 1380 2792 1449 Almamunem,
2844 1388 3120 1455 quomodo
3160 1404 3220 1445 se
3257 1392 3525 1448 haberent
3572 1411 3663 1450 res

379 1494 503 1536 nem
561 1480 810 1534 ecclesiae
868 1477 1313 1533 Besurrcctionis
1369 1477 1692 1544 diruentes;
1730 1486 1964 1544 eamque
2058 1471 2115 1526 in
2152 1470 2412 1545 )Egypto,
2441 1475 2683 1546 quidque
2721 1478 2793 1533 illi
2845 1483 3055 1550 egisset
3086 1499 3198 1551 quo
3245 1499 3365 1539 eam
3419 1486 3476 1540 iu
3506 1486 3661 1541 ordi-

377 1586 500 1625 cum
534 1586 697 1640 parva
746 1578 917 1635 esset,
954 1580 1250 1639 augentes,
1283 1571 1423 1625 adeo
1480 1578 1535 1622 ut
1584 1582 1747 1638 quam
1798 1573 1961 1621 antea
2058 1583 2183 1623 nem
2219 1568 2528 1640 redigeret.
2566 1573 2668 1641 ipsi
2704 1573 2989 1630 iudicavit.
3026 1577 3157 1631 Post
3196 1578 3308 1633 haec
3338 1584 3659 1639 tumultuati

376 1663 555 1716 fuerat
596 1663 769 1732 major
822 1662 1078 1717 evaderet
1113 1676 1168 1716 et
1198 1662 1530 1717 testudinem
1569 1660 1743 1716 Petra:
1774 1660 1962 1715 altitu-
2063 1671 2197 1719 sunt
2224 1664 2286 1717 Al
2315 1664 2609 1731 Ilimaidan,
2654 1680 2712 1722 ut
2739 1668 3047 1739 (Sophtitice
3074 1671 3355 1739 dicuntur,
3386 1676 3547 1743 cujus
3579 1677 3660 1729 in-

373 1756 504 1809 dine
539 1766 848 1825 superaret.
889 1755 1215 1810 Obaidallnh
1270 1772 1404 1827 ergo
1446 1756 1779 1810 accersitum
1813 1750 1959 1809 Tho-

375 1861 518 1901 mam
573 1850 965 1917 patriureham,
1025 1851 1277 1915 aliosque
1326 1865 1450 1904 cum
1507 1863 1573 1903 eo
1626 1847 1851 1914 multos,
1903 1846 1958 1901 iu

373 1952 650 1993 carcerem
686 1942 943 2010 cotijeeit,
982 1941 1123 1995 hunc
1162 1943 1216 1994 in
1252 1956 1362 1994 rem
1398 1940 1789 2010 iuquisiturus.
1822 1938 1958 1995 utsi

372 2052 563 2090 verum
601 2040 1001 2108 cnnlperiretur
1057 2035 1190 2089 illud
1241 2038 1403 2103 cujus
1453 2035 1756 2089 insimulati
1804 2043 1957 2098 sunt,

371 2127 558 2198 ﬂagris
592 2129 739 2199 ipsos
772 2130 1030 2184 caederet.
1083 2129 1162 2182 Ad
1190 2144 1329 2199 quos
1363 2144 1494 2197 ergo
1526 2143 1751 2183 carcere
1784 2126 1961 2181 inclu-

372 2237 466 2277 sus
502 2231 668 2276 noctu
702 2222 970 2278 accedens
1008 2236 1177 2276 senex
1233 2220 1458 2292 quidam
1510 2219 1957 2283 Moliammedita,

370 2309 596 2368 'l‘houns:
625 2315 955 2383 patriarcha:
982 2314 1062 2367 sic
1090 2312 1232 2368 dixit
1260 2330 1273 2367 :
1321 2314 1432 2382 ligo
1481 2316 1784 2369 educturus
1830 2329 1952 2368 sum

373 2414 424 2456 tu
479 2414 888 2476 argumentum,
945 2422 1054 2476 quo
1083 2413 1135 2461 et
1188 2414 1244 2461 tu
1278 2416 1333 2460 ct
1364 2407 1595 2461 comites
1626 2408 1705 2459 tui
1738 2406 1953 2461 evasuri

369 2500 527 2559 estis.
559 2499 862 2553 auxiliante
896 2500 1027 2566 Deo,
1084 2514 1182 2555 nec
1238 2516 1347 2554 non
1380 2508 1431 2554 ct
1463 2502 1717 2567 testudo;
1764 2513 1831 2554 eo
1856 2513 1955 2570 pa-

370 2604 482 2661 cto,
517 2597 564 2650 si
593 2596 726 2651 mihi
759 2596 1033 2665 spondeas
1076 2596 1335 2651 daturum
1385 2609 1435 2650 te
1470 2596 1603 2650 mihi
1659 2595 1808 2651 mille
1852 2610 1954 2650 au-

372 2703 516 2753 reos,
545 2688 790 2760 mihique
836 2698 892 2745 et
913 2689 1100 2747 liberis
1144 2692 1281 2747 meis
1308 2692 1717 2760 liberorumque
1750 2687 1958 2754 liberis,

382 2780 559 2835 donec
633 2780 924 2847 deﬁciant.
989 2783 1045 2837 in
1112 2792 1436 2853 perpetuum
1509 2783 1820 2837 exhibitam
1890 2781 1958 2836 iri

368 2875 685 2927 demensum
747 2887 814 2929 ex
865 2873 1029 2945 hujus
1078 2876 1370 2931 testudinis
1416 2876 1703 2938 reditibus.
1766 2890 1956 2945 quem-

376 2964 667 3019 admodum
760 2966 1142 3022 sacerdotibus
1198 2976 1252 3021 et
1327 2966 1599 3020 diaconis.
1685 2964 1957 3020 Promisit

369 3072 499 3125 ergo
533 3057 639 3126 ipsi
700 3054 944 3114 Thomas
995 3058 1309 3129 patriarcha
1364 3059 1547 3112 omnia
1594 3073 1717 3129 qum
1769 3058 1946 3128 petiit.

2067 1758 2386 1828 terpretatio
2416 1768 2501 1813 est
2528 1757 2825 1829 Progenies
2848 1764 3349 1835 quadragenorum.
3383 1770 3652 1837 siquidem

2062 1841 2295 1903 Romani
2344 1864 2469 1905 cum
2521 1848 2761 1922 :Egyplo
2789 1855 3135 1911 discederent
3188 1869 3501 1928 occupante
3532 1876 3652 1916 eam

2060 1940 2327 2009 religione
2358 1940 2817 2011 Moliunnnedica,
2867 1948 3045 2003 relicti
3078 1959 3208 2004 sunt
3251 1967 3316 2005 ex
3368 1952 3508 2022 ipsis
3551 1948 3653 2005 viri

2058 2034 2560 2106 quadraginta,qui
2590 2038 2777 2095 liberis
2805 2040 2875 2093 ibi
2903 2042 3100 2108 genitis
3128 2044 3474 2115 multiplicati
3501 2057 3655 2110 sunt;

2059 2136 2225 2195 atque
2262 2127 2315 2182 in
2344 2126 2605 2185 inferiore
2640 2140 2801 2187 terra:
2836 2130 3176 2204 Egyptian
3209 2150 3365 2206 parte
3389 2141 3656 2207 progenie

2060 2220 2229 2283 aucti,
2269 2220 2523 2290 appellati
2553 2234 2685 2278 sunt
2721 2224 2914 2290 Biiuai,
2968 2228 3021 2281 id
3054 2236 3140 2284 est
3167 2228 3536 2300 Quadraginta
3574 2233 3650 2285 vi-

2061 2326 2249 2366 rorum
2283 2314 2591 2384 progenies.
2630 2318 2697 2372 lli
2745 2318 2911 2386 igitur
2964 2321 3193 2377 rebelles
3236 2320 3363 2375 facti
3413 2322 3656 2392 vectigal

2053 2413 2108 2459 ct
2133 2407 2395 2459 tributum
2432 2409 2670 2477 pendere
2723 2413 3036 2466 noluerunt.
3071 2411 3227 2480 Quod
3268 2429 3396 2467 cum
3428 2415 3492 2469 Al
3531 2414 3645 2468 Ma-

2065 2500 2218 2552 muui
2274 2501 2581 2554 nuntiatum
2609 2513 2775 2569 esset.
2806 2505 2957 2560 misit
2989 2507 3080 2562 ille
3098 2506 3533 2569 Almotasemum
3563 2522 3659 2562 co-

2056 2591 2159 2659 piis
2188 2584 2515 2647 instructum
2562 2594 2618 2648 in
2645 2594 2968 2668 Egyptum,
2993 2614 3157 2668 quem
3209 2614 3389 2669 pugna
3418 2614 3656 2668 excepe-

2061 2692 2189 2736 runt
2220 2684 2282 2735 Al
2308 2684 2585 2749 Bimaida.
2619 2697 2681 2741 ut
2723 2696 2781 2743 et
2828 2688 2943 2757 ipse
2979 2689 3140 2755 illos;
3177 2705 3316 2758 quos
3363 2702 3416 2743 et
3453 2706 3654 2761 magna

2060 2775 2306 2843 ipsorum
2352 2787 2536 2848 strage
2566 2778 2714 2834 edita
2770 2780 2825 2835 in
2875 2780 3059 2849 fugam
3106 2780 3255 2843 dedit
3306 2782 3658 2853 tetuinasque

2058 2867 2330 2935 ipserum,
2381 2879 2431 2923 et
2470 2869 2676 2929 liberos
2728 2870 3044 2943 Bagdaduin
3101 2876 3349 2943 captivos
3396 2877 3654 2943 abduxit,

2061 2974 2173 3027 quo
2201 2959 2551 3034 ἥδε-431
2577 2979 2826 3019 reversus
2850 2972 2933 3019 est
2962 2976 3250 3035 postquam
3275 2964 3570 3038 Egyptum
3596 2970 3651 3022 in

2056 3056 2302 3109 ordinem
2342 3058 2641 3126 redegerat.
2694 3056 2831 3112 Tum
2864 3068 2918 3112 et
2959 3060 3073 3127 ipse
3124 3060 3187 3112 Al
3223 3057 3439 3114 laniun
3470 3064 3650 3116 comi-

368 3149 623 3217 idemque
652 3151 860 3222 scripto
892 3166 998 3207 suo
1032 3151 1136 3221 ipsi
1198 3161 1440 3208 testatus
1471 3163 1574 3207 est.
1611 3151 1758 3207 Dixit
1786 3153 1951 3223 igitur
1979 3166 2026 3229 ο
2057 3156 2211 3201 tante
2261 3147 2326 3202 Al
2376 3146 2678 3204 Motaseiw
2730 3151 2785 3203 in
2840 3146 3140 3220 Egyptqu
3190 3153 3473 3221 prolectus
3524 3165 3651 3221 est,

366 3240 442 3295 illi
472 3258 487 3295 :
534 3239 637 3298 Ubi
689 3251 744 3298 te
770 3242 1167 3298 accersiverint
1201 3259 1265 3299 ac
1297 3246 1617 3299 testimonia
1647 3255 1845 3301 contra
1891 3254 1947 3299 te

365 3334 716 3402 protulerint,
761 3332 1126 3409 525.527
1176 3337 1258 3392 sic
1306 3336 1494 3392 dicas:
1562 3334 1754 3392 Servet
1803 3336 1948 3393 Deus

369 3414 782 3497 imperatorem.
814 3439 965 3484 certe
1002 3432 1353 3499 reparatione
1389 3447 1527 3499 opus
1558 3432 1756 3486 habuit
1793 3432 1951 3486 locus

367 3519 591 3587 quidam
624 3520 678 3573 in
732 3521 1029 3585 testudine.
1070 3537 1280 3591 egoque
1325 3539 1453 3577 eum
1510 3525 1840 3588 instauravi,
1873 3526 1948 3577 ita

369 3621 429 3664 ut
492 3612 629 3666 nihil
687 3614 908 3670 interim
955 3615 1254 3680 diruerim,
1288 3617 1423 3671 nihil
1482 3616 1813 3671 addiderim.
1866 3615 1945 3671 Illi

367 3715 545 3758 autem
585 3707 680 3774 qui
716 3708 1098 3763 testimonium
1151 3709 1441 3780 perhibent
1477 3720 1667 3765 contra
1724 3725 1812 3765 me
1850 3720 1945 3764 te-

365 3808 581 3853 stantur
641 3801 971 3854 testudinem
1028 3802 1293 3856 minorem
1352 3800 1528 3857 fuisse
1577 3816 1746 3871 quam
1797 3818 1946 3857 nunc

363 3901 467 3954 cst,
505 3903 699 3959 meque
726 3889 775 3943 ei
801 3890 1077 3946 addidisse
1112 3909 1127 3954 ;
1160 3895 1459 3963 in;erroget
1488 3907 1620 3963 ergo
1662 3896 1814 3963 ipsos
1844 3895 1945 3948 im-

366 3994 602 4048 perator,
633 3990 837 4049 quanta
874 3981 1041 4037 fuerit
1085 3982 1380 4038 testudinis
1422 3999 1602 4054 parva
1632 4000 1818 4055 quam,
1863 3986 1942 4040 uti

365 4083 672 4140 autumant,
702 4074 875 4141 dirui,
906 4079 1189 4131 crassitics
1221 4087 1535 4146 quantaque
1566 4078 1731 4144 hujus
1778 4092 1943 4147 quam

363 4170 607 4224 exstruxi
652 4179 817 4238 atque
867 4170 1187 4239 ampliorem
1221 4168 1350 4234 l’cei.
1394 4184 1505 4240 quo
1533 4171 1673 4224 sciat
1703 4172 1944 4239 impera-

364 4270 451 4314 tor
484 4271 749 4331 quantum
798 4262 869 4316 sit
915 4261 1058 4317 inter
1108 4271 1398 4332 utramque
1450 4277 1481 4317 a
1533 4278 1621 4317 me
1674 4261 1941 4317 additum.

364 4357 551 4425 Nuqttc
583 4361 726 4413 enim
762 4374 1003 4429 unquam
1054 4364 1160 4415 hoc
1190 4359 1336 4415 scire
1369 4367 1624 4429 possunt.
1682 4356 1779 4414 Die
1813 4373 1945 4426 ergo

365 4453 607 4505 crastino
635 4451 918 4507 acoersitis
947 4449 1162 4504 'l'homa
1201 4453 1520 4521 patriarcha
1560 4458 1616 4507 et
1645 4450 1942 4506 comitibus

2056 3257 2289 3313 eamque
2318 3242 2604 3311 ingressus
2620 3244 2713 3298 die
2737 3241 2988 3306 Veneris.
3023 3247 3227 3300 mensis
3253 3247 3317 3301 Al
3339 3246 3651 3302 Maharram

2055 3350 2225 3399 nouo,
2260 3349 2405 3389 anno
2446 3333 2621 3403 llejrae
2646 3335 3022 3391 ducentesimo
3050 3339 3266 3392 decimo
3295 3341 3547 3407 septimo,
3582 3355 3652 3395 ac

2057 3425 2235 3493 primo
2261 3425 2468 3479 mensis
2499 3423 2714 3494 Saphar
2739 3427 2807 3482 ad
2840 3428 2904 3480 Al
2930 3424 3205 3483 Bimaidas
3230 3426 3507 3497 profectus
3532 3441 3647 3493 est;

2057 3516 2182 3571 dein
2218 3517 2288 3572 ab
2320 3518 2453 3588 ipsis
2486 3533 2744 3573 reversus
2800 3517 3060 3575 Ietsram
3107 3532 3165 3574 et
3193 3518 3521 3576 Phustatum
3559 3523 3649 3575 in-

2056 3625 2281 3679 gressus
2332 3624 2420 3666 cst
2466 3612 2556 3665 die
2608 3610 2860 3675 Sabbati.
2894 3612 3101 3667 mensis
3156 3613 3373 3684 Saphar
3423 3615 3648 3670 decimo

2054 3712 2275 3767 quarto,
2304 3711 2469 3773 atque
2502 3720 2567 3759 ex
2604 3702 2840 3773 ,Εεςγριο
2870 3705 3137 3762 discessit
3162 3723 3351 3762 mense
3381 3710 3442 3761 AI
3471 3708 3647 3765 ltabia

2052 3798 2221 3867 priori
2252 3796 2495 3865 ejusdem
2542 3799 2694 3851 anni.
2725 3797 2865 3852 Cum
2899 3809 3084 3854 autem
3118 3797 3174 3851 in
3221 3796 3517 3869 Egyptom
3553 3817 3647 3854 ve-

2055 3888 2225 3943 nisset
2262 3890 2324 3941 Al
2373 3887 2618 3954 Mamun,
2662 3890 2856 3944 turrim
2896 3891 3003 3944 sibi
3037 3891 3314 3945 exstruxit
3349 3892 3405 3946 in
3455 3900 3644 3948 monte

2051 3980 2115 4033 Al
2146 3978 2464 4044 Mokattam,
2498 3981 2552 4034 in
2584 3994 2692 4051 qua
2741 3981 2905 4045 sedit,
2939 3981 3322 4051 appellataque
3361 3992 3451 4038 est
3494 3982 3641 4038 Koh-

2052 4071 2200 4127 batol
2242 4071 2410 4127 llawa
2460 4072 2657 4145 [turris
2693 4073 3003 4145 desiderii].
3053 4076 3297 4130 Aderant
3343 4089 3526 4131 autem
3576 4078 3642 4132 Al

2050 4164 2294 4221 Hamuni
2324 4166 2654 4221 cubicularii
2682 4168 2795 4221 duo
2832 4166 3154 4231 Christiani,
3193 4171 3289 4239 qui
3323 4184 3450 4224 cum
3478 4171 3643 4243 IOuge

2050 4257 2310 4313 abessent
2366 4257 2619 4313 ecclesiae
2640 4274 2764 4329 quae
2797 4260 2851 4312 in
2886 4260 3092 4329 palatio
3121 4272 3301 4325 erant,
3328 4264 3547 4332 copiam
3574 4268 3643 4319 ab

2049 4349 2114 4403 Al
2145 4345 2397 4402 Mamune
2427 4348 2790 4418 impetrarunt
2820 4351 3110 4407 ecclesiam
3143 4355 3197 4406 in
3221 4368 3325 4422 qua
3354 4369 3515 4409 orare
3542 4372 3641 4427 po—

2048 4448 2259 4501 terant.
2309 4440 2637 4505 :ediilcandi,
2690 4458 2813 4512 qua:
2862 4458 2893 4497 a
2940 4442 3197 4500 Kobbatil
3246 4445 3413 4503 llavra
3472 4465 3645 4521 prope

365 4544 562 4611 ipsius.
619 4545 848 4597 “eum
905 4544 1068 4597 etiam
1132 4542 1419 4610 Mosmum.
1458 4543 1550 4615 qui
1586 4545 1769 4599 “sum
1826 4552 1952 4598 sum
1986 4525 2029 4581 Ι)
2058 4532 2272 4587 abesset
2301 4550 2316 4585 :
2347 4531 2495 4601 quod
2534 4533 2627 4586 illo
2663 4534 2797 4603 ipsis
2840 4538 3196 4602 concedente.
3243 4548 3642 4599 exstruxerunt

369 4646 585 4690 auctum
622 4635 794 4690 fuisse
828 4638 1183 4699 testudinem,
1217 4646 1405 4690 eontra
1436 4650 1576 4705 quos
1602 4651 1671 4690 eo
1693 4652 1824 4690 usus
1864 4646 1948 4690 est

367 4734 696 4795 argumento
728 4724 988 4781 Thomas.
1049 4722 1198 4780 Dixit
1244 4726 1409 4795 igitur
1446 4727 1582 4798 ipsis
1615 4724 1945 4784 Obaidollalt

368 4816 480 4871 Eun
532 4815 841 4871 Tdhahcri:
875 4816 1073 4873 Verum
1108 4827 1194 4875 est
1246 4820 1390 4889 quod
1442 4819 1752 4890 praetendit,
1794 4822 1940 4889 quod

365 4920 416 4961 ct
447 4925 546 4963 nos
580 4912 683 4978 ipsi
737 4906 1204 4965 conﬁrmabimus.
1266 4909 1507 4967 ludicate
1559 4912 1692 4966 mihi
1744 4921 1950 4982 quanta

363 5011 483 5055 crat
520 5001 815 5055 testudinis
855 5010 1091 5071 autequa
1119 5021 1146 5053 ιι
1199 5002 1378 5055 diruta
1434 5000 1562 5066 fuit.
1615 5005 1951 5060 crassities!

364 5105 678 5163 quantaque
752 5092 855 5147 hoc
904 5093 1196 5161 tempore?
1250 5091 1729 5163 Respondentibus
1769 5095 1947 5163 ipsis:

370 5187 476 5238 Ms
508 5187 611 5238 hoc
642 5184 1073 5252 explorabimus,
1130 5184 1435 5239 dissolutos
1488 5195 1572 5239 est
1628 5201 1945 5249 consessus.

366 5278 756 5349 profectusque
788 5285 869 5331 est
898 5274 1222 5331 Obaidallah
1256 5274 1374 5330 Ebn
1427 5274 1688 5333 Tdhaher
1747 5276 1944 5330 Dama-

366 5385 517 5425 scum
544 5387 559 5424 :
597 5367 839 5424 Thomas
864 5378 1045 5422 autem
1070 5368 1406 5439 patriarcha,
1432 5377 1485 5423 et
1512 5368 1740 5425 comites
1774 5370 1944 5439 ipsius

366 5461 743 5533 lliurosdynia
826 5463 1032 5517 reVersi
1096 5470 1223 5516 sunt
1286 5462 1488 5531 gaudio
1533 5460 1733 5517 allecti.
1788 5460 1942 5517 Dedit

362 5571 493 5624 ergo
532 5553 771 5607 Thomas
801 5552 1111 5623 patriarcha
1155 5553 1295 5621 [seni
1346 5553 1436 5608 isti
1490 5552 1942 5609 Mohammedauo

366 5646 511 5697 Iutlh:
546 5660 658 5697 aur.
681 5660 773 5709 os;
812 5660 911 5699 nec
941 5643 1222 5700 desierunt
1250 5642 1497 5700 exhiberi
1550 5644 1651 5713 ipsi
1683 5643 1941 5699 dementia

366 5747 423 5790 et
467 5748 588 5806 post
646 5737 823 5807 ipsum
872 5737 1057 5792 liberis
1107 5737 1301 5807 ipsius,
1356 5753 1457 5793 nec
1489 5750 1599 5791 non
1642 5735 1939 5792 liberorum

366 5827 574 5895 liberis,
640 5831 814 5885 donec
875 5828 1021 5883 haud
1086 5840 1401 5900 superesset
1463 5844 1527 5885 ex
1601 5829 1736 5900 ipsis
1773 5827 1940 5901 428

2046 4625 2337 4680 ecclesiam
2374 4623 2592 4681 Sanctae
2633 4626 2840 4693 Mariae,
2897 4645 3018 4699 qua:
3055 4632 3209 4699 juxta
3256 4643 3480 4703 pontem
3522 4647 3631 4699 est.

2046 4726 2211 4787 atque
2240 4715 2402 4772 hodie
2432 4718 2740 4787 appellatur
2768 4720 3014 4775 Ecclesia
3058 4721 3461 4792 Romanorum,
3508 4742 3634 4785 cum

2044 4819 2202 4862 antea
2249 4820 2538 4864 vocaretur
2585 4809 2831 4867 Ecclesia
2866 4812 3103 4868 duorum
3138 4815 3638 4874 cubiculariorum.

2044 4900 2241 4955 Fertur
2271 4904 2422 4971 ipsos
2448 4917 2568 4957 eam
2595 4905 2940 4961 esstrusisse
2973 4907 3219 4975 reliquiis
3244 4910 3462 4965 adiﬁeii
3491 4910 3637 4965 Koh-

2046 4993 2184 5049 batil
2240 4992 2433 5048 llawa.
2489 4991 2773 5051 Exstrusit
2827 4996 2991 5051 etiam
3034 4998 3336 5057 AlMamuu
3393 5003 3447 5058 in
3500 5006 3630 5059 Said

2046 5086 2269 5157 regione
2292 5085 2614 5157 Egyptiaca
2646 5088 2979 5154 columnam,
3013 5107 3122 5160 quo
3149 5094 3509 5161 dignoscantur
3530 5098 3633 5151 Nili

2042 5182 2468 5244 incrementum,
2505 5182 2634 5234 loco
2682 5184 2775 5250 qui
2814 5178 3019 5238 Shurat
3066 5190 3375 5255 appellatur
3425 5191 3479 5243 in
3514 5192 3635 5247 \ico

2052 5269 2387 5326 liabanudah
2430 5270 2602 5326 dicto.
2650 5271 2985 5329 lustauravit
3042 5276 3188 5332 idem
3234 5294 3550 5338 mensuram
3580 5284 3633 5339 in

2049 5362 2325 5419 Achmim.
2369 5362 2450 5419 Ad
2479 5364 2543 5419 Al
2570 5363 2882 5421 Matuunem
2908 5366 3074 5440 ωε
3105 5381 3290 5426 autem
3339 5374 3633 5444 accedens,

2052 5458 2318 5514 Bocamus
2346 5456 2751 5516 Christianuse
2784 5459 2943 5517 Bura;
2970 5462 3191 5530 incolis,
3228 5465 3317 5520 ille
3344 5467 3438 5535 qui
3471 5484 3630 5523 num-

2053 5567 2176 5606 mos
2210 5550 2356 5605 misit
2386 5552 2452 5606 ad
2480 5554 2894 5610 instaurandam
2925 5555 3221 5612 ecclesiam
3254 5558 3635 5617 Resurrectio-

2048 5644 2155 5705 nis.
2184 5642 2252 5697 ab
2273 5643 2363 5697 illo
2395 5647 2548 5715 petiit
2580 5656 2638 5701 ut
2667 5646 2823 5704 Bura
2845 5652 3212 5719 pra-liceretur
3244 5654 3419 5709 (dives
3451 5666 3631 5710 autem

2048 5736 2339 5791 almodum
2369 5738 2515 5807 luit),
2545 5740 2630 5794 cui
2669 5742 2731 5793 Al
2760 5740 3004 5806 Maniun,
3040 5743 3373 5815 Religionem
3406 5749 3627 5820 (inquit)

2048 5829 2533 5886 llohammedicam
2564 5834 2914 5904 amplectere,
2966 5836 3187 5908 erisque
3223 5840 3356 5894 mihi
3408 5855 3435 5895 ς
3472 5856 3620 5907 rvus,
