3980 6152
315 352 451 416 ιῖ33

1763 349 2135 413 ANNALES.

3424 360 3565 424 1134

308 482 375 518 ac
414 474 466 519 te
506 464 838 534 praeﬁciam;
890 465 1180 531 respondet
1215 461 1502 528 Bocamus,
1555 462 1877 534 imperatori
1905 466 2358 537 Apendentibus
2400 486 2430 521 e
2478 468 2711 523 ducibus
2762 468 2825 524 Al
2854 467 3129 527 Mamuuis
3178 476 3461 530 nonnullis
3496 476 3566 532 ad

308 558 555 613 ﬁdelium
607 572 892 612 servorum
929 555 1508 610 Multammedanorum
1545 556 1748 626 myrias
1775 565 1881 622 est,

302 663 487 704 annon
515 648 621 703 erit
657 661 799 703 unus
836 662 1034 703 servus
1063 645 1454 703 Christianus?
1498 642 1707 703 Ridens
1753 663 1884 719 ergo

310 740 634 812 Allllamun
662 740 765 810 ipsi
809 738 1187 809 praefecturam
1231 733 1391 794 Bura
1419 745 1477 795 et
1514 739 1754 795 iocorum
1785 742 1887 796 ad-

300 832 602 902 iacentium
630 829 927 886 commisit.

395 922 652 977 Condidit
674 936 804 993 ergo
831 922 987 975 norm
1031 918 1234 975 multas
1287 919 1549 975 ecclesias
1597 919 1883 990 pulchras.

305 1010 469 1069 Juxta
503 1015 726 1084 januant
775 1021 959 1067 autem
998 1009 1199 1066 mdium
1248 1010 1420 1080 ipsius
1452 1022 1572 1067 erat
1621 1012 1885 1083 templum

303 1104 849 1179 [Iohammedtcum]
895 1119 1210 1160 commune.
1259 1103 1407 1160 Dixit
1436 1117 1566 1176 ergo
1595 1104 1755 1160 Bura
1801 1106 1889 1159 itt-

302 1199 444 1255 colis
494 1197 1007 1252 biohammedanis:
1052 1195 1359 1252 Edlﬁcabo
1407 1198 1566 1253 vobis
1624 1197 1885 1267 templum

302 1306 598 1346 commune
646 1289 815 1353 aliud,
858 1290 903 1345 si
946 1290 1207 1357 templum
1253 1289 1392 1353 hoc.
1423 1290 1569 1359 quod
1618 1289 1883 1359 jnxtaja-

304 1399 474 1439 nuam
504 1382 703 1437 domus
748 1396 879 1435 meae
906 1389 1013 1444 est,
1037 1379 1343 1437 dirueritis.
1389 1380 1491 1435 Cui
1524 1381 1838 1436 Moslemini
1867 1396 1883 1434 :

1988 557 2092 612 hoc
2122 567 2184 614 ut
2216 560 2278 612 Al
2310 560 2589 615 .‘tbbasum
2623 562 2685 614 Al
2711 559 2983 618 Mamunis
3016 562 3189 620 tilium
3224 568 3291 619 ad
3336 566 3567 622 chalile-

1988 656 2100 701 Inm
2151 650 2531 718 proveherent.
2568 650 2637 704 At
2668 667 2792 706 cum
2834 650 2901 705 ad
2945 653 3266 725 obsequium
3314 655 3464 712 illius
3504 672 3567 714 se

1989 738 2093 791 [ide
2123 741 2250 794 data
2288 743 2667 798 obstrinxerat
2698 742 2765 797 Ai
2793 743 3000 809 Abbas,
3041 746 3183 803 idem
3216 748 3383 804 etiam
3421 764 3564 819 pra—

1986 833 2244 886 stiterunt
2272 832 2462 901 reliqui
2499 834 2708 901 duces;
2744 835 3060 909 peris-taque
3089 846 3175 893 est
3217 840 3569 909 inauguratio

1986 919 2318 991 Bagdadum,
2375 925 2467 979 ubi
2518 925 2679 980 iidem
2712 926 2762 981 ei
2819 929 3100 998 pollicitus
3127 940 3211 985 est
3255 929 3377 986 Abu
3420 934 3570 989 lsaac

1986 1013 2246 1071 Abrahim
2274 1014 2449 1071 Ebnol
2481 1016 2707 1079 Hosain,
2736 1017 2855 1075 liba
2884 1018 3126 1077 Mosaabi
3154 1024 3247 1093 qui
3267 1034 3400 1079 tunc
3433 1032 3573 1081 tem-

1988 1110 2141 1177 poris
2190 1107 2429 1180 Bagdadi
2469 1111 2595 1177 fuit,
2645 1128 2742 1167 nec
2788 1129 2899 1168 non
2950 1117 3281 1187 quicunque
3326 1116 3569 1190 Bagdadi

1985 1208 2144 1254 erant
2185 1196 2529 1256 llashemidre
2576 1217 2640 1258 ac
2668 1201 2862 1260 duces.
2912 1205 2992 1260 Ad
3042 1207 3373 1277 obsequium
3398 1209 3571 1265 etiam

1982 1293 2174 1364 ejussc
2213 1293 2509 1349 obstrinxit
2537 1294 2812 1350 Abdonah
2850 1298 2967 1353 Ebu
3017 1296 3293 1356 Tdbaheri
3326 1301 3384 1356 in
3413 1301 3569 1357 Cho-

1988 1398 2210 1449 rasano.
2238 1399 2473 1457 cumque
2507 1388 2571 1440 Al
2600 1387 2961 1444 liotasemnm
3009 1393 3330 1465 appellavit.
3374 1393 3574 1453 Perveo

304 1473 545 1529 Exstrue
575 1472 835 1541 templum
868 1471 1038 1535 aliud,
1069 1487 1170 1528 nos
1208 1469 1483 1543 [interim]
1526 1472 1631 1528 hoc
1667 1470 1723 1527 in
1755 1482 1891 1527 tem-
1991 1474 2071 1530 nit
2099 1484 2284 1532 autem
2339 1478 2405 1532 Al
2457 1477 2718 1535 Ilotasem
2776 1478 3093 1551 Bagdadum
3143 1484 3311 1539 initio
3368 1488 3575 1545 mensis

306 1565 402 1636 pio
430 1563 740 1626 orabimus,
770 1573 819 1615 at
846 1578 967 1616 cum
1001 1561 1267 1632 templum
1307 1560 1439 1616 illud
1470 1561 1797 1628 absolveris,
1829 1562 1886 1617 in
1990 1566 2315 1637 Ramadani,
2366 1586 2514 1626 anno
2557 1571 2938 1630 ducentesimo
2986 1576 3203 1632 decimo
3254 1589 3447 1635 octavo
3475 1618 3491 1643 .
3540 1594 3573 1635 a

310 1670 382 1711 eo
411 1655 717 1720 arabimus,
748 1665 915 1725 atque
948 1654 1052 1708 hoc
1093 1653 1396 1708 diruemus.
1445 1652 1728 1708 Exstruin
1757 1663 1890 1723 ergo
1991 1675 2096 1730 qua
2122 1676 2227 1715 non
2269 1661 2528 1720 discessit
2568 1680 2746 1735 usque
2784 1665 2853 1722 ad
2882 1683 3092 1723 annum
3125 1669 3575 1726 ducentesimum

308 1746 572 1815 templum
620 1756 902 1817 magnum,
955 1746 1280 1815 pulchrum;
1326 1746 1473 1815 quod
1527 1760 1653 1800 cum
1703 1746 1885 1801 absol-

1997 1756 2350 1831 ων-ωο
2386 1761 2726 1817 tricesimqu
2770 1763 3099 1819 secundum.
3127 1763 3266 1818 Tum
3312 1764 3577 1824 Sarman-

306 1836 499 1900 visset,
544 1836 732 1892 dixit:
765 1835 974 1891 Solvite
1018 1837 1150 1891 milii
1201 1837 1351 1907 quod
1391 1837 1770 1907 promisistis,
1826 1854 1892 1895 ao
1922 1815 1964 1870 Β
1991 1815 2502 1921 ἷξεῖηᾟῙᾶεοιυ,
2556 1869 2676 1909 ειη,
2737 1870 2896 1910 mum
2954 1855 3169 1922 οίηιίι,
3217 1856 3407 1927 ibique
3448 1871 3579 1913 cum

308 1930 574 1999 templum
618 1929 763 1998 quod
799 1929 868 1984 ad
901 1928 1128 1999 j'auam
1160 1938 1337 1984 meatu
1372 1939 1482 1993 est,
1531 1930 1775 1987 diruite:
1802 1930 1894 1987 cui

309 2020 433 2077 iiii:
463 2019 616 2076 Haud
651 2022 972 2091 permissum
1024 2030 1113 2076 est
1161 2020 1322 2076 nobis
1369 2022 1635 2094 religione
1682 2034 1895 2091 nostra,

309 2123 374 2167 ut
404 2115 662 2184 templum
699 2113 753 2168 in
796 2128 910 2185 quo
955 2115 1270 2180 oravimus,
1302 2117 1371 2172 ad
1406 2130 1599 2186 preces
1629 2132 1896 2174 convoca-

307 2208 514 2270 vimus,
547 2218 602 2261 et
627 2208 1010 2272 convenimus,
1046 2207 1360 2273 diruamus,
1396 2224 1741 2277 nequaquam
1789 2211 1893 2264 hoc

307 2299 579 2370 permittit
621 2298 816 2369 religio
866 2310 1105 2353 nostra:
1152 2312 1220 2355 eo
1268 2316 1399 2370 ergo
1452 2316 1564 2372 quo
1611 2318 1671 2356 se
1704 2303 1892 2357 habuit

304 2397 454 2447 statu
484 2391 734 2446 relictum
763 2401 850 2446 est
896 2389 1262 2463 ᾆδε-435
1293 2393 1583 2463 templum;
1618 2402 1784 2465 atque
1817 2396 1891 2448 ita

306 2481 472 2538 Bura
520 2481 630 2538 duo
659 2482 881 2538 fuerunt
921 2486 1119 2551 teinpla
1170 2485 1225 2537 in
1266 2485 1469 2555 quibus
1497 2488 1884 2555 convenirent;

307 2590 544 2646 quorum
585 2577 643 2629 in
685 2575 791 2629 hoc
826 2590 933 2628 una
957 2576 1049 2629 die
1078 2573 1329 2639 Veneris.
1359 2576 1415 2630 in
1445 2576 1537 2631 illo
1570 2576 1739 2633 altera
1760 2593 1884 2633 ora-

309 2672 461 2723 bant.
495 2668 767 2721 Bocstuus
799 2679 953 2728 vero.
975 2680 1100 2720 eum
1125 2676 1271 2721 esset
1295 2666 1417 2722 dies
1442 2661 1687 2733 Veneris,
1714 2669 1884 2724 vesti-

310 2761 417 2815 bus
463 2759 636 2829 nigris
681 2757 954 2819 indutus.
1004 2759 1294 2828 gladioque
1338 2773 1405 2814 ac
1451 2759 1634 2816 balteo
1672 2762 1891 2817 cinctus

308 2866 456 2920 equo
490 2852 818 2914 vehebatur,
854 2850 1152 2905 comitibus
1199 2853 1313 2905 suis
1366 2852 1625 2921 stipatus,
1652 2868 1891 2923 cumque

311 2946 378 2999 ad
411 2946 667 3014 templum
699 2943 939 3001 venisset
965 2944 1038 2997 ibi
1069 2944 1400 3009 sustinebat,
1430 2946 1767 3013 ingrediente
1791 2946 1889 3002 de-

309 3048 503 3107 putato
540 3038 734 3108 ipsius,
782 3038 876 3106 qui
936 3034 1425 3092 Iohammedanus
1474 3038 1597 3103 fuit,
1653 3047 1715 3093 ut
1761 3054 1889 3095 cum

311 3129 518 3199 populo
563 3138 771 3191 oraret.
802 3138 860 3183 et
894 3129 1106 3184 chaliize
1154 3132 1377 3185 nomine
1419 3138 1725 3187 memorato
1753 3146 1890 3186 con-
1921 3169 1969 3229 ε

308 3225 527 3278 cionem
549 3221 803 3287 haberet;
834 3238 896 3277 ac
914 3231 1029 3277 tum
1063 3224 1130 3278 ad
1153 3223 1329 3293 ipsum
1349 3224 1685 3297 egrediente.
1708 3224 1899 3295 Neque

310 3319 595 3374 desierunt
614 3316 911 3373 Christiani
951 3328 1127 3382 vestes
1154 3319 1341 3390 nigras
1362 3320 1615 3384 induere,
1647 3335 1711 3375 ac
1738 3322 1898 3393 equis

312 3409 459 3473 vehi,
495 3424 671 3478 usque
694 3409 761 3463 ad
793 3419 1009 3479 tempus
1040 3410 1104 3473 Al
1131 3409 1525 3466 biotavaceeii.
1587 3412 1895 3469 Reversus-

309 3515 426 3571 que
450 3512 537 3556 est
556 3502 621 3554 Al
646 3499 864 3555 Iamnu
904 3502 1241 3571 Bagdadum.
1263 3502 1663 3560 Constantinus
1682 3512 1890 3573 autem,

313 3590 685 3660 Nicephorum
734 3591 1020 3647 Bstabraki
1072 3594 1246 3648 tilium
1289 3608 1610 3664 superatum
1663 3610 1789 3650 cum
1832 3596 1887 3651 in

314 3694 640 3755 potestatem
682 3699 839 3741 suam
890 3685 1229 3754 redegisset,
1279 3682 1544 3740 Romanis
1582 3686 1893 3757 imperavit.

312 3776 487 3831 Pot'ro
515 3778 580 3830 ΔΙ
603 3776 846 3841 Iamun,
876 3785 990 3831 tres
1025 3776 1079 3829 in
1136 3780 1324 3832 hostes
1359 3778 1744 3846 expeditiones
1771 3793 1898 3834 sus-

312 3870 478 3938 cepit,
507 3882 739 3937 quarunt
765 3868 954 3921 ultima
986 3866 1092 3921 fuit
1111 3882 1261 3924 anno
1278 3867 1656 3925 ducentesimo
1682 3869 1900 3926 decimo

311 3970 532 4022 octavo.
550 3969 608 4014 et
623 3974 747 4014 eum
768 3960 1219 4015 Albadandunam
1243 3960 1604 4030 pervenisset,
1631 3959 1705 4016 ibi
1726 3976 1903 4033 egro-

318 4051 476 4115 tavit,
521 4052 775 4122 diemque
805 4052 965 4106 obiit.
998 4051 1258 4107 Gestatus
1282 4061 1371 4107 est
1408 4067 1544 4123 ergo
1580 4067 1647 4107 ac
1676 4052 1730 4107 iu
1764 4053 1900 4108 urbe

312 4140 493 4198 'l'arso
516 4127 787 4213 sepultus.
821 4141 1130 4200 Chalifatus
1149 4141 1275 4213 elus
1298 4158 1364 4199 ex
1401 4156 1513 4212 quo
1538 4146 1592 4196 in
1615 4142 1900 4199 Cborasau

313 4234 515 4290 chalita
540 4234 816 4290 salutatus
848 4244 932 4289 est
963 4250 1232 4292 annorum
1268 4234 1373 4290 fuit
1402 4235 1594 4305 viginti
1624 4235 1856 4289 duorum
1878 4250 1898 4289 ε

316 4327 458 4383 obiit
484 4344 664 4385 annos
696 4337 862 4383 natus
887 4329 1249 4397 quadraginta
1277 4338 1425 4402 octo,
1476 4344 1664 4383 mense
1698 4327 1895 4400 liajeb,

315 4435 465 4475 anno
507 4420 888 4476 ducentesimo
934 4422 1147 4476 decimo
1182 4430 1402 4477 octavo.
1448 4420 1733 4477 Candidus
1773 4429 1895 4476 erat

2000 1942 2337 1998 exercitibus
2359 1945 2478 1999 suis
2508 1945 2693 2001 sedem
2721 1945 2875 2012 ﬁxit;
2913 1947 3083 2003 misso
3114 1949 3402 2018 Aphshino
3430 1949 3580 2003 Con—

2000 2035 2171 2090 darao
2224 2036 2344 2091 Ebn
2396 2035 2561 2092 Causi
2613 2044 2806 2093 contra
2861 2037 3137 2095 Tabacum
3193 2040 3577 2096 lormensem:

1999 2126 2160 2198 cujus
2194 2128 2328 2185 urbe
2376 2138 2683 2201 expugnata
2742 2129 2922 2201 ipsum
2958 2132 3197 2188 vinctum
3235 2148 3360 2189 cum
3410 2135 3578 2190 sociis

1999 2222 2116 2279 suis
2149 2221 2399 2289 abduxit.
2447 2222 2573 2278 Fuit
2612 2223 2951 2294 expugnatio
2996 2225 3099 2277 ista
3147 2240 3335 2280 mense
3376 2224 3580 2281 itama-

1998 2314 2143 2368 dano
2158 2314 2287 2369 anni
2312 2313 2674 2370 ducentesimi
2698 2313 2939 2370 vicesimi
2967 2316 3218 2371 secundi.
3242 2315 3391 2372 Misit
3412 2319 3578 2375 etiam

1998 2404 2199 2477 Ajifunt
2232 2403 2351 2459 Ebn
2396 2404 2629 2459 Aabasa:
2661 2413 2853 2460 contra
2919 2403 3225 2475 AlZottos,
3275 2409 3367 2477 qui
3413 2408 3468 2464 iu
3510 2408 3581 2466 Al

2000 2496 2235 2566 Batayeb
2262 2494 2575 2570 [paludibus
2602 2497 2743 2554 inter
2760 2496 2951 2553 Waset
2975 2508 3029 2554 et
3058 2497 3305 2573 Basram]
3336 2502 3578 2572 fuerunt,

1999 2603 2137 2660 quos
2163 2590 2413 2659 captivos
2444 2605 2632 2645 secum
2683 2591 2933 2646 abduxit.
2973 2590 3269 2648 Alluiad
3326 2594 3491 2650 etiam
3525 2597 3579 2651 vi

1997 2681 2287 2752 occupavit
2331 2680 2794 2740 Tabarestanum.
2837 2683 2979 2740 Risit
3033 2698 3167 2756 ergo
3211 2686 3576 2741 Abdollabuui

1997 2775 2114 2832 Ebn
2162 2774 2438 2831 Tdhahcri
2486 2792 2614 2833 cum
2661 2785 2862 2849 patruo
2909 2792 3012 2835 suo
3062 2777 3130 2833 ΔΙ
3160 2776 3339 2834 Basen
3405 2779 3579 2834 Ebnol

1999 2866 2227 2932 llosain,
2256 2867 2353 2938 qui
2383 2868 2565 2937 ipsum
2595 2868 2955 2938 compedibus
2984 2867 3230 2925 vinctum
3281 2870 3346 2923 a.l
3383 2869 3446 2922 Al
3466 2869 3582 2924 Mo-

1998 2972 2269 3016 tasemum
2307 2960 2558 3016 adduxit.
2605 2958 2835 3015 Intravit
2862 2961 3031 3015 etiam
3083 2961 3146 3014 Al
3172 2960 3434 3015 Motasem
3469 2962 3580 3014 lio-

1998 3068 2284 3109 manorum
2339 3052 2589 3124 legiones
2637 3054 2788 3124 ipsas
2830 3062 3231 3123 expugnatum,
3279 3068 3579 3122 secumque

1999 3145 2227 3201 abduxit
2255 3144 2442 3200 lobum
2466 3144 2769 3200 Antiochia:
2793 3144 3185 3213 patriarchas,
3216 3155 3271 3200 ct
3292 3146 3581 3202 obsidione

2003 3231 2175 3287 cinxit
2202 3232 2394 3288 urbem
2424 3231 2736 3304 Ancyram;
2766 3230 2859 3287 ubi
2889 3230 3056 3290 lobus
3069 3231 3419 3301 .patriarcha
3467 3232 3582 3288 lio-

2006 3340 2198 3382 manos
2228 3327 2413 3397 lingua
2458 3324 2703 3380 Romana
2735 3327 3047 3381 allocutus:
3077 3322 3336 3389 Obedite,
3375 3323 3577 3395 inquit,

2000 3418 2138 3487 regi,
2199 3418 2412 3490 ipsique
2466 3418 2732 3473 tributum
2788 3418 3035 3489 pendite.
3096 3416 3291 3477 Helius
3344 3419 3449 3473 hoc
3493 3424 3581 3473 est

1998 3522 2160 3578 quam
2196 3516 2255 3563 ut
2281 3506 2636 3572 occidatuini,
2667 3516 2722 3562 et
2748 3505 2949 3577 captivi
2980 3504 3151 3562 natis.
3189 3503 3424 3558 Romani
3448 3519 3581 3573 ergo

2002 3597 2268 3654 conviciis
2294 3598 2474 3666 ipsum
2501 3610 2565 3651 ac
2588 3595 2863 3667 lapidibus
2889 3595 3191 3667 petierunt.
3220 3595 3285 3650 Al
3314 3594 3577 3650 biotasent

2002 3696 2188 3744 autem
2216 3696 2431 3758 captam
2461 3688 2647 3743 urbem
2664 3686 2931 3755 Ancyram
2949 3685 3216 3743 incendit.
3243 3684 3380 3740 Tum
3406 3686 3575 3741 Amu-

2003 3781 2141 3834 riam
2194 3776 2507 3847 prolectus,
2555 3778 2729 3848 ipsam
2770 3778 2936 3832 etiam
2984 3777 3191 3833 mensis
3237 3777 3417 3847 spatio
3462 3776 3579 3847 (vel

1998 3869 2298 3927 secundum
2337 3868 2489 3924 aliud
2522 3869 2824 3939 exemplar,
2870 3869 3122 3938 pluribus
3158 3870 3463 3937 mensibus)
3485 3870 3582 3923 ob-

2000 3962 2161 4020 sedit.
2190 3958 2355 4018 lobus
2388 3968 2572 4016 autem
2620 3961 2933 4033 patriarcha
2979 3961 3229 4031 quotidie
3269 3960 3339 4017 ad
3392 3974 3579 4015 arcent

2002 4055 2155 4111 solus
2177 4053 2446 4111 accedens
2480 4050 2758 4109 Romanos
2783 4053 2967 4124 lingua
2995 4053 3243 4107 Romana
3274 4054 3575 4115 allocutus.

2005 4157 2207 4203 metum
2259 4146 2369 4201 illis
2418 4146 2664 4201 incutere
2715 4161 2779 4199 ac
2836 4160 3051 4216 rogare,
3101 4155 3160 4200 ut
3198 4148 3460 4199 tributum
3514 4147 3580 4198 Al

2003 4229 2302 4288 Ilotasemo
2330 4232 2495 4307 “0
2527 4232 2721 4288 darent
2769 4248 2880 4303 quo
2908 4236 2978 4287 ab
3012 4234 3144 4303 ipsis
3174 4236 3485 4298 recederet;
3522 4244 3579 4290 at

2001 4323 2079 4378 illi
2110 4331 2165 4378 et
2200 4326 2450 4379 convicia
2479 4335 2536 4379 et
2580 4325 2787 4395 lapides
2818 4326 2875 4379 in
2924 4325 3100 4397 ipsum
3132 4328 3335 4392 jacere.
3388 4325 3576 4396 Neque

2002 4415 2074 4469 ita
2132 4412 2311 4471 facere
2360 4416 2728 4482 destiterunt,
2779 4415 2955 4471 donec
3006 4416 3359 4473 AlMotssem
3413 4426 3576 4487 capta

319 4508 553 4565 admista
592 4509 899 4570 ﬂavediue.
952 4510 1093 4564 facie
1125 4518 1386 4575 venusta,
1432 4510 1600 4565 barba
1623 4510 1894 4580 promissa
1930 4549 1975 4603 ι)
2003 4506 2229 4603 ἔπινε-ὴ
2285 4507 2489 4562 multos
2530 4507 2585 4561 in
2622 4511 2735 4577 ipsa
2787 4506 3122 4573 trucidaret;
3169 4509 3336 4578 idque
3386 4525 3577 4563 mense

317 4616 385 4657 ac
407 4603 641 4658 multum
674 4612 1020 4658 canesceute.
1042 4603 1386 4658 Satellitibns
1415 4603 1591 4674 ipsius
1608 4603 1897 4673 pmfectus
1930 4594 1969 4603 ’⁷
2003 4594 2325 4652 Radamauo
2370 4614 2515 4653 anno
2548 4599 2925 4655 ducentesimo
2957 4601 3214 4655 vicesimo
3242 4604 3424 4657 tertio.
3474 4601 3579 4657 ﬂc-

319 4693 423 4749 iuit
451 4692 648 4749 προιδεῖν
679 4692 795 4749 Ebn
818 4692 1095 4765 Iasaiyeb
1120 4693 1448 4750 Dobbenais.
1487 4693 1692 4749 Deinde
1717 4692 1897 4749 Tdba-

319 4786 419 4839 her
447 4782 621 4838 Ehnol
643 4782 883 4851 llosain;
912 4785 969 4839 in
1010 4799 1108 4840 eos
1145 4784 1312 4839 etiam
1342 4793 1675 4853 potestatem
1703 4784 1897 4839 habuit

316 4873 483 4948 ωε
511 4873 663 4931 isaac
693 4876 813 4932 Eon
859 4876 1149 4933 Abrahim.
1183 4875 1395 4932 Ianitor
1426 4878 1600 4948 ipsius
1645 4879 1893 4935 iuitcum

321 4964 377 5019 in
401 4966 717 5021 Chorasauo
746 4973 910 5034 esset,
948 4966 1239 5022 Aiilosain
1276 4967 1395 5023 Ebtt
1438 4970 1539 5023 Abi
1589 4968 1741 5035 Said,
1779 4978 1894 5023 tum

321 5055 411 5112 Ali
453 5055 569 5111 Ebn
603 5060 704 5113 Abi
753 5058 939 5113 Salehi
968 5056 1150 5113 Saheb
1201 5058 1265 5112 Al
1294 5058 1555 5114 Iosailze.
1592 5060 1897 5116 Plurimum

321 5148 463 5220 apud
492 5164 618 5204 eum
641 5153 841 5219 potuit,
874 5151 1031 5205 initio
1056 5149 1353 5206 chalil’atus
1382 5152 1576 5220 ipsius,
1602 5151 1702 5207 θυι
1731 5149 1898 5226 liiya-

320 5240 503 5297 sataiu
523 5242 587 5295 Al
610 5242 846 5297 Phadlus
868 5239 985 5296 Ebn
1018 5242 1226 5299 Sahali.
1254 5241 1392 5297 Tum
1416 5252 1535 5313 post
1559 5258 1685 5297 cum
1719 5243 1898 5309 multi,

318 5348 353 5387 ο
378 5332 603 5402 quibus,
636 5336 698 5386 Al
723 5332 929 5387 llosain
967 5333 1083 5388 [bu
1122 5334 1329 5401 Saltali,
1359 5334 1525 5388 Outar
1577 5332 1693 5388 Ebn
1728 5332 1899 5400 Saidi,

322 5433 381 5481 ct
411 5426 619 5481 Abuted
654 5426 768 5483 Ebn
806 5428 906 5482 Abi
939 5428 1191 5483 Chaledi.

748 5517 1049 5589 Chlttifdllts
1079 5518 1144 5572 ΑΙ
1181 5518 1482 5574 Humum}.

397 5608 609 5667 Cbalila
658 5612 998 5665 renuntiatus
1047 5622 1128 5668 est
1168 5612 1228 5665 ,ιι
1264 5610 1567 5678 Motasem,
1610 5613 1703 5683 qui
1757 5612 1899 5667 idem

326 5711 413 5754 est
472 5701 591 5754 Abu
639 5700 793 5756 isaac
846 5700 1188 5757 Mohammed
1234 5699 1350 5756 Ebn
1400 5704 1607 5757 Haruui
1638 5704 1901 5760 ‘tltashidi

330 5792 444 5860 (cui
473 5801 647 5847 mater
670 5790 975 5848 concubina
995 5792 1213 5847 nomine
1237 5790 1534 5863 Ilarcdah),
1567 5791 1747 5861 Tarsi,
1780 5809 1904 5865 pro-

2004 4704 2301 4761 versttsque
2327 4699 2415 4746 est
2453 4691 2519 4746 ΔΙ
2546 4692 2805 4748 Motasem
2831 4701 3122 4764 postquam
3165 4694 3450 4747 Amm-iam
3488 4711 3579 4749 ce-

2004 4781 2210 4854 pisset;
2264 4792 2430 4853 atque
2480 4780 2626 4839 inter
2682 4784 3020 4839 redeundum
3075 4795 3325 4840 mortuus
3375 4798 3460 4839 est
3510 4787 3576 4839 ΔΙ

2000 4873 2184 4929 Abbas
2212 4873 2276 4929 ΔΙ
2298 4872 2571 4929 Iamunis
2598 4873 2761 4931 illius.
2784 4873 2925 4929 iram
2957 4876 3121 4930 etiam
3151 4877 3206 4931 in
3246 4876 3309 4930 Ai
3330 4878 3575 4945 Aphshin

1996 4965 2253 5035 concepit
2272 4979 2419 5019 anno
2448 4963 2831 5020 ducentesimo
2867 4965 3128 5021 vicesimo
3151 4964 3369 5036 quinto.
3402 4965 3578 5020 Porro

1996 5065 2249 5112 mortuus
2279 5068 2362 5110 est
2391 5056 2786 5113 Constantinus
2838 5056 3217 5113 nontauorum
3248 5056 3572 5125 imperator,

1995 5144 2198 5214 quibus
2247 5157 2370 5215 post
2419 5145 2599 5216 ipsqu
2658 5147 2954 5217 imperavit
2995 5146 3357 5219 'I'beOphilus.
3413 5151 3573 5203 Anno

1998 5235 2291 5294 chalil’atus
2319 5235 2689 5294 Alﬂotasetui
2721 5251 2925 5311 quarto
2969 5242 3304 5296 constitutus
3342 5250 3428 5297 est
3473 5241 3577 5295 So-

2004 5331 2270 5400 phronias
2305 5332 2612 5400 patriarcha
2643 5330 3065 5397 Alexandrinus,
3099 5335 3193 5403 qui
3246 5348 3422 5387 annos
3463 5344 3578 5387 tre-

2003 5420 2181 5473 decim
2238 5420 2413 5485 sedtt;
2458 5423 2819 5490 philosOphus
2871 5422 2977 5477 fuit
3018 5436 3081 5477 ac
3122 5425 3370 5493 sapiens.
3414 5425 3575 5476 Anno

2002 5510 2299 5569 chaliiatus
2343 5513 2587 5578 ejusdem
2606 5515 2841 5585 septimo
2874 5517 3210 5571 constitutus
3228 5526 3311 5572 cst
3336 5512 3579 5571 Joannes

2004 5606 2312 5678 patriarcha
2367 5604 2938 5679 llierosolymitanus;
3006 5617 3196 5664 contra
3249 5623 3413 5683 quem
3492 5608 3579 5667 ius

2001 5710 2291 5770 surgentes
2351 5698 2830 5771 ilicrosolyutitaui
2893 5699 2962 5754 de
3016 5702 3135 5770 ipso
3182 5701 3367 5755 omnia
3436 5700 3577 5753 mala

2001 5791 2256 5846 dixcruut
2288 5807 2301 5845 :
2340 5807 2511 5864 quare
2540 5791 2608 5846 ab
2634 5792 2767 5862 ipsis
2790 5802 3058 5859 metuens,
3086 5791 3403 5862 scriptoque
3439 5791 3572 5861 ipsls
