3976 6168
493 282 629 346 H35

1526 292 1894 355 EUTYCHII
1933 301 2462 367 ALEXANDRINI
2516 310 2733 373 PATR.

3622 320 3749 385 1136

485 402 797 465 obsignato.
838 397 1153 496 cathedram
1181 402 1431 496 reliquit.
1475 403 1647 461 Porro
1687 409 1823 465 obiit
1852 411 1914 465 Al
1958 412 2068 467 Μο-
2094 396 2141 475 Ᾱ
2173 420 2285 475 Enn
2318 424 2415 478 Abi
2453 427 2689 481 [mirand
2713 470 2726 491 ,
2761 439 2813 483 et
2848 427 3191 486 Mobammed
3222 432 3340 487 Ebn
3386 434 3552 489 Abdil
3585 435 3745 496 Male:

483 496 655 541 tascm
693 504 882 545 mense
915 489 1083 549 Rabia
1112 494 1303 564 priori,
1328 510 1475 553 anno
1507 499 1883 558 ducentesimo
1911 506 2062 561 vice-

479 578 621 632 simo
650 581 906 649 septimo,
957 598 1083 639 cum
1126 586 1385 642 ebalifatu
1435 589 1656 647 functus
1706 603 1855 649 esset
1900 598 2062 653 annis

480 680 604 725 octo
648 682 701 727 et
737 676 1020 733 mensibus
1064 686 1211 736 octo.
1260 680 1412 734 Obiit
1460 693 1645 739 autem
1697 700 1872 742 annos
1899 700 2059 746 natus

481 765 846 836 quadraginta
913 776 1059 824 octo.
1125 770 1384 843 Sepultus
1457 783 1546 831 est
1638 774 2062 839 Saramanraire.

483 854 608 911 Fuit
635 872 871 929 corpore
912 859 1140 926 decoro.
1175 860 1315 919 facie
1360 865 1610 936 pulchra,
1656 878 1774 936 peet

2163 514 2433 586 Alzaiyat.

2238 608 2597 685 445-447
2639 611 2947 684 Chalifatus
2992 614 3206 683 laafari
3228 616 3684 674 Almatawacceli.

2235 708 2601 775 lnaugnratus
2664 720 2751 762 est
2809 706 2989 762 laafar
3057 708 3511 775 Almotawaccel,
3582 712 3741 767 hleta-

2166 801 2299 853 semi
2346 799 2491 854 filius
2521 799 2635 868 (qui
2664 810 2892 854 matrem
2935 800 3129 855 habuit
3184 804 3560 858 concubinam
3618 803 3749 858 Sha-

1209 873 1315 966 ξεῖθ
1360 873 1610 936 Ρυιεηηι
1656 878 1877 966 Deci?”
1925 873 2060 940 ιδῑον
2159 894 2271 964 jam
2333 893 2953 965 Cbowarezmiensem),
3020 897 3214 950 eodem
3277 897 3363 951 die
3398 910 3512 966 quo
3559 912 3593 951 e
3646 898 3749 948 vita

480 950 776 1014 robustus,
826 950 993 1006 barba
1048 954 1317 1022 promissa
1359 971 1593 1030 quasque.
1640 960 1899 1016 canitiem
1951 978 2059 1019 non

2163 988 2412 1045 discessit
2442 987 2744 1043 Alwatlnk.
2802 986 2901 1042 liie
2962 988 3086 1043 illos
3130 989 3223 1059 qui
3278 991 3349 1044 ob
3383 989 3748 1060 quzcstionem

482 1049 851 1151 «intrauerat.
890 1040 1235 1148 satellitibus
1262 1046 1435 1151 ipsius
1484 1049 1701 1117 praefuit
1746 1049 1901 1107 lsaac
1948 1050 2066 1107 Ebn
3255 1040 3749 1151 C1);

477 1132 760 1187 Abrahim.
802 1132 1014 1189 Ianitor
1046 1135 1217 1207 ipsius
1267 1137 1370 1193 fuit
1400 1139 1619 1196 Simaus
1670 1140 1872 1211 Turca,

581 1145 760 1236 ξ³¹¹ξω⁶
802 1145 1014 1189 ’Μηίων
1046 1145 1238 1239 ips—“Et
1258 1145 1379 1239 [ηίξ
1400 1145 1619 1239 ξίίηίξῗξ
1670 1145 2067 1239 frumine"
2165 1170 2399 1235 dimisit,
2431 1181 2601 1239 atque
2634 1171 2809 1228 iratus
2851 1184 2938 1229 est
2990 1145 3378 1230 Moliatnmedi
3404 1175 3527 1231 Ebn
3589 1175 3749 1229 Abdil

474 1227 783 1291 tnsipsins;
828 1240 927 1280 nec
971 1242 1078 1280 non
1138 1227 1499 1304 ιιι-ω
1535 1230 1833 1304 Wasipbus
1872 1235 2054 1292 Turea

2165 1263 2393 1329 Maleco.
2452 1266 2805 1323 Almotasemi
2846 1267 3175 1324 consiliario
3211 1286 3225 1322 :
3266 1270 3519 1340 maleque
3578 1270 3751 1324 sensit

471 1315 933 1423 liberti-rsipsius,
958 1327 1039 1423 le:
1076 1318 1293 1391 Bigaus
1332 1324 1529 1379 Turca.
1579 1323 1857 1383 Ianitores
1904 1329 2055 1384 ordi-

470 1407 607 1459 uarii
632 1405 971 1463 Hohammed
1001 1409 1112 1464 Ebu
1139 1417 1299 1468 Ascm
1330 1416 1690 1485 Hauacensis,
1717 1420 1888 1479 Jacob
1931 1424 2048 1479 Ebn

470 1495 749 1559 Abi-anim,
779 1495 918 1552 Atab
947 1498 1062 1557 Ebn
1095 1505 1276 1569 Atabi,
1302 1516 1357 1560 et
1377 1506 1717 1564 Mobammed
1747 1510 1860 1565 Ebu
1887 1512 2051 1567 llam-

463 1583 589 1638 mad
626 1584 739 1639 Ebn
771 1585 1068 1642 Danltasbi.
1098 1589 1399 1646 Plurimum
1428 1597 1568 1665 apud
1600 1610 1724 1650 eu-u
1752 1607 2049 1666 potuerunt

464 1676 671 1729 Ahmed
703 1674 817 1730 Elin
871 1680 972 1733 Abi
1028 1683 1265 1736 Datvoud
1296 1685 1466 1751 judex
1519 1702 1791 1751 summus,
1827 1698 1882 1743 et
1930 1689 2045 1744 lio-

462 1769 713 1821 hatnmed
753 1769 865 1821 Ebn
913 1770 989 1825 Ila
1017 1773 1200 1834 umad,
1237 1772 1349 1826 Ebn
1386 1776 1548 1829 Abdil
1604 1772 1863 1833 MaloeAl
1892 1778 2054 1852 Ziyat

459 1859 747 1933 [uicarius]
782 1862 985 1916 scriba.

938 1953 1241 2021 Clio/iratus
1282 1955 1618 2013 Alii’athrkt’.

532 2044 905 2115 Inungui-atus
987 2059 1073 2101 est
1145 2045 1453 2103 AlWathek
1515 2050 1792 2121 (videlicet
1859 2053 2047 2109 llaruu

458 2137 633 2193 Eluml
696 2140 1002 2207 Motasemi,
1062 2143 1149 2197 cui
1217 2154 1393 2198 mater
1449 2147 1759 2203 concubina
1821 2152 2045 2207 nomine

457 2229 718 2299 Karatis),
754 2233 944 2287 eodem
988 2234 1078 2288 die
1112 2252 1220 2304 quo
1249 2237 1387 2291 obiit
1426 2229 1782 2295 AlMotasem.
1813 2240 1912 2298 llic
1954 2259 2044 2299 res

452 2324 646 2375 eodem
698 2332 842 2377 statu
906 2326 1173 2381 stabilivit
1226 2343 1339 2398 quo
1374 2327 1592 2385 fuerant
1649 2341 1899 2405 tempore
1951 2336 2036 2390 Al-

452 2413 759 2479 Motasemi,
785 2426 832 2468 et
868 2417 1087 2471 condita
1113 2434 1239 2472 arce
1278 2436 1440 2488 quam
1477 2422 1542 2475 Al
1582 2419 1786 2478 llaruni
1813 2436 2038 2492 vocant,

449 2520 517 2557 eo
575 2521 637 2559 se
693 2508 920 2575 recepit.
961 2507 1214 2562 Asseruit
1262 2509 1567 2566 AlWathek
1617 2526 1865 2569 creatum
1920 2533 2042 2573 esse

452 2594 809 2659 Alcorauum,
846 2611 1012 2666 quam
1052 2600 1387 2655 sententiam
1442 2603 1545 2673 ipsi
1599 2606 2038 2662 commendatam

450 2689 799 2742 reddiderunt
828 2691 1043 2746 Abmed
1081 2691 1196 2748 Ebn
1249 2695 1348 2750 Abi
1388 2695 1665 2763 Dwaoud,
1690 2708 1748 2754 et
1794 2698 2043 2754 Multam-

450 2780 574 2834 med
624 2781 737 2834 Elin
795 2781 1133 2839 AbdilMelec
1186 2782 1474 2856 AlZaiyat,
1530 2789 1625 2857 qui
1682 2790 2041 2846 consiliarius

467 2872 639 2938 ipsius
677 2872 798 2926 fuit.
835 2870 1067 2945 Scripsit
1094 2890 1227 2946 ergo
1273 2877 1577 2934 AlWatbek
1611 2882 1665 2935 in
1703 2897 1893 2939 omnes
1915 2898 2041 2954 pas-

451 2962 556 3015 sim
589 2965 932 3033 provincias.
976 2976 1034 3020 ut
1076 2979 1413 3038 cogerentur
1466 2971 1735 3028 Mosiemii
1794 2985 2035 3031 creatum
2062 2994 2109 3058 ο

446 3054 777 3108 Alcorannm
836 3057 1125 3127 proﬁteri,
1193 3060 1445 3132 idemque
1509 3066 1727 3133 templis
1782 3068 2031 3125 inscribi.

445 3144 604 3207 Quod
635 3160 756 3197 cum
785 3146 920 3214 ipsis
954 3164 1119 3215 grave
1151 3149 1447 3204 admodum
1485 3168 1547 3207 ac
1594 3154 1792 3210 dnrmn
1824 3158 2034 3212 videre-

445 3246 555 3297 tur,
592 3251 816 3304 prorsus
847 3239 1025 3305 ipsum
1066 3241 1404 3299 abnuerunt.
1464 3244 1665 3300 Eorum
1720 3259 1900 3303 autem
1938 3251 2034 3322 qui

443 3329 779 3382 sententiam
836 3330 996 3387 istam
1051 3334 1378 3399 abnuerent,
1443 3352 1619 3407 neque
1670 3340 1918 3409 amplecti
1971 3357 2034 3397 ac

446 3420 689 3489 profiteri
729 3422 955 3488 vellent,
995 3425 1085 3477 alii
1118 3423 1305 3495 ﬂagris
1336 3428 1464 3483 επιεί
1499 3438 1648 3493 sunt,
1685 3430 1776 3484 alii
1821 3432 1873 3484 in
1909 3446 2034 3487 car-

448 3528 628 3567 cerem
664 3514 920 3583 conjecti,
949 3514 1040 3569 alii
1071 3517 1356 3572 trucidati.
1388 3516 1515 3572 Fuit
1543 3522 1836 3576 cbalifatns
1860 3523 2032 3595 ipsius

441 3621 710 3661 annorum
767 3605 933 3680 444
989 3609 1274 3679 quinque,
1336 3614 1609 3668 mensium
1668 3625 1917 3685 septem,
1979 3626 2033 3670 et

442 3700 660 3753 dierum
692 3698 983 3753 tredecim.
1047 3699 1213 3754 Porro
1262 3701 1396 3756 obiit
1444 3701 1783 3773 Theophilus
1830 3704 2032 3761 Roma-

444 3806 641 3846 norum
690 3791 1015 3859 imperator,
1062 3791 1165 3862 ipsi
1213 3793 1264 3845 in
1324 3810 1493 3867 regno
1538 3797 1867 3851 succedente
1918 3796 2030 3853 lilio

441 3887 620 3955 ipsius
654 3885 937 3939 Mieltaele.
989 3884 1147 3939 Anno
1203 3886 1495 3943 cbalifatns
1548 3887 1876 3945 AlWatbekl
1937 3906 2029 3946 se-

440 3977 649 4040 cundo,
672 3978 1005 4031 constitutus
1029 3978 1527 4049 estSerginsmlius
1552 3979 1823 4041 Mansoris
1856 3982 2025 4049 illius,

436 4072 531 4138 qui
563 4067 899 4135 Musletninis
961 4068 1017 4122 in
1072 4068 1335 4139 capienda
1367 4069 1634 4127 Damasco
1683 4088 1839 4143 opem
1874 4073 2020 4142 tulit,

438 4157 670 4228 ideoque
705 4161 756 4212 in
788 4159 1045 4212 omnibus
1078 4160 1389 4229 regionibus
1411 4162 1762 4219 anathemate
1788 4164 2021 4221 devotus

441 4250 562 4317 fuit)
614 4252 929 4321 patriarcha
956 4250 1520 4323 liierosolymitanus,
1552 4256 1643 4311 ubi
1688 4272 1811 4312 cum
1843 4272 2017 4316 annos

2150 1450 2269 1506 Ebn
2325 1450 2625 1521 Alpbarajo
2709 1448 3020 1522 Zajajensi,
3109 1461 3164 1507 et
3215 1453 3374 1507 [tabo
3434 1451 3643 1516 anca,
3696 1461 3742 1507 et

2147 1541 2390 1597 Abmede
2434 1539 2548 1598 Ebn
2601 1542 2704 1598 Abi
2759 1542 2999 1597 Dawoud
3043 1542 3227 1613 judice
3281 1559 3519 1598 summo.
3576 1548 3742 1614 Atque

2155 1634 2411 1689 homines
2460 1634 2528 1689 ad
2588 1635 2757 1689 trium
2802 1650 2832 1689 e
2896 1635 3025 1690 ﬁliis
3087 1636 3263 1705 ipsius
3301 1637 3637 1706 obsequium
3676 1651 3737 1691 se

2086 1730 2503 1799 Bobstringcre
2539 1726 2689 1793 fecit,
2740 1728 2999 1783 videlicet
3049 1726 3446 1783 Mobammedis
3495 1728 3740 1782 Almota-

2155 1820 2266 1875 seri
2308 1820 2523 1887 biilabi,
2552 1821 2854 1875 Abrahami
2910 1822 3217 1893 Almoayad
3277 1821 3494 1884 billahi.
3528 1829 3582 1877 et
3642 1822 3740 1875 Abi

2151 1912 2445 1967 Abdollahi
2526 1913 2826 1969 Almotazzi
2898 1914 3134 1977 billabi,
3196 1930 3361 1984 quem
3425 1915 3737 1969 testamenti

2147 2015 2528 2062 exsecutorem
2573 2007 2697 2061 fecit
2718 2005 2878 2060 initio
2907 2006 3036 2059 anni
3089 2006 3449 2061 ducentesimi
3482 2005 3730 2060 vicesimi

2145 2098 2320 2167 sexti;
2354 2112 2520 2169 atque
2550 2100 2621 2153 ita
2656 2099 2981 2168 compositae
3006 2107 3132 2152 sunt
3180 2112 3295 2162 res,
3337 2097 3639 2167 provincia:
3685 2097 3739 2149 in

2149 2193 2397 2247 ordinem
2460 2193 2713 2255 redactae,
2766 2192 2973 2261 vimque
3003 2204 3215 2245 secura:
3268 2188 3447 2244 factae.
3498 2188 3738 2242 Nuntia-

2143 2293 2254 2337 tum
2280 2295 2363 2337 est
2397 2298 2582 2337 autem
2624 2282 3107 2344 Almotawaccelo,
3140 2281 3455 2336 colunmam
3505 2279 3652 2334 illam
3682 2280 3736 2333 in

2146 2376 2327 2442 insula
2356 2376 2608 2430 Phostazi
2638 2374 2980 2447 Egyptiaca:
3016 2387 3120 2444 qua
3171 2372 3483 2427 mensurari
3520 2370 3736 2428 solebat

2142 2468 2323 2535 Nilus,
2376 2485 2539 2538 quam
2600 2470 2810 2522 exstrui
2860 2466 3027 2538 jussit
3082 2467 3328 2522 Soliman
3386 2464 3505 2521 Ebn
3572 2466 3734 2520 Abdil

2147 2559 2319 2615 Maleo
2347 2561 2462 2615 Ebn
2500 2559 2762 2623 Merwan,
2824 2560 3017 2613 vitium
3064 2560 3413 2614 contraxisse
3448 2576 3461 2625 ;
3504 2572 3734 2630 geome-

2148 2669 2287 2715 tram
2316 2674 2446 2729 ergo
2478 2672 2507 2709 a
2535 2656 2916 2709 Mobammede
2960 2653 3076 2709 Ebn
3112 2653 3266 2708 Musa
3307 2654 3591 2723 astrologo
3633 2654 3732 2707 de-

2146 2752 2350 2806 lectum
2382 2752 2450 2802 ab
2487 2747 2662 2803 Eiaco
2693 2748 2864 2812 misit,
2889 2746 2981 2815 qui
3013 2746 3064 2798 in
3091 2744 3387 2814 Egyptum
3411 2744 3548 2805 iret;
3575 2753 3634 2796 et
3665 2741 3732 2795 ad

2142 2860 2302 2915 opem
2336 2844 2440 2914 ipsi
2474 2843 2576 2895 hac
2614 2842 2664 2893 in
2702 2855 2759 2894 re
2823 2838 3099 2892 ferendam
3155 2834 3420 2891 Yasidum
3461 2833 3577 2889 Ebn
3618 2835 3731 2889 Ab-

2144 2938 2350 2992 dollabi
2392 2935 2506 2989 Ebn
2562 2932 2743 2986 Dadan
2804 2930 2919 2985 Ebn
2960 2929 3223 2992 Pharahi.
3254 2940 3309 2983 et
3353 2930 3419 2984 ad
3469 2939 3730 2997 sumptus

2144 3029 2424 3085 faciendos
2462 3029 2802 3081 Solimanum
2840 3022 3006 3096 ιω
3038 3022 3156 3077 Ebn
3196 3020 3431 3077 Wabab.
3469 3020 3571 3075 llic
3596 3036 3729 3089 ergo

2138 3138 2448 3178 mensuram
2486 3122 2538 3174 in
2566 3121 2710 3173 lizah
2752 3117 3077 3189 Egyptiaea
3113 3116 3403 3170 fabricavit
3456 3130 3606 3168 anno
3629 3116 3729 3168 du-

2135 3219 2438 3275 centesimo
2487 3216 2913 3284 quadragesimo
2972 3213 3203 3281 quinto,
3267 3224 3389 3280 qum
3464 3220 3727 3263 mensura

2136 3329 2274 3368 nova
2302 3311 2574 3381 appellata
2601 3319 2708 3371 est,
2746 3322 2846 3363 nec
2884 3307 2977 3360 ulli
3028 3304 3265 3374 amplius
3300 3304 3426 3356 usui
3470 3301 3727 3357 adhibita

2135 3416 2221 3461 est
2252 3414 2431 3460 vetus.
2487 3404 2747 3457 tiondidit
2807 3402 2972 3455 etiam
3035 3394 3469 3452 Almotawaecel
3529 3397 3723 3451 urbem

2136 3515 2326 3570 quant~
2354 3495 2759 3567 Allaapltariam
2801 3494 3119 3565 appellavit.
3167 3490 3314 3545 Idem
3368 3488 3725 3545 Bachtishute

2139 3594 2352 3649 medico
2402 3594 2576 3647 iratus
2634 3592 2686 3644 in
2736 3604 2930 3645 omnes
2981 3588 3297 3656 provincias
3354 3583 3607 3653 scripsit,
3664 3589 3723 3636 ut

2134 3687 2595 3757 compellerentur
2662 3682 2963 3738 Christiani
3040 3680 3263 3733 zonaria
3334 3676 3601 3738 induere,
3665 3683 3720 3730 et

2135 3783 2377 3842 vestibus
2412 3781 2530 3835 suis
2559 3791 2867 3849 pannorum
2898 3780 3181 3843 segmenta
3215 3784 3464 3833 assuere,
3493 3784 3523 3821 a
3562 3778 3720 3838 parte

2132 3874 2395 3930 anteriori
2455 3871 2709 3932 alterum.
2769 3868 2999 3921 alterum
3053 3881 3083 3917 a
3147 3860 3476 3933 posteriori;
3551 3870 3719 3929 atque

2127 3968 2284 4037 equis
2316 3965 2440 4019 vebi
2479 3963 2923 4034 prohiberentur,
2960 3967 3011 4014 et
3044 3960 3096 4012 in
3119 3959 3270 4013 sellis
3296 3957 3413 4011 suis
3446 3954 3716 4010 baberent

2133 4060 2313 4119 funes,
2352 4069 2413 4109 ac
2444 4052 2762 4122 stapedibus
2808 4050 3002 4121 ligneis
3036 4056 3343 4111 uterentur,
3392 4044 3710 4112 aediumque

2125 4150 2371 4221 ipsorum
2398 4148 2571 4217 portis
2597 4145 3024 4215 appingerentnr
3060 4140 3403 4196 diabolorum
3434 4138 3705 4206 imagines

2126 4242 2257 4312 (vel,
2296 4238 2599 4295 secundum
2643 4235 2788 4290 aliud
2835 4233 3137 4302 exemplar,
3196 4243 3491 4301 porcorum
3539 4239 3593 4282 et
3634 4226 3710 4283 sic

440 4345 718 4399 sexdecim
745 4347 1001 4412 sedisset,
1048 4354 1301 4401 mortuus
1334 4356 1440 4401 est.
1504 4350 1662 4403 Anno
1720 4350 2016 4405 cbalifatus

2143 4331 2399 4397 miorum)
2439 4347 2455 4385 :
2484 4330 2633 4401 quod
2671 4326 2852 4397 magni
2884 4325 3217 4381 Christianis
3245 4322 3565 4376 detrimenti
3597 4322 3710 4375 do-

438 4437 684 4503 ejusdem
719 4446 877 4492 sexto
908 4438 1246 4493 constitutus
1278 4446 1361 4494 est
1412 4438 1670 4496 Nieolaus
1708 4442 2019 4510 patriarcha

438 4530 833 4593 Antiochcnns,
884 4529 978 4598 qui
1025 4544 1201 4582 annos
1251 4530 1441 4598 viginti
1498 4541 1610 4586 tres
1663 4534 1827 4597 sedit,
1894 4534 2019 4589 dein

438 4622 595 4676 obzit.
632 4620 874 4674 Mortuus
904 4633 989 4675 est
1014 4633 1197 4675 autem
1234 4620 1537 4680 AlWatltek
1582 4623 1669 4678 die
1724 4623 2005 4694 Mercurii,

438 4728 531 4766 sex
561 4721 686 4766 ante
720 4713 931 4766 iiui:um
970 4727 1216 4768 mensem
1273 4712 1555 4783 Dilllajjah
1594 4716 1807 4782 diebus,
1871 4732 2017 4771 anno

432 4805 811 4859 ducentesimo
838 4805 1122 4860 tricesimo
1159 4807 1423 4873 secundo,
1458 4821 1633 4861 annos
1668 4808 1875 4862 habens
1914 4809 2014 4861 tri-

433 4899 581 4964 ginta
630 4906 885 4965 quatuor.
945 4894 1071 4951 Fuit
1130 4905 1357 4953 statura:
1417 4898 1721 4969 quadratas,
1788 4914 2018 4967 corpore

432 4987 690 5055 eleganti,
720 4989 829 5041 lato
858 5000 1102 5051 pectore,
1152 4989 1317 5045 barba
1382 4992 1586 5058 spissa,
1645 4992 1698 5045 in
1751 4992 1910 5045 oculo
1942 4991 2019 5044 al-

432 5080 687 5148 buginen
722 5080 950 5134 habens.
991 5080 1312 5135 Satellitum
1352 5083 1528 5150 ipsius
1590 5082 1883 5149 pra-fectus
1917 5083 2018 5137 fuit

435 5174 585 5223 Isaac
621 5169 733 5222 E'm
768 5171 1026 5223 Abrabim
1053 5190 1069 5236 ς
1097 5169 1311 5226 Ianitor
1343 5174 1478 5239 Itali,
1513 5172 1688 5227 'l‘urca
1713 5213 1726 5237 ,
1787 5174 2014 5229 libertus

434 5265 608 5332 ipsius
647 5284 657 5315 ;
697 5262 820 5315 dein
861 5262 999 5332 Baga
1036 5264 1242 5329 'l‘urca,
1275 5281 1465 5319 servus
1521 5266 1729 5337 ipsius;
1785 5265 2011 5335 \Vasiph

440 5355 639 5417 Turcu,
677 5355 909 5409 libertus
942 5356 1151 5427 ipsius;
1194 5357 1535 5412 ilolmnnned
1590 5357 1703 5411 Ebn
1749 5357 2011 5413 llammad

435 5444 547 5498 l-lbn
601 5445 894 5511 Dankas‘bi,
950 5457 1006 5501 et
1063 5446 1399 5503 Mobammed
1436 5446 1546 5501 Ebn
1600 5448 1787 5514 Asam,
1845 5449 2011 5503 Jaba-

431 5537 600 5593 iensis
638 5538 937 5607 :janitoris
972 5540 1133 5596 etiam
1188 5540 1450 5595 ordinarii
1532 5556 1757 5595 munero
1827 5541 2001 5594 functi

437 5638 563 5681 sunt
604 5628 774 5683 Jacob
831 5628 945 5684 Ebu
978 5630 1238 5685 Abrahim
1273 5629 1582 5695 Kausarab,
1610 5640 1661 5685 et
1703 5631 1841 5685 Atab
1896 5631 2007 5687 l'lbn

447 5722 601 5775 Atab.
637 5722 874 5777 Maxima
912 5724 1051 5794 apud
1078 5725 1255 5795 ipsum
1282 5724 1450 5794 gratia
1480 5725 1750 5793 pollebant
1782 5724 2008 5781 Mur-edi

2132 4428 2373 4493 loriSqne
2429 4431 2484 4479 et
2543 4420 2841 4476 anxietatis
2893 4432 3063 4474 causa
3130 4416 3253 4474 fuit.
3331 4414 3506 4469 Porro
3572 4411 3708 4466 obiit

2123 4521 2353 4577 Michael
2390 4517 2677 4588 Theophili
2744 4515 2890 4570 illius
2943 4512 3317 4566 Romanorum
3377 4509 3701 4580 imperator,

2121 4616 2449 4672 succedente
2511 4613 2612 4682 ipsi
2667 4607 2973 4679 Theophilo
3035 4603 3413 4659 Romanorum
3469 4601 3704 4667 impera-

2119 4722 2277 4771 tore;
2314 4709 2403 4776 qni
2439 4721 2503 4759 ex
2560 4704 2812 4759 ecclesiis
2859 4699 3126 4768 imagines
3167 4708 3430 4751 amovens
3484 4693 3700 4747 easdem

2119 4801 2343 4863 delevit,
2375 4812 2590 4852 necnon
2633 4793 2813 4865 fregit.
2842 4792 3043 4861 jnbens
3072 4798 3132 4843 ut
3179 4787 3329 4843 nulla
3372 4784 3600 4839 omnino
3648 4784 3699 4833 in

2119 4894 2302 4965 aliqua
2359 4892 2596 4949 ecclesia
2648 4894 2795 4945 esset
2848 4888 3056 4957 imago.
3105 4883 3286 4940 Causa
3343 4892 3525 4936 autem
3581 4908 3701 4958 qua,

2120 4989 2299 5059 ipsum
2332 4983 2550 5056 impulit
2585 4981 2653 5037 ad
2685 4982 2954 5053 imagines
3001 4996 3068 5035 ex
3113 4980 3370 5035 ecclesiis
3402 4982 3696 5047 tollendas,

2120 5080 2235 5135 haec
2262 5077 2386 5138 fuit.
2428 5073 2574 5146 quod
2618 5074 2719 5143 ipsi
2770 5080 2802 5129 ε
2854 5074 3175 5129 consiliario
3233 5073 3404 5143 ipsius
3459 5074 3696 5146 quodam

2120 5180 2403 5228 narratum
2454 5175 2625 5233 esset,
2673 5183 2795 5224 esse
2830 5167 2885 5222 in
2941 5168 3062 5223 loco
3099 5168 3335 5238 quodam
3384 5168 3438 5222 in
3494 5168 3698 5222 ditione

2125 5264 2499 5319 Romanorum
2533 5262 2821 5318 ecclesiam
2872 5271 3075 5316 sancite
3112 5260 3296 5317 Maria:
3343 5276 3584 5326 sacram,
3618 5265 3695 5316 in-

2121 5370 2227 5427 que
2263 5356 2381 5425 ipsa
2414 5356 2707 5425 imaginem
2734 5369 2763 5410 e
2798 5354 2955 5425 cujus
2993 5354 3277 5419 uberibus,
3307 5369 3430 5410 cum
3458 5354 3695 5409 Celebra-

2122 5460 2273 5504 retur
2317 5449 2517 5502 festum
2572 5446 2741 5508 illius.
2799 5445 2956 5499 lactis
3003 5454 3155 5514 gutta
3220 5446 3475 5503 stillaret.
3537 5447 3691 5514 Qued

2118 5556 2240 5596 eum
2300 5539 2605 5609 Theopliilo
2661 5535 2808 5591 haud
2841 5537 3105 5593 credibile
3143 5538 3441 5602 videretur,
3475 5540 3529 5593 in
3581 5553 3693 5594 rem

2118 5633 2403 5703 inquirens
2435 5629 2791 5703 449-451
2847 5629 3057 5685 invenit
3097 5630 3381 5697 aedituum,
3428 5629 3574 5685 facto
3638 5633 3689 5685 in

2122 5726 2350 5796 pariete,
2377 5738 2405 5778 a
2441 5733 2588 5795 tergo
2622 5720 2896 5794 imaginis,
2939 5721 3206 5778 foramine
3244 5722 3389 5793 quod
3423 5738 3595 5795 usque
3626 5724 3693 5776 ad
