3980 6152
361 262 499 333 113⁸1

1812 258 2171 323 ANNALES.

3480 262 3610 329 1133

358 382 531 436 ubera
565 378 917 449 pertingeret,
966 378 1126 448 eique
1161 377 1350 433 tubulo
1382 377 1637 449 plumbeo
1661 376 1807 432 tenui
1866 392 1929 430 ac
1956 372 2006 433 Δ
2036 383 2187 430 tutus
2217 383 2303 430 est
2347 372 2573 430 Salmun
2617 374 2859 431 Zatkutti
2896 376 3035 432 Illius
3067 378 3375 445 patriarcha
3421 375 3617 435 Πίου·οο

355 472 552 544 gracili
589 471 862 535 immisso,
898 470 1081 525 locum
1118 470 1236 524 luto
1268 485 1334 525 ac
1368 470 1521 526 calce
1549 484 1618 524 ne
1653 475 1942 539 appareret

364 563 691 626 obduxisse,
722 577 956 631 cumque
995 560 1216 616 adesset
1262 560 1463 617 lestum
1505 569 1710 617 sancta:
1738 558 1941 626 Mariae,

363 652 629 710 foramini
663 654 753 708 isti
793 654 878 709 lac
929 653 1223 709 inl‘undere
1258 653 1500 717 solitum,
1528 653 1687 722 cujus
1732 651 1943 721 guttula

358 760 397 799 θ
436 757 674 798 mamma
733 743 989 813 imaginis
1024 743 1326 799 destillaret
1360 758 1377 797 :
1413 756 1586 812 quare
1629 745 1941 812 peregrina-

354 835 541 891 tiones
562 834 633 890 ad
661 834 957 890 ecclesiam
1008 834 1171 889 istam
1230 833 1648 890 instituentibus
1700 832 1941 889 homini-

356 927 489 991 bus,
538 928 772 981 multum
805 927 1052 996 pecunia:
1101 928 1349 985 lucratus
1397 936 1481 983 est
1530 927 1633 981 bac
1663 929 1731 982 de
1774 940 1941 981 causa

353 1021 618 1077 adiutus.
656 1020 877 1077 Mittens
905 1030 1035 1091 ergo
1069 1022 1408 1091 Theophilus
1446 1023 1751 1090 imperator
1800 1021 1942 1076 ima-

357 1114 494 1182 gine
548 1115 652 1170 ista
702 1115 884 1170 diruta
940 1116 1121 1169 locum
1177 1115 1389 1183 reiecit,
1433 1113 1708 1186 jussitque
1764 1114 1943 1169 nullas

354 1211 585 1262 omnino
637 1207 690 1261 in
732 1208 981 1264 ecclesiis
1030 1207 1298 1279 imagines
1345 1206 1591 1264 retineri.
1653 1206 1936 1263 Edituum

356 1308 545 1355 autem
573 1301 824 1356 ecclesiae
858 1301 1019 1357 istius
1053 1302 1233 1372 capite
1261 1302 1533 1356 truncavit
1568 1312 1623 1355 et
1652 1314 1717 1354 ex
1764 1300 1936 1355 eccle-

354 1392 460 1447 siis
520 1393 793 1462 imagines,
836 1392 1098 1455 sustulit,
1149 1393 1360 1461 dicens,
1423 1394 1692 1467 imagines
1754 1395 1932 1449 instar

357 1480 636 1539 idolorum
666 1501 820 1552 esse;
858 1496 913 1541 et
943 1487 1037 1556 qui
1071 1487 1360 1558 imaginem
1414 1489 1669 1554 coluerit,
1714 1489 1940 1558 perinde

354 1588 485 1630 esse
510 1590 575 1629 ac
606 1576 651 1630 si
684 1576 827 1631 idola
863 1578 1089 1631 coleret.
1143 1577 1282 1634 Hinc
1314 1588 1496 1634 ortum
1526 1590 1609 1635 est
1644 1581 1786 1636 inter
1819 1581 1931 1634 Ro-

354 1679 555 1720 manos
588 1664 876 1721 dissidium
912 1671 965 1721 in
995 1666 1063 1722 iis
1095 1683 1217 1736 qua:
1247 1669 1312 1721 ad
1366 1670 1631 1739 imagines
1655 1679 1928 1739 spectant.

353 1759 495 1812 adeo
524 1769 581 1812 ut
605 1758 697 1813 alii
733 1761 870 1815 alios
895 1759 1236 1816 inlidelitatis
1269 1762 1596 1817 damnarent
1622 1806 1636 1827 ,
1691 1763 1928 1818 dicenti-

355 1856 464 1910 bus
501 1854 669 1912 aliis:
698 1854 802 1923 Qui
838 1856 1134 1929 imaginem
1178 1858 1409 1914 coluerit
1436 1859 1774 1917 inﬁdelitatis
1805 1877 1931 1916 rcus

349 1959 475 2015 est;
508 1949 631 2005 aliis
658 1967 674 2005 :
701 1948 801 2015 Qui
822 1965 918 2004 eas
948 1965 1058 2005 non
1092 1951 1347 2014 coluerit,
1376 1952 1614 2009 inﬁdelis
1638 1962 1744 2010 est.
1771 1952 1929 2021 Quod

350 2056 479 2095 cum
508 2041 752 2097 audisset
778 2039 1123 2111 SOphronius
1151 2040 1462 2113 patriarcha
1491 2040 1922 2109 Alexandrinus,

348 2132 654 2187 orationem
684 2130 898 2200 longam
922 2132 1144 2204 scripsit
1167 2134 1221 2189 in
1254 2149 1361 2205 qua
1394 2134 1692 2203 imaginum
1720 2138 1929 2193 cultum

351 2220 617 2285 defendit,
651 2220 756 2276 hoc
789 2220 845 2277 iit
870 2238 933 2277 ea
957 2233 1277 2295 argumento
1312 2241 1467 2289 usus,
1496 2223 1723 2283 dicens:
1760 2227 1929 2295 Deus,

349 2312 515 2381 cujus
573 2310 720 2367 fama
779 2314 1039 2383 gloriosa,
1091 2322 1147 2368 et
1204 2330 1400 2369 nomen
1462 2325 1737 2377 sanctum,
1799 2316 1928 2374 Mosi

350 2407 607 2476 praecepit
664 2413 722 2460 nt
784 2406 839 2461 in
913 2408 1267 2463 tabernaculo
1324 2410 1584 2477 temporis
1660 2409 1929 2482 imagines

348 2497 795 2554 Clterubinorum
829 2513 1029 2554 aureas
1085 2499 1370 2567 lormaret,
1418 2515 1555 2569 quas
1608 2502 1750 2556 intra
1802 2518 1930 2557 san-

347 2588 624 2643 ctuarium
681 2596 968 2651 statueret,
1022 2587 1237 2653 deinde,
1278 2588 1422 2654 quod
1481 2587 1645 2661 452
1705 2588 1929 2646 Salonio

346 2677 579 2735 Davidis
635 2680 779 2735 illius
826 2696 952 2736 cum
1012 2680 1274 2750 templum
1331 2691 1665 2753 exstrueret,
1722 2685 1775 2738 itt
1812 2686 1930 2751 ipso

349 2771 621 2839 imagines
643 2770 1085 2826 Cherubinorum
1114 2787 1309 2827 aureas
1344 2776 1682 2842 reposuerit.
1732 2776 1927 2831 bicens

344 2862 575 2933 Insuper
605 2880 620 2915 :
653 2864 789 2918 Cum
820 2864 1042 2933 perlatae
1096 2862 1302 2919 fuerint
1338 2880 1384 2918 .a
1440 2880 1567 2933 rege
1616 2866 1809 2922 litterte
1855 2870 1923 2924 ad

346 2958 668 3026 praelectum
724 2957 897 3026 ipsius
953 2957 1190 3026 aliquem
1251 2958 1435 3028 sigillo
1479 2959 1628 3029 regio
1678 2958 1925 3032 signatre,

2044 466 2435 537 solytnitanus,
2477 467 2568 521 ubi
2610 481 2785 521 annos
2818 466 3058 537 quinque
3090 468 3255 531 sedit,
3295 469 3419 523 dein
3472 486 3611 525 mur-

2041 568 2171 613 tuus
2220 569 2327 615 est.
2379 558 2705 615 Interfectus
2751 568 2835 614 est
2880 560 3526 619 autemAllMotawaccol
3558 566 3615 619 in

2043 651 2245 721 palatio
2269 667 2371 707 suo
2427 653 2484 706 in
2526 653 2660 707 urbe
2687 667 2851 723 quam
2915 652 3258 719 condiderat,
3320 654 3613 710 Allaal‘aria

2042 741 2331 811 appellata.
2388 738 2517 798 Fuit
2559 745 2734 799 ca-des
2791 743 2965 814 ipsius
3012 744 3101 801 die
3158 744 3349 802 Martis
3410 747 3616 803 mensis

2044 830 2283 887 Sitawali
2334 832 2536 899 tertio,
2583 849 2733 889 anno
2783 835 3167 891 ducentesimo
3200 836 3616 909 quadragesimo

2040 918 2300 985 septimo,
2350 934 2476 975 cum
2538 936 2810 978 annorum
2871 932 3023 980 esset
3062 924 3425 997 quadraginta
3473 941 3613 996 qua-

2040 1020 2208 1069 tuor:
2238 1014 2599 1086 sepultusqne
2628 1024 2713 1071 est
2743 1014 3015 1074 laalarite.
3044 1017 3398 1086 Fuitl'ttscus,
3424 1021 3613 1077 colore

2038 1103 2108 1160 ad
2136 1103 2463 1162 ﬂavedinem
2496 1119 2775 1178 vergente,
2810 1109 2948 1167 facie
2980 1122 3239 1177 venusta,
3273 1114 3613 1186 mystacibus

2041 1198 2203 1263 raris,
2241 1199 2419 1254 oculis
2450 1200 2861 1271 grandioribus.
2896 1204 3207 1262 Satellitnm
3258 1208 3435 1277 ipsius
3474 1224 3613 1277 prato

2039 1290 2214 1346 lectus
2240 1292 2342 1346 fuit
2367 1293 2520 1348 Isaac
2550 1293 2666 1350 Ebn
2704 1297 3011 1366 Abraltim;
3050 1316 3224 1369 coque
3255 1312 3474 1357 mortuo
3520 1316 3613 1357 ac-

2036 1385 2235 1440 cedens
2265 1383 2607 1443 Mohammed
2639 1388 2752 1445 Ebn
2784 1390 3095 1459 Abdollabi,
3130 1393 3246 1449 Ebn
3277 1394 3555 1459 'l‘dbaher,
3581 1410 3614 1449 e

2037 1474 2385 1543 Chorasano,
2435 1478 2630 1533 iisdem
2679 1481 2970 1551 prazl'ectus
3021 1494 3124 1540 est.
3162 1483 3376 1541 Janitor
3437 1486 3614 1557 ipsius

2043 1567 2462 1636 Wasil’Turca;
2495 1586 2559 1627 ac
2594 1582 2714 1643 post
2744 1575 2924 1644 ipsum
2958 1577 3086 1632 Said
3119 1577 3238 1632 Ebn
3271 1578 3434 1634 Saleii
3460 1596 3476 1643 ;
3506 1595 3609 1634 nec

2042 1675 2148 1715 non
2200 1660 2414 1731 Bagaus
2452 1663 2657 1719 Tucca.
2690 1662 2908 1720 Janitor
2944 1668 3261 1724 ordinarius
3294 1669 3462 1725 Jacob
3491 1670 3607 1726 Ebn

2036 1751 2335 1809 Abrahim:
2365 1752 2567 1807 deinde
2615 1752 2926 1818 Kausaralt,
2970 1766 3025 1810 et
3077 1756 3218 1809 Atab
3270 1756 3385 1811 Ebtt
3441 1758 3610 1815 Atab.

2026 1843 2330 1900 Plurimum
2380 1845 2524 1916 apud
2556 1862 2680 1902 eum
2730 1855 2950 1917 poterat
2980 1848 3259 1904 AlPhatah
3318 1851 3430 1905 Ebn
3464 1847 3607 1906 Cba-

2028 1935 2156 2004 kan,
2189 1947 2243 1993 et
2278 1934 2450 1993 Obaid
2506 1939 2660 1994 Allah
2694 1939 2807 1995 Elin
2841 1938 3045 2011 Yahyre
3093 1938 3209 1996 Ebn
3245 1941 3468 1999 Chakan
3515 1959 3609 2001 se-

2028 2029 2316 2087 eretarins.

2242 2120 2408 2195 ‘56
2434 2120 2733 2193 Chelifatns
2764 2123 3135 2179 “Mantuani
3172 2126 3392 2181 Bitia/ti.

2101 2214 2467 2285 lnaugnratns
2502 2225 2589 2272 est
2630 2217 2980 2274 AlMontasar
3009 2220 3204 2274 Billahi
3261 2218 3604 2276 Ilohammcd

2032 2306 2199 2363 Ebnol
2237 2306 2602 2363 Motawaccell
2636 2308 2744 2380 (cui
2793 2319 2971 2367 mater
3012 2310 3112 2366 l'nit
3136 2312 3466 2377 concubina,
3500 2328 3607 2367 no-

2029 2401 2179 2456 mine
2229 2398 2563 2470 Habashialt)
2607 2403 2798 2458 eodem
2846 2403 2936 2458 die
2968 2417 3080 2473 quo
3127 2405 3345 2461 occisus
3379 2413 3465 2460 est
3506 2406 3606 2461 ΑΙ-

2030 2493 2377 2550 Hotawacccl
2407 2510 2427 2548 :
2478 2496 2671 2563 quinto
2722 2504 3013 2566 postquam
3059 2497 3260 2552 chalil‘a
3325 2501 3608 2555 renuntia-

2028 2596 2116 2643 tus
2147 2598 2229 2645 est
2272 2587 2359 2643 die
2390 2604 2422 2645 e
2450 2587 2680 2643 laat‘aria
2712 2605 2771 2645 se
2824 2588 3302 2644 Sarramanraiam
3348 2591 3607 2659 contulit,

2026 2681 2305 2750 diruitque
2341 2679 2625 2734 laatariam
2672 2688 2729 2735 ct
2781 2677 3141 2736 Allausaknm
3166 2682 3430 2737 deseruit.
3476 2681 3608 2738 Fra-

2024 2785 2137 2829 tres
2163 2774 2325 2827 etiam
2346 2787 2476 2827 suos
2506 2772 2620 2826 Abu
2639 2771 2999 2827 Ablollahnm
3025 2771 3270 2829 AIMotaz
3298 2774 3516 2838 Billahi,
3534 2784 3589 2827 et

2026 2866 2379 2922 Ahrabimum
2400 2865 2699 2934 AlMoayad
2720 2865 2908 2921 billalti
2933 2867 3407 2938 hcereditatisjnre
3428 2867 3601 2935 exuit,

2034 2974 2097 3013 ea
2134 2961 2200 3011 tle
2227 2973 2285 3012 re
2314 2958 2513 3013 litteris
2549 2958 2749 3027 passim
2796 2958 2850 3011 in
2888 2959 3204 3028 provincias
3234 2960 3439 3017 missis.
3476 2959 3605 3017 Fuit

346 3049 672 3118 dictumque
695 3049 863 3102 fuerit
884 3047 936 3103 id
967 3050 1160 3105 scienti
1182 3068 1197 3103 :
1223 3049 1318 3106 Est
1347 3052 1448 3106 hoc
1473 3052 1711 3123 sigillum
1741 3056 1887 3125 regis
1911 3074 1927 3111 :
1960 3042 1999 3093 (ἶ
2034 3049 2327 3106 chalilatus
2352 3049 2527 3118 ipsius
2556 3050 2912 3115 unius,anni,
2937 3065 3030 3106 sex
3049 3052 3411 3117 tncnsinm,et
3438 3053 3603 3106 trium

348 3142 434 3196 hac
456 3140 631 3211 ipsius
671 3141 868 3196 littera:
909 3160 925 3195 :
966 3154 1149 3196 annon
1196 3156 1494 3214 assurgens
1540 3147 1708 3200 stabit
1751 3145 1929 3201 donec

347 3235 566 3290 litteras
601 3249 760 3288 tnanu
789 3242 1044 3303 acceptas
1076 3235 1361 3291 osculatus
1392 3235 1581 3302 fuerit,
1602 3237 1931 3308 easdemque

347 3325 518 3396 capiti
571 3335 625 3381 et
679 3325 855 3381 oculis
892 3326 1011 3380 suis
1067 3326 1415 3381 admoverit?
1468 3343 1648 3396 neque
1706 3328 1927 3384 interim

347 3417 473 3473 ideo
505 3420 746 3485 assurgit
781 3428 876 3472 aut
902 3418 1118 3473 litteras
1148 3416 1461 3485 osculatur,
1500 3420 1648 3489 quod
1681 3421 1926 3476 chartam

346 3518 663 3573 veneretur,
702 3520 798 3563 aut
831 3524 1013 3565 ceram
1037 3510 1243 3564 charta:
1272 3507 1589 3575 obductam,
1645 3519 1741 3565 aut
1781 3524 1929 3571 atra-

345 3610 591 3659 mentum
618 3604 761 3658 intra
798 3604 1066 3670 chartam,
1090 3612 1185 3659 aut
1215 3607 1360 3675 quod
1398 3605 1596 3661 litteris
1668 3616 1927 3679 assurgat

344 3710 553 3764 easque
604 3704 919 3750 veneretur.
960 3695 1100 3755 Non,
1137 3709 1232 3766 per
1282 3696 1445 3750 vitam
1487 3712 1686 3763 meam,
1735 3700 1805 3755 ob
1840 3714 1925 3756 re-

345 3802 468 3843 rum
494 3788 724 3843 istarum
746 3787 985 3857 aliquam
1009 3826 1024 3851 ,
1058 3802 1245 3841 verum
1269 3785 1395 3841 inde
1425 3788 1528 3842 hoc
1550 3799 1634 3844 est
1663 3791 1809 3860 quod
1839 3806 1927 3845 re-

346 3894 469 3947 gem
497 3886 809 3944 veneretur,
840 3878 1068 3949 ejusque
1120 3893 1343 3941 nomen,
1398 3894 1525 3934 cum
1584 3880 1757 3951 ipsius
1814 3882 1925 3938 sint

344 3972 545 4027 litterae
579 3972 715 4026 istae.
748 3969 865 4024 Hae
899 3970 1066 4038 igitur
1093 3984 1160 4024 ex
1196 3978 1353 4040 parte
1393 3970 1550 4026 decet
1582 3986 1685 4026 nos
1732 3972 1926 4043 imagi-

343 4080 471 4119 nem
521 4067 686 4119 istam
731 4063 1041 4119 deosculari
1086 4078 1151 4116 ac
1203 4063 1480 4129 venerari,
1532 4079 1639 4119 non
1673 4064 1817 4134 quod
1855 4066 1927 4119 ita

341 4170 465 4211 eant
491 4157 813 4212 osculamur
854 4171 919 4211 ac
952 4155 1095 4211 idola
1138 4154 1246 4210 coli
1297 4156 1537 4221 soleant,
1584 4171 1773 4212 verum
1823 4156 1928 4214 hoc

344 4248 407 4303 tit
456 4248 602 4317 quod
665 4246 1018 4303 veneratione
1060 4256 1228 4317 atque
1285 4247 1497 4303 honore
1538 4249 1927 4318 prosequimur

343 4354 545 4395 nomen
594 4339 852 4409 martyris
925 4336 1109 4401 istius,
1172 4335 1336 4405 cujus
1396 4336 1580 4407 imago
1644 4336 1926 4393 coloribus

343 4433 470 4488 istis
547 4430 867 4501 depingitur
892 4468 908 4484 .

344 4539 529 4594 regem
556 4520 923 4592 Theophilum
956 4520 1126 4587 misit,
1178 4534 1287 4591 qua
1333 4530 1560 4589 accepta
1597 4520 1814 4577 laetatus
1844 4532 1929 4577 est

343 4615 462 4681 ille,
499 4621 667 4683 atque
718 4611 791 4668 ab
839 4626 910 4667 eo
936 4625 1053 4683 quo
1104 4611 1372 4681 imagines
1425 4621 1752 4680 prosecutus
1802 4621 1922 4669 erat

342 4706 475 4763 odio
505 4720 810 4762 conversus
840 4713 942 4761 est.
1004 4698 1133 4759 Fuit
1175 4704 1340 4758 etiam
1388 4704 1508 4759 Abu
1555 4702 1751 4759 Korrae
1782 4704 1930 4762 inter

341 4815 442 4856 eos
475 4799 571 4871 qui
596 4798 897 4867 imaginum
938 4796 1153 4852 cultum
1210 4793 1599 4861 defenderunt,
1651 4808 1825 4866 eaque
1858 4796 1927 4851 de

342 4907 404 4949 re
439 4891 638 4946 librum
670 4889 913 4959 scripsit,
942 4902 1104 4959 quem
1138 4883 1471 4957 appellavit:
1508 4884 1803 4944 Sermones
1848 4886 1917 4945 de

341 4984 494 5040 cultu
527 4981 853 5052 imaginum.
884 4977 1032 5036 Obiit
1063 4987 1249 5033 autem
1302 4977 1648 5048 Sophronias
1677 4979 1916 5050 patriar-

342 5076 446 5134 clla
508 5071 914 5129 Alexandrinus
968 5068 1252 5143 bydropisl
1314 5067 1542 5125 allectus
1597 5070 1693 5141 (ob
1749 5085 1915 5141 quam

342 5165 697 5242 ‘53-‘55
733 5181 859 5220 cum
891 5164 975 5219 lac
1013 5161 1390 5231 mandragmte
1422 5161 1671 5226 bibisset,
1704 5162 1840 5218 nihil
1866 5163 1918 5217 ei

346 5258 597 5333 profuit),
615 5274 762 5314 anno
784 5255 1168 5314 ducentesimo
1197 5254 1480 5310 tricesinto
1508 5256 1695 5320 tertio,
1716 5254 1924 5310 consti-

344 5360 471 5407 tuto
499 5359 622 5422 post
658 5350 834 5418 ipsum
863 5347 1179 5420 patriarcha
1214 5344 1590 5401 Alexandrino
1630 5343 1917 5411 Michaele,

344 5445 437 5514 qui
492 5458 667 5497 annos
711 5442 903 5512 viginti
937 5449 1178 5510 quatuor
1222 5437 1383 5494 sedit.
1426 5434 1549 5491 Fuit
1585 5436 1675 5491 ille
1719 5453 1749 5491 e
1799 5437 1925 5493 illiis

347 5532 586 5596 meanti,
616 5532 898 5585 Burensis.
928 5529 1099 5585 Porro
1123 5529 1224 5583 fuit
1246 5522 1541 5583 chalilatus
1561 5525 1920 5581 Alllotawac-

348 5624 449 5677 seti
503 5638 771 5676 annorum
808 5620 1249 5692 quatuordecim,
1299 5634 1495 5674 novent
1540 5617 1832 5679 mensium,
1864 5624 1921 5672 et

350 5732 543 5772 novem
580 5717 808 5770 dictum.
838 5713 994 5768 Anno
1015 5713 1309 5769 chaiilatns
1338 5711 1458 5782 ejus
1477 5710 1689 5767 decimo
1710 5710 1919 5766 consti-

2028 3143 2263 3197 dierum.
2316 3141 2469 3195 Obiit
2523 3156 2698 3197 annos
2749 3152 2909 3198 natus
2953 3144 3145 3213 viginti
3225 3154 3368 3200 octo.
3406 3144 3602 3214 Sepul-

2030 3248 2226 3306 tusque
2254 3244 2339 3290 est
2385 3232 2856 3306 Sarrantattraim;
2913 3236 3226 3305 sepulcrum
3273 3238 3393 3307 ejus
3440 3252 3607 3306 opere

2029 3329 2241 3384 albario
2276 3327 2492 3382 ornavit
2523 3335 2699 3382 mater
2725 3328 2898 3398 ipsius
2923 3367 2939 3393 ,
2968 3344 3077 3397 quo
3127 3344 3236 3382 non
3283 3337 3441 3383 antea
3485 3330 3605 3383 cni-

2030 3424 2171 3492 piant
2223 3420 2548 3476 cltalilarum
2590 3420 2904 3488 sepulcrum
2947 3421 3250 3477 obductum
3299 3422 3423 3479 fuit.
3477 3422 3605 3477 Fuit

2034 3512 2376 3567 AlMontaser
2435 3518 2663 3566 staturae
2715 3511 3020 3580 quadratae,
3087 3528 3324 3582 corpore
3377 3515 3606 3580 decoro,

2034 3602 2246 3669 fuscus,
2302 3603 2543 3674 pinguis.
2593 3601 2904 3656 Satellitum
2953 3603 3128 3675 ipsius
3182 3605 3471 3675 pmfectus
3504 3605 3607 3661 luit

2032 3695 2371 3751 Hohammed
2420 3695 2537 3750 Ebn
2569 3694 2837 3751 Abdollab
2884 3695 3001 3751 Ebn
3049 3696 3329 3753 Tdhalter.
3386 3696 3601 3754 Ianitor

2030 3789 2150 3843 Ahu
2176 3786 2347 3843 Naser
2368 3788 2548 3843 'l‘urea
2600 3806 2701 3846 nec
2733 3807 2841 3847 non
2868 3790 3077 3845 Ahmed
3114 3789 3229 3844 Ehn
3259 3789 3495 3846 Chasab.

2467 3880 2773 3952 Chalifatus
2807 3882 3156 3939 Allostaint‘.

2096 3971 2501 4031 Convenientcs
2580 3974 2885 4030 'l‘urcarum
2942 3975 3114 4032 duces
3168 3976 3236 4030 ad
3291 3976 3601 4048 eligendum

2025 4081 2188 4138 quem
2216 4064 2473 4122 chalifatn
2526 4069 2931 4133 renuntiarent,
2957 4068 3272 4123 abnuerunt
3302 4085 3367 4124 ex
3422 4068 3604 4125 A1310—

2027 4159 2307 4216 tawacceli
2361 4158 2487 4214 tiliis
2512 4159 2750 4229 cuipiam
2779 4159 3104 4231 obsequium
3134 4160 3358 4229 pacisci.
3395 4161 3603 4218 Cecidit

2024 4246 2384 4322 557-559
2407 4263 2539 4318 ergo
2566 4250 2767 4304 electio
2798 4251 3039 4321 ipsorum
3070 4252 3123 4304 itt
3153 4251 3449 4308 Ahtnedetn
3482 4251 3601 4308 Ebn

2031 4337 2429 4394 Mohammedis
2494 4336 2881 4405 AlMotasami,
2934 4341 3021 4394 cui
3068 4350 3247 4395 mater
3294 4344 3601 4398 concubina

991 4428 1174 4499 Atque
1256 4428 1399 4482 hanc
1480 4429 1769 4498 epistolam
1853 4430 1919 4485 ad
1961 4428 2139 4490 Dl’uit
2166 4427 2389 4483 nomine
2434 4426 2795 4497 ﬂacbareck;
2852 4444 3014 4499 quem
3056 4430 3314 4485 cbalil'am
3346 4433 3450 4488 title
3496 4433 3603 4502 ipsi

2026 4520 2156 4574 data
2201 4520 2564 4576 constitutum
2586 4561 2603 4589 ε
2635 4520 2941 4577 Almostain
2974 4521 3167 4577 billahi
3210 4524 3596 4582 nominarunt.

2028 4608 2168 4665 Tum
2200 4622 2323 4664 orto
2358 4610 2413 4664 in
2462 4610 2709 4665 exercitu
2750 4608 3005 4677 dissidio,
3039 4619 3204 4680 atque
3257 4612 3400 4666 inter
3433 4613 3600 4669 liber-

2028 4707 2117 4757 tos
2155 4700 2419 4763 tumultu,
2446 4699 2584 4771 fugit
2613 4700 2915 4756 Almostain
2937 4699 2993 4756 in
3030 4701 3303 4769 navicula,
3325 4705 3600 4760 comitan-

2028 4792 2175 4848 tibus
2208 4791 2385 4862 ipsum
2419 4789 2688 4862 Wasipho
2714 4801 2770 4848 et
2794 4791 2975 4863 Bagoa
3004 4791 3223 4857 Turcis,
3258 4793 3600 4865 Bagdadum.

2023 4882 2181 4941 Servi
2214 4893 2395 4940 autem
2444 4894 2501 4940 et
2530 4885 2832 4948 exercitus,
2864 4886 2959 4956 qui
3002 4885 3432 4942 Sanamanraiae
3478 4889 3596 4944 lue-

2023 4985 2175 5044 runt,
2219 4977 2343 5033 Abu
2405 4977 2670 5032 Abdallah
2726 4976 3155 5034 Ebnol‘ﬂotazzi
3200 4978 3371 5034 Ehnol
3422 4980 3595 5037 Mota-

2021 5069 2269 5132 wacceli,
2309 5068 2397 5123 cui
2429 5077 2606 5123 mater
2638 5069 2744 5125 l‘uit
2791 5073 3100 5127 concubina
3155 5074 3377 5127 nomine
3421 5074 3594 5129 Kabi-

2022 5154 2152 5224 hab,
2180 5157 2379 5212 throno
2405 5157 2740 5216 collocantes
2772 5160 3031 5217 cltalil’am
3069 5163 3399 5229 salutarent,
3434 5164 3594 5219 initio

2023 5250 2232 5306 mensis
2281 5249 2595 5305 Moltarrant
2650 5255 2779 5309 anni
2835 5254 3202 5311 ducentesimi
3252 5256 3597 5328 quinquage-

2021 5340 2169 5395 simi.
2200 5340 2436 5410 Fnilque
2467 5344 2754 5399 contentio
2789 5353 2842 5398 et
2869 5344 3069 5400 bellum
3102 5345 3244 5399 inter
3270 5346 3596 5403 Altnostaini

2020 5441 2076 5485 et
2107 5431 2401 5486 Almotaui
2456 5435 2716 5490 asseclas.
2766 5434 2876 5489 Res
2925 5447 3106 5490 autem
3153 5437 3380 5492 bellicas
3409 5440 3595 5494 Almo-

2026 5522 2160 5576 tazzi
2216 5524 2437 5579 nomine
2496 5525 2922 5582 administrabat
2978 5529 3096 5583 Abu
3150 5530 3357 5584 Ahmcd
3423 5531 3595 5588 Ebno!

2030 5613 2396 5681 Motawaccel,
2426 5633 2605 5687 neque
2635 5629 2925 5673 cessarunt
2958 5619 3097 5675 bella
3128 5636 3383 5677 exercere
3421 5638 3596 5691 usque

2031 5706 2098 5764 ad
2136 5709 2347 5763 initium
2394 5712 2597 5765 mensis
2632 5709 3004 5766 Alitloltarram
3065 5716 3190 5768 anni
3234 5714 3593 5774 ducentesimi
