3980 6152
412 270 550 338 1139

1443 271 1806 334 EUTYCHII
1852 268 2376 334 ALEXANDRINI
2421 274 2636 336 PATB.

3526 261 3663 326 mo

406 383 849 455 quinquagesimi
901 383 1129 440 secundi
1167 394 1325 440 :tum
1378 384 1524 440 enim
1566 387 1686 439 loco
1717 400 1771 437 se
1806 380 1967 438 abdi-
2000 385 2041 441 Α
2073 383 2169 454 qui
2202 384 2504 442 Abmedem
2541 382 2660 441 Ebn
2704 380 2884 436 ‘l'ulun
2924 377 3246 449 deputatum
3303 376 3408 430 sibi
3448 375 3667 429 cunsli»

405 486 565 529 caute
604 476 959 540 Almostaino,
1013 475 1153 532 facta
1207 485 1293 530 est
1325 491 1452 544 pax,
1485 476 1707 546 srriptis
1741 480 1979 529 testante

402 566 746 621 Aluostaino
789 581 851 622 se
898 568 1000 621 hoc
1051 575 1243 635 sponte
1294 566 1507 634 facere,
1562 577 1615 631 et
1662 564 1979 620 securitatis

406 656 649 710 libellum
678 656 755 710 illi
789 658 1063 713 scribente
1089 655 1399 711 Alllotazzo
1432 655 1695 711 adhibitis
1725 654 1977 710 testibus.

402 748 613 802 Deinde
663 746 949 803 Wasetum
1010 746 1173 803 Eraki
1233 749 1423 807 urbem
1493 747 1799 802 descendit.
1854 745 1979 801 Fuit

402 839 702 896 chalifatus
739 841 937 909 ipsius,
971 840 1146 895 donec
1190 855 1249 894 se
1285 840 1461 909 ipsum
1493 839 1723 908 imperio
1755 837 1980 893 abdica-

400 932 512 996 vit,
558 945 825 987 annorum
867 932 1033 987 trium
1091 946 1214 986 cum
1264 941 1389 986 octo
1438 932 1744 988 mensibus.
1794 930 1979 986 Primo

400 1023 699 1079 chalifatus
733 1024 911 1093 ipsius
958 1038 1103 1080 anno
1138 1026 1471 1080 constitutus
1524 1034 1611 1079 est
1655 1023 1974 1078 Theodorus

402 1117 516 1187 (qui
547 1115 829 1172 AlMoklati
866 1116 1040 1185 audit)
1076 1116 1383 1186 patriarcha
1426 1114 1970 1186 Hierosolymitanus,

400 1210 497 1277 qui
548 1225 726 1264 annos
762 1208 1137 1263 novemdecim
1184 1207 1347 1275 sedit,
1391 1208 1517 1263 dein
1566 1217 1816 1261 mortuus
1860 1213 1967 1262 est.

2077 486 2261 540 tuens.
2300 476 2480 547 ipsum
2534 478 2586 529 in
2637 473 2931 545 Egyptum
2970 471 3144 526 misit.
3198 469 3483 523 Bacbaeus
3531 480 3657 521 vere

2074 572 2241 650 ωδ
2278 569 2506 627 Ahmedi
2537 568 2655 626 Elin
2690 567 2889 624 Toluni
2932 565 3095 619 filiam
3141 578 3294 617 suam
3338 562 3397 614 in
3428 574 3667 615 uxorem

2076 663 2323 720 dederat.
2353 661 2645 733 Ingressus
2673 666 2760 717 est
2810 668 2990 713 autem
3046 655 3257 709 Ahmed
3313 652 3429 707 Elin
3479 650 3661 704 Tolnu

2075 755 2374 827 Egyptum
2432 769 2623 810 mense
2687 750 3007 807 Ramailano
3073 762 3218 803 anno
3278 747 3665 801 ducentesimo

2077 846 2541 920 quinquagesimo
2590 856 2812 916 quarto.
2874 840 3132 899 Turbata
3170 847 3298 895 sunt
3333 844 3519 890 autem
3577 849 3667 888 res

2078 941 2220 996 inter
2246 938 2613 993 AlMutazzum
2645 946 2698 991 et
2736 935 2990 992 libertos.
3022 931 3280 999 Obiitque
3312 928 3669 983 Alrnotauus

2075 1033 2163 1088 die
2189 1031 2377 1088 Martis
2406 1032 2568 1083 tertio
2601 1037 2728 1087 ante
2762 1027 2975 1087 ﬁnitum
3017 1038 3260 1079 mensem
3294 1020 3487 1087 Rajeb.
3518 1034 3668 1073 anno

2077 1122 2453 1181 ducentesimo
2476 1119 2935 1193 quinquagesimo
2968 1117 3183 1190 quinto.
3216 1112 3342 1168 Fuit
3366 1112 3668 1167 chalifatus

2076 1215 2249 1285 ipsius
2273 1222 2395 1281 post
2415 1210 2737 1267 Allostaini
2777 1206 3180 1263 abdicationem
3205 1218 3472 1258 annorum
3496 1202 3669 1257 trium

400 1299 528 1354 Fuit
577 1310 756 1356 autem
812 1300 1188 1356 Almostainus
1243 1300 1484 1372 pinguis,
1536 1298 1701 1375 460
1744 1311 1971 1365 corpore

2089 1324 2193 1361 :um
2223 1303 2505 1359 mensibus
2539 1317 2759 1367 novem,
2799 1300 2995 1357 diebus
3023 1304 3171 1353 octo.
3204 1294 3355 1359 Erat,
3386 1309 3513 1347 cum
3551 1309 3673 1348 rno—

401 1401 655 1458 vinttsto,
687 1392 858 1447 barba
894 1395 1090 1461 nigra;
1126 1392 1421 1446 satellitum
1473 1388 1974 1469 ipsiusprmfectus

2089 1408 2315 1463 'eretur,
2367 1412 2639 1450 annorum
2696 1388 2890 1465 viginti
2941 1391 3202 1446 duorum.
3267 1385 3532 1457 Sepultus
3580 1397 3667 1442 est

403 1481 507 1535 fuit
542 1480 887 1536 Mohammed
920 1480 1033 1535 Ebn
1067 1480 1328 1541 Ahdollm,
1358 1481 1474 1534 Ebn
1503 1479 1795 1534 Tdhahcri.
1826 1476 1978 1533 Jani-

404 1582 556 1628 tores
586 1572 777 1644 ipsius.
804 1571 986 1627 Wasif
1004 1579 1059 1628 et
1092 1571 1260 1642 Boga,
1290 1570 1506 1626 Tun-:9.

853 1664 1153 1733 Chalifnftts
1201 1664 1524 1719 “notaui.

473 1757 680 1814 Omnes
735 1758 827 1828 qui
871 1756 1299 1813 Sarrarnantaize
1352 1756 1575 1811 fuerunt
1628 1766 1738 1812 tam
1784 1754 1976 1812 Turcze

404 1866 569 1920 quam
602 1850 720 1917 alii,
749 1848 1117 1905 AlMotauam
1152 1847 1412 1903 cltaiil‘am
1449 1848 1554 1903 lide
1581 1850 1709 1902 alata
1748 1847 1981 1919 inaugu-

401 1950 618 2007 rarunt,
651 1956 842 1997 mense
871 1939 1248 1996 AlMoharram
1277 1941 1407 1995 anni
1434 1940 1794 1996 dueentesimi
1818 1940 1982 2009 quin—

402 2033 709 2105 quagesimi
762 2033 948 2105 primi,
1000 2049 1123 2087 eum
1176 2043 1326 2087 esset
1362 2030 1662 2088 AIMostain
1716 2029 1981 2100 Bagdadi,

405 2140 471 2179 ac
535 2124 829 2196 provincia
876 2124 1148 2191 turbam,
1186 2124 1379 2194 majori
1414 2123 1696 2180 hominum
1735 2132 1887 2193 parte
1918 2123 1983 2177 Al

404 2216 676 2273 Ilostaino
705 2215 1127 2272 adhaerentibus.
1154 2218 1221 2269 At
1254 2230 1377 2273 cum
1399 2228 1461 2271 se
1491 2213 1726 2284 imperio
1754 2213 1980 2269 abdica-

402 2320 560 2368 verat
603 2312 666 2382 Al
698 2308 937 2367 lostain
970 2311 1128 2366 initio
1174 2311 1381 2367 mensis
1416 2308 1818 2375 Alloharram,
1852 2309 1981 2367 anni

404 2399 771 2459 ducentesimi
825 2402 1264 2473 quinquagesimi
1322 2401 1574 2466 secundi,
1636 2400 1742 2458 hoc
1792 2402 1983 2459 audito

406 2496 659 2552 homines
708 2495 957 2551 obsecuti
1011 2506 1159 2552 sunt.
1219 2495 1576 2551 Alﬂotazzus
1628 2504 1810 2553 autem
1860 2510 1984 2551 cum

407 2587 781 2643 successionis
808 2588 900 2657 jus
929 2589 1234 2643 Abrahimo
1266 2588 1331 2643 Al
1354 2588 1576 2659 Moayad
1606 2587 1793 2643 billahi
1822 2588 1981 2643 resti-

406 2677 648 2739 tuisset,
685 2677 876 2730 eodem
931 2691 1124 2731 rursus
1180 2676 1356 2746 ipsum
1404 2676 1591 2742 exuit,
1644 2676 1736 2746 qui
1781 2674 1982 2730 deinde

405 2774 660 2823 mortuus
696 2776 781 2823 est
814 2784 831 2822 :
868 2767 1015 2837 quod
1053 2783 1176 2822 cum
1211 2784 1353 2838 egre
1404 2767 1569 2824 ferret
1603 2766 1724 2823 Abu
1770 2766 1985 2823 Ahmed

407 2857 564 2911 fratri
597 2872 697 2914 suo
726 2858 1019 2923 accidisse,
1064 2860 1237 2928 ipsum
1284 2858 1547 2914 Basoram
1582 2857 1845 2929 relegavit
1890 2857 1987 2912 ΔΙ-

404 2949 685 3005 llotazzus
711 2968 726 3005 :
761 2950 1032 3005 interfecti
1056 2962 1184 3005 sunt
1209 2952 1376 3006 etiam
1400 2949 1699 3019 Wasiphus
1727 2962 1776 3005 et
1806 2948 1977 3018 Boga.

2076 1493 2247 1547 Sarra
2304 1486 2564 1543 Mani-aia:
2613 1502 2629 1540 :
2684 1488 2999 1557 sepulcrum
3055 1480 3179 1552 ejus
3238 1493 3403 1546 Opere
3455 1477 3672 1534 albario

2078 1582 2299 1638 ornavit
2335 1588 2510 1635 mater
2542 1578 2719 1650 ipsius
2744 1578 2899 1647 juxta
2928 1574 3241 1649 sepulcrum
3273 1569 3665 1626 Alllontasari.

2082 1676 2209 1731 Fuit
2242 1673 2629 1730 AlMontanus
2667 1669 2961 1733 candidus.
3009 1666 3154 1723 facie
3205 1664 3459 1736 pulchra.
3510 1677 3674 1717 coma

2081 1769 2338 1842 eleganti,
2386 1780 2622 1837 corpore
2669 1764 2894 1827 decoro,
2928 1760 3065 1815 adeo
3112 1766 3172 1811 ut
3224 1756 3370 1811 haud
3420 1754 3529 1825 ipsi
3574 1769 3671 1821 par

2084 1860 2261 1917 forma
2321 1869 2377 1915 et
2435 1854 2843 1928 pulchritudine
2901 1850 3265 1922 reperiretur.
3325 1846 3675 1901 Satellitibus

2083 1954 2258 2027 ipsius
2326 1949 2618 2022 praefectus
2666 1944 2768 2001 fult
2813 1941 3157 1999 Ilohammed
3205 1938 3320 1994 Ebn
3369 1934 3677 1998 Abdillabi,

2082 2048 2200 2104 Ebn
2244 2042 2520 2100 Tdbaheri
2553 2060 2570 2097 :
2605 2038 2759 2101 dein,
2812 2051 2878 2091 eo
2917 2042 3159 2095 mortuo,
3198 2029 3517 2087 Ohaidallah
3552 2027 3676 2082 Ebn

2082 2136 2381 2199 Abdiiiahi,
2442 2133 2560 2188 Ebn
2617 2130 2856 2187 Tdaheri
2890 2146 2903 2182 :
2938 2137 3053 2180 tum
3092 2123 3288 2180 iisdem
3335 2120 3679 2191 [inpositus

2079 2239 2163 2288 est
2226 2229 2471 2285 Soliman
2524 2224 2640 2281 Ebn
2700 2221 2982 2281 Ahdillahi
3038 2219 3155 2274 Ehn
3212 2214 3525 2271 Tdhaheri.
3578 2214 3675 2280 qui

2080 2320 2360 2397 [munus]
2395 2320 2528 2375 illud
2570 2316 2831 2379 obtinuit,
2869 2312 3016 2382 quod
3072 2309 3273 2366 deinde
3323 2304 3682 2397 Obaidallabi

2084 2394 2202 2470 inm
2247 2411 2552 2475 Abdillahi,
2591 2409 2707 2465 Ebn
2742 2404 3022 2463 'l'dhaheri
3075 2399 3352 2457 redditum
3380 2406 3489 2454 est.
3519 2394 3679 2451 lani-

2085 2515 2235 2563 tores
2265 2505 2441 2577 ipsius
2470 2503 2695 2558 fuerunt
2726 2498 2973 2566 VVasiph
3011 2504 3065 2551 et
3100 2493 3246 2564 Begu
3280 2509 3296 2546 :
3327 2488 3531 2546 deinde
3574 2488 3681 2542 Sa-

2081 2602 2237 2657 lehus
2273 2599 2325 2654 in
2362 2599 2541 2653 locum
2571 2597 2746 2665 patris
2775 2592 2863 2645 sui
2891 2586 3157 2644 suﬂectus
3178 2591 3303 2650 est;
3329 2588 3386 2638 et
3412 2581 3468 2635 in
3492 2579 3666 2635 locuta

2080 2693 2267 2765 Bogai,
2301 2688 2512 2745 Bncbac
2545 2685 2747 2741 Turca.

2338 2777 2697 2853 565-537
2738 2772 3043 2842 Chalifatus
3087 2768 3425 2823 Αιηιοιιισάί.

2164 2874 2532 2944 Inauguratus
2561 2878 2648 2925 est
2678 2863 3016 2929 Almohladi,
3045 2861 3299 2916 videlicet
3326 2857 3684 2912 ﬂebammed

2089 2967 2205 3022 Ebn
2244 2966 2431 3021 ﬂarun
2477 2960 2761 3018 Alwuthek
2792 2958 3008 3022 billnhi,
3045 2953 3235 3009 Ebnoi‘
3261 2952 3525 3007 lotasam
3570 2950 3682 3003 bil-

406 3041 762 3111 um'm's‘i“
812 3048 898 3096 εει
955 3040 1299 3096 “"hi‘mme‘l
1350 3039 1465 3096 Eb“
1503 3039 1830 3102 Abd‘m‘hi'
1863 3036 1982 3093 Eb“
2009 3058 2055 3117 α
2090 3060 2225 3125 lahi,
2258 3060 2347 3115 cui
2381 3066 2556 3113 mater
2585 3054 2683 3109 fuit
2720 3049 3029 3107 concubina
3066 3048 3291 3103 nomine
3322 3042 3494 3099 Korb.
3547 3040 3681 3096 Fuit

407 3134 694 3191 Tdhaheri
734 3134 1025 3190 satellitum
1079 3133 1389 3203 prafectus.
1435 3131 1853 3188 Allostainum
1886 3145 1985 3187 au-

407 3237 519 3281 tem
560 3226 786 3281 Waseto
820 3227 1147 3281 accersitum
1172 3266 1187 3291 ,
1238 3240 1361 3281 cum
1392 3224 1682 3281 salutasset
1708 3223 1836 3280 Said
1864 3220 1986 3278 Ebn

409 3318 571 3374 Saleii
631 3318 857 3387 janitor,
916 3319 1091 3388 ipsum
1143 3316 1437 3373 interfecit.
1498 3318 1674 3375 Porro
1740 3327 1990 3374 mortuus

408 3419 491 3465 est
531 3410 864 3479 TheOphilus
910 3410 1189 3465 Michaelis
1241 3409 1337 3463 filii
1385 3408 1673 3476 Theophili
1709 3409 1854 3464 Illius
1879 3406 1993 3463 Ro—

407 3510 716 3571 manorum)
745 3500 1078 3568 imperator,
1135 3501 1464 3554 succedente
1508 3498 1611 3567 ipsi
1658 3498 1715 3553 in
1756 3498 1986 3567 imperio

407 3592 520 3645 lilio
562 3594 739 3661 ipsius
767 3591 1029 3646 Michaele
1054 3590 1363 3659 Theophili,
1415 3591 1511 3646 filii
1544 3590 1823 3644 Michaelis
1851 3589 1984 3644 filio.

406 3684 532 3738 Fuit
568 3695 748 3739 autem
781 3685 886 3738 dux
922 3686 1141 3754 quidam
1174 3683 1527 3754 ἀει-ωε
1561 3682 1785 3737 nomine
1828 3680 1985 3737 Basi-

407 3776 515 3831 lius
547 3791 707 3845 quem
739 3778 1069 3830 accersitum
1105 3775 1363 3829 omnibus
1405 3773 1642 3829 ducibus
1689 3788 1755 3829 ac
1808 3774 1981 3829 comi-

409 3867 559 3924 tibus
595 3868 712 3923 suis
740 3866 1087 3938 praefecerat.
1116 3866 1212 3921 Die
1245 3875 1426 3920 autem
1464 3866 1726 3936 quodam,
1770 3880 1899 3921 cum
1926 3880 1987 3921 se

407 3958 727 4014 oblecta-udi
760 3959 935 4028 gratia
972 3960 1265 4029 prodiisset
1302 3956 1535 4013 Michael
1579 3958 1883 4028 imperator
1925 3957 1983 4011 in

418 4051 657 4105 insulam
691 4051 1009 4120 quamdam,
1040 4065 1161 4119 qua
1185 4068 1215 4106 e
1256 4051 1477 4121 regione
1505 4049 1985 4120 Constantinopoli

410 4143 521 4198 sita
558 4153 636 4197 est
670 4146 725 4196 in
768 4144 908 4197 mari
950 4145 1092 4213 quod
1132 4142 1340 4197 Pontus
1388 4142 1721 4211 appellatur,
1764 4141 1983 4200 irruens

410 4237 467 4289 in
516 4236 698 4304 ipsum
746 4235 980 4291 Basilius
1016 4236 1125 4289 dux
1154 4276 1169 4301 ,
1225 4235 1369 4289 intra
1425 4232 1717 4287 ecclesiam
1772 4246 1896 4304 quae
1929 4235 1984 4289 in

2082 3152 2431 3223 iuauguratio
2445 3151 2620 3222 ipsius
2633 3148 2719 3203 die
2736 3144 3111 3209 Hartis,tertlo
3136 3148 3263 3196 ante
3288 3138 3501 3193 tinitum
3519 3152 3682 3191 men-

2084 3263 2197 3304 sem
2218 3244 2407 3315 Bajeb,
2426 3256 2569 3298 anno
2587 3237 2964 3293 ducentesimo
2981 3231 3438 3304 quinquagesimo
3457 3227 3677 3298 quinto.

2086 3339 2217 3395 Erat
2248 3336 2545 3395 chalifatus
2577 3333 2751 3403 ipsius
2793 3330 2924 3383 anni
2966 3327 3154 3382 unius.
3214 3323 3547 3379 ’l'rucidatus
3592 3330 3683 3375 est

2087 3448 2214 3489 cum
2254 3444 2527 3485 annorum
2566 3432 2712 3482 esset
2746 3422 2969 3493 triginta
3027 3433 3221 3472 novem
3258 3434 3274 3470 :
3318 3416 3565 3483 sepultus
3590 3422 3682 3468 est

2093 3522 2547 3582 Sarramanraic.
2580 3517 2708 3575 Fuit
2742 3524 2954 3571 statura
2988 3511 3189 3576 media,
3243 3507 3385 3563 facie
3424 3506 3676 3577 pulchra,

2090 3628 2325 3685 corpore
2357 3609 2615 3681 eleganti,
2653 3607 2823 3662 barba
2884 3603 3125 3673 implexa
3160 3608 3215 3654 et
3242 3599 3421 3667 nigra.
3456 3594 3679 3650 Satelli—

2090 3713 2207 3761 ttﬂn
2239 3703 2416 3772 ipsius
2458 3699 2751 3771 prafectus
2804 3694 2907 3749 fuit
2954 3689 3300 3748 Oliaidollahi
3338 3686 3453 3742 Ebu
3488 3686 3680 3739 Abdil-

2089 3792 2229 3850 lahi.
2253 3792 2468 3848 Janitor
2492 3788 2657 3845 Saieb
2690 3787 2811 3842 Eho
2840 3784 3109 3852 Wasiph;
3158 3788 3305 3845 tum,
3348 3778 3537 3836 occiso
3577 3773 3683 3830 Sa-

2091 3885 2238 3954 leho,
2271 3883 2443 3940 Tacia
2475 3882 2682 3937 Turca.

2388 3972 2699 4041 Chatifetss
2740 3962 3135 4025 Almotammed
3182 3959 3395 4016 bills“.

2160 4069 2526 4138 lnauguratus
2574 4072 2660 4119 est
2720 4057 3115 4115 Almotammed
3166 4052 3355 4110 billahl
3410 4056 3683 4121 (nempe,

2092 4159 2305 4219 Ahmed
2336 4159 2455 4213 Ebn
2482 4154 2691 4211 Jaafari
2720 4146 3193 4210 Almotawacceli,
3223 4146 3312 4200 cui
3345 4153 3523 4199 mater
3550 4159 3689 4198 rou-

2091 4254 2293 4309 cubina
2344 4251 2448 4305 fuit
2497 4247 2720 4302 nomine
2752 4242 2982 4314 Knyai),
3043 4252 3233 4294 mense
3280 4236 3480 4306 Rajeb.
3535 4251 3687 4289 anno

411 4327 587 4383 insula
612 4336 715 4390 est,
742 4326 1016 4381 interiecit
1042 4367 1058 4389 ,
1104 4342 1206 4381 nec
1242 4342 1347 4381 non
1386 4335 1440 4381 ct
1467 4339 1565 4380 eos
1596 4326 1695 4398 qui
1723 4326 1779 4382 in
1808 4312 1995 4383 insula
2018 4339 2067 4397 ι)
2093 4344 2472 4404 (ιυρεηιεεῖηιο
2523 4312 2984 4410 quinquagesimo
3038 4341 3219 4390 sexto.
3284 4330 3688 4387 Consiliariuls

409 4429 592 4485 erant,
632 4430 689 4475 et
726 4421 1011 4491 imperium
1066 4422 1121 4474 in
1185 4426 1512 4490 potestatem
1561 4434 1714 4475 suam
1757 4419 1990 4489 redegit,

414 4525 539 4564 cum
570 4525 677 4567 neu
703 4520 847 4566 esset
873 4510 989 4579 ipse
1014 4528 1041 4562 ο
1062 4513 1229 4579 stirpe
1257 4512 1424 4577 regia,
1458 4516 1647 4579 utpote
1675 4510 1770 4580 qui
1794 4524 1994 4582 genere

414 4601 663 4657 Siciliota
718 4602 839 4656 fuit.
877 4603 1123 4671 Cumque
1187 4602 1300 4671 ipsi
1344 4603 1555 4656 dictum
1612 4609 1765 4657 esset
1798 4620 1814 4656 :
1846 4599 1994 4668 Quid

414 4701 499 4749 est
528 4694 672 4766 quod
716 4692 1106 4762 imperatorem
1152 4692 1406 4748 occidere
1454 4690 1539 4748 fas
1591 4692 1689 4746 tibi
1745 4692 1996 4749 duxisti?

414 4787 698 4857 respondit
741 4806 754 4840 :
796 4784 1024 4838 Michael
1074 4799 1197 4839 cum
1240 4785 1523 4838 mulierem
1556 4783 1857 4853 deperiret,
1907 4799 1993 4840 me

416 4896 535 4933 eam
570 4878 774 4933 ducere
805 4876 986 4947 iussit,
1023 4879 1088 4931 ad
1134 4879 1309 4947 ipsam
1339 4886 1524 4930 tamen
1556 4892 1663 4929 non
1691 4875 1993 4941 accedere;

417 4985 478 5027 ut
526 4972 747 5025 nomine
789 4970 921 5023 mihi
968 4981 1114 5024 esset
1155 4970 1350 5023 mulier
1395 4969 1535 5033 ista,
1587 4968 1676 5021 ille
1714 4980 1845 5022 vero
1872 4981 1997 5023 cum

416 5067 535 5135 ipsa
579 5066 839 5128 cubaret;
892 5070 1042 5115 metu
1090 5059 1302 5115 scilicet
1342 5061 1529 5114 uxoris
1581 5075 1716 5124 suae,
1774 5074 1843 5116 ne
1882 5060 1997 5129 ipsa

418 5156 552 5209 illud
591 5155 840 5218 resciret,
884 5161 939 5209 et
968 5153 1117 5223 quod
1147 5168 1256 5208 non
1288 5152 1479 5207 liceret
1505 5151 1609 5223 ipsi
1642 5152 1806 5209 aliam
1856 5153 1999 5207 ultra

421 5263 645 5302 uxorem
675 5261 830 5301 suam
864 5247 1066 5302 ducere
1102 5262 1121 5301 :
1150 5246 1293 5316 quod
1341 5260 1462 5299 cum
1502 5243 1778 5311 fecissem,
1807 5254 2000 5317 postea

422 5338 723 5407 ptenitenia
767 5340 990 5403 ductus,
1040 5336 1213 5392 Deum
1244 5338 1402 5391 timui
1434 5358 1451 5389 :
1484 5336 1629 5390 (unde
1663 5352 1794 5406 ergo
1822 5339 1999 5406 ipsum

421 5429 613 5483 tollere
649 5430 731 5484 fas
767 5431 898 5485 duxi
928 5446 943 5484 :
978 5429 1319 5501 retinuitque
1347 5428 1581 5484 Basilius
1611 5429 1897 5498 imperium
1945 5433 1998 5486 in

422 5518 715 5575 Rmnanos.

528 5613 831 5684 (.lmlifams
874 5614 939 5668 ΑΙ
971 5614 1204 5669 Notaui
1254 5624 1299 5667 et
1338 5613 1641 5669 Almohtadi
1669 5623 1721 5666 et
1769 5630 1891 5681 pars

861 5711 1147 5777 chalifatus
1199 5709 1570 5765 Almotamedi.

498 5799 743 5856 Pritft'Cli
766 5801 1108 5857 Alllotauus
1146 5798 1449 5857 Bacbacum
1473 5798 1707 5856 furcam
1734 5800 1989 5872 Egypto,

2088 4451 2253 4492 suum
2282 4431 2574 4489 constituit
2601 4426 2972 4483 Abdollabutn
2998 4420 3115 4477 Ebn
3150 4420 3352 4491 Yahya
3383 4419 3500 4473 Ebn
3533 4417 3686 4473 Cha-

2089 4542 2216 4593 can,
2244 4526 2339 4597 qui
2382 4520 2760 4578 Motawaceeli
2820 4514 3184 4572 consiliarius
3237 4512 3441 4568 fuerat.
3488 4510 3682 4566 Conti-

2088 4620 2277 4677 nuatis
2309 4624 2492 4672 autem
2529 4613 2693 4671 bellis
2747 4620 2803 4667 et
2851 4608 3106 4665 dissidiis
3148 4607 3378 4661 turbatae
3421 4613 3555 4659 sunt
3594 4618 3684 4658 re-

2090 4713 2281 4782 giones
2326 4717 2380 4764 et
2434 4704 2773 4778 provincia;
2829 4710 2884 4758 et
2934 4700 3143 4770 ubique
3197 4709 3465 4753 terrarum
3522 4694 3680 4749 multi

2092 4804 2199 4860 sibi
2235 4802 2527 4871 imperium
2559 4797 2957 4861 vindicarunt,
3015 4793 3155 4847 adeo
3199 4798 3260 4845 ut
3293 4799 3467 4843 totum
3508 4787 3683 4843 chall-

2097 4897 2243 4951 fatus
2282 4893 2457 4964 ipsius
2504 4902 2721 4956 tempus
2781 4886 3031 4942 dissidiis
3076 4882 3362 4954 perpetuis
3415 4888 3472 4934 et
3522 4879 3684 4932 hellis

2096 4985 2383 5042 continuis
2412 4982 2579 5053 468
2606 4982 2824 5050 plenum
2859 4974 3047 5031 fuerit.
3086 4975 3287 5028 Rerum
3314 4972 3683 5041 gerendarum

2096 5091 2285 5136 curam
2333 5074 2522 5129 habuit
2555 5072 2675 5126 Abu
2719 5070 2929 5124 Abmcd
2954 5061 3308 5121 Almanam
3340 5061 3551 5126 biltabi,
3586 5062 3683 5115 Αι-

2101 5165 2452 5225 motammedi
2509 5164 2701 5220 frater.
2779 5157 3180 5214 Aluiotammed
3239 5171 3368 5209 vero
3427 5153 3683 5207 homines

2101 5262 2213 5315 filio
2258 5273 2362 5313 suo
2405 5257 2644 5318 laafaro,
2706 5264 2765 5309 ut
2815 5249 3124 5307 successori
3177 5264 3281 5303 suo
3329 5247 3487 5300 fidem
3546 5244 3681 5297 dare

2100 5348 2305 5417 adegit,
2347 5347 2449 5416 ipsi
2504 5360 2704 5400 nomen
2754 5338 3147 5409 Almophavred
3200 5334 3453 5391 Allallabi
3504 5334 3681 5403 impop

2098 5456 2275 5503 nens;
2310 5454 2373 5491 ac
2406 5446 2528 5507 post
2563 5451 2687 5490 eum
2725 5435 2841 5488 Abu
2874 5430 3103 5485 Alnuedi
3140 5427 3300 5481 Ebnil
3334 5424 3683 5480 Μοητηοσει

2102 5531 2259 5586 fratri
2317 5543 2458 5595 suo;
2512 5542 2672 5596 quem
2730 5520 3078 5578 Almowaﬂ‘ec
3134 5520 3325 5575 billahi
3363 5516 3679 5587 appellavit.

2102 5624 2220 5676 Ahu
2255 5622 2463 5676 Ahmed
2499 5629 2681 5675 autem
2710 5618 2827 5686 ipse
2855 5616 2991 5670 bella
3018 5628 3230 5683 gerere,
3260 5622 3425 5681 atque
3458 5611 3513 5662 in
3548 5621 3681 5679 pro-

2102 5716 2311 5771 vincies
2366 5714 2659 5784 proﬁcisci,
2696 5725 2865 5781 seque
2913 5708 3060 5764 curis
3106 5719 3171 5762 ac
3214 5701 3495 5761 laboribus
3520 5712 3679 5755 exer-
