3980 6152
400 175 532 246 liii

1846 184 2221 249 ANNALES.

3540 196 3674 258 illi

395 307 542 361 cere,
581 290 712 347 dum
750 290 1152 348 Almotammed
1199 294 1575 364 voluptatibus
1622 305 1673 348 et
1728 294 1873 350 lusui
1902 296 1989 350 in-
2019 298 2065 355 Α
2096 296 2348 368 bylouica
2386 296 2535 353 mille
2554 298 3675 375 quadringentiquinquaginta.ADavide

394 384 684 455 dttlgerct;
714 391 910 440 contra
938 400 1099 455 quem
1133 388 1441 453 rebellavit,
1481 388 1717 453 Basore,
1749 390 1835 446 Ali
1862 390 1980 446 Ehn

398 475 781 545 Mohammed,
835 476 954 534 Ebn
993 478 1228 549 Ahmetl,
1286 480 1401 536 Ehn
1443 482 1553 547 Ali,
1611 483 1726 537 Ebn
1782 482 1982 552 Yazid,

402 568 522 623 Ebn
553 569 661 628 Ali,
698 566 893 624 Ebnol’
932 567 1164 636 ilosaln,
1198 571 1315 626 Ebn
1349 571 1455 640 Ali,
1506 573 1621 629 Ebn
1659 574 1763 630 Abi
1791 574 1984 640 Talcb,

402 660 492 716 die
541 662 707 727 lunae,
743 661 960 717 duobus
994 672 1123 719 ante
1158 662 1373 720 finitum
1411 681 1656 723 mensem
1704 667 1987 723 Ramadan

397 753 637 822 diebus;
668 768 733 810 ac
782 756 939 811 caesis
983 758 1243 815 omnibus
1296 758 1520 817 Basoras
1578 762 1796 829 incolis,
1849 779 1981 833 opes

402 848 652 919 ipsorum
687 848 942 917 diripuit,
992 852 1254 909 mulieres
1281 863 1338 910 et
1380 855 1581 912 liberos
1611 858 1863 928 captivos
1887 857 1983 915 ab-

401 939 584 1006 duxit,
647 942 997 1007 mulieribus,
1050 946 1262 1015 pueris,
1321 958 1379 1005 et
1434 948 1630 1021 puellis
1679 958 1735 1007 et
1782 950 1985 1021 apibus

404 1030 646 1088 Nabecbi
692 1035 924 1091 arbitrio
978 1038 1291 1108 permissis,
1345 1055 1410 1096 ac
1463 1049 1678 1099 vastata
1742 1041 1985 1109 Basora,

406 1125 689 1181 territoria
720 1135 777 1183 et
815 1128 1055 1187 ditiones
1100 1132 1221 1203 ejus
1250 1135 1561 1204 occupavit.
1599 1134 1799 1191 Contra
1824 1152 1986 1206 quem

403 1217 667 1276 Basorsm
722 1220 999 1293 profectus
1052 1234 1135 1281 cst
1169 1226 1290 1284 Abn
1334 1228 1543 1284 Abmed
1600 1228 1990 1298 Almowall'cc;

404 1325 585 1383 neque
620 1313 767 1371 inter
796 1331 893 1372 eos
923 1317 1062 1374 bella
1091 1319 1203 1388 geri
1247 1319 1539 1377 desierunt
1574 1323 1992 1391 quatuorderim

406 1403 589 1461 annis.
630 1405 821 1464 Cursus
868 1418 953 1464 est
983 1419 1167 1466 autem
1221 1411 1461 1468 Aliensis
1510 1412 1614 1471 iste
1658 1413 1875 1470 Basore
1924 1415 1994 1470 ad

405 1496 634 1554 ﬂuvium
684 1500 786 1556 Abi
842 1500 1068 1576 Soi'yan,
1118 1521 1262 1577 pone
1312 1505 1537 1561 ﬂuvium
1586 1506 1711 1563 Abii
1755 1506 1992 1574 Citasib,

398 1589 558 1647 Illum
596 1596 969 1667 netnpejuxta
1000 1612 1163 1668 quem
1211 1598 1403 1655 urbem
1456 1613 1637 1663 suam.
1688 1615 1855 1670 quam
1900 1599 1996 1656 Ai-

406 1684 732 1742 mochtarah
753 1689 1037 1751 vocitavit.
1062 1692 1406 1761 condiderat,
1431 1693 1520 1748 die
1549 1692 1802 1749 lict-curii
1830 1709 2000 1765 prope

407 1791 719 1845 vesperam,
752 1780 959 1837 mensis
996 1781 1157 1839 Safar
1180 1790 1404 1854 quarto,
1440 1798 1588 1839 anno
1619 1783 2004 1842 ducentesimo

409 1870 844 1943 septuagesimo.
876 1872 1074 1931 Totum
1122 1885 1307 1934 autem
1357 1884 1575 1948 tempus
1622 1894 1687 1933 ex
1732 1894 1867 1947 quo,
1916 1879 2004 1934 in-

408 1972 677 2032 surgente
708 1963 852 2033 ipso,
885 1977 1128 2023 erectum
1175 1977 1262 2027 est
1314 1971 1577 2026 vexillum
1609 1969 1783 2041 ipsius
1830 1985 2007 2041 usque

405 2057 473 2110 ad
504 2054 868 2133 ᾅδει-47],
901 2060 1046 2116 diem
1099 2077 1211 2133 quo
1264 2063 1486 2122 occisus
1538 2072 1647 2130 est,
1700 2064 1830 2120 anni
1876 2071 2009 2121 sunt

408 2153 859 2220 quatuordecim,
892 2164 1133 2223 quatuor
1163 2172 1384 2215 menses
1430 2165 1485 2213 et
1522 2173 1617 2213 sex
1669 2158 1807 2214 dies.
1858 2156 2002 2226 Quin

408 2252 467 2298 et
507 2246 718 2301 Ahmed
750 2245 864 2302 Ebn
890 2246 1068 2305 Tolun
1104 2247 1401 2322 )Egyptum
1448 2260 1503 2307 et
1551 2250 1877 2307 Damascum
1912 2266 2006 2307 oc-

412 2334 661 2402 cupavit,
694 2342 853 2406 capta
882 2338 1047 2397 etiatu
1072 2338 1388 2409 Antiochia,
1421 2355 1450 2395 a
1481 2357 1594 2414 quo
1618 2342 1877 2398 detentus
1902 2342 2005 2399 fttit

409 2428 623 2484 Ahmed
652 2430 1005 2489 Alntowaﬂ‘ec
1038 2435 1241 2491 bellum
1269 2448 1464 2494 contra
1489 2440 1760 2494 Aliensem
1784 2440 2005 2496 Basore:

412 2521 677 2589 gerendo.
742 2525 905 2581 Anno
965 2528 1265 2585 chalifatus
1328 2532 1762 2589 Almotammedi
1829 2532 2009 2605 primo

411 2617 749 2673 constitutus
781 2628 869 2677 est
899 2620 1218 2692 Stephanus
1254 2626 1569 2694 patriarcha
1596 2626 2002 2693 Antiochenus,

412 2706 507 2775 qui
548 2722 659 2762 uno
696 2717 908 2765 tantum
940 2713 1033 2767 die
1086 2714 1253 2778 sedit,
1302 2716 1496 2771 eodem
1543 2725 1598 2771 et
1652 2728 2009 2775 consecratus

412 2807 468 2852 et
503 2812 782 2865 mortuus,
824 2805 1134 2859 constituto
1178 2814 1301 2875 post
1332 2808 1517 2879 ipsum
1551 2810 1774 2865 Taduso
1806 2811 2009 2866 ibidem

416 2892 761 2962 patriarcha,
805 2894 900 2965 qui
935 2910 1111 2952 annos
1160 2898 1350 2969 viginti
1397 2902 1561 2969 sedit,
1595 2903 1723 2957 dein
1757 2914 2007 2960 mortuus

2084 389 2233 447 mille
2262 390 2519 460 nongenti
2548 390 2737 459 viginti
2761 401 2989 460 septem.
3017 391 3099 444 Ah
3121 394 3268 445 exitu
3297 393 3672 453 lsraelitarum

2084 500 2150 542 ex
2208 483 2442 556 Egypto
2476 483 2560 540 bis
2612 484 2762 539 mille
2802 486 3087 554 quingenti
3146 489 3371 555 triginta
3425 499 3554 544 tres.
3592 492 3677 546 Ab

2084 577 2403 633 Abrahamo
2445 586 2527 632 ter
2574 577 2727 633 mille
2769 579 3154 648 quadraginta.
3208 583 3249 634 A
3302 580 3541 640 Phalcko
3593 592 3677 641 ter

2089 671 2243 726 mille
2282 670 2569 742 quingenti
2624 671 2904 742 octoginta
2937 688 3100 729 unus.
3159 674 3198 725 Α
3237 674 3444 729 diluvio
3482 686 3677 746 quater

2091 760 2240 817 mille
2278 771 2498 818 centum
2552 762 2865 817 duodecim.
2918 762 2999 818 Ab
3049 762 3257 818 Adamo
3310 766 3492 823 sexies
3535 766 3679 817 mille

2086 855 2317 911 trecenti
2354 854 2640 926 sexaginta
2672 864 2820 913 octo.
2854 854 3105 922 Cumque
3152 872 3329 913 annos
3372 857 3477 922 iam
3514 872 3679 913 sesa-

2086 945 2235 1016 ginta
2297 956 2461 1001 natus
2528 957 2699 1008 esset.
2771 948 3108 1003 conSIitutus
3179 948 3285 1003 iuit
3366 950 3677 1018 patriarcha

2089 1037 2525 1104 Alexandrinus,
2574 1049 2738 1109 atque
2789 1039 2942 1094 Anba
2997 1039 3299 1112 Eutycbius
3352 1044 3677 1110 appellatus.

2092 1128 2304 1186 Ahmed
2362 1138 2543 1186 autem
2602 1132 2719 1185 ΕΙηι
2775 1131 2976 1201 'i‘olnn,
3039 1144 3202 1203 capta
3261 1133 3591 1199 Antiochia,
3631 1136 3680 1187 in

2097 1220 2396 1294 Egyptum
2450 1238 2710 1279 reversus
2762 1232 2883 1290 est,
2933 1224 3027 1281 ubi
3082 1226 3343 1296 templum
3393 1242 3687 1285 contnzunu

2092 1314 2374 1371 exstruxit
2424 1314 2562 1369 illud
2614 1315 2760 1385 quod
2805 1316 3030 1386 piscium
3088 1317 3361 1382 imminet,
3426 1333 3525 1371 nec
3576 1332 3683 1371 nou

2093 1404 2505 1463 Nosocomium.
2533 1405 2790 1463 Canalem
2837 1410 3000 1465 etiam
3036 1408 3325 1467 fabricavit
3355 1410 3409 1464 in
3436 1426 3544 1478 quo
3570 1409 3689 1465 ﬂuit

2097 1515 2239 1570 aqua
2281 1514 2311 1553 a
2364 1499 2574 1570 piscina
2605 1515 2730 1572 quae
2774 1500 3061 1557 Alllabaslt
3097 1502 3549 1575 [Abyssinarnm]
3588 1518 3687 1574 ap-

2104 1592 2343 1664 pellatur
2377 1593 2445 1648 ad
2490 1594 2794 1665 Amaaphe.
2831 1594 3023 1652 Morbo
3053 1604 3237 1653 autem
3282 1605 3591 1663 correptus.
3621 1612 3688 1650 «ο

2101 1701 2213 1754 quo
2270 1694 2522 1742 mortuus
2564 1696 2686 1752 est,
2736 1687 2990 1743 videlicet
3041 1688 3148 1742 alvi
3200 1674 3690 1758 pt'oilnviopjussit

2100 1776 2461 1850 573-475
2526 1778 2881 1836 llosleminos
2940 1794 3053 1834 tum
3091 1779 3441 1835 Christianos
3485 1792 3537 1837 et
3590 1780 3687 1834 Ju-

2102 1870 2270 1935 datos,
2334 1880 2523 1928 monte
2573 1870 2668 1944 qui
2730 1871 3099 1927 Almokattum
3167 1873 3492 1944 appellatur,
3547 1889 3688 1929 con-

2104 1978 2326 2028 scenso,
2356 1979 2547 2033 preces
2576 1979 2675 2033 pro
2705 1964 2826 2037 ipso
2860 1965 3093 2021 fundere
3119 1982 3135 2019 :
3164 1965 3311 2035 quod
3334 1977 3388 2020 et
3415 1965 3690 2032 fecerunt,

2107 2062 2363 2113 montem
2406 2054 2460 2109 in
2521 2054 2731 2111 classes
2781 2070 2914 2111 suas
2966 2054 3249 2111 distributi
3305 2055 3690 2120 ascendentes,

2102 2154 2271 2215 atque
2307 2161 2409 2217 pro
2438 2162 2507 2203 eo
2541 2155 2792 2204 orantes.
2840 2145 3091 2203 Mortuus
3139 2156 3225 2204 est
3280 2158 3464 2204 autem
3499 2146 3693 2204 nimbo

2107 2237 2215 2293 isto
2246 2238 2336 2294 die
2381 2236 2671 2296 Detniuico
2726 2243 2945 2300 decimo
2994 2254 3125 2300 ante
3177 2243 3388 2298 ﬁnitum
3446 2257 3692 2297 mensem

2104 2327 2366 2385 Dilkaada
2422 2346 2572 2385 anno
2604 2331 2986 2389 ducentesimo
3036 2332 3464 2405 septuagesimo.
3498 2331 3693 2401 Sepul—

2105 2430 2303 2489 tusque
2335 2431 2419 2479 est
2450 2423 2507 2478 in
2534 2423 2925 2480 Almokattam.

2176 2514 2585 2574 Convenientes
2620 2533 2755 2591 ergo
2790 2521 2985 2586 duces,
3030 2520 3147 2576 tilio
3175 2521 3350 2592 ipsius
3388 2520 3694 2586 AlAbbaso,

2107 2610 2201 2677 qui
2239 2618 2368 2665 natu
2419 2612 2697 2666 maximus
2752 2612 2876 2678 iuit,
2922 2614 3131 2680 occiso,
3178 2612 3283 2669 sibi
3316 2612 3484 2667 litium
3522 2613 3696 2683 ipsius

2106 2710 2240 2755 natu
2273 2702 2542 2759 minorem
2581 2703 3095 2761 Cbamaravvaihum
3147 2704 3264 2760 Elin
3317 2703 3527 2762 Aluned
3577 2702 3695 2759 Ebu

2108 2792 2283 2846 Toluu
2328 2795 2719 2864 prafecerunt,
2771 2813 2947 2855 annos
2996 2798 3291 2854 habentem
3336 2796 3552 2866 viginti.
3599 2795 3698 2851 llic

2114 2901 2239 2940 cum
2278 2888 2329 2940 in
2360 2888 2576 2960 Syriam
2608 2889 3004 2947 Damascenam
3029 2890 3218 2961 copias
3241 2890 3507 2951 duxisset,
3533 2898 3699 2959 atque

414 2991 522 3037 est.
562 2985 723 3039 Αηηο
774 2988 1075 3049 οὴειεῑειιυε
1129 2992 1377 3060 ejusdem
1417 2994 1633 3050 decimo
1670 2999 2008 3053 consumtus
2036 3008 2079 3067 ε
2115 2980 2166 3031 in
2201 2995 2494 3037 occursum
2549 2980 2654 3050 ipsi
2703 2982 3001 3052 prodiissct
3051 2982 3172 3038 Abu
3207 2981 3470 3038 AlAbbas
3520 2981 3697 3037 Ebnol

412 3087 502 3131 est
548 3075 721 3143 Elias,
772 3078 1015 3137 Mansuri
1070 3085 1190 3157 (qui
1249 3085 1589 3143 Mosleminis
1627 3089 1683 3143 in
1742 3092 2009 3161 capienda

421 3163 691 3221 Damasco
720 3182 880 3239 opem
933 3170 1083 3235 tulit,
1118 3173 1351 3246 ideoque
1397 3192 1494 3246 per
1521 3186 1694 3233 totum
1744 3181 2009 3238 mundum

416 3259 557 3314 diris
608 3264 840 3316 devotus
890 3264 999 3336 est)
1039 3264 1207 3333 illius,
1248 3269 1561 3337 patriarcha
1609 3268 2004 3346 Hierosolymi-

418 3362 617 3419 tunus;
664 3353 755 3409 ubi
817 3370 943 3409 cum
998 3372 1173 3413 annos
1235 3358 1425 3427 viginti
1477 3377 1671 3415 novem
1737 3366 2010 3433 sedisset,

419 3457 671 3504 mortuus
706 3458 812 3505 est.
851 3449 1023 3506 Porro
1048 3452 1182 3507 obiit
1213 3452 1440 3508 Michael
1468 3454 1674 3510 Bicami
1712 3457 1877 3527 ﬁlius,
1916 3477 2015 3529 pa-

424 3543 665 3595 triarcha
703 3544 1115 3602 Alexandrinus
1157 3563 1303 3602 anno
1330 3548 1713 3605 ducentesimo
1739 3552 2014 3623 quinqua-

421 3636 637 3700 gesimo
674 3644 857 3704 sexto,
915 3648 1080 3708 atque
1126 3638 1182 3694 in
1222 3640 1357 3695 urbe
1391 3638 1572 3695 Buralt
1628 3643 1875 3712 sepultus
1906 3656 2012 3701 est.

422 3726 774 3784 Constitutus
825 3739 909 3785 cst
948 3738 1071 3801 post
1116 3732 1298 3798 ipsum
1350 3728 1582 3786 Michael
1632 3728 1867 3790 natione
1902 3735 2015 3791 Ro-

425 3832 624 3873 manus
665 3820 785 3887 (vel
842 3820 1150 3876 secundum
1187 3822 1333 3876 aliud
1375 3823 1657 3891 exemplar
1710 3824 2013 3899 Azzensis)

422 3910 734 3979 patriarcha
759 3913 1190 3979 Alexandrinus,
1216 3933 1363 3973 anno
1393 3918 1689 3973 chalifatus
1712 3920 2012 3974 Almotam-

426 4004 569 4057 medi
598 4005 785 4069 tettio,
823 4008 915 4075 qui
951 4015 1038 4063 est
1070 4006 1485 4067 ducentesimus
1518 4014 2015 4083 quinquagt‘sitnns

422 4106 653 4153 octavus
686 4114 698 4153 :
737 4114 915 4154 annos
951 4100 1175 4171 triginta
1214 4111 1454 4172 quatuor
1486 4107 1647 4170 sedit,
1696 4106 1822 4161 dein
1855 4108 2013 4173 obiit,

426 4190 679 4245 \ithliCt‘i
723 4208 872 4246 anno
904 4192 1287 4251 ducentesimo
1334 4199 1695 4269 nonagesimo
1746 4202 2012 4266 secundo,

423 4292 587 4349 atque
620 4284 963 4343 Alexandriae
989 4286 1264 4358 sepultus.

2112 3071 2443 3139 Mowaﬂelti,
2481 3073 2841 3132 commissum
2876 3085 2959 3131 est
3006 3074 3149 3131 inter
3174 3075 3324 3147 ipsos
3359 3076 3605 3145 prtrlium
3640 3077 3696 3128 in

2110 3163 2495 3221 AlT’aw.thain
2546 3182 2577 3224 ο
2621 3167 2835 3223 ditioue
2885 3166 3216 3235 Palaestinae,
3266 3171 3353 3225 ubi
3406 3171 3459 3225 in
3515 3170 3697 3234 iugum

2113 3273 2304 3313 versus
2352 3257 2841 3318 Cltsmarawaibus
2896 3262 3013 3318 Ebn
3070 3262 3286 3318 Alimed
3341 3262 3457 3320 Ebn
3514 3262 3694 3319 Tulnn

2114 3350 2265 3406 solus
2303 3352 2354 3405 in
2391 3350 2684 3425 .Egyptum
2738 3369 2994 3411 reversus
3047 3363 3168 3422 est,
3226 3356 3448 3413 lassatis
3502 3357 3560 3413 in
3610 3359 3694 3411 via

2116 3447 2360 3514 quinque
2414 3445 2711 3514 iumentis,
2770 3463 2963 3519 magna
3015 3455 3199 3505 autem
3248 3449 3527 3507 sociorum
3577 3451 3699 3517 ejus

2115 3545 2331 3606 strages
2360 3536 2507 3593 edita
2537 3546 2644 3604 est,
2674 3539 2847 3609 potito
2875 3539 3016 3594 Abui
3041 3539 3261 3595 Abbaso
3293 3539 3551 3595 omnibus
3578 3554 3699 3607 qua:

2114 3630 2385 3685 exercitui
2418 3630 2539 3702 ejus
2590 3630 2836 3689 fuerunt.
2885 3630 3131 3689 Fuerunt
3174 3639 3357 3687 autem
3400 3632 3701 3687 Cbamara-

2116 3722 2295 3778 waibo
2327 3722 2529 3779 milites
2580 3722 2635 3778 in
2690 3722 2907 3781 insidiis
2953 3725 3116 3797 positi
3155 3723 3249 3796 qui
3286 3722 3427 3795 fugas
3466 3738 3698 3781 caetero-

2117 3832 2238 3872 rum
2270 3815 2442 3871 nescii
2467 3826 2645 3874 erant.
2686 3816 2893 3874 Horum
2926 3818 3020 3876 ubi
3051 3817 3205 3891 signa
3232 3827 3603 3891 apparuerunt
3630 3820 3698 3874 iis

2114 3912 2432 3980 conspectis
2462 3912 2606 3968 Abul
2648 3911 2834 3969 Abbas
2864 3925 2917 3968 et
2947 3914 3121 3984 ipsius
3149 3916 3403 3978 comites,
3439 3914 3697 3971 omnibus

2117 4019 2241 4074 qua:
2276 4006 2565 4062 consecuti
2606 4005 2828 4062 fuerant
2860 4008 3092 4072 relictis,
3142 4008 3197 4063 in
3230 4008 3412 4080 fugam
3446 4022 3507 4063 se
3537 4006 3699 4062 dede-

2116 4109 2244 4154 runt
2297 4108 2462 4172 atque
2518 4102 2659 4158 inter
2705 4100 3028 4173 fugiendum
3082 4102 3239 4157 multi
3288 4116 3355 4159 ex
3407 4102 3476 4157 iis
3526 4102 3694 4157 caesi:

2113 4208 2287 4260 quare
2321 4194 2683 4250 redeuntibus
2732 4194 3179 4251 Cbamaravvaihi
3232 4194 3403 4250 sociis
3454 4194 3698 4250 collecta:

2119 4294 2251 4343 sunt
2278 4286 2407 4340 item
2437 4288 2611 4359 copia:
2641 4296 2806 4359 atque
2858 4289 2910 4344 in
2951 4287 3247 4360 Egyptum
3284 4304 3537 4351 reversa.
3570 4304 3695 4344 cum

496 4372 748 4431 Mortuus
786 4387 873 4434 est
920 4379 1087 4433 etiam
1128 4377 1365 4434 Basilius
1419 4378 1793 4438 Romanorum
1840 4384 2007 4455 impe-
2045 4359 2581 4435 DCbatnaravralbo
2621 4359 3249 4439 substiteruntriiediit
3290 4382 3458 4455 478
3512 4394 3694 4438 autem

429 4480 601 4535 rator,
633 4468 967 4526 sui-cedente
1002 4470 1103 4541 ipsi
1145 4470 1263 4527 filio
1320 4473 1496 4544 ipsius
1537 4473 1738 4540 Leone,
1786 4478 1880 4546 qui
1931 4495 2018 4533 sa-

431 4560 588 4631 piens
636 4562 737 4616 fuit
771 4570 826 4618 et
869 4564 1256 4635 philosophus.
1308 4567 1482 4621 Porro
1536 4584 1682 4624 anno
1720 4570 2017 4627 chaltiatus

430 4656 847 4712 Almotamtnedi
884 4667 1101 4720 octavo.
1156 4666 1324 4712 natus
1375 4668 1459 4714 est
1506 4658 1670 4733 472
1718 4659 1847 4716 Said
1899 4662 2015 4718 Ebn

427 4748 637 4816 Batrik,
670 4751 939 4815 medicus,
972 4752 1061 4805 die
1094 4750 1396 4807 Dominico.
1428 4755 1591 4807 tertio
1626 4766 1755 4809 ante
1797 4755 2013 4811 ﬁnitum

432 4859 675 4899 mensem
713 4843 795 4898 Dil
824 4842 996 4913 Hajjae
1020 4858 1169 4899 anno
1194 4843 1417 4917 [Heinr]
1445 4846 1827 4901 ducentesimo
1852 4862 2012 4904 sexa-

424 4935 633 5005 gesimo
666 4936 828 4991 tertio
860 4935 1058 4991 lunari.
1109 4936 1188 4992 Ab
1222 4936 1378 5007 lleer
1413 4938 1579 5007 igitur
1610 4938 1679 4994 ad
1706 4940 1876 5010 ipsius
1910 4957 2011 4997 na-

428 5029 593 5082 talem
651 5028 780 5083 anni
845 5038 976 5084 sunt
1034 5028 1257 5084 ducenti
1323 5030 1719 5101 quinquaginta
1777 5043 2010 5099 quatuor

429 5120 640 5174 soleres
672 5120 765 5189 (iis
813 5129 992 5173 autem
1038 5118 1092 5173 in
1128 5121 1358 5175 historia
1391 5130 1638 5191 tetupora
1676 5127 2005 5194 computat).

428 5208 473 5266 Α
506 5206 848 5263 Diocletiano
881 5224 1012 5264 vero
1046 5208 1115 5264 ad
1163 5210 1410 5280 ejusdem
1446 5214 1595 5268 Saidi
1638 5213 1754 5268 Ebn
1802 5215 2006 5271 Batrtlti

431 5300 630 5355 medici
667 5302 899 5356 natalem
928 5303 1055 5357 anni
1106 5304 1386 5375 quingenti
1422 5306 1701 5375 sexaginta
1751 5320 1878 5363 octo
1908 5309 2015 5380 (vel

430 5396 735 5449 secundum
810 5394 955 5450 aliud
1018 5400 1304 5468 exemplar
1377 5398 1662 5469 quingenti
1723 5403 2018 5471 nonaginta

430 5486 591 5558 duo).
634 5489 673 5539 Α
710 5488 938 5544 Domino
981 5499 1171 5544 nostro
1220 5490 1350 5545 .iesu
1399 5492 1619 5548 Christo
1651 5496 1717 5547 ad
1762 5495 2015 5549 eumdem

432 5591 622 5635 natum
685 5585 980 5651 octingenti
1036 5584 1320 5652 sexaginta
1376 5593 1521 5639 octo.
1568 5584 1650 5639 Ab
1704 5585 2017 5641 Alexandro

434 5674 581 5726 inille
640 5687 857 5727 Cctlittlll
905 5677 1178 5735 octoginta
1226 5693 1442 5732 novent.
1485 5677 1523 5730 Α
1557 5678 1871 5741 captivitati:
1908 5678 2004 5732 llu-

2116 4469 2261 4527 Abul
2296 4469 2483 4527 Abbas
2525 4468 2842 4544 Bagdadum
2872 4472 3120 4547 fugiens,
3154 4488 3319 4547 atque
3350 4492 3382 4531 a
3414 4486 3567 4547 patre
3594 4494 3696 4531 suo

2114 4562 2507 4620 Almowaﬂeko
2544 4566 2615 4621 ob
2666 4566 2804 4622 illud
2855 4570 3003 4638 quod
3053 4570 3255 4626 fecerat
3292 4571 3548 4641 culpatus
3588 4582 3693 4626 est.

2114 4653 2292 4712 Fuere
2319 4663 2502 4712 autem
2530 4656 2983 4715 Cbamarawaiho
3014 4660 3268 4718 Damasci
3289 4664 3460 4735 copiae
3492 4664 3692 4719 multae.

2116 4747 2291 4804 Porro
2313 4764 2462 4804 anno
2480 4749 2774 4807 ebalifatus
2796 4749 3214 4810 Albiotammedi
3235 4756 3454 4811 decimo
3478 4765 3693 4823 octavo,

2118 4845 2210 4913 qui
2235 4841 2411 4914 κείνω
2434 4844 2853 4902 ducentesintus
2879 4849 3324 4919 septuagesimus
3348 4848 3471 4915 fuit,
3499 4851 3698 4906 accidit

2118 4937 2175 4993 in
2208 4934 2449 5009 Egypto
2502 4945 2662 4993 terras
2715 4948 2898 4997 tnotus
2950 4941 3164 5013 ingens,
3218 4943 3355 4998 adeo
3407 4954 3465 4998 ut
3516 4945 3697 5000 multa:

2116 5040 2439 5088 corruerent
2484 5030 2649 5099 aedes,
2703 5044 2757 5089 et
2810 5051 3002 5105 magna
3058 5034 3339 5091 hominum
3399 5040 3697 5093 multitudo

2118 5123 2342 5191 periret.
2404 5121 2605 5179 Eodem
2678 5141 2824 5181 anno
2892 5128 3039 5182 venit
3112 5125 3373 5185 frumenti
3437 5149 3693 5185 mensium

2118 5215 2357 5289 [uacuo]
2394 5232 2617 5271 nummo
2662 5231 2853 5282 aureo,
2906 5218 3215 5288 mortuique
3254 5231 3381 5275 sunt
3442 5219 3694 5274 homines

2119 5310 2261 5364 fante
2294 5324 2404 5379 pta
2443 5324 2677 5365 annona:
2710 5311 2964 5371 caritate.
2996 5312 3133 5365 adeo
3166 5320 3225 5366 nt
3258 5312 3351 5367 lini
3388 5330 3573 5368 semen
3608 5333 3695 5364 nn-

2118 5398 2438 5464 mederent,
2483 5401 2952 5472 implerenturque
2987 5402 3146 5459 Mesri
3193 5404 3382 5475 plateae
3440 5408 3692 5470 mortuis,

2115 5508 2255 5564 quos
2282 5491 2505 5546 camelis
2546 5492 2872 5554 avehebant.
2922 5503 3044 5549 octo
3080 5494 3309 5564 singulis
3342 5497 3565 5551 camelis
3594 5498 3692 5549 im-

2119 5586 2349 5655 positos,
2382 5599 2687 5656 magnaque
2723 5584 2855 5654 ipsis
2885 5584 3039 5640 fovea
3070 5586 3267 5643 eﬂossa
3298 5588 3351 5643 in
3399 5589 3566 5658 ipsam
3600 5602 3692 5639 eos

2118 5679 2472 5740 cuttiiccrcnt.
2506 5679 2643 5735 ium
2679 5677 3091 5735 Cltuutornwuilt
3136 5682 3320 5739 auditu
3350 5683 3691 5738 Multummu-
