3980 6152
382 180 520 261 ms

1397 210 1760 273 EUTYCIIII
1808 217 2345 285 ALEXANDIU'NI
2381 228 2598 288 ΡΑΤΒ.

3500 230 3646 297 Il“

376 312 497 361 tletn
533 311 647 365 l'lbn
685 311 891 369 Diudad
938 318 1050 385 (qui
1104 318 1244 373 idem
1298 320 1516 393 Abalsaj
1572 326 1796 397 dicitur)
1853 329 1925 380 lla

2032 379 2034 387 ,
2064 337 2224 391 waihi
2258 339 2421 406 ﬁlius,
2454 344 2545 411 qui
2581 343 2845 400 llantaseo
2895 346 2948 399 in
2997 346 3291 417 Egyptum
3341 363 3600 400 reversus
3629 368 3644 405 ι

373 415 621 455 tnascum
675 418 801 457 cum
856 409 1098 461 exercitu
1148 412 1339 479 grandi
1390 416 1726 481 pervenisse,
1782 419 1956 483 copiis

369 492 489 547 suis
522 494 771 551 collectis
805 497 1023 551 obviam
1070 501 1175 570 ipsi
1209 504 1487 573 prolectus
1525 517 1644 574 est,
1698 512 1955 564 commis-

368 600 601 653 suntque
626 588 878 643 estinter
910 592 1056 659 ipsos
1102 596 1343 661 pneliunt
1398 613 1562 667 grave
1620 600 1741 653 loco
1795 602 1945 655 dicto

371 673 625 742 Bathnia,
660 680 885 735 ditionis
923 681 1306 753 Damascenm;
1346 691 1591 759 atquein
1637 692 1819 761 fugam
1858 693 1955 747 da-

368 775 459 823 tus
484 766 829 826 Mohannncd
864 773 1038 828 Ebuol
1074 776 1311 843 Diudad,
1358 781 1515 838 cwsis
1562 784 1735 852 ipsius
1775 789 1951 841 comi-

364 858 539 922 tibus,
575 878 808 927 quorum
858 866 1103 936 plerique
1138 873 1493 925 securitatem
1526 874 1803 943 petierunt
1828 896 1951 947 per-

364 953 614 1022 rexitque
640 954 1052 1015 Chamarawailt
1098 961 1274 1017 donec
1308 965 1375 1019 ad
1406 964 1734 1035 Euphratem
1762 986 1947 1039 perre-

363 1043 530 1111 uiret,
565 1046 914 1120 ingressique
964 1061 1095 1108 sunt
1146 1055 1375 1110 comites
1414 1056 1583 1126 ipsius
1616 1057 1944 1128 AlRaceam,

362 1137 420 1188 in
450 1140 642 1193 eadem
675 1157 922 1200 ementes
954 1160 1019 1200 ac
1052 1150 1371 1215 vendentes,
1399 1150 1533 1205 adeo
1565 1164 1622 1207 ut
1643 1154 1711 1207 ab
1738 1171 1805 1208 eo
1834 1172 1944 1209 mc-

312 1279 315 1281 ι
361 1239 539 1282 tuerct
566 1232 944 1291 Almowaﬂ‘ck.
985 1239 1259 1295 Reversus
1294 1252 1378 1295 est
1419 1254 1600 1298 autem
1645 1244 1943 1300 Chomara-

359 1324 572 1377 \vailtus
623 1326 675 1380 in
726 1325 1052 1400 Egyptum,
1103 1332 1391 1401 imperium
1421 1336 1534 1405 jam
1569 1336 1829 1393 obtinens
1875 1342 1944 1390 ab

366 1413 649 1483 Euphrate
710 1436 886 1491 usque
922 1424 988 1478 ad
1031 1424 1309 1490 regionem
1358 1425 1572 1494 Nubit,
1613 1429 1669 1483 in
1713 1430 1945 1500 singulis

353 1507 722 1583 477σ479
756 1516 1055 1582 provinciis
1092 1518 1411 1586 deputatum
1436 1536 1467 1576 e
1497 1523 1793 1578 comitibus
1818 1526 1937 1578 suis

353 1607 593 1671 aliquem
653 1607 1033 1674 constituens;
1116 1609 1281 1681 idque
1343 1626 1491 1668 anno
1556 1613 1935 1671 ducentesimo

353 1700 765 1767 septuagesimo
790 1709 965 1754 sexto.
989 1701 1136 1757 Obiit
1163 1712 1344 1757 autem
1372 1706 1727 1762 Altnowaﬂck
1747 1722 1936 1765 mense

354 1788 537 1854 Safat‘,
596 1806 743 1845 anno
806 1792 1189 1855 ducenlesimo
1245 1800 1655 1868 septuagesimo
1714 1811 1933 1868 octavo,

350 1883 501 1938 vices
529 1898 625 1938 eas
656 1884 949 1954 supplentc
982 1888 1093 1940 lilio
1141 1889 1313 1955 ipsius
1361 1890 1504 1944 Abnl
1549 1892 1791 1957 Abbaso,
1840 1894 1935 1962 qui

349 1991 405 2031 et
433 1978 489 2034 in
512 1979 777 2035 chalifatu
826 1997 1123 2039 successor
1151 1988 1503 2041 renuntiatus
1534 1997 1641 2053 est,
1678 1988 1934 2043 abdicato

349 2065 564 2123 laal’aro
599 2069 773 2127 Ehnol
806 2073 1135 2130 Motamuted
1170 2090 1234 2130 ea
1271 2077 1556 2144 dignitate.
1592 2076 1772 2133 Rebus
1801 2094 1933 2146 ergo

348 2162 604 2232 gerendis
630 2165 921 2235 prml'eetus
942 2175 1028 2221 est
1050 2168 1189 2222 Abul
1216 2168 1403 2222 Abbas
1432 2169 1603 2225 I‘Ibnol
1628 2169 1932 2237 Mowaﬂek,

350 2266 516 2323 atque
568 2257 874 2325 appellatus
925 2257 1271 2315 AlMotadad.
1335 2261 1596 2331 Obiitque
1644 2263 1931 2320 AlMotam-

350 2349 473 2401 med
503 2346 744 2415 Bagdadi
778 2350 867 2407 die
895 2350 1203 2415 Dominico,
1244 2354 1536 2409 undecimo
1563 2367 1690 2411 ante
1716 2358 1929 2411 linitum

350 2456 597 2497 mensem
651 2440 862 2511 Rajeb,
915 2460 1063 2501 anno
1114 2447 1489 2503 ducentesimo
1528 2454 1935 2521 septuagesimo

347 2548 514 2591 nono.
549 2534 676 2592 Fuit
707 2537 1001 2595 chalilatus
1033 2540 1204 2610 ipsius
1233 2554 1504 2597 annorum
1538 2544 1731 2613 viginti
1762 2544 1929 2600 trium

347 2640 405 2687 et
453 2648 547 2689 sex
605 2633 843 2689 dierum.
890 2636 1213 2703 Annorum,
1275 2655 1399 2692 cum
1453 2651 1782 2705 moreretur,
1832 2638 1937 2693 fuit

349 2725 715 2797 quadraginta
746 2741 841 2783 sex
878 2746 892 2781 :
926 2741 1285 2801 portatusque
1310 2730 1809 2799 Sarramanraiam,
1858 2733 1933 2788 ibi

343 2820 593 2887 sepultus
632 2829 736 2876 est.

769 2914 1072 2983 Chalifatus
1106 2920 1173 2972 Αι
1198 2910 1492 2973 Μοιαάεάί.

2057 447 2181 485 cum
2214 432 2286 486 ibi
2319 443 2446 487 octo
2477 452 2695 490 menScs
2727 438 2974 504 sedisset,
3010 441 3241 495 turbatis
3272 440 3415 493 inter
3451 442 3641 507 ip~ntn

2055 538 2118 576 ac
2145 524 2313 579 duces
2362 526 2549 589 rebus,
2580 530 2758 597 ipsunt
2800 528 2977 586 adorti
3030 532 3400 592 trucidarunt,
3443 530 3645 594 praefe-

2051 626 2280 685 ctusque
2306 628 2392 672 est
2421 619 2541 687 ejus
2573 619 2693 675 loco
2725 620 2895 677 frater
2928 622 3100 693 ipsius
3125 614 3304 676 llarnn
3339 622 3458 676 Ebn
3490 619 3642 672 (ΣΙιιιδ

2050 712 2401 778 niai'awailii,
2445 729 2621 769 annos
2648 727 2812 770 natus
2847 716 3073 779 decem;
3107 716 3269 785 idque
3303 730 3492 768 mense
3533 712 3642 763 lla-

2045 801 2137 871 jeb
2168 820 2315 858 anno
2360 807 2739 862 ducentesimo
2774 811 3110 879 Octogesimn
3165 809 3345 861 tertio.
3390 807 3539 870 Quin
3582 811 3639 857 cl.

2048 895 2261 951 litteras
2291 898 2356 951 ad
2392 899 2668 954 Harunem
2702 900 2852 955 dedit
2878 899 3238 972 581-483
3268 902 3329 950 Al
3361 897 3634 961 Μυῑέυέτίι

2045 990 2247 1056 quibus
2294 992 2397 1061 ipsi
2426 992 2647 1064 ,Επειιί
2699 994 3079 1064 praefecturam
3126 993 3382 1049 contulit.
3439 991 3629 1045 lletms

2044 1080 2180 1150 ipsis
2217 1083 2669 1141 administrandis
2712 1079 2930 1155 praefuit
2958 1085 3081 1139 Alio
3113 1083 3319 1149 Jaalar,
3366 1084 3484 1136 Elin
3513 1074 3631 1135 Mo-

2046 1174 2323 1240 bammed,
2360 1176 2474 1230 Eho
2504 1178 2656 1243 Abar,
2689 1176 2888 1234 Turca.
2918 1178 3093 1232 Porro
3146 1177 3342 1231 mirum
3380 1176 3512 1245 quid
3562 1177 3618 1229 ia

2044 1263 2279 1337 Egypto
2341 1270 2572 1339 contigit
2623 1271 2714 1324 die
2774 1268 2927 1325 Jovis
2972 1269 3189 1324 duobus
3241 1277 3367 1323 ante
3415 1268 3628 1321 ῦιιίιιιιιι

2042 1376 2284 1414 mensem
2313 1361 2540 1415 llahiatn
2566 1363 2800 1430 priorem
2827 1364 3044 1426 diebus,
3063 1362 3156 1431 qui
3181 1360 3628 1416 Christianorum

2042 1450 2240 1505 festum
2272 1461 2392 1506 erat
2418 1454 2561 1523 quod
2586 1453 2657 1507 ob
2693 1469 2981 1509 ascensum
3015 1454 3224 1507 Domini
3256 1452 3424 1507 nostri
3452 1451 3619 1505 Chri-

2048 1545 2114 1600 sti
2157 1545 2209 1598 in
2241 1546 2410 1600 caelos
2442 1547 2762 1610 celebrant,
2795 1562 2940 1601 anno
2974 1547 3353 1603 ducentesimo
3389 1552 3619 1615 octoge-

2044 1638 2187 1692 simo
2217 1649 2435 1706 quarto.
2470 1637 2753 1694 Fiantibus
2784 1640 2962 1695 ventis
2998 1640 3294 1695 admodum
3325 1639 3625 1693 vehi-nien-

2038 1732 2183 1786 tibus
2229 1746 2260 1786 a
2306 1748 2532 1801 Vespera
2582 1749 2754 1803 usque
2803 1734 2871 1789 ad
2923 1734 3159 1789 mediam
3194 1741 3445 1795 noctem,
3479 1731 3623 1783 circa

2037 1822 2269 1876 mediam
2320 1830 2539 1877 noctem
2585 1822 2743 1879 factae
2777 1833 2906 1879 sunt
2937 1818 3173 1878 tenebrae
3203 1822 3361 1878 Valde
3407 1836 3625 1890 graves,-

2030 1918 2168 1969 adeo
2202 1926 2260 1969 ut
2288 1929 2395 1969 non
2425 1927 2612 1985 posset
2641 1916 2766 1987 quis
2800 1917 3029 1984 digitum
3067 1932 3227 1971 suum
3262 1916 3405 1969 inter
3434 1912 3625 1966 oculos

2033 2006 2273 2077 positum
2308 2016 2556 2072 cernere,
2596 2015 2709 2062 tum
2734 2007 2997 2062 concitati
3046 2015 3179 2062 sunt
3226 2006 3375 2060 venti
3427 2016 3622 2072 graves

2035 2100 2314 2171 prioribus
2353 2100 2815 2161 vehementiores,
2847 2100 3051 2168 quibus
3083 2099 3307 2163 deiecta:
3345 2106 3475 2150 sunt
3514 2094 3616 2147 do-

2034 2207 2157 2248 ntus
2204 2191 2419 2256 multae;
2460 2191 2659 2259 injecta
2689 2200 2774 2245 est
2815 2191 2981 2245 etiam
3015 2190 3300 2243 hominum
3334 2190 3478 2242 intra
3513 2187 3610 2238 do—

2033 2299 2153 2339 mus
2182 2297 2313 2337 suas
2342 2283 2619 2351 capitibus
2667 2295 2835 2336 arena
2890 2282 3055 2334 rubra
3081 2321 3096 2346 ,
3129 2279 3502 2350 videruntque
3551 2280 3609 2337 in

2030 2386 2269 2445 quatuor
2309 2375 2434 2431 caeli
2492 2375 2670 2445 plagis
2713 2360 2999 2430 columnas
3055 2374 3197 2444 ignis
3250 2372 3620 2440 “animantes,-

2034 2482 2213 2537 neque
2264 2467 2341 2521 ita
2388 2482 2447 2521 se
2493 2465 2697 2521 habere
2730 2465 2896 2522 desiit
2933 2464 3109 2520 donec
3148 2466 3617 2535 appropinquaret

2035 2575 2216 2615 mane.
2258 2558 2400 2615 Tum
2433 2559 2743 2614 remittente
2782 2558 3062 2627 paululum
3097 2566 3259 2612 vento
3301 2558 3490 2614 rubuit
3524 2556 3618 2611 ad-

2034 2650 2253 2705 modum
2302 2653 2501 2706 calum
2556 2651 2733 2705 instar
2782 2650 3015 2706 ﬂamma:
3070 2652 3252 2723 ignis,
3296 2668 3420 2706 cum
3453 2664 3618 2705 vento

2035 2743 2235 2813 frigido
2274 2761 2287 2795 :
2322 2744 2452 2812 quin
2482 2748 2537 2796 et
2582 2750 2750 2806 terra,
2785 2752 3021 2805 montes,
3054 2745 3308 2805 arbores,
3345 2744 3612 2801 homines.

2034 2853 2133 2893 nec
2169 2853 2273 2889 non
2310 2843 2491 2890 vestes
2523 2836 2790 2904 ipsorum,
2818 2844 2871 2888 ct
2896 2832 3157 2903 quidquid
3188 2834 3388 2903 ubique
3418 2850 3611 2888 cerne—

2029 2940 2141 2993 res,
2200 2927 2493 2980 rubescere
2540 2939 2653 2995 pra:
2702 2939 2917 2979 summa
2968 2925 3093 2977 caeli
3136 2924 3431 2984 rubedine,
3489 2940 3611 2992 qua:

414 3001 773 3075 “auguratus
817 3020 902 3065 εει
932 3010 998 3064 Δὶ
1036 3008 1279 3065 Μυιθάυά
1328 3011 1515 3065 binahi
1570 3013 1710 3066 Mml
1741 3007 1925 3066 Abbas
1950 2990 1995 3046 c
2029 2990 2166 3074 duas
2198 3019 2361 3072 horas
2385 2990 2636 3079 duravit;
2669 3014 2866 3069 deinde
2898 3014 2953 3067 iu
2984 3014 3310 3067 ﬂavedinem
3346 2990 3607 3067 conversa

344 3096 460 3166 (qui
510 3097 653 3152 idem
706 3100 917 3155 Alimed
977 3102 1092 3156 Ebn
1144 3102 1245 3155 Abi
1305 3104 1511 3157 Aluned
1549 3104 1612 3157 Al
1644 3103 1925 3159 Ilowaﬂ‘ek

343 3189 523 3247 billaci
557 3192 670 3246 Ebn
700 3192 888 3247 Jaal’ar
910 3194 1340 3250 Almotawachel
1364 3195 1600 3258 alallabi,
1629 3197 1717 3251 cui
1754 3208 1929 3251 mater

345 3280 659 3335 roncubina
696 3280 797 3334 l'uit
827 3283 1049 3337 nomine
1079 3281 1271 3353 Darat)
1295 3283 1488 3338 eodem
1519 3286 1627 3349 die,
1652 3300 1762 3355 quo
1791 3286 1921 3340 obiit

345 3374 409 3426 Al
451 3372 780 3428 Motannned
811 3415 827 3438 ,
885 3374 1179 3431 undecimo
1232 3390 1359 3433 ante
1418 3379 1631 3432 (initum
1683 3394 1924 3435 mensem

346 3468 537 3537 Rajeb,
567 3467 943 3523 ducentesimo
974 3470 1379 3538 septuagesimo
1406 3486 1573 3535 nono,
1606 3485 1923 3529 cessarunt-

342 3575 449 3629 que
479 3560 625 3624 lites,
659 3574 725 3613 ac
752 3574 857 3631 pax
892 3560 944 3613 in
980 3561 1281 3629 provinciis
1335 3562 1473 3617 facta
1509 3573 1593 3618 est
1623 3604 1639 3628 ,
1688 3566 1920 3623 sublatis

347 3653 529 3719 hellis,
563 3667 867 3724 pacemque
897 3654 1258 3720 amplectente
1288 3655 1439 3708 omni
1472 3657 1691 3721 rebelle,
1731 3664 1785 3710 et
1824 3658 1917 3711 vili

343 3745 522 3816 pretio
546 3744 807 3815 expositae
857 3755 989 3800 sunt
1020 3762 1109 3801 res
1144 3747 1386 3801 venales.
1420 3747 1674 3818 Misitque
1716 3751 1777 3802 Al
1811 3749 1925 3804 Mo-

342 3838 503 3893 ιωυὰ
532 3837 699 3910 480
725 3839 792 3893 ad
825 3838 1344 3893 Chamarawaihum
1394 3838 1509 3893 Ebn
1563 3841 1769 3896 Alnned
1807 3842 1920 3895 Ειηι

340 3929 545 3994 Tolun,
580 3931 746 3984 hliam
796 3931 972 3999 ipsius
1001 3932 1104 3985 s'bi
1154 3932 1208 3984 in
1245 3946 1468 3985 uxorem
1500 3942 1714 4001 petens,
1754 3942 1946 4003 quam“

343 4025 447 4093 ipsi
479 4024 788 4078 concedens
822 4023 1241 4079 Chamarawaih
1277 4028 1343 4079 ad
1387 4025 1564 4093 ipsum
1590 4041 1711 4079 eam
1748 4027 1921 4081 dedu-

343 4118 570 4170 cendam
604 4116 839 4184 curavit,
894 4117 1202 4187 multasque
1242 4120 1402 4172 simul
1445 4135 1610 4187 opes,
1645 4134 1831 4175 servos
1868 4131 1919 4175 et

343 4208 570 4265 ancillas
594 4227 609 4275 ;
631 4217 793 4278 atque
821 4210 893 4262 ita
923 4226 1051 4277 pace
1084 4212 1395 4280 interlipsos
1432 4212 1571 4265 facta
1602 4212 1656 4266 in
1676 4213 1920 4267 ordinem

2024 3118 2111 3164 est
2141 3123 2316 3177 usque
2345 3105 2411 3161 ad
2445 3105 2758 3170 meridiem;
2787 3105 2914 3158 dein
2940 3116 3307 3159 evanescente
3339 3103 3605 3158 llavedine

2026 3201 2243 3270 nigrum
2280 3198 2457 3255 evasit
2499 3198 2699 3252 malum
2721 3237 2738 3261 ,
2766 3206 2883 3252 toto
2908 3197 2997 3252 die
3031 3197 3139 3250 isto
3169 3211 3345 3267 usque
3374 3194 3442 3249 ad
3490 3210 3611 3250 cra-

2026 3294 2157 3348 stini
2207 3292 2528 3358 meridiem,
2572 3300 2864 3360 antequam
2903 3287 3304 3344 dissolveretur
3355 3288 3604 3356 nigredo,

2030 3402 2207 3457 neque
2249 3401 2343 3453 per
2382 3384 2717 3453 sesquidiem
2749 3383 2999 3453 apparuit
3038 3382 3141 3447 sol,
3172 3395 3240 3435 ex
3290 3396 3400 3449 quo
3445 3380 3610 3452 484

2022 3476 2281 3533 concitati
2308 3486 2440 3530 sunt
2472 3478 2649 3539 venti,
2683 3474 2859 3529 donec
2891 3483 3249 3529 evanesceret
3293 3472 3469 3526 nubes
3517 3473 3605 3526 illa

2025 3571 2197 3638 nigra.
2226 3567 2465 3623 Rursum
2488 3583 2633 3622 anno
2655 3567 3037 3622 ducentesimo
3057 3566 3395 3634 octogesimo
3412 3576 3605 3617 octavo

2024 3666 2076 3716 in
2121 3660 2377 3733 Egypto,
2410 3661 2633 3716 ineunte
2661 3660 2751 3714 die
2789 3657 3044 3713 Mercurii
3096 3658 3300 3712 mensis
3337 3655 3606 3710 Diikaada:

2031 3768 2199 3815 nono,
2234 3752 2440 3805 factum
2476 3762 2553 3804 est
2592 3763 2651 3802 ut
2684 3765 2714 3802 a
2746 3749 2920 3803 media
2952 3758 3109 3802 nocte
3141 3763 3316 3816 usque
3346 3749 3414 3799 ad
3446 3762 3606 3800 auro.

2025 3862 2139 3897 rain
2189 3842 2342 3897 valde
2388 3842 2677 3896 concitata:
2726 3845 2836 3895 sint
2893 3840 3065 3895 stella:
3118 3836 3412 3912 [ilicteora]
3457 3853 3592 3907 quas

2024 3938 2212 3989 stellas
2244 3935 2504 3989 cadentes
2538 3946 2751 4000 vocant,
2780 3933 2916 3986 adeo
2956 3942 3013 3986 ut
3046 3933 3111 3987 iis
3142 3932 3445 4001 repleretur
3478 3947 3589 3986 ea»

2025 4027 2134 4079 luttt
2171 4026 2238 4078 ad
2273 4026 2559 4086 orientem,
2594 4024 2955 4085 occidentem,
2988 4034 3257 4085 austrum,
3289 4031 3343 4075 et
3374 4030 3590 4088 septen-

2028 4122 2264 4175 triouetu
2300 4119 2570 4187 dispersis
2597 4156 2612 4180 ,
2646 4132 2744 4170 nee
2785 4126 2970 4185 posset
3000 4116 3123 4184 quis
3171 4114 3370 4168 coelum
3404 4116 3599 4169 intueri

2032 4227 2142 4280 pra:
2173 4212 2349 4266 stellis
2385 4210 2529 4263 istis.
2551 4208 2669 4265 Jam
2703 4224 2847 4261 anno
2875 4208 3050 4275 primo
3076 4206 3370 4261 cbalil’atus
3393 4208 3457 4260 Al
3484 4207 3597 4260 Mo-

347 4306 581 4355 reelacta:
618 4311 747 4355 sunt
778 4318 886 4356 res.
914 4300 1400 4358 Cltamarawailms
1435 4315 1613 4359 autem
1645 4319 1708 4360 ex
1746 4304 1911 4376 Λευ.
1958 4326 2005 4385 D
2032 4303 2212 4357 tadedi
2253 4302 2584 4357 constitutus
2635 4309 2720 4354 est
2772 4301 2994 4353 Simeon
3030 4298 3261 4352 Zaruaki
3295 4300 3462 4368 lilius,
3503 4316 3598 4369 pa-

345 4405 439 4464 pto
474 4396 525 4449 in
569 4394 782 4465 Syriam
821 4394 1119 4464 profectus,
1158 4396 1405 4450 Damasci
1442 4401 1625 4452 sedem
1661 4398 1801 4463 fixit,
1838 4409 1918 4452 at-

342 4504 451 4557 que
486 4487 557 4542 ibi
593 4498 749 4543 extra
782 4488 972 4542 urbem
1005 4487 1108 4542 sub
1138 4489 1468 4544 monasterio
1501 4488 1740 4553 narrari,
1764 4490 1919 4559 juxta

344 4582 572 4635 ﬂuvium
616 4578 836 4634 Tantali
863 4618 877 4639 ,
909 4594 1093 4634 arcem
1127 4578 1372 4634 condidit
1402 4580 1456 4634 in
1491 4597 1597 4649 qua
1631 4581 1917 4636 habitavit.

347 4671 783 4742 lnterl'ectusque
830 4680 914 4725 est
959 4670 1488 4739 Chamarawaihus,
1526 4670 1579 4727 in
1625 4674 1725 4729 hac
1757 4690 1917 4745 quam

347 4763 595 4819 Danzasci
632 4761 877 4818 condidit
919 4777 1066 4827 arce,
1109 4764 1195 4817 die
1246 4764 1547 4829 Dominico,
1584 4768 1740 4821 tertio
1794 4779 1922 4823 ante

347 4858 566 4911 tinnitum
601 4870 845 4911 mensem
885 4853 1167 4915 Dilkaada,
1193 4871 1340 4910 anno
1368 4858 1745 4911 ducentesimo
1770 4866 1921 4913 octo-

345 4950 556 5022 gesimo
589 4948 834 5004 secundo
877 4964 891 5001 :
939 4948 1142 5004 eadem
1183 4949 1355 5017 ipsius
1387 4962 1745 5019 procurarunt
1778 4965 1809 5006 e
1837 4950 1917 5004 fa-

346 5042 620 5095 mulorum
664 5039 834 5108 ipsius
881 5040 1174 5111 praecipuis
1222 5057 1359 5107 sex,
1417 5057 1649 5109 quorum
1698 5044 1913 5095 nomina

344 5129 622 5194 Tdhaber,
652 5129 848 5197 Sabur,
877 5130 1031 5197 Lula,
1069 5130 1254 5199 Natil’,
1281 5130 1466 5187 Shalio
1518 5133 1824 5201 pocillator,
1859 5143 1908 5185 et

346 5222 620 5295 Ganayem
657 5237 671 5274 :
707 5238 938 5293 quorum
971 5224 1380 5279 interfectorum
1411 5225 1591 5294 capita
1622 5223 1915 5295 .Egyptum

348 5324 560 5385 putata
594 5325 757 5378 sum,
796 5329 1028 5384 corpora
1060 5325 1240 5371 autem
1283 5316 1531 5371 Dainasci
1568 5318 1810 5385 patibulo
1839 5316 1915 5371 af-

346 5409 473 5462 ﬁxa.
504 5406 983 5463 Chatnarawaihtts
1018 5408 1071 5462 itt
1099 5424 1227 5464 arca
1260 5408 1524 5465 Datnasco
1546 5411 1598 5463 in
1624 5408 1917 5479 Algyptutn

345 5493 589 5566 perlatus
635 5495 687 5549 in
725 5504 907 5551 monte
950 5495 1317 5551 Almokattam
1364 5498 1606 5566 sepultus
1638 5506 1741 5552 est.
1773 5496 1916 5551 Tur-

349 5588 473 5639 bata
506 5594 589 5640 est
617 5593 796 5641 autem
830 5584 1097 5659 Egyptus
1124 5588 1193 5641 ob
1212 5587 1666 5643 Chamawailmm
1691 5588 1919 5659 ejusque

356 5683 608 5734 lnortcm.
642 5676 936 5737 Praefectus
970 5690 1049 5735 est
1085 5688 1206 5748 post
1248 5680 1423 5752 ipsum
1454 5677 1595 5735 laislt
1624 5678 1921 5738 Cltantat'a-

2029 4395 2265 4447 triarclta
2315 4392 2718 4455 Autiochenus,
2755 4392 2848 4460 qui
2882 4406 3055 4445 annos
3096 4391 3387 4445 duodecim
3426 4393 3599 4455 sedit,

2023 4486 2150 4541 dein
2180 4494 2432 4540 mortuus
2456 4493 2560 4539 est.
2594 4485 2763 4539 Porro
2791 4500 2915 4537 cum
2947 4481 3114 4537 Leoni
3152 4483 3468 4552 imperatori
3498 4485 3602 4540 llo-

2025 4593 2188 4631 mano
2228 4585 2445 4631 mortua
2477 4584 2628 4632 esset
2655 4591 2794 4630 uxor
2825 4576 2973 4629 nulla
3016 4576 3203 4631 reticta
3229 4578 3403 4645 prole,
3438 4579 3597 4631 aliam

2024 4675 2110 4728 ille
2143 4689 2367 4728 uxorein
2404 4673 2607 4727 dueere
2638 4671 2847 4735 voluit;
2880 4680 2933 4725 at
2984 4672 3266 4740 prohibuit
3297 4674 3473 4740 ipsum
3506 4672 3596 4725 Ni-

2024 4770 2210 4820 colaus
2254 4765 2565 4835 patriarcha
2611 4762 3301 4832 Coustantinopolitanus,
3350 4764 3591 4817 dicens:

2025 4859 2141 4911 Non
2169 4866 2253 4913 est
2279 4856 2371 4910 tibi
2422 4856 2627 4910 licitum
2659 4869 2880 4908 uxorem
2906 4855 3137 4920 ducere;
3171 4855 3439 4924 siquidem
3470 4868 3598 4907 ana-

2023 4960 2249 5020 gnostes
2292 4965 2350 5003 es
2398 4958 2454 5002 et
2500 4949 2753 5017 precibus
2804 4949 3150 5003 sacerdotum
3206 4959 3595 5009 consecratus;

2026 5041 2171 5109 quod
2232 5041 2278 5095 si
2344 5056 2565 5094 uxorem
2622 5040 2841 5095 duxeris
2917 5055 3029 5094 non
3078 5040 3207 5094 licet
3245 5040 3344 5095 tibi
3404 5040 3470 5092 ad
3520 5041 3598 5092 al-

2026 5143 2143 5187 tare
2171 5130 2449 5185 accedere.
2482 5130 2581 5186 Cui
2616 5130 2723 5187 Leo
2760 5152 2771 5188 :
2808 5129 3041 5185 Uxorem
3071 5129 3272 5186 ducere
3303 5132 3470 5200 cupio
3492 5148 3598 5199 quo

2028 5234 2097 5276 st
2139 5222 2267 5277 mihi
2320 5224 2467 5277 ltlius
2514 5224 2606 5293 qui
2664 5234 2783 5294 post
2835 5238 2920 5275 me
2970 5237 3192 5291 regnum
3249 5224 3598 5276 literisditarlo

2022 5316 2315 5386 possideat.
2366 5318 2437 5370 At
2462 5332 2571 5370 non
2625 5316 2868 5385 permisit
2900 5316 3002 5384 ipsi
3049 5314 3356 5384 patriarcha
3393 5314 3593 5384 conju-

2018 5412 2189 5473 gium.
2225 5405 2450 5474 Scripsit
2484 5423 2616 5474 ergo
2646 5406 2756 5460 Leo
2800 5406 3091 5474 imperator
3122 5405 3189 5457 ad
3225 5405 3594 5473 patriarcliatu

2021 5498 2352 5561 Romanum,
2395 5497 2710 5553 Mieltaelem
2742 5498 3106 5567 patriarcltam
3142 5497 3593 5559 Alexatidrinum,

2023 5591 2191 5644 [ﬁliam
2234 5590 2471 5645 .‘llattsuri
2512 5592 2678 5644 lilium
2728 5591 3087 5660 patriarcltam
3144 5589 3594 5660 [lict-osolytnita-

2021 5701 2176 5749 tium,
2213 5692 2265 5738 ct
2300 5684 2426 5739 Sim-
2451 5701 2609 5739 onem
2640 5682 2869 5739 Zarnaki
2900 5684 3067 5739 linum
3092 5722 3105 5745 .
3145 5681 3549 5740 AntiochCnutu
3575 5722 3593 5750 ,
