3980 6152
487 190 617 255 iiii
1472 189 1772 250 EUTYCii
1789 189 1842 247 li
1890 189 1929 246 Α
1944 184 2423 247 LEXANDRINI
2466 184 2684 244 PATR.
3597 182 3727 248 1148

482 318 546 353 ιη
595 299 738 354 bello
787 298 1108 354 decreturus
1188 299 1367 354 Naves
1429 299 1650 354 interim
1709 297 1995 353 Almoetali
2030 336 2045 356 .
2078 298 2119 357 Α
2150 293 2386 351 Pitateco
2419 296 2594 364 ipsius
2642 295 2861 359 liberto,
2894 294 3206 365 ducumque
3255 304 3444 359 creto.
3503 295 3723 351 obttam

484 390 624 442 ﬂexo
663 391 715 443 in
754 390 889 443 mari
926 404 1089 444 cursu
1118 430 1132 453 .
1186 406 1251 444 es
1323 399 1476 460 parte
1522 390 1745 444 Teuuisi
1818 390 2051 443 ditiones
2154 390 2289 455 ipsis
2324 386 2521 457 prodiit
2572 385 2915 441 Moliammed
2951 388 3068 441 Ebn
3113 388 3198 443 Ali
3253 387 3371 443 Ebn
3404 388 3469 442 Al
3521 387 3724 456 Chalii,

482 480 701 552 Egypti
736 482 967 551 ejusque
988 482 1147 537 villas
1172 483 1432 551 ingressae
1463 490 1607 537 sunt.
1649 482 1886 536 Navibus
1911 496 2049 549 prae-
2152 483 2276 537 dein
2316 498 2440 537 cum
2470 483 2767 537 comitibus
2796 484 2910 537 suis
2943 481 3265 537 Pltostatum
3321 497 3581 538 reversus
3608 492 3727 549 est;

480 574 655 629 fectus
687 572 787 626 fuit
812 572 1108 627 Damianus
1137 572 1382 631 Grmcus.
1412 573 1644 630 Profer-ti
1670 590 1800 642 ergo
1829 576 2050 645 quidam
2150 589 2391 641 cumque
2425 574 2538 627 acri
2570 574 2876 628 certamine
2900 573 3273 635 dimicassent.
3302 574 3355 629 in
3385 572 3570 643 fugam
3606 589 3729 628 ver-

481 680 511 715 e.
544 665 776 718 ducibus
796 663 1052 725 Harunis.
1081 666 1342 720 Damiano
1376 668 1428 719 in
1461 667 1583 721 vico
1607 664 1872 720 Tanubali
1904 666 2054 722 dicto
2153 680 2249 721 sus
2286 666 2625 720 Mobammetl
2658 665 2773 719 Elin
2805 665 2888 719 Ali
2937 663 3256 721 Pbostatum
3304 680 3567 721 reversus
3591 665 3730 719 late-

483 767 884 825 or-currerunt,
916 757 1007 811 ubi
1042 768 1454 821 concurrentes.
1481 774 1605 813 eum
1638 773 1816 829 pugna
1848 766 2052 813 certas-

486 855 629 904 sent.
685 854 833 918 terga
877 847 1144 903 dederunt
1174 851 1337 905 duces
1370 849 1630 904 llarunis.
1660 848 1865 904 Sltiban
1889 850 2053 903 etiam

487 936 601 991 Elin
631 938 997 1006 Mobammed,
1036 941 1148 996 [ἔδει
1175 940 1375 1005 Tolnn.
1411 941 1646 996 Harunis
1674 940 1787 995 Ebn
1824 940 2061 994 Chama-

484 1030 709 1084 rawailti
744 1042 995 1101 patruus,
1017 1030 1289 1087 Harunem
1318 1034 1543 1087 adortus
1570 1034 1749 1103 ipsum
1784 1032 2058 1087 interfecit

486 1122 574 1176 die
607 1122 907 1189 Dominico,
943 1126 1145 1181 mensis
1198 1125 1354 1180 Safar
1399 1127 1616 1181 decimo
1658 1137 1876 1188 octavo.
1912 1140 2057 1179 anno

485 1209 861 1267 ducentesimo
907 1214 1263 1286 nonagesimo
1304 1216 1582 1281 secundo,
1616 1224 1779 1288 atque
1817 1217 1935 1287 ipse
1984 1216 2054 1271 ad

484 1301 599 1359 dies
638 1304 851 1374 aliquas
884 1322 1065 1363 rerum
1094 1310 1299 1378 potitus
1332 1319 1435 1366 est.
1462 1312 1639 1367 Duces
1671 1318 1851 1367 autem
1881 1310 2060 1368 liaru-

485 1391 574 1448 nls
616 1394 683 1448 ad
718 1393 1151 1453 Moliammedem
1187 1397 1301 1453 Elin
1335 1400 1577 1455 Soliman
1602 1400 1924 1465 scribentes.
1956 1402 2059 1455 im-

483 1484 802 1541 munitatem
842 1487 914 1543 ab
948 1488 1069 1556 ipso
1098 1484 1413 1559 petierunt';
1447 1505 1555 1561 qua
1587 1489 1642 1545 in
1680 1505 1742 1546 re
1786 1490 1918 1559 ipsis
1954 1503 2057 1542 au-

481 1574 625 1636 nnit.
671 1584 835 1645 atque
877 1593 1105 1634 securos
1139 1594 1259 1635 esse
1300 1580 1490 1651 jussit.
1523 1580 1925 1653 Ingressusque
1964 1588 2049 1635 est

483 1665 825 1723 Hobammed
858 1667 975 1725 Ebn
1005 1667 1263 1744 Solyman
1288 1672 1607 1744 Egyptum,
1635 1673 1851 1729 nemine
1884 1673 2055 1742 impe-

485 1758 669 1815 diente
702 1762 788 1818 vel
837 1762 1164 1832 repellente,
1203 1765 1291 1818 die
1321 1763 1492 1831 lovis,
1523 1763 1738 1821 duobus
1772 1776 1898 1820 ante
1932 1762 2059 1817 lini-

487 1860 599 1908 tnm
634 1869 876 1910 mensem
908 1853 1071 1911 Safar
1106 1855 1299 1912 diebus
1324 1896 1337 1913 .
1379 1871 1525 1912 anno
1552 1855 1930 1913 ducentesimo
1964 1874 2061 1911 no-

485 1947 769 2014 nagesimo
794 1945 1057 2003 secundo.
1088 1946 1245 2014 Quod
1274 1948 1521 2004 vidrnies
1549 1947 1751 2003 Sbiban
1778 1961 1829 2003 et
1862 1950 1894 2002 ft
1913 1963 2059 2005 aures

486 2038 685 2108 ipsius,
716 2048 1005 2109 postquam
1038 2042 1207 2098 aciem
1236 2043 1304 2098 ad
1348 2058 1445 2101 eos
1495 2059 1672 2116 pugna
1705 2046 2058 2116 excipiendos

487 2126 821 2185 instruxerat
850 2128 1195 2187 Mobammed
1228 2131 1345 2187 Ebn
1379 2134 1662 2205 Solyntan.
1695 2134 1813 2190 loco
1837 2136 1931 2205 qui
1966 2139 2059 2192 Al-

483 2216 660 2293 ﬁiyab
688 2219 908 2284 dicitur.
934 2223 1091 2294 juxta
1124 2224 1275 2279 urbis
1305 2224 1467 2281 Μαι-ἱ
1492 2234 1703 2297 portam
1728 2265 1745 2289 .
1782 2230 2059 2295 petierunt

488 2324 540 2369 et
569 2313 673 2385 ipsi
700 2315 1098 2371 immunitatem
1132 2317 1234 2372 sibi
1267 2328 1317 2373 et
1356 2317 1891 2391 facultatibusm
1922 2322 2057 2386 suis;

487 2407 541 2463 in
573 2422 679 2475 qua
718 2422 840 2462 cum
868 2407 1006 2477 ipsis
1036 2408 1341 2475 annuisset,
1370 2410 1637 2479 dispersa:
1666 2422 1795 2465 sunt
1820 2413 2050 2467 Sitibani

490 2502 683 2569 copim.
712 2498 887 2556 Jussit
917 2510 1101 2556 autem
1133 2502 1472 2558 iiobammed
1504 2500 1618 2557 Ebn
1656 2502 1913 2575 Solymau
1944 2519 2062 2559 om-

490 2607 588 2646 nes
630 2602 901 2663 quotquot
947 2594 1049 2661 ipsi
1093 2594 1324 2650 aderant
1367 2610 1436 2650 ex
1488 2595 1725 2651 liartmis
1766 2596 2064 2652 comitibus

2150 757 2279 811 bras
2306 758 2564 827 captavit.
2604 759 2803 814 Pbatec
2825 772 2980 829 ergo,
2996 772 3121 812 cum
3153 759 3217 812 iis
3239 758 3332 829 qui
3362 758 3467 827 ipsi
3498 757 3730 811 aderant

2156 851 2456 920 praefectis.
2490 849 2818 905 Pbostatum
2858 853 3138 923 ingressus
3166 862 3270 905 est.
3301 851 3591 905 Accedens
3634 865 3731 903 au-

2158 952 2262 996 tem
2296 943 2381 995 vir
2410 942 2551 1009 apud
2585 958 2748 1009 quem
2788 943 3001 997 delituit
3042 942 3383 998 Iobammcd
3432 944 3497 997 Al
3533 942 3733 1009 Cbalij,

2158 1037 2259 1091 isa:
2284 1034 2618 1089 Nuslierensi
2668 1033 2934 1090 indicarit
2966 1035 3119 1090 illum
3154 1034 3296 1105 apud
3330 1049 3389 1090 se
3427 1050 3577 1090 esse.
3629 1032 3731 1102 Qui

2162 1143 2293 1195 ergo
2323 1126 2570 1189 mittens,
2603 1127 2778 1195 ipsum
2809 1127 3117 1197 prehendit,
3150 1126 3311 1195 idque
3338 1142 3529 1180 mense
3556 1123 3731 1193 Rajeb

2157 1234 2301 1273 anno
2331 1221 2706 1274 ducentesimo
2740 1220 3091 1291 nonagesimo
3132 1221 3313 1284 tertio,
3362 1232 3585 1289 unaque
3612 1232 3735 1273 cura

2157 1310 2474 1373 comitibus.
2506 1309 2780 1372 alilnibus,
2808 1310 3150 1380 ducibusque
3178 1327 3245 1366 ac
3272 1311 3473 1365 scribis
3499 1311 3648 1374 suis.
3681 1318 3736 1364 et

2156 1399 2250 1470 qui
2283 1402 2383 1471 ipsi
2413 1400 2673 1454 auxilium
2703 1402 2948 1455 tulerant
2969 1442 2981 1461 ,
3016 1401 3251 1455 Eracum
3282 1400 3535 1455 abduxit.
3568 1399 3739 1454 Porro

2156 1491 2295 1545 obiit
2321 1491 2385 1545 Al
2405 1488 2621 1545 Muclaﬁ
2647 1490 2735 1543 die
2766 1489 3049 1544 Dominico
3078 1491 3282 1546 mensis
3311 1490 3389 1545 Dii
3416 1489 3621 1545 Kaada‘.
3648 1490 3739 1545 de-

2159 1582 2305 1639 cimo
2340 1582 2521 1644 tertio.
2550 1596 2697 1637 anno
2727 1581 3103 1638 ducentesimo
3130 1584 3489 1648 nonagesimo
3520 1584 3737 1653 quinto.

2162 1674 2284 1729 Fuit
2321 1674 2615 1730 cltalifattts
2648 1674 2823 1744 ipsius
2853 1688 3121 1729 annorum
3156 1689 3248 1728 sex
3276 1712 3290 1737 ,
3339 1688 3534 1727 norem
3587 1689 3739 1727 men-

2153 1770 2296 1824 sium
2321 1778 2373 1824 et
2402 1767 2579 1824 bidui.
2620 1766 2848 1821 Maxima
2897 1767 3041 1836 apud
3089 1768 3266 1836 ipsum
3304 1768 3357 1820 in
3403 1769 3576 1835 gratia
3624 1766 3740 1822 fue-

2154 1871 2301 1925 runt,
2338 1874 2536 1931 resque
2565 1860 2686 1930 ejus
2710 1862 3006 1923 curabant,
3030 1861 3091 1914 Al
3118 1860 3306 1915 Abbas
3332 1860 3507 1916 Ebuol
3532 1858 3742 1915 liasain

2154 1954 2533 2016 consiliarius,
2570 1962 2627 2009 et
2656 1951 2861 2007 Phatec
2897 1953 3122 2008 libertus
3157 1952 3353 2021 ipsius.

2362 2044 2523 2116 500
2560 2042 2859 2116 Chaiifattu
2893 2043 3265 2097 Aiﬂokladeri
3304 2043 3518 2098 billalu'.

2224 2135 2590 2207 inauguratus
2639 2145 2723 2187 est
2763 2131 3113 2188 Aibiuktader
3151 2132 3339 2187 billalii
3391 2130 3569 2186 laafar
3622 2133 3743 2189 ΕΜ

2155 2226 2363 2280 Alimed
2413 2222 2730 2280 AlMotadt-d
2786 2222 2998 2286 billabi,
3053 2223 3243 2278 eodem
3292 2223 3382 2279 die
3432 2240 3546 2293 quo
3607 2224 3744 2279 obiit

2162 2316 2333 2370 frater
2385 2315 2561 2386 ipsius
2623 2314 2932 2377 Almoetali,
2985 2314 3239 2369 uidelicet
3285 2313 3377 2371 die
3429 2315 3742 2379 Dominico,

2162 2408 2381 2461 decimo
2411 2404 2574 2461 tet-tio
2628 2403 2838 2460 mensis
2870 2402 3135 2466 Dilkadz.
3184 2419 3330 2458 anno
3360 2404 3747 2460 ducentesimo

2165 2500 2522 2568 nonagesimo
2546 2496 2763 2568 quinto.
2817 2495 2990 2552 Ilater
3038 2499 3211 2567 ipsius
3238 2498 3555 2553 concubina
3616 2499 3743 2565 fuit,

2161 2590 2387 2647 nomine
2436 2590 2640 2645 Sbaab.
2685 2587 2784 2644 Hic
2812 2588 3185 2653 AlAbbasum.
3219 2586 3412 2643 fratris
3440 2592 3528 2644 sui
3561 2590 3747 2645 consi-

2160 2681 2403 2747 liarium.
2434 2695 2502 2737 eo
2525 2696 2636 2753 quo
2665 2679 2767 2737 fuit
2800 2682 2922 2739 loco
2952 2696 3017 2736 ac
3052 2681 3323 2753 dignitate
3373 2680 3745 2748 conﬁrmavit,

2162 2772 2474 2845 ipsumque,
2524 2773 2688 2831 rebus
2721 2773 2841 2831 suis
2879 2774 3203 2845 praposuit.
3252 2773 3519 2829 Coierunt
3555 2784 3739 2830 autem

490 2681 663 2738 duees
709 2692 761 2738 et
807 2686 1017 2741 scribas
1047 2684 1361 2757 Bagdadum
1393 2701 1452 2743 se
1488 2687 1764 2751 conferre,
1792 2703 1901 2755 quo
1936 2702 2066 2758 ergo

489 2776 712 2843 profecti
746 2787 866 2829 sum
892 2795 908 2840 ;
940 2778 1055 2845 ipse
1082 2779 1136 2831 in
1167 2773 1407 2848 Egypto
1432 2793 1533 2835 se:
1560 2794 1782 2834 menses
1813 2788 2063 2835 moratus

490 2878 569 2922 est
612 2869 983 2939 :c‘ollegitqne
1020 2886 1051 2924 a
1098 2870 1294 2926 scribis
1332 2880 1391 2925 et
1429 2870 1662 2927 ducibus
1709 2885 2060 2929 nummorum
2128 2865 2343 2922 educes
2371 2865 2545 2937 aliqui
2592 2880 2705 2937 quo
2752 2865 3118 2923 Abtlollabum
3176 2865 3349 2923 Ebnol
3403 2864 3635 2921 Notaui
3688 2866 3748 2921 in

491 2961 711 3016 circiter
737 2963 937 3017 millies
968 2963 1119 3017 mille
1160 2977 1355 3020 aureos
1394 2980 1411 3018 :
1445 2970 1562 3019 tum
1608 2960 1845 3019 l'iracum
1880 2964 2017 3019 abiit
2042 3003 2059 3028 ,
2091 2976 2139 3041 ο
2170 2957 2398 3028 imperio
2448 2958 2822 3025 collocarent;
2882 2957 3030 3014 unde
3079 2956 3314 3029 Bagdadi
3368 2958 3487 3015 dies
3537 2958 3747 3028 aliquot

492 3055 681 3113 relicto
712 3054 768 3110 in
807 3050 1069 3125 Egypto,
1104 3063 1394 3127 postquam
1432 3056 1548 3125 ipse
1594 3055 1667 3110 ibi
1714 3071 1811 3113 sex
1852 3073 2071 3115 nienses
2169 3060 2351 3106 οῒιιιηι
2400 3056 2486 3106 οδι
2537 3049 2781 3106 bellum:
2836 3066 2916 3106 οε
2949 3051 3074 3119 ique
3141 3061 3271 3106 sunt
3320 3050 3575 3107 MAN-la
3627 3050 3747 3107 Eh-

491 3147 897 3217 insumpsisset.
921 3149 1001 3200 lsa
1038 3146 1415 3214 anberenai;
1445 3145 1665 3218 collegit
1697 3147 1863 3202 etiam
1893 3148 2066 3218 impe-

2172 3137 2378 3196 iiosain
2412 3140 2763 3197 consiliarius
2788 3151 2845 3195 et
2877 3140 3103 3207 Pbatee,
3130 3155 3319 3196 mense
3348 3138 3521 3195 Rabia
3559 3150 3747 3209 poste-

493 3240 663 3295 [ειετὶ
687 3254 1039 3292 nummorum
1066 3254 1096 3291 e
1129 3239 1425 3307 provinciis
1456 3239 1651 3294 millies
1675 3240 1823 3295 mille
1849 3256 2066 3297 aureos.

2174 3231 2341 3297 riore,
2398 3246 2545 3287 anno
2578 3232 2960 3287 ducentesimo
2996 3232 3355 3297 nonagesimo
3402 3245 3573 3286 nono.
3614 3229 3749 3286 Ρη-

495 3329 786 3385 Almoetali
844 3342 1024 3385 autem
1060 3329 1488 3386 Ilubammedem
1525 3332 1644 3387 Ebn
1679 3332 1920 3387 Soliman
1946 3351 2070 3405 pre-

490 3425 725 3479 hensum
768 3424 820 3477 in
850 3424 1066 3479 vincula
1099 3425 1358 3493 coniecit,
1390 3427 1461 3480 ob
1488 3439 1620 3493 opes
1647 3439 1787 3495 quas
1816 3426 1868 3479 in
1897 3424 2071 3498 Αὔει-

494 3525 585 3587 pto
622 3516 911 3586 collegerat
957 3520 1011 3573 in
1062 3519 1326 3572 rationem
1354 3532 1479 3573 eum
1533 3532 1761 3572 vocans.
1801 3516 2071 3574 Prodicus

489 3615 676 3665 autem
705 3608 759 3663 in
788 3607 942 3669 Syria
971 3610 1191 3679 quidam
1219 3626 1249 3664 e
1274 3607 1795 3675 ducibus‘ﬂaruuis,
1825 3609 2068 3665 Holtam—

2173 3319 2374 3376 bensus
2419 3323 2580 3375 etiam
2630 3329 2715 3375 est
2767 3320 3032 3375 Abdollab
3090 3320 3261 3375 Ebnol
3316 3319 3550 3374 Notaui
3602 3329 3660 3374 et
3696 3321 3755 3373 in

2169 3415 2382 3469 vincula
2434 3414 2742 3483 conjectus.
2784 3412 3174 3469 Consiliariutn
3229 3424 3410 3467 autem
3459 3413 3755 3467 constituit

2169 3507 2539 3570 AIMoktudar,
2605 3506 2746 3560 Alim
2812 3506 2928 3560 Ebn
2997 3505 3362 3565 Moliammed.
3425 3504 3543 3560 Ebn
3596 3504 3757 3561 lusa

2171 3601 2342 3654 Ebnol
2374 3598 2598 3653 Pborat.
2633 3598 2806 3652 Porro
2842 3597 3044 3667 prodiit
3102 3598 3156 3651 in
3192 3596 3481 3651 occidente
3509 3597 3593 3649 vir
3619 3598 3754 3666 qui-

493 3700 617 3755 med
650 3700 768 3756 Ebn
802 3702 887 3754 Ali
916 3702 980 3755 Al
1005 3702 1187 3773 Cbalij
1219 3703 1545 3773 appellatus,
1574 3716 1641 3757 es
1672 3702 1739 3758 iis
1762 3702 1857 3773 qui
1891 3704 1945 3756 in
1973 3701 2066 3773 Sy-

2170 3690 2295 3744 dutn
2350 3694 2568 3745 nomine
2635 3690 2907 3744 Abdollab
2960 3688 3313 3743 AIMolitaseb
3361 3688 3572 3749 bilialii.
3630 3687 3755 3757 qui.

498 3793 573 3848 ria
607 3810 727 3849 eum
761 3793 1136 3849 Mobsmmede
1167 3796 1281 3849 Elin
1308 3795 1553 3851 Soliman
1587 3805 1926 3857 manserunt.
1960 3795 2066 3849 col-

2175 3780 2312 3834 fusis
2344 3780 2501 3835 Ebnil
2536 3781 2726 3849 Aglabi
2777 3780 2976 3849 cupiis,
3032 3780 3297 3848 casisque
3326 3778 3498 3848 ipsius
3532 3779 3757 3832 comiti-

497 3890 633 3945 lecta
666 3887 770 3942 sibi
804 3889 964 3940 turba
1009 3886 1291 3941 hominum
1342 3887 1537 3951 ntista,
1570 3887 1627 3941 in
1672 3886 1805 3940 urbe
1842 3884 2066 3939 Bamlab

2176 3871 2301 3937 bus,
2336 3869 2684 3926 Occidentem
2723 3871 3032 3939 occupavit.
3075 3870 3120 3923 Δ
3149 3886 3264 3940 quo
3315 3867 3531 3939 fugiens
3577 3869 3756 3940 Ζηθ-

497 3980 681 4038 sedem
724 3978 862 4033 om.
895 3978 1051 4046 ρηοει
1099 3996 1220 4033 cum
1259 3980 1356 4036 ιη
1385 3978 1724 4035 Numa-cmi
1762 3980 2074 4032 ηυηιῖειιιω
2175 3962 2438 4017 datollalti
2493 3963 2609 4017 iibn
2662 3960 3003 4016 Mobammed
3056 3958 3169 4015 Ebu
3226 3960 3512 4020 Abraliiut.
3578 3960 3756 4014 Ebnol

498 4082 659 4135 esset,
689 4073 805 4141 ipse
849 4087 971 4126 cum
1027 4074 1087 4127 Al
1135 4071 1377 4128 Hosaino
1414 4072 1525 4127 Ebn
1564 4071 1772 4126 Abmetl
1829 4070 2076 4127 Modera-

498 4165 676 4228 aensi,
706 4166 795 4220 cui
829 4180 1133 4234 cognomen
1163 4166 1283 4219 Abu
1309 4164 1507 4225 Zinua.
1528 4171 1583 4218 et
1610 4178 1731 4231 quae
1760 4163 1811 4215 in
1842 4162 2078 4233 Egypto

2174 4054 2364 4123 Aglub,
2431 4055 2730 4122 assumptis
2776 4053 2877 4107 sibi
2931 4053 3252 4109 domesticis
3310 4067 3375 4108 ac
3427 4055 3757 4110 necessariis

2175 4150 2319 4212 suis,
2365 4146 2420 4201 in
2452 4144 2747 4218 Egyptuut
2777 4163 2838 4201 se
2870 4146 3121 4210 contulit,
3160 4160 3322 4215 quam
3354 4145 3643 4215 ingressus
3674 4156 3757 4201 est

499 4267 679 4313 essent
708 4254 883 4325 copiis
914 4266 1107 4311 contra
1146 4256 1582 4312 Hobamntedetn
1618 4256 1733 4310 Ebn
1766 4256 1852 4309 Ali
1886 4255 2061 4323 Chalij

2183 4248 2370 4295 mense
2421 4238 2725 4305 Ramadau,
2778 4254 2924 4293 anno
2969 4236 3351 4293 ducentesimo
3396 4239 3758 4308 nonagesimo

501 4355 673 4418 ipsum
706 4356 1077 4419 oppugnatum
1113 4347 1345 4416 prodiit;
1365 4356 1421 4399 at
1442 4361 1565 4402 cum
1592 4345 1902 4399 nuntiatum
1930 4353 2076 4400 esset

500 4441 627 4505 illis,
665 4454 859 4510 magna
905 4440 1079 4507 ipsunt
1120 4438 1472 4492 multitudine
1504 4438 1833 4491 instructum
1881 4436 2075 4500 fuisse,

494 4533 700 4587 reversi
739 4538 903 4594 sunt,
938 4546 1045 4583 una
1073 4545 1198 4583 cum
1250 4529 1452 4583 ducum
1501 4539 1665 4595 cmtu,
1715 4528 2074 4591 Pltostatum;

498 4624 624 4679 inde
643 4622 695 4675 in
728 4622 953 4676 Aliiaum
987 4638 1043 4675 se
1069 4622 1417 4690 recipientes.
1444 4631 1639 4691 pontes
1662 4621 1801 4674 duos
1828 4622 2075 4676 succisos

494 4719 943 4776 canibusscrunt,
982 4729 1047 4767 ne
1102 4716 1248 4781 ipsus
1301 4722 1683 4782 asscqucretur
1735 4713 2075 4767 Multammed

500 4806 616 4862 Elin
666 4808 750 4860 Alt
812 4804 876 4858 Al
930 4804 1129 4874 Chulij.
1185 4803 1432 4875 Cumque
1486 4806 1623 4860 alios
1685 4805 1915 4859 subinde
1972 4804 2079 4858 alio

499 4897 863 4972 597.599
894 4899 1390 4967 proﬁciscerentur,
1417 4913 1563 4951 nunc
1592 4896 1645 4950 in
1669 4896 2078 4965 Alexandriam,

500 5000 633 5046 tunc
665 4991 719 5044 in
756 4990 824 5043 Δι
862 4989 1083 5043 ὃδίιιιιιιι
1109 5029 1125 5055 ,
1156 4990 1342 5043 relicta
1370 4986 1475 5044 fuit
1511 4992 1642 5042 urbs
1681 4988 1909 5043 Phostat
1952 4989 2072 5041 siue

503 5081 837 5152 imperatore
863 5122 878 5145 .
911 5083 1082 5135 aliove
1114 5082 1370 5150 quodam,
1397 5082 1887 5147 custodiebantqne
1918 5094 1949 5133 e
1985 5094 2080 5148 po-

503 5175 635 5243 pqu
664 5172 751 5226 alii
778 5173 917 5227 alios
946 5188 1040 5241 per
1071 5175 1315 5243 quinque
1346 5172 1483 5226 dies.
1517 5170 1653 5225 Tum
1703 5171 1893 5224 urbem
1921 5169 2083 5223 Mesri

504 5263 795 5333 ingressus
834 5274 918 5318 est
949 5263 1288 5320 Muhautmed
1336 5263 1453 5320 Ebu
1486 5265 1568 5318 Ali
1601 5263 1779 5331 Cltultj
1812 5264 1900 5316 die
1935 5260 2086 5317 Juvis

504 5356 723 5411 (lavinia
781 5366 978 5427 quarto
1018 5367 1145 5410 ante
1200 5356 1409 5409 ﬁnitum
1460 5371 1698 5410 mensem
1750 5354 2084 5418 Dileadm,

509 5465 655 5506 anno
679 5450 1059 5505 ducentesimo
1086 5451 1437 5517 nonagesimo
1460 5451 1723 5511 secundo,
1753 5448 1935 5515 ibique
1963 5456 2088 5502 octo

511 5560 733 5601 menses
764 5544 1030 5607 substitit,
1074 5560 1207 5613 opes
1245 5544 1540 5613 colligens:
1573 5548 1851 5612 crevitque
1886 5559 2080 5609 puteu-

514 5638 586 5693 tia
614 5637 803 5709 ipsius.
826 5635 961 5693 Tum
997 5637 1414 5691 :tdvuittaulzbus
1443 5633 1717 5691 Aliioctuii
1750 5637 1919 5703 copiis
1948 5650 2072 5687 cuiu

2176 4344 2361 4399 sexto;
2399 4341 2511 4385 tnui
2548 4331 2613 4385 ad
2648 4329 2897 4385 [iamiam
2953 4328 3253 4400 profectus,
3295 4327 3655 4401 501-503
3686 4329 3758 4383 ibi

2177 4428 2351 4481 donec
2403 4425 2545 4480 diem
2603 4423 2784 4480 obiret
2832 4437 2895 4479 se
2947 4422 3239 4478 continuit.
3309 4424 3428 4478 Abu
3489 4422 3760 4477 Abdollab

2176 4519 2530 4575 Almobtaseb
2599 4532 2751 4584 vero,
2811 4516 2904 4586 qui
2975 4517 3029 4569 in
3098 4514 3387 4570 occidente
3447 4514 3759 4576 rebellavit.

2176 4611 2465 4682 quemdam
2517 4610 2611 4683 qui
2672 4624 2733 4666 se
2800 4608 3079 4665 Alliensem
3140 4607 3480 4678 pradicavit,
3538 4609 3762 4663 nomine

2177 4704 2495 4762 Obaidallali
2545 4708 2887 4772 assumptum
2918 4700 2972 4755 in
3003 4699 3145 4754 solio
3191 4700 3499 4765 collocavit,
3548 4698 3761 4769 ﬁdeque

2179 4798 2253 4853 illi
2284 4799 2408 4851 data
2452 4791 2753 4870 [homines]
2809 4792 2879 4848 ad
2919 4794 3095 4864 ipsius
3128 4794 3452 4860 obsequium
3486 4790 3763 4845 invitavit.

2179 4892 2265 4946 Ali
2295 4890 2615 4946 Obaidallali
2673 4904 2803 4944 vero
2835 4886 2957 4942 Abn
3011 4886 3378 4941 Abdollabum
3411 4882 3764 4939 Alloittaseli

2183 4988 2411 5041 adortus
2468 4985 2647 5055 ipsum
2699 4980 3000 5047 interfecit,
3066 4987 3232 5050 atque
3265 4980 3381 5050 ipse
3413 4976 3763 5032 occidentem

2183 5076 2493 5147 occupavit,
2536 5087 2682 5128 anno
2735 5070 3119 5128 ducentesimo
3154 5067 3513 5139 nonagesimo
3540 5076 3762 5121 octavo.

2183 5170 2354 5223 l’orro
2411 5164 2800 5231 Albiolitader,
2863 5163 2949 5218 Ali
3008 5163 3123 5218 Ebn
3181 5156 3528 5216 Mobammed
3591 5156 3763 5213 Ebnul

2184 5262 2423 5314 I‘liorato
2453 5259 2650 5325 iratus,
2684 5272 2875 5313 mense
2906 5253 3187 5327 Dilliajjze,
3213 5267 3359 5307 anno
3380 5250 3761 5305 ducentesimo

2187 5354 2539 5424 nonagesimo
2593 5367 2762 5416 nouo,
2816 5349 2994 5420 ipsum
3066 5350 3121 5402 in
3171 5359 3448 5403 carcerein
3508 5342 3760 5410 coniecit,

2190 5448 2506 5501 consiliario
2536 5446 2640 5499 sibi
2672 5444 2975 5499 cuitstituto
3008 5439 3388 5496 Mobsmntede
3423 5436 3537 5491 Ebn
3568 5435 3759 5489 Abdol-

2200 5543 2331 5607 lani,
2366 5542 2479 5595 Eun
2511 5538 2727 5609 Υςιὶιγςιξ,
2762 5537 2877 5592 Ebn
2907 5534 3187 5600 Chztkano,
3219 5535 3311 5604 qui
3345 5539 3757 5600 cognomentum

2193 5634 2383 5687 habuit
2441 5631 2619 5686 Daltltu
2674 5631 2920 5688 Sedraho
2958 5628 3209 5694 {pulsans
3278 5636 3501 5690 pet-tus.
3578 5632 3762 5686 nempe
