3980 6152
292 306 427 370 1119

1732 305 1829 365 AN
1836 303 2098 367 NALES.

3422 297 3558 361 1150

291 421 436 485 quod
476 436 600 474 cum
640 421 763 490 quis
793 422 956 476 abeo
1010 421 1213 489 aiiquid
1255 431 1461 491 peteret
1510 430 1705 490 pectus
1758 418 1863 474 sibi
1900 421 1945 480 Α
1976 420 2307 475 instructum
2350 417 2616 470 exercitu.
2649 412 2840 468 Castra
2872 411 3040 483 igitur
3069 419 3370 478 posuerunt
3396 426 3555 464 exer-

292 515 513 581 pulsare
542 516 746 567 soleret
802 526 866 567 ac
891 512 1109 568 dicere:
1171 509 1304 578 lino,
1360 514 1605 569 exhibito
1636 512 1731 567 tibi
1774 513 1873 566 lio-

294 615 451 658 nore.
482 601 644 656 Anno
670 601 965 659 chalifatus
1000 602 1369 659 AlMoktaderi
1404 604 1567 659 tertio
1598 602 1875 658 constitu-

291 699 385 748 tus
414 702 500 748 est
536 692 643 747 Leo
682 694 992 762 patriarcha
1024 692 1577 765 Hierosolymltanus,
1628 693 1722 762 qui
1778 706 1876 745 an-

293 797 400 837 nos
430 784 818 850 septemdecim
848 784 1011 847 sedit,
1057 781 1186 839 dein
1227 790 1477 837 mortuus
1508 788 1613 836 est.
1645 779 1787 847 Quin
1820 786 1874 833 et

292 873 655 941 conﬂagravit
689 872 1036 929 Alexandria
1086 875 1319 929 ecclesia
1355 887 1553 943 magna
1603 886 1727 942 qua:
1782 869 1874 922 Ai-

291 966 547 1021 Kaisaria
611 964 900 1039 [Cesaria]
942 968 1211 1035 appellata
1245 976 1353 1030 est,
1386 964 1760 1037 templumque
1793 962 1880 1017 fu-

292 1065 415 1113 erat
455 1056 602 1125 quod
654 1056 945 1125 Cleopatra
998 1055 1186 1124 regina
1236 1055 1477 1109 Saturno
1516 1068 1735 1111 sacrum
1786 1067 1881 1105 ex-

291 1158 595 1212 struxerat,
648 1148 733 1203 die
768 1148 933 1212 im,
963 1150 1130 1203 tertio
1173 1149 1377 1202 mensis
1418 1145 1680 1210 Shawali,
1714 1159 1861 1199 anno

294 1241 711 1299 trecentesimo.

368 1332 447 1389 Eo
488 1349 633 1389 anno
669 1347 859 1389 mense
906 1331 1077 1388 Rabia
1124 1333 1430 1402 posteriore
1483 1332 1638 1389 misit
1674 1331 1877 1390 Obaid-

297 1425 447 1482 ailait
493 1425 784 1496 quemdam
818 1441 851 1481 e
891 1424 1129 1481 ducibus
1161 1426 1298 1488 suis,
1348 1426 1569 1480 nomine
1599 1424 1875 1489 Habbasa,

295 1516 488 1573 multis
516 1517 845 1572 instructum
880 1517 1077 1587 copiis,
1114 1519 1206 1589 qui
1241 1518 1467 1573 Barkam
1505 1521 1690 1591 cepit',
1722 1528 1873 1587 terga

292 1610 376 1665 illi
429 1608 689 1664 dantibus
725 1609 785 1665 Al
834 1607 1156 1670 ltoktaderl.
1202 1613 1299 1679 qui
1334 1611 1403 1667 ibi
1450 1619 1610 1667 erant
1674 1610 1870 1681 copiis.

293 1701 460 1775 5M
483 1702 621 1759 Tum
646 1705 1035 1762 Alexandriam
1066 1708 1367 1779 profectum
1398 1723 1577 1777 pugna
1606 1707 1678 1762 ibi
1706 1721 1866 1764 exce-

294 1802 498 1866 perunt
512 1796 573 1851 ΔΙ
598 1796 891 1853 Moltatderi
914 1775 1213 1866 exercitus,
1241 1775 1441 1869 quibus
1466 1775 1519 1854 in
1548 1800 1729 1870 fugam
1760 1814 1880 1855 vero
1908 1775 1950 1832 Β

297 1888 382 1943 sis
410 1889 798 1944 Alexandriam
830 1894 993 1956 repit.
1022 1891 1167 1948 Misit
1189 1895 1355 1948 etiam
1382 1910 1411 1947 e
1437 1893 1551 1949 suis
1575 1892 1876 1948 exercitum

1974 515 2115 572 citus
2151 514 2203 567 in
2231 514 2293 567 Al
2323 510 2505 576 iisab;
2543 517 2672 563 tunc
2713 516 2897 562 autem
2932 508 3000 560 ait
3034 502 3399 559 Oliaidallalto
3422 518 3555 556 ceu-

1976 615 2086 657 tunt
2130 618 2294 657 naves
2331 599 2545 655 bellicis
2596 600 2790 654 usibus
2838 604 3078 666 paratas;
3126 609 3358 662 quarum
3398 608 3554 649 octo.

1975 698 2124 768 ginta
2178 711 2366 751 earum
2422 709 2563 759 quas
2604 693 2665 745 Al
2714 689 2909 744 iiomul
2962 684 3292 760 [onerarias]
3334 697 3554 746 vocant.

1974 790 2174 859 viginti
2231 805 2417 849 eurum
2474 801 2613 856 quas
2661 782 2933 839 Asbareui
2968 796 3134 850 :quze
3189 780 3251 831 ad
3313 777 3545 831 Rasltidi
3619 814 3623 816 ὴ

1983 887 2188 942 matula
2230 885 2575 953 appulerunt.
2611 877 2782 948 Cujus
2817 874 2895 930 rei
2933 889 3057 928 cum
3093 872 3314 939 seriptis
3364 869 3559 926 litteris

1978 982 2043 1035 Al
2100 977 2473 1033 ilolttaderum
2528 974 2816 1029 certiorem
2873 966 3093 1025 iecisset
3146 965 3358 1027 Muues,
3408 963 3559 1018 misit

1981 1072 2073 1126 ille
2125 1070 2448 1125 Tltamalum
2504 1064 2821 1121 eunuchum
2876 1076 3002 1117 cum
3064 1060 3297 1112 navibus
3349 1057 3561 1112 bellicis

1983 1163 2409 1234 quinquaginta.
2482 1162 2795 1216 Occurrens
2863 1168 2996 1226 ergo
3061 1154 3199 1223 ipsis
3262 1151 3563 1206 Thamalus

1983 1255 2148 1329 508
2195 1270 2368 1311 naves
2397 1268 2588 1308 eorum
2629 1250 2942 1307 cout’ractas
2994 1247 3262 1309 incendit,
3310 1244 3566 1315 plurimis

1976 1347 2218 1419 ipsorum
2245 1348 2404 1404 casis
2431 1358 2484 1402 et
2513 1345 2846 1411 submersis,
2879 1342 3067 1397 multis
3099 1344 3263 1395 etiam
3295 1340 3349 1392 iu
3388 1338 3556 1393 tidem

1976 1441 2149 1511 recipi
2207 1453 2269 1495 se
2314 1438 2649 1511 petentibus.
2696 1451 2794 1491 eos
2824 1443 3006 1490 autem
3040 1434 3132 1503 qui
3182 1434 3234 1487 in
3279 1432 3435 1487 iidem
3473 1445 3561 1483 re-

1972 1532 2117 1602 cepti
2174 1530 2416 1596 fuerant,
2484 1530 2538 1585 in
2581 1527 2876 1599 Egyptum
2936 1526 3133 1582 misit:
3185 1524 3388 1593 quibus
3426 1524 3565 1576 dix't

1970 1624 2207 1696 populus
2243 1640 2262 1678 :
2302 1622 2561 1694 Quisquis
2623 1619 2790 1677 fuerit
2842 1635 2873 1675 e
2917 1620 3069 1671 vobis
3135 1617 3552 1678 Cetltamcnsis,

1970 1711 2027 1773 1‘e
2054 1731 2085 1771 ι
2120 1713 2408 1779 Siciliotis,
2454 1713 2733 1770 Africanis
2783 1721 2838 1767 et
2884 1710 3240 1779 Tripolitanis
3290 1713 3565 1778 segreget.

1979 1807 2115 1861 Cum
2146 1806 2506 1862 secessissent
2537 1820 2666 1873 ergo
2695 1803 2760 1857 Al
2791 1802 3168 1863 Cetamcnses,
3204 1799 3295 1870 qui
3329 1804 3564 1854 numero

1980 1897 2122 1953 ultra
2178 1897 2505 1968 quingentos
2554 1905 2735 1957 erant,
2770 1895 2987 1947 irruens
3036 1893 3090 1947 in
3127 1894 3276 1961 ipsos
3308 1891 3566 1960 populus.

291 1981 584 2053 quemdam
634 1983 699 2036 Al
746 1983 1087 2054 Pbayumum
1124 1994 1175 2039 et
1227 1986 1286 2038 Al
1322 1983 1629 2040 Babnasam
1674 2000 1879 2056 easque
1974 1991 2100 2047 illos
2130 1990 2250 2045 loco
2293 1991 2386 2062 qui
2417 1989 2655 2044 Amakas
2692 1988 2915 2052 dicitur,
2952 1988 3101 2040 caede
3153 1984 3468 2050 turpissima
3502 1997 3568 2038 ac

292 2073 465 2145 cepit.
521 2073 693 2140 Cujus
750 2075 826 2129 rei
876 2089 1002 2129 cum
1054 2092 1152 2145 per
1199 2077 1411 2133 litteras
1457 2074 1875 2133 Obaidallabnm
1975 2082 2280 2141 fmdissima
2321 2083 2485 2139 simul
2535 2098 2566 2137 e
2616 2080 2795 2137 medio
2842 2080 3087 2135 sustulit.
3146 2078 3341 2131 Mansit
3383 2086 3565 2132 autem

293 2162 591 2218 certiorem
639 2163 887 2229 fecessit,
934 2164 1085 2220 misit
1113 2166 1228 2239 ipse
1260 2166 1326 2220 ad
1358 2182 1485 2221 eum
1513 2166 1684 2222 ﬁlium
1714 2182 1875 2222 suum

1985 2175 2175 2232 Hunos
2220 2176 2511 2231 eunuchus
2544 2190 2667 2229 cum
2700 2172 2874 2242 copiis
2906 2172 3021 2226 suis
3050 2173 3105 2225 in
3143 2171 3201 2223 Al
3234 2169 3384 2224 lizab
3414 2169 3570 2222 hien-

290 2253 725 2311 Abulkasemum
772 2256 862 2323 (in
914 2256 1023 2311 alio
1065 2259 1361 2327 exetuplari
1422 2259 1621 2314 dicitur
1661 2258 1876 2316 Abdor-
1972 2268 2087 2332 nio,
2115 2266 2257 2322 vallo
2284 2266 2585 2322 exercitum
2615 2265 2885 2318 munitum
2958 2262 3183 2315 habens.
3228 2256 3568 2315 AbulKascm

301 2346 655 2410 raltmannm,
687 2363 814 2403 cum
839 2348 1087 2404 exercitu
1118 2351 1391 2421 magnoin
1423 2352 1702 2420 suppetias
1727 2352 1876 2409 Hab-
1973 2366 2156 2414 autem
2182 2355 2533 2412 Alexandriae
2563 2353 2784 2415 mansit.
2813 2361 2975 2421 atque
3006 2350 3134 2405 inde
3162 2348 3223 2405 Al
3252 2347 3565 2418 Pliaymnm

299 2438 484 2507 haste)
544 2436 664 2493 Fuit
698 2446 883 2493 autem
932 2441 1220 2509 praefectus
1249 2439 1468 2513 Ευριί
1503 2443 1707 2497 Toccin
1736 2443 1879 2499 Cha-

297 2531 559 2595 selensis,
609 2530 674 2584 ad
728 2547 887 2597 quem
951 2532 1098 2587 misit
1126 2534 1191 2586 Al
1246 2532 1525 2589 lloktsder
1573 2537 1633 2589 Al
1677 2536 1876 2593 [issem

296 2621 415 2677 Ebn
465 2624 651 2687 Samo,
687 2638 795 2676 una
823 2639 947 2676 rum
982 2625 1217 2679 ducibus
1247 2626 1487 2695 aliquam
1526 2630 1736 2694 multis,
1772 2642 1875 2685 nec

292 2731 404 2772 non
445 2715 733 2770 Munasum
779 2718 1120 2782 eunt-thum,
1150 2725 1207 2773 et
1250 2717 1538 2787 ﬂawaum,
1584 2736 1739 2791 opem
1801 2723 1877 2781 illi

296 2808 538 2865 laturos.
585 2806 650 2864 ili
688 2808 741 2863 in
781 2809 994 2864 Allizab
1037 2808 1266 2878 protecti
1307 2814 1568 2883 populum
1610 2816 1674 2866 ad
1720 2816 1877 2871 ausi-

292 2898 428 2954 lium
475 2910 873 2956 convocarunt.
925 2915 1163 2972 quorum
1196 2900 1263 2957 ad
1295 2901 1445 2971 ipsos
1476 2906 1643 2959 armis
1674 2904 1880 2963 instru-

292 2992 367 3047 cti
397 3004 781 3050 convenerunt
808 2995 1032 3053 circiter
1059 2998 1269 3053 centies
1301 2996 1469 3054 mille.
1500 2997 1711 3051 UUibllS
1742 3012 1867 3051 cum

1977 2449 2262 2521 profectus
2315 2458 2420 2505 est.
2475 2445 2713 2518 Scripsit
2762 2459 2896 2513 ergo
2930 2442 3121 2497 Mimos
3169 2439 3460 2495 eunuclms
3491 2438 3563 2495 ad

1984 2543 2309 2600 Tltamalum
2353 2542 2695 2607 eunuchum,
2730 2546 2791 2594 ut
2839 2553 2963 2591 rum
3007 2535 3241 2591 navibus
3288 2534 3406 2590 suis
3438 2534 3567 2588 Alco

1983 2636 2271 2690 xandtiam
2308 2634 2502 2688 adiens
2528 2634 2745 2703 (neque
2775 2630 2920 2685 enim
2955 2628 3301 2684 Alexandria:
3349 2632 3506 2681 erant
3531 2639 3565 2681 θ

1979 2728 2154 2798 copiis
2180 2725 2569 2793 Abulliascmi,
2596 2734 2796 2795 prater
2817 2730 3089 2778 trecentos
3119 2719 3346 2773 circiter
3370 2715 3566 2786 viros),

1980 2822 2102 2890 ejus
2148 2819 2356 2875 incolas
2400 2826 2735 2888 asportaret,
2778 2830 2880 2872 nec
2923 2827 3253 2883 queniqnam
3300 2811 3372 2865 ibi
3408 2809 3569 2864 babi-

1983 2919 2104 2966 tare
2137 2909 2359 2967 sineret.
2408 2908 2798 2965 Alexandriam
2848 2923 2981 2978 ergo
3026 2921 3195 2961 naves
3227 2919 3365 2959 suas
3400 2901 3574 2956 adtin-

1978 3018 2110 3056 cens
2139 2999 2456 3058 Thamalus.
2494 3015 2591 3069 per
2637 3013 2942 3070 praeconem
2987 2996 3218 3053 monuit.
3246 2998 3292 3052 si
3326 3001 3569 3049 maneret

294 3082 633 3157 [llabbasatt]
668 3101 788 3140 cum
823 3087 1001 3157 c0piis
1038 3089 1156 3144 suis
1183 3086 1238 3141 in
1280 3103 1572 3143 occttrsum
1607 3090 1875 3151 venisset,
1907 3112 1951 3171 ο
1989 3092 2335 3146 Alexandriae
2375 3100 2494 3159 post
2530 3091 2772 3151 triduum
2824 3090 3123 3159 quispiam.
3171 3104 3231 3144 se
3280 3086 3353 3143 illi
3403 3092 3571 3156 caput

299 3178 426 3246 ipsi,
461 3178 578 3233 acie
610 3178 898 3241 instructa,
923 3195 1102 3252 pugna
1137 3182 1320 3248 ipsum
1344 3192 1868 3251 exceperunt,com-

295 3269 647 3340 missumque
680 3279 766 3326 est
805 3273 947 3327 inter
990 3275 1140 3340 ipsos
1188 3273 1436 3343 praelium
1486 3272 1608 3327 loco
1632 3275 1869 3341 quodam

297 3364 491 3420 insula:
516 3381 638 3434 qua!
659 3365 845 3420 Ardol'
864 3366 1122 3420 Clmmsin
1147 3363 1313 3437 [terra
1337 3361 1870 3435 quinquageuorum]

291 3454 469 3509 audit.
505 3456 561 3509 in
600 3457 784 3525 fugam
833 3468 1017 3511 autem
1065 3471 1259 3511 versus
1290 3464 1375 3511 est
1418 3452 1669 3510 Habbasa
1715 3453 1872 3509 caesis

294 3549 592 3605 comitibus
632 3548 806 3615 ipsius
835 3548 1134 3616 peditibus.
1167 3563 1309 3617 quos
1341 3548 1621 3601 insecutus
1654 3555 1739 3601 est
1772 3561 1871 3615 po-

292 3642 460 3711 pulus
491 3656 507 3695 :
540 3653 590 3694 at
623 3639 699 3693 illi
729 3642 781 3693 in
815 3642 1076 3709 populum
1113 3640 1291 3696 denuo
1314 3640 1566 3693 cauvorsi
1591 3654 1873 3708 quascun-

292 3750 404 3803 que
435 3733 630 3790 obvios
661 3734 970 3790 italmcrnut
1002 3734 1349 3789 interici-ere.
1378 3734 1535 3798 Quod
1568 3747 1695 3787 cum
1736 3742 1875 3785 tent-

294 3840 431 3897 pore
472 3825 789 3893 vespertino
829 3826 1177 3894 contigisset,
1204 3825 1425 3879 diremit
1456 3840 1552 3879 eos
1578 3839 1706 3877 nos.
1733 3821 1872 3879 Cresi

297 3923 479 3971 autem
513 3923 646 3971 sunt
672 3931 704 3970 e
736 3916 939 3985 populo
965 3917 1190 3971 circiter
1222 3916 1392 3969 vicies
1422 3914 1569 3969 mille
1594 3932 1609 3979 ;
1637 3930 1702 3971 es
1731 3915 1875 3971 Hab-

294 4005 446 4061 baste
476 4006 740 4061 militibus
768 4008 953 4062 decies
982 4006 1133 4062 mille
1157 4022 1175 4061 :
1210 4008 1525 4075 reversique
1550 4016 1680 4062 sunt
1710 4007 1875 4062 Obsi-

294 4098 647 4153 dallabisocii
699 4105 898 4164 noctu;
930 4099 1188 4169 populum
1217 4096 1569 4170 505-507
1598 4113 1723 4153 vero
1744 4114 1876 4154 con-

302 4197 572 4243 vocarunt
614 4202 919 4257 pt'ecoucs.
947 4186 1131 4244 Rediit
1157 4204 1287 4260 ergo
1333 4189 1473 4244 Atul
1500 4188 1697 4245 Kasem
1746 4206 1873 4245 cum

293 4279 597 4362 comitibus
628 4290 682 4335 et
717 4282 891 4349 c0piis
933 4282 1053 4337 suis
1082 4283 1139 4337 in
1182 4280 1553 4337 occidentem.
1587 4281 1760 4336 Porro
1809 4281 1876 4337 Ai

296 4369 584 4426 Ilolnudor
606 4369 691 4426 Ali
722 4372 838 4425 Ebn
867 4370 1210 4427 Molmmmed
1237 4371 1353 4427 Ebn
1381 4372 1727 4432 Obaidaliab.
1758 4374 1872 4428 Elin

1999 3192 2432 3250 amputaturum.
2488 3180 2753 3236 Homines
2789 3196 2919 3248 ergo
2979 3180 3168 3237 relicta
3224 3178 3571 3249 supellectile

1984 3288 2107 3337 sua,
2140 3288 2193 3329 et
2222 3290 2344 3343 quas
2372 3256 2740 3343 possederunt
2762 3272 3040 3338 omnibus,
3064 3269 3381 3343 clausisque
3408 3270 3570 3326 ostiis

1989 3369 2130 3431 suis,
2162 3365 2369 3435 egressi
2401 3374 2533 3419 sttnt
2583 3364 2916 3419 Alexandria
2952 3363 3125 3419 instar
3154 3377 3346 3418 eorum
3378 3364 3471 3433 qui
3508 3378 3568 3418 se

1981 3456 2293 3512 oblectandi
2308 3456 2479 3525 gratia
2500 3457 2890 3524 egrediuntur:
2914 3453 3249 3523 abduxitque
3267 3453 3337 3521 ip-
3352 3452 3574 3508 os’l‘ha-

1984 3551 2167 3602 malus
2194 3546 2427 3602 navibus
2457 3548 2509 3601 in
2539 3547 2794 3606 insulam,
2826 3562 2949 3616 quae
2980 3546 3159 3599 insula
3189 3545 3435 3600 Abuk'iir
3465 3560 3569 3613 ap-

1980 3638 2215 3707 pellatur
2240 3654 2255 3691 :
2285 3635 2553 3691 submersi
2574 3648 2750 3690 autent
2775 3647 2905 3691 sunt
2931 3654 2994 3689 ex
3017 3638 3049 3697 ει
3072 3639 3151 3691 εἰ
3174 3636 3225 3689 in
3248 3634 3370 3690 Nilo
3387 3634 3567 3690 multi.

1981 3727 2335 3800 δυο-51],
2396 3727 2684 3783 Perierunt
2738 3729 2903 3782 etiam
2945 3743 3136 3783 eorum
3196 3725 3337 3781 fama
3362 3736 3417 3778 et
3455 3727 3569 3791 siti,

1986 3818 2044 3874 iu
2098 3819 2251 3889 pagis
2279 3828 2336 3874 et
2365 3818 2630 3881 Pltostali,
2664 3821 2809 3873 ultra
2836 3817 3071 3873 ducenta
3103 3824 3342 3871 virorum
3374 3832 3477 3887 pus
3506 3832 3573 3873 o-

1990 3928 2111 3967 rum
2140 3922 2195 3968 et
2220 3912 2508 3968 mulierum
2537 3912 2731 3969 millia.
2756 3910 3067 3980 Mansitque
3097 3912 3249 3965 locus
3270 3909 3569 3974 desolatus,

1991 4003 2209 4057 nemine
2271 4005 2324 4058 in
2378 4006 2496 4073 ipso
2544 4016 2814 4059 manente.
2844 4001 2996 4058 Fecit
3049 4010 3228 4056 autem
3279 4003 3381 4057 itoc
3428 3999 3573 4057 Tita-

1992 4092 2194 4155 malus.
2225 4108 2295 4149 ne
2329 4094 2395 4147 Al
2432 4092 2717 4165 Pbayumo
2760 4092 2979 4149 rediens
3015 4091 3362 4148 AbulKasem
3396 4093 3573 4146 locum

1997 4184 2273 4239 inveniret
2306 4186 2397 4240 ubi
2436 4187 2678 4256 hospitio
2722 4189 3088 4257 exciperetur.
3146 4184 3352 4241 Deinde
3385 4185 3575 4240 Mones

1985 4278 2274 4334 eunuchus
2306 4278 2559 4334 collectis
2609 4278 2807 4349 copiis,
2859 4291 3053 4334 contra
3103 4277 3258 4333 illum
3310 4277 3373 4331 Al
3424 4277 3567 4331 Ριιςι-

1988 4370 2138 4438 yumi
2171 4380 2479 4424 manentem
2530 4370 2814 4440 prodiens,
2850 4369 3029 4441 ipsum
3068 4369 3122 4423 in
3158 4370 3342 4437 fugam
3383 4369 3567 4429 vertit,

297 4462 557 4534 Ystiyyze,
608 4463 725 4519 Ebtt
756 4464 1020 4521 Cbakano
1051 4468 1249 4528 iratus.
1277 4468 1367 4523 die
1414 4466 1746 4525 bloltarrami
1776 4469 1876 4522 de-
1914 4478 1958 4533 ι)
1988 4462 2148 4517 Caesis
2194 4462 2371 4533 ipsius
2406 4462 2726 4523 comitibus.
2764 4470 2820 4516 et
2856 4461 3086 4532 direptis
3140 4474 3331 4515 eorum
3371 4458 3572 4529 opibus

297 4558 446 4611 cimo
501 4569 647 4609 anno
703 4558 1117 4622 trecentesimo,
1154 4559 1334 4623 primo
1396 4555 1714 4629 [vlzicrtun]
1771 4559 1875 4611 sibi

302 4648 532 4703 adscivit
558 4647 702 4701 Aiitn
744 4646 915 4702 Ebuol
949 4647 1179 4710 larrabi,
1211 4663 1341 4717 squo
1372 4665 1566 4704 rursus
1597 4648 1877 4715 abdicato,

306 4756 496 4796 mense
522 4741 624 4796 Dtll
661 4740 828 4795 "sine
864 4756 1010 4805 anno
1063 4747 1449 4824 trecentesimo
1499 4746 1687 4808 tertio,
1733 4744 1876 4797 Alitu

301 4843 420 4898 Ebn
456 4840 827 4906 Mobammvd,
871 4838 1045 4893 Ebnol
1086 4836 1317 4903 llosaui,
1366 4836 1539 4893 Ebuol
1580 4833 1807 4899 l’borut,
1850 4849 1882 4888 c

297 4950 525 4989 carcere
557 4933 813 4990 eductum
852 4934 1113 4985 vizierum
1155 4932 1468 4995 constituit;
1500 4927 1697 4982 deinde
1728 4926 1885 4980 abdi-

300 5039 483 5083 catum
515 5042 738 5083 rursum
767 5026 821 5079 in
854 5040 1131 5079 carcerem
1160 5022 1420 5093 coniecit,
1449 5036 1637 5076 mense
1662 5018 1880 5073 lomada

305 5119 499 5191 priori,
547 5134 693 5171 anno
729 5118 1114 5173 trecentesimo
1149 5122 1367 5183 quarto,
1397 5114 1452 5167 iu
1500 5126 1699 5167 munus
1748 5110 1882 5165 illud

317 5214 550 5272 Sttii't'cto
591 5210 799 5267 Hatuetl
837 5209 1011 5265 Ebttol
1046 5208 1269 5262 Abbusi.
1310 5209 1471 5261 Antio
1504 5204 1890 5259 trecentesimo

300 5310 560 5378 septimo,
583 5306 806 5360 veniens
824 5318 888 5355 ex
907 5302 1187 5357 occidente
1203 5295 1888 5369 AbulkaschObaidalialii

303 5402 449 5455 illius
493 5416 618 5453 cunt
667 5398 872 5451 centies
919 5394 1067 5447 mille
1116 5392 1247 5448 viris
1279 5390 1667 5446 Alexandriam
1725 5396 1889 5456 cepit,

308 5495 452 5546 unde
486 5501 632 5544 metu
668 5486 1009 5544 cmisterunti
1054 5493 1182 5538 sunt
1218 5483 1437 5554 [Egypti
1476 5484 1691 5536 incute.
1735 5482 1889 5547 Cepit

302 5588 466 5641 etiam
500 5585 563 5639 Al
590 5585 926 5653 Plutyumum
951 5592 1004 5634 ct
1028 5580 1087 5631 Al
1129 5580 1527 5637 Ilalittasatu,et
1560 5574 1791 5628 insulam
1824 5573 1891 5628 Ai

305 5675 628 5731 Altsmarin.
656 5674 827 5742 Cujus
865 5673 943 5725 rei
976 5670 1119 5723 fama
1151 5683 1277 5722 cum
1308 5671 1375 5720 ad
1410 5666 1474 5720 Al
1507 5662 1883 5720 Iluktadcrum

310 5767 678 5832 pervenisset,
710 5764 858 5821 misit
898 5764 986 5819 ille
1018 5761 1303 5817 Alunesum
1336 5761 1647 5816 eunuchum
1685 5770 1883 5827 magno

1975 4554 2299 4624 ueterisque
2343 4569 2466 4623 quae
2500 4553 2773 4607 habebant
2802 4554 3080 4608 omnibus.

2059 4646 2300 4718 Fugiens
2328 4660 2459 4714 ergo
2507 4643 2850 4701 AbulKasem
2882 4661 3007 4700 cum
3034 4643 3226 4699 amicis
3261 4644 3378 4700 suis
3413 4642 3570 4698 Kira-

1985 4755 2206 4796 vranum
2240 4756 2301 4795 se
2327 4738 2598 4806 contulit;
2644 4739 2809 4808 idque
2841 4753 3030 4793 mense
3064 4736 3147 4793 Dii
3186 4735 3375 4806 Hajjaz,
3426 4750 3573 4788 anno

1985 4832 2371 4887 trecentesimo
2417 4841 2635 4894 octavo,
2673 4838 2797 4899 post
2831 4830 2975 4899 quod
3003 4844 3131 4884 cum
3172 4829 3312 4883 duos
3347 4842 3566 4889 menses

1982 4924 2320 4981 substitisset
2350 4923 2537 4978 Mones
2572 4924 2883 4984 eunuchus,
2928 4921 3240 4993 Bagtladum
3283 4918 3454 4990 petiit.
3486 4934 3571 4971 re-

1986 5016 2120 5070 licui
2177 5019 2229 5071 in
2284 5015 2524 5087 Egypto
2578 5016 2770 5071 ileiaio
2824 5013 2937 5069 Ebn
2995 5014 3190 5068 Badar.
3240 5010 3569 5066 Alexandria

1990 5120 2198 5177 autem,
2240 5126 2364 5166 cum
2415 5109 2620 5165 reversi
2658 5120 2847 5165 essent
2878 5117 3145 5179 quotquot
3185 5104 3574 5174 superfuerunt

1988 5219 2053 5258 ex
2098 5203 2272 5274 ipsius
2319 5202 2534 5267 incolis,
2575 5218 2640 5257 ea
2704 5203 2901 5257 iterum
2941 5202 3084 5255 culta
3128 5210 3228 5256 est.
3266 5200 3436 5253 Porro
3467 5196 3575 5252 Leo

1997 5298 2307 5365 imperator
2335 5297 2529 5349 morbo
2555 5295 2706 5366 gravi
2744 5305 3052 5364 correptus,
3086 5308 3211 5347 cum
3249 5293 3574 5347 moriturum

2001 5403 2061 5441 se
2103 5388 2343 5451 timeret,
2382 5387 2629 5453 mittens,
2662 5386 2944 5441 Nicolaum
2986 5384 3378 5456 patriarcltam,
3413 5395 3573 5451 quem

1989 5480 2110 5533 loco
2143 5486 2409 5543 moverat,
2440 5480 2751 5543 accersivit.
2822 5479 2995 5547 ipsius
3041 5478 3268 5547 gratiam
3301 5475 3571 5537 ambiens,

1992 5588 2054 5627 ac.
2086 5573 2266 5642 ipsum
2347 5574 2623 5628 cathedra:
2686 5573 2951 5638 restituit,
3024 5579 3237 5626 semoto
3310 5567 3569 5621 Antliiuio

1992 5662 2329 5731 patriarcha,
2363 5679 2525 5733 quem
2572 5664 2641 5718 ad
2686 5663 3080 5718 monasteriqu
3112 5660 3383 5731 quoddam
3418 5658 3567 5711 Cun-

1994 5758 2543 5828 stuntinopolilanum
2586 5773 2644 5815 se
2685 5758 2931 5828 recipere
2961 5757 3159 5823 juSsit;
3198 5769 3248 5808 ιιι
3300 5768 3407 5823 quo
3440 5764 3561 5807 cum
