3980 6152
453 218 588 286 1151

439 718 642 771 annos,
696 710 818 766 dein
873 714 1035 788 512
1091 737 1343 783 mortuos
1369 743 1473 797 est,
1517 710 2013 816 succedente'ipsi

438 794 809 859 Constantino
836 807 1033 867 Leonis
1062 814 1192 882 lilio,
1224 823 1317 888 qui
1350 837 1525 882 annos

437 885 629 956 viginti
683 900 794 949 tres
827 894 943 965 (vel
988 885 1296 962 secundum
1338 913 1485 969 aliud

442 981 549 1035 cini
570 985 612 1051 ).
643 984 815 1056 Cujus
871 1004 1069 1061 mater,
1126 1004 1349 1061 nomine
1405 1010 1486 1064 Au

447 1071 889 1136 administrabat.
952 1084 1099 1143 Misit
1146 1104 1327 1151 autem
1388 1116 1481 1156 rex
1528 1071 1884 1179 Bulgarortim
1943 1117 2009 1173 ad

433 1161 855 1225 Constantinum
902 1173 1275 1240 Rmuanorum
1320 1161 1729 1266 intrperatorgm,
1761 1214 2011 1265 sororem

433 1255 609 1324 ipsius
636 1260 745 1314 ﬁlio
768 1278 873 1318 suo
916 1267 971 1323 in
1014 1286 1236 1329 uxorem
1287 1296 1549 1353 poscens;
1605 1290 1658 1345 in
1684 1310 1818 1363 quo,
1862 1315 2009 1369 cum,

434 1364 547 1404 non
622 1369 891 1413 annueret
954 1363 1059 1433 ipsi
1125 1366 1552 1446 Constantinus,
1618 1384 1788 1441 multa
1863 1363 2010 1449 inter

434 1442 583 1512 ipsos
628 1452 924 1508 commissa
967 1468 1096 1512 sunt
1123 1464 1329 1530 praelia.
1367 1468 1500 1523 Cum
1536 1442 1668 1547 ergo
1692 1480 1829 1536 bella
1868 1497 2011 1545 inter

432 1533 586 1604 ipsos
628 1542 938 1598 continuari
987 1549 1198 1607 videret
1230 1552 1489 1618 Nicolaus
1529 1533 1862 1642 palriarcha,
1891 1593 2005 1633 me-

433 1637 600 1683 tuens
626 1647 693 1685 ne
720 1650 777 1688 se
804 1647 995 1697 mutuo
1024 1645 1333 1715 perderent,
1359 1654 1551 1710 ducem
1580 1637 1875 1729 quemdam
1903 1686 2005 1727 no-

429 1721 578 1777 mine
623 1722 946 1795 Domitium,
990 1736 1263 1793 adscitum
1289 1721 1730 1810 Constantinoin
1771 1758 2002 1830 imperio

430 1810 865 1874 administrando
913 1824 1200 1893 adiunxit;
1250 1832 1527 1907 ﬁliamque
1570 1810 2004 1909 Domitiiwarece:

424 1911 599 1972 ptam,
644 1909 1007 1969 Constantino
1058 1921 1111 1973 in
1165 1938 1389 1981 uxorein
1439 1931 1590 1988 dedit
1629 1956 1646 1993 :
1687 1939 2002 2017 factumque

426 2008 515 2052 cst
566 2011 624 2055 ut
674 2012 815 2067 tres,
857 2009 1065 2066 scilicet
1110 2013 1540 2090 Constantinus,
1590 2008 2000 2101 Domitiusiet

424 2088 859 2163 Christophorus
898 2100 1117 2159 Domitii
1165 2107 1330 2177 lilius,
1359 2088 1728 2178 Romanorum
1765 2088 1999 2198 impera-

426 2189 577 2239 tores
618 2189 1015 2263 saiutarcntur,
1042 2214 1105 2251 ac
1130 2201 1292 2258 simul
1322 2208 1608 2275 imperium
1646 2189 1997 2278 moderaren-

426 2282 534 2329 tur.
585 2277 925 2351 Domitioque
956 2289 1120 2344 liliam
1167 2309 1325 2349 suam
1372 2293 1727 2370 Bulgarorum
1772 2314 1883 2383 regi
1936 2316 1994 2373 in

421 2378 645 2421 uxorem
676 2372 862 2437 dante.
910 2394 1199 2440 cessarunt
1243 2389 1390 2444 inter
1418 2395 1569 2463 ἔρεθε
1606 2400 1768 2458 bella.
1821 2372 1995 2463 Son-0

414 2456 766 2517 Almoctader
790 2467 993 2523 viaiero
1014 2470 1385 2555 [consiliario]
1426 2456 1791 2554 suojlamedo

416 2550 608 2620 Abasi,
648 2556 841 2624 iratus,
882 2562 1064 2632 ipsum
1111 2582 1285 2628 morte
1312 2550 1561 2633 multavit
1603 2599 1792 2644 mense
1819 2587 1992 2649 Rabia

416 2645 623 2714 priore,
698 2666 848 2707 anno
917 2665 1311 2720 trecentesimo
1378 2669 1595 2730 decimo
1657 2680 1858 2748 primo,
1936 2697 1993 2743 et

414 2737 557 2791 Αηω
635 2738 751 2798 Ebn
827 2745 1038 2804 Abmed
1115 2752 1290 2811 Ebnol
1372 2760 1575 2819 Phor-at
1631 2737 1671 2824 «ζ
1742 2737 1965 2833 cum;

413 2829 694 2894 eductum.
754 2835 1016 2895 vizierum
1084 2848 1397 2916 constituit,
1460 2870 1610 2912 nono
1672 2875 1801 2920 ante
1862 2869 1991 2924 tini-

413 2927 529 2974 tum
563 2923 793 2981 Rabiam
833 2934 1219 3002 posteriorem,
1282 2956 1431 2999 anno
1469 2956 1864 3012 trecentesimo
1889 2974 1990 3015 un.

411 3011 648 3081 decimo,
666 3019 825 3074 tertia
847 3022 962 3090 jam
989 3027 1129 3085 vice.
1146 3029 1455 3093 Moslemini
1478 3052 1659 3098 autem
1679 3046 1883 3107 Ramle
1906 3060 1991 3109 tu-
2017 3079 2064 3140 ο

416 3106 668 3140 nauli-nol:
721 3111 855 3140 ,1.η...
884 3114 1164 3140 ιι-ι-ι-ε..-
1189 3138 1197 3140 _
1246 3139 1251 3140 ,
1386 3128 1399 3140 .
1476 3135 1482 3140 .
1591 3136 1622 3140 _-

415 3106 694 3175 multuati,
720 3111 859 3166 duas
881 3114 1259 3178 Melchitarum
1288 3128 1551 3187 ecclesias
1572 3136 1878 3207 diruerunt,
1909 3106 1985 3199 vi-

410 3194 609 3252 delicet
652 3200 835 3258 Sancti
863 3202 1101 3275 liozmae,
1134 3223 1189 3267 et
1214 3213 1401 3274 Sancti
1428 3220 1638 3293 Cyriaci
1658 3194 1879 3287 necnon
1903 3249 1989 3291 ec-

413 3287 635 3393 clesiam
669 3292 1022 3371 διδ-515
1050 3287 1553 3370 Askelanensem'et
1576 3287 1985 3393 Caesariensem,

410 3377 574 3449 idque
606 3398 788 3441 mense
817 3390 1034 3449 lomada
1069 3401 1393 3469 posteriore,
1435 3420 1576 3463 almo
1609 3418 1987 3475 trecentesimo

409 3475 721 3532 undecimo.
758 3480 869 3546 Qua
916 3487 984 3540 de
1019 3503 1076 3543 re
1100 3506 1225 3546 cum
1282 3493 1575 3553 Christiani
1607 3506 1882 3571 querelam
1917 3509 1986 3565 ad

406 3564 850 3627 Almoctaderum
910 3578 1273 3649 detulissent,
1318 3587 1484 3657 jussit
1535 3564 1639 3647 eos
1680 3595 1988 3657 instaurare

406 3658 551 3725 quod
594 3661 724 3729 ipsis
755 3666 989 3724 dirutum
1031 3671 1232 3730 fuerat.
1282 3677 1550 3737 Concitati
1580 3686 1745 3741 etiam
1780 3689 1985 3749 Mosle—

407 3751 536 3804 mini
571 3751 788 3811 Tennisi
824 3762 1112 3820 ecclesiam
1142 3766 1539 3841 Melchitarum,
1592 3794 1710 3845 quae
1751 3780 1851 3837 fuit
1883 3800 1985 3840 ex-

410 3856 489 3898 tra
520 3864 703 3904 arcem
725 3850 971 3923 Tennisi,
990 3874 1109 3928 qua:
1135 3863 1435 3931 appellatur
1456 3871 1690 3927 ecclesia
1716 3870 1981 3944 Buthaur,

408 3940 736 4009 diruerunt,
808 3964 995 4007 mense
1065 3952 1235 4021 Rajeb
1308 3977 1322 4013 :
1391 3960 1515 4017 dein
1582 3969 1985 4025 exstruentibus

402 4031 728 4091 Christianis
754 4039 953 4097 ibidem
974 4048 1280 4115 ecclesiam,
1307 4066 1430 4107 cum
1459 4071 1578 4109 eam
1604 4073 1771 4128 prope
1801 4063 1985 4117 absol-

405 4123 633 4191 vissent,
661 4128 839 4185 denuo
865 4139 1116 4192 concitati
1148 4139 1428 4198 Mosemiui
1464 4123 1772 4216 illuditiuod
1803 4152 1975 4207 labri-

403 4230 666 4274 caverant
716 4221 951 4280 dirutum
987 4227 1362 4300 incenderunt,
1411 4246 1466 4291 at
1512 4254 1607 4294 rex
1647 4239 1973 4301 Christianis

403 4321 561 4375 opem
617 4311 739 4365 tulit
789 4314 927 4371 adeo
974 4328 1033 4372 ut
1062 4321 1347 4378 ecclesiam
1393 4340 1547 4381 suam
1609 4341 1975 4391 exstruerent.

1486 249 1855 318 EUIYCllil
1888 259 2425 330 ALEXANDRINI
2457 273 2673 339 PATR.

449 339 672 397 biennio
723 348 1041 419 mansisset,
1071 366 1319 415 mortuus
1343 371 1448 418 est.
1498 366 1780 436 Superluit
1830 388 2008 431 autem
2041 379 2083 434 Α
2117 380 2281 437 l‘orro
2320 386 2418 441 fuit
2462 387 2546 443 Ali

450 430 527 484 illi
555 432 666 487 Leo
694 435 1017 508 imperator,
1064 448 1277 515 morbo,
1307 468 1417 522 quo
1452 457 1679 517 allectus
1703 478 1839 532 erat,
1886 468 2032 523 labo—
2135 475 2396 532 Abdollah
2433 482 2598 537 vizier

444 537 576 578 rans
633 544 849 645 mpnscs
880 534 1111 604 aliquot,
1143 540 1266 596 dein
1295 546 1449 603 obiit.
1479 550 1882 629 lmperavitque
1908 573 2029 631 post
2133 579 2243 624 tum
2288 573 2405 640 ejus
2456 576 2780 645 inquireret.

445 612 626 645 in.-.“
704 619 946 645 ).....--_e_
996 626 1018 645 Α-
1084 639 1094 645 .
1215 635 1228 645 .
1305 637 1314 645 .
1454 642 1499 645 -.

445 612 627 684 ipsum
683 617 948 677 llmuaiiis
995 626 1165 685 frater
1213 635 1389 702 ipsius
1438 612 1754 701 Alexander
1785 612 2019 721 'sepicm

2038 1722 2081 1778 Β
2109 1675 2223 1731 Ebn

3594 294 3727 361 “52

2601 392 2712 448 Ebn
2769 394 2869 452 isa:
2909 398 3144 458 Meechze
3167 407 3236 460 ad
3282 423 3443 478 quem
3494 420 3725 486 scripsit

2602 502 2664 539 us
2695 496 2753 541 ut
2795 488 2847 543 in
2876 491 3166 565 Egyptum
3199 501 3479 564 profectus
3518 506 3571 561 in
3614 524 3723 563 sta.

2830 583 2915 637 Ali
2951 600 3083 657 ergo
3118 590 3230 645 Ebn
3276 591 3371 651 isa:
3418 597 3718 670 Egyptum

2129 660 2412 728 ingressus
2461 677 2543 719 cst
2594 669 2749 725 initio
2794 677 3000 731 mensis
3050 679 3220 749 liajeh
3260 703 3274 739 :
3311 688 3399 742 ubi
3430 660 3719 759 prehensis

2129 755 2414 808 monachis
2455 767 2509 810 et
2546 760 2831 830 episcopis,
2881 768 3145 825 tributum
3176 775 3245 828 ah
3295 755 3446 846 ipsis
3475 784 3658 852 exegit
3696 804 3715 839 :

1556 840 1684 886 tunc
1712 846 1875 891 natos
1902 850 2022 895 erat
2125 860 2334 915 nempe,
2364 848 2434 904 ab
2465 854 2714 908 omnibus
2746 865 2857 911 tam
2898 864 3182 921 monachis
3214 883 3372 935 quam
3403 871 3639 929 inlirmis
3663 885 3718 931 et

1524 925 1806 993 exemplar
1844 927 2022 985 trcde-
2122 940 2474 1010 pauperibus,
2511 958 2615 1000 nec
2650 964 2758 1002 non
2807 957 3155 1016 monasteriis
3200 963 3452 1019 omnibus
3490 982 3615 1036 qua:
3660 971 3713 1024 in

1493 1026 1679 1082 gusta,
1728 1021 2015 1091 imperium

2123 1032 2366 1089 inferiori
2399 1047 2551 1106 parte
2579 1042 2819 1109 regionis
2843 1043 2973 1101 Said
3000 1062 3178 1116 erant,
3201 1064 3366 1124 atque
3394 1056 3467 1110 ab
3494 1032 3714 1128 episco-

2116 1125 2201 1193 pis
2230 1134 2282 1181 et
2318 1134 2601 1190 monachis
2633 1137 2802 1204 quiin
2834 1144 3171 1200 monasterio
3208 1146 3371 1202 uina.
3409 1149 3709 1206 Monachu-

2116 1231 2237 1271 rum
2256 1233 2387 1290 ergo
2412 1223 2635 1291 quidam
2664 1225 2898 1285 Erakum
2926 1233 3158 1301 profecti
3189 1237 3259 1292 ab
3282 1239 3346 1292 Al
3386 1239 3709 1298 Moktadero

2114 1321 2270 1375 opem
2316 1312 2607 1381 petierunt,
2650 1322 2743 1389 qui
2779 1322 2998 1393 scripsit
3030 1327 3163 1395 ipsis
3210 1330 3417 1387 litteras
3455 1331 3700 1407 [jubens]

2112 1414 2180 1454 ne
2226 1402 2297 1458 ab
2349 1404 2478 1473 ipsis
2508 1410 2812 1482 exigeretur
2852 1418 3136 1485 tributum,
3169 1432 3331 1489 atque
3365 1402 3559 1481 eodem
3590 1402 3697 1498 quo

2112 1492 2353 1549 solerent
2383 1498 2595 1567 pridem
2621 1519 2787 1560 cursu
2820 1506 3050 1564 lluerent
3084 1528 3173 1569 res
3200 1529 3411 1570 eorum.
3448 1518 3704 1575 Semotoo

2107 1598 2212 1653 que
2241 1601 2272 1640 a
2305 1589 2489 1646 vizieri
2540 1609 2765 1653 munere
2814 1599 3115 1658 Abdollaho
3154 1605 3271 1661 Ebn
3320 1609 3687 1675 llohammed,

2268 1677 2512 1746 Cltakan,
2569 1686 2711 1743 idem
2760 1690 3029 1762 delegavit
3065 1696 3166 1750 Abi
3201 1698 3418 1755 Abhnso
3467 1703 3700 1757 Alitnedi

2106 1770 2223 1826 Ebo
2256 1776 2539 1833 Abdollabi
2572 1777 2687 1836 Ebn
2714 1782 2925 1840 Ahmed
2958 1786 3280 1858 Al-Chasib,
3312 1808 3458 1848 anno
3488 1805 3703 1852 trecen—

2108 1864 2304 1919 tesimo
2334 1866 2546 1923 decimo
2574 1872 2762 1928 tertio.

2177 2000 2347 2060 Porro
2380 2016 2629 2065 mortuus
2664 2021 2751 2069 est
2777 2012 3036 2073 Nicolaus
3072 2018 3384 2102 patriarcha
3412 2022 3695 2080 Constan-

2103 2095 2530 2166 tinopolitanus.
2579 2115 2705 2157 cum
2754 2105 3075 2163 cathedram
3117 2095 3445 2180 occupasset
3512 2129 3694 2172 annos

2102 2187 2327 2260 triginta
2360 2199 2495 2260 tres,
2523 2195 2824 2252 constituto
2855 2209 2983 2268 post
3031 2199 3213 2269 ipsum
3262 2200 3551 2274 Stephano
3589 2206 3687 2279 qui

2100 2281 2386 2338 eunuchus
2421 2281 2549 2351 fuit,
2589 2286 2842 2357 quicum
2889 2300 3006 2347 tres
3052 2308 3225 2350 annos
3260 2297 3498 2353 sedisset
3544 2315 3697 2354 mor-

2102 2379 2228 2427 tuus
2250 2381 2355 2429 est.
2399 2376 2668 2445 Apparuit
2701 2390 2884 2436 autem
2917 2382 2971 2438 in
3014 2378 3255 2455 Egypto
3290 2388 3445 2441 stella
3479 2404 3686 2460 magna

2096 2465 2269 2520 radiis
2306 2465 2548 2533 dilfusis,
2594 2484 2767 2528 cursu
2827 2472 3027 2540 veloci,
3084 2484 3142 2530 et
3195 2477 3457 2532 scintillis
3514 2480 3693 2549 ipsam

2098 2557 2481 2625 sequentibus,
2518 2574 2621 2615 nec
2652 2577 2758 2617 non
2790 2561 3010 2618 llamma
3037 2566 3289 2629 terribili,
3329 2584 3533 2637 magno
3561 2587 3693 2624 cor-

2099 2656 2264 2714 pore,
2311 2651 2499 2704 colore
2543 2650 2841 2708 admodum
2890 2654 3160 2721 rubente,
3220 2670 3251 2709 a
3307 2663 3695 2728 septentrione

2095 2739 2360 2795 orientem
2412 2756 2611 2799 versus
2663 2743 2933 2811 tendens,
2994 2747 3188 2805 hastas
3245 2765 3386 2818 pene
3453 2755 3692 2821 triginta

2097 2831 2285 2904 longa,
2352 2832 2513 2891 binas
2563 2834 2699 2902 lata,
2757 2836 2937 2894 instar
2965 2840 3276 2909 serpentis;
3325 2844 3491 2911 idque
3531 2850 3691 2901 occi-

2100 2923 2264 2978 dente
2295 2924 2409 2978 sole
2447 2924 2537 2980 die
2573 2923 2829 2983 Mercurii
2858 2927 3224 3003 517-519
3269 2931 3461 2989 Rabia:
3489 2947 3688 3007 poste-

2097 3009 2261 3066 rioris
2300 3012 2527 3082 quinto,
2574 3030 2722 3071 anno
2775 3022 3168 3077 trecentesimo
3216 3022 3433 3079 decimo
3477 3030 3686 3095 tertio;

2093 3115 2215 3155 cum
2253 3110 2364 3156 tres
2405 3104 2570 3160 horas
2600 3104 2858 3163 durasset
2882 3110 3159 3167 exstincta
3190 3123 3297 3170 est.
3325 3112 3529 3171 Vizieri
3560 3133 3691 3171 mu-

2091 3206 2220 3247 nere
2251 3194 2507 3251 abclicato
2539 3198 2677 3253 Abul
2715 3199 2936 3256 Abbaso
2968 3202 3139 3259 Ebuol
3164 3205 3393 3271 Chasib,
3431 3209 3486 3262 ia
3531 3209 3685 3265 idem

2088 3282 2354 3339 sull'ectus
2408 3293 2494 3341 est
2538 3285 2627 3342 Ali
2685 3287 2807 3344 Ebn
2862 3286 3002 3358 ise,
3058 3290 3232 3347 Ebnol
3296 3294 3510 3362 larahi;
3568 3313 3689 3368 quo

2088 3374 2285 3431 deinde
2346 3389 2557 3433 semoto
2608 3381 2872 3437 vizierum
2926 3383 3034 3438 sibi
3077 3387 3372 3441 constituit
3423 3386 3685 3461 [coalita]

2087 3467 2207 3522 Abu
2238 3470 2322 3524 Ali
2355 3468 2471 3526 Ebn
2502 3469 2869 3539 Mohammed,
2906 3472 3023 3530 Ehn
3061 3477 3171 3544 Ali,
3208 3479 3299 3533 die
3322 3478 3477 3536 Jovis
3496 3483 3687 3537 medio

2088 3555 2244 3612 Rabii
2273 3562 2597 3629 posterioris
2624 3579 2772 3619 anno
2802 3570 3198 3625 trecentesimo
3228 3570 3449 3627 decimo
3493 3585 3679 3631 sexto.

2084 3649 2354 3706 Commoti
2389 3665 2570 3708 autem
2615 3666 2746 3711 sunt
2779 3656 2948 3715 duces
3000 3660 3238 3731 Bagdadi
3284 3664 3339 3718 in
3381 3664 3446 3719 Al
3472 3666 3685 3722 Molita-

2083 3740 2298 3805 derum,
2334 3754 2393 3797 ut
2429 3745 2607 3813 ipsum
2638 3761 2670 3800 e
2701 3748 2880 3803 medio
2916 3750 3198 3813 tollerent.
3252 3769 3285 3807 e
3314 3757 3523 3822 quibus
3557 3758 3683 3813 lue-

2084 3843 2213 3888 runt
2236 3834 2377 3889 Abul
2415 3834 2594 3905 llijah,
2619 3834 2830 3904 Naauk,
2855 3840 3082 3913 aliique.
3118 3844 3183 3897 Al
3205 3844 3493 3903 ﬂoktader
3516 3864 3676 3919 ergo,

2085 3937 2333 3981 metuens
2366 3942 2434 3982 ne
2463 3928 2894 3998 interﬁceretur,
2933 3934 3182 4003 seipsum
3215 3939 3482 3995 chalil‘atu
3515 3942 3679 3996 abdi-

2084 4018 2250 4081 cavit,
2280 4019 2366 4072 die
2401 4015 2625 4074 Sabbati
2663 4022 2846 4078 medio
2872 4023 2939 4078 Al
2983 4024 3324 4095 Iloharram,
3376 4046 3528 4086 anno
3561 4041 3681 4088 tre-

2083 4111 2385 4166 centesimo
2411 4111 2631 4167 decimo
2670 4115 2910 4185 septimo
2940 4134 2955 4171 :
3002 4117 3164 4187 cujus
3198 4120 3321 4176 loco
3355 4133 3679 4180 statuerunt

2086 4207 2310 4262 fratrem
2338 4204 2512 4275 ipsius
2544 4205 2889 4263 Ilohammed
2918 4208 3035 4265 Ebn
3063 4211 3302 4277 Abmeb,
3351 4216 3444 4285 qui
3477 4217 3680 4274 diehus

2083 4293 2308 4351 Sabbati
2359 4307 2415 4353 et
2459 4297 2745 4355 Dominico
2778 4300 2940 4355 sedit.
2991 4302 3087 4359 Die
3117 4306 3261 4361 luna
3296 4308 3498 4375 {autem
3534 4324 3677 4365 con-

404 4401 577 4455 Porro
621 4404 791 4460 iratus
837 4407 1273 4469 Al-Moctaderns
1325 4417 1526 4474 viziero
1562 4436 1677 4478 suo
1733 4426 1816 4479 Ali
1862 4389 2293 4483 Ehﬁanreg'u
2348 4390 2576 4458 peditem
2626 4390 2986 4464 A'uosaphii
3034 4398 3335 4467 ‘ppemu'
3386 4398 3673 4455 samum

403 4492 747 4562 Al-Pborat,
795 4498 974 4568 ipsum
1034 4515 1206 4563 morte
1264 4509 1533 4576 multavit,
1590 4523 1650 4570 ut
1698 4524 1755 4571 et
1811 4518 1978 4575 lilium

403 4586 574 4655 ipsius
600 4586 942 4655 Mohsenunt.
972 4610 1158 4651 mense
1181 4596 1350 4655 Rahia
1376 4604 1570 4671 priori,
1595 4620 1741 4663 anno
1766 4618 1980 4667 trecen-

404 4679 598 4736 tesimo
644 4682 986 4756 duodecimo,
1031 4690 1083 4744 in
1127 4708 1333 4757 munus
1361 4696 1489 4752 illud
1536 4699 1768 4758 sullecto
1795 4705 1982 4761 Abdil-

402 4774 529 4831 labo
549 4817 564 4841 ,
597 4792 781 4834 mense
808 4778 1027 4837 lomada
1063 4788 1386 4855 posteriore,
1420 4806 1564 4847 anno
1595 4798 1978 4856 trecentesimo

402 4869 614 4925 decimo
660 4884 877 4941 quarto.
900 4875 1170 4932 Concitati
1211 4880 1375 4935 etiam
1400 4883 1701 4941 Moslemini
1735 4888 1981 4947 Damasci

402 4963 691 5018 ecclesiam
726 4965 938 5023 Sanctae
970 4966 1153 5024 Mariae
1179 4971 1503 5029 catholicam
1534 4977 1983 5051 diruerun1(qua:

405 5056 582 5125 ampla
623 5058 933 5125 admodum,
980 5076 1171 5131 magna
1216 5078 1282 5119 ac
1312 5066 1533 5135 pulchra
1570 5064 1689 5134 luit,
1730 5072 1781 5125 in
1816 5088 1978 5141 quam

402 5158 624 5217 erogata
675 5148 885 5205 fuerant
916 5152 1146 5210 ducenta
1180 5172 1472 5213 aureorum
1502 5160 1715 5231 millia),
1754 5164 1981 5234 direptis

403 5253 523 5309 quae
549 5240 600 5294 in
641 5256 703 5294 ea
757 5254 917 5298 erant
962 5247 1108 5303 vasis
1154 5252 1477 5320 ceterisque
1532 5259 1865 5313 ornamentis
1917 5274 1981 5315 ae

404 5332 558 5387 velis.
599 5333 838 5401 Spoliata
872 5348 997 5391 sunt
1030 5340 1196 5394 etiam
1235 5345 1581 5411 monasteria,
1612 5362 1677 5401 ac
1712 5350 1981 5420 praecipue

404 5426 790 5479 monasterium
828 5426 1150 5486 {culinarum
1187 5448 1307 5499 quze
1332 5434 1486 5503 juxta
1520 5440 1807 5494 ecclesiam
1856 5441 1977 5497 fuit.

408 5514 837 5587 Dejeceruntque
869 5521 1131 5579 ecclesias
1182 5523 1554 5582 llelchitarum
1607 5530 1801 5587 multas
1838 5551 1851 5585 :
1896 5534 1978 5587 di-

406 5618 631 5661 ruerunt
662 5609 826 5668 etiam
856 5608 1298 5670 Nestoriunorum
1322 5618 1607 5674 ecclesiam
1632 5637 1647 5686 ;
1682 5621 1846 5692 idque
1871 5638 1980 5678 me-

407 5698 493 5751 dio
518 5715 695 5754 nimisc
719 5698 887 5771 llajeb
902 5720 1041 5760 anno
1061 5709 1439 5766 trecentesimo
1454 5710 1616 5785 516
1629 5712 1972 5771 duodecimo.

2083 4495 2135 4541 et
2158 4483 2299 4539 Ahul
2328 4483 2450 4555 llija
2474 4485 2854 4543 interimeutes
2882 4488 2947 4543 Al
2970 4487 3347 4547 lloktaderum
3373 4492 3671 4550 chalil’atui

2083 4574 2464 4638 restituerunt,
2516 4574 2772 4644 deposito
2818 4576 3199 4637 Mohammede
3250 4576 3371 4637 Eon
3425 4583 3669 4649 Ahmed,

2084 4680 2249 4735 quem
2279 4665 2609 4720 honoratum
2639 4668 2866 4725 domum
2912 4684 3070 4725 suam
3106 4672 3466 4730 remiserunt.
3496 4672 3676 4731 Porro

2079 4760 2401 4817 acciderunt
2438 4760 2495 4815 in
2539 4760 2779 4833 Egypto
2812 4761 3038 4821 locustae
3071 4765 3401 4833 innumerae,
3428 4771 3575 4826 adeo
3609 4777 3675 4825 ut

2081 4869 2193 4924 prae
2225 4854 2579 4913 multltudine
2628 4856 2960 4926 lmpedirent
3004 4859 3191 4916 radios
3241 4861 3455 4918 solares
3500 4876 3572 4918 ne
3599 4868 3671 4919 ad

2084 4954 2283 5002 terram
2331 4949 2739 5020 pertingerent,
2775 4949 2971 5017 quales
3020 4950 3167 5005 haud
3222 4952 3364 5010 alia:
3419 4971 3667 5026 unquam

2082 5037 2337 5093 viderunt
2373 5035 2593 5109 Αἰακιιὶ
2650 5038 2886 5095 incolae:
2920 5054 3046 5111 qua:
3097 5049 3154 5096 et
3200 5042 3444 5113 ipsorum
3501 5047 3667 5112 vites,

2081 5128 2320 5192 fructus,
2352 5129 2565 5199 palmas
2596 5139 2652 5186 et
2677 5144 2840 5200 porra
2869 5131 3227 5199 devorarunt,
3258 5135 3396 5191 adeo
3427 5145 3490 5191 ut
3530 5152 3661 5207 per--

2078 5218 2342 5274 derentur
2374 5218 2517 5271 horti
2545 5226 2599 5273 et
2629 5218 2821 5280 vineae,
2856 5217 3021 5288 idque
3044 5235 3233 5278 mense
3256 5222 3430 5278 Rabia
3464 5229 3666 5294 priori,

2078 5324 2225 5363 aiino
2264 5311 2653 5364 trecentesimo
2703 5310 2963 5367 vicesimo
2999 5313 3258 5383 septimo.
3299 5315 3383 5371 vel
3439 5320 3665 5387 (secun-

2078 5402 2208 5455 dum
2258 5400 2403 5453 aliud
2444 5398 2746 5471 exemplar)
2782 5402 3174 5459 trecentesimo
3224 5403 3389 5475 520
3437 5406 3661 5462 decimo

2078 5487 2359 5556 septimo).

2148 5622 2321 5678 Porro
2351 5625 2404 5677 in
2437 5623 2500 5677 Al
2521 5621 2846 5692 Yamamah,
2874 5633 2927 5679 et
2955 5626 3019 5681 Al
3052 5626 3289 5683 Bahrain
3326 5627 3533 5697 prodiit
3567 5644 3657 5685 re-

2088 5716 2245 5774 bellis
2291 5717 2512 5787 quidam
2546 5719 2768 5775 nomine
2805 5717 3048 5776 Soliman
3094 5718 3271 5779 Ebnol
3320 5719 3525 5791 llasan,
3563 5722 3662 5793 qui
