3980 6152
288 303 315 367 1
341 301 437 363 153

1752 316 2117 377 ANNALES.

3438 325 3457 385 1
3468 323 3567 388 554

284 436 349 477 et
372 425 470 480 Abi
505 424 632 479 Said
684 428 991 480 Allannaiii
1038 431 1200 499 vulgo
1254 431 1427 496 audit,
1476 434 1567 501 qtti
1607 433 1869 485 llasoram
1904 441 1951 498 Α
1982 443 2158 486 matre
2190 449 2311 495 sua,
2361 435 2448 488 eni
2491 450 2696 489 nomen
2736 434 2839 490 fuit
2874 436 3283 502 Chaizaranah,
3325 443 3570 496 denomi-

288 518 649 584 perveniens,
704 535 823 574 eam
875 532 1087 588 captam
1139 523 1464 584 devastavit,
1521 537 1574 580 et
1625 542 1876 595 magnam

291 607 581 663 hominum
620 619 857 681 stragem
893 611 950 665 in
979 628 1041 666 ea
1074 613 1248 667 edidit
1277 655 1293 679 ,
1328 625 1491 683 atque
1520 615 1645 670 inde
1674 616 1876 671 Cusam

286 699 603 767 profectus,
628 717 691 755 ea
721 704 885 755 etiam
925 712 1107 772 capta,
1145 706 1352 761 incolas
1385 706 1608 767 occidit.
1648 709 1880 763 multos-

291 791 557 858 queinde
582 794 831 861 captivos
861 794 1112 857 abduxit,
1134 806 1191 850 et
1231 798 1431 853 multas
1486 803 1667 853 avexit
1718 815 1875 870 opes.

295 880 436 938 Dein
471 899 699 954 pergens
739 902 907 956 prope
959 888 1275 958 Bagdadum
1313 902 1492 945 castra
1528 895 1712 960 posuit
1754 895 1880 949 loco

290 977 390 1042 qni
419 974 745 1048 Tel.\rknplt
780 980 971 1045 audit;
1006 982 1283 1053 multaque
1319 985 1461 1038 inter
1493 988 1671 1056 ipsum
1702 996 1757 1042 et
1781 989 1879 1043 Al-

292 1065 603 1122 Moktaderi
666 1070 858 1139 copias
902 1076 1196 1129 commissa
1233 1086 1363 1132 sunt
1402 1081 1584 1146 praelia
1626 1090 1725 1135 :at
1756 1096 1879 1135 cum

295 1174 409 1212 non
451 1170 839 1230 assequeretnr
868 1179 987 1231 qtnc
1019 1167 1212 1232 voluit,
1265 1168 1462 1223 Cusam
1496 1172 1675 1236 rediit,
1714 1173 1880 1244 idque

293 1266 450 1307 anno
486 1254 876 1310 trecentesimo
926 1256 1142 1311 decimo
1192 1262 1401 1317 tertio:
1450 1264 1585 1331 quin
1634 1272 1690 1317 et
1726 1280 1883 1336 aqnte

294 1354 515 1415 puteos,
546 1347 600 1400 in
641 1346 729 1400 via
759 1362 880 1418 qum
914 1347 1187 1405 Meccham
1222 1352 1403 1419 ducit,
1458 1355 1771 1411 obstructos
1797 1368 1883 1412 at-

296 1453 410 1508 que
456 1440 712 1508 impletos
756 1441 1078 1507 essiccavit,
1134 1446 1269 1499 adeo
1315 1456 1373 1501 ut
1430 1457 1576 1503 metu
1626 1448 1796 1519 ipsius
1852 1466 1882 1507 a

298 1532 838 1599 peregrinationibus
863 1534 1205 1590 abstinerent
1234 1536 1471 1607 Bagdadi
1502 1550 1556 1596 et
1579 1540 1884 1599 Chorasani

298 1621 511 1688 incolre,
545 1621 766 1695 Egypti
817 1625 1034 1680 interim
1069 1639 1122 1683 et
1153 1628 1325 1699 Syrias
1357 1633 1552 1687 incolis
1585 1649 1677 1690 eas
1702 1636 1883 1690 -insti-

299 1712 873 1784 tnentibns.Cnmque
910 1729 1055 1770 anno
1105 1718 1481 1775 tricentesinto
1528 1723 1743 1779 decimo
1794 1742 1884 1780 se-

1982 538 2144 578 natus
2169 534 2271 580 est.
2304 525 2457 592 Quod
2490 529 2557 581 ad
2592 526 2889 594 Romanos,
2933 542 3150 583 mortuo
3177 533 3570 602 Christnpltoro

1987 613 2201 670 Domnii
2236 617 2367 682 filio,
2411 624 2803 674 monachatnm
2835 623 3117 689 amplexus
3149 633 3233 678 est
3272 625 3560 692 Domitius,

1984 710 2247 780 solusque
2276 712 2480 765 mansit
2511 712 2912 769 Constantinus
2942 716 2996 767 in
3031 715 3245 783 imperii
3276 718 3561 786 regimine.

1995 800 2243 857 Mortuus
2270 813 2355 858 est
2382 805 2545 858 etiam
2567 804 2880 875 Stephanus
2898 808 3203 875 patriarcha
3235 808 3525 863 Constanti
3547 838 3560 851 -

1986 894 2355 963 nopolitanus,
2375 904 2658 965 postquam
2680 900 2993 951 cathedram
3017 900 3252 953 triennio
3272 914 3569 969 oecupave-

1992 996 2075 1040 rat
2105 1003 2118 1040 :
2148 989 2589 1057 constitutusque
2610 997 2694 1043 est
2716 989 2915 1043 ibidem
2946 992 3251 1060 patriarcha
3274 994 3567 1061 Atranphi.

1992 1096 2117 1134 nus.
2145 1078 2287 1134 Obiit
2307 1082 2469 1134 etiam
2499 1080 2880 1136 Christodnlus
2912 1084 3218 1149 patriarcha
3256 1084 3571 1137 Alexandri-

1993 1188 2095 1227 nus
2122 1172 2214 1227 die
2244 1171 2519 1239 Mercurii,
2544 1174 2835 1229 undecimo
2856 1184 2984 1231 ante
3016 1176 3225 1229 finitum
3264 1175 3340 1229 Dii
3366 1173 3569 1236 Kaatla,

1986 1278 2133 1318 anno
2181 1268 2572 1322 trecentesimo
2628 1268 2914 1330 vicesimo,
2957 1269 3051 1336 qui
3092 1276 3178 1323 est
3227 1267 3449 1322 Tishrin
3486 1283 3574 1323 se-

1986 1359 2151 1411 cundi
2188 1359 2484 1415 vicesimus
2513 1360 2766 1430 quintus,
2800 1361 2927 1415 anni
2963 1360 3285 1416 Diocletiani
3334 1377 3568 1415 sexcen-

1989 1450 2167 1502 tesimi
2217 1451 2627 1519 quadragesimi
2666 1454 2795 1506 noni
2849 1470 2865 1509 :
2918 1454 3277 1522 sepultusque
3324 1452 3569 1506 Phostati

1988 1538 2344 1611 Egyptiacte,
2376 1558 2501 1599 cmn
2534 1542 2587 1596 in
2618 1543 2880 1597 cathedra
2912 1544 3152 1602 sedisset
3176 1559 3351 1600 annos
3378 1544 3569 1614 viginti

1989 1648 2106 1695 sex,
2146 1640 2201 1686 et
2233 1650 2325 1686 ses
2359 1650 2594 1689 menses.
2624 1632 2882 1704 Sepultus
2911 1646 3094 1689 autem
3126 1647 3211 1690 est
3256 1637 3309 1689 in
3331 1636 3569 1689 ecclesia

1990 1723 2288 1779 Michaelis.
2322 1723 2494 1780 Porro
2524 1727 2692 1781 duces
2739 1743 2843 1781 una
2870 1744 2995 1782 cum
3048 1725 3277 1782 Mnuaso
3316 1728 3573 1786 eunucho

300 1807 475 1874 ptimo
504 1807 754 1863 homines
787 1807 842 1862 in
870 1808 1327 1879 peregrinationis
1365 1809 1660 1885 [religiosae
1691 1819 1884 1874 ritibus
1918 1785 1962 1841 Β
1991 1815 2288 1883 Bagdadiin
2308 1815 2742 1872 AlMoIttaderum
2769 1820 3571 1888 insurgentes,ipsumaggres-

296 1897 687 1974 observandis]
718 1910 923 1965 essent,
958 1900 1051 1955 die
1094 1899 1303 1968 Martis,
1334 1903 1592 1975 Dililajja:
1624 1910 1882 1977 septima,

298 1988 578 2045 Met-citam
618 1991 945 2061 perveniens
992 1993 1284 2049 Allannabi
1344 2011 1469 2050 eum
1511 1999 1687 2068 copiis
1737 2001 1882 2067 suis,

297 2081 663 2152 eamdemque
706 2084 1010 2152 ingressus,
1047 2085 1293 2141 homines
1326 2097 1441 2142 tum
1493 2092 1638 2145 circa
1689 2096 1882 2160 aedem,

299 2183 419 2226 tum
453 2173 595 2227 intra
642 2176 949 2230 oratorium
987 2192 1208 2232 sacrum
1252 2188 1307 2233 et
1346 2183 1401 2233 in
1451 2183 1666 2251 plateis,
1707 2186 1875 2238 innu-

299 2284 481 2321 meros
522 2268 768 2334 occidit,
818 2269 956 2322 adeo
1002 2280 1061 2324 nt
1105 2273 1264 2326 ercsis
1320 2275 1641 2343 impleretur
1686 2289 1884 2345 puteus

299 2357 585 2422 latinam,
625 2375 728 2413 nec
766 2374 875 2413 non
911 2360 1105 2421 valles,
1128 2363 1249 2427 viae,
1279 2363 1500 2431 donius,
1532 2378 1586 2421 et
1614 2368 1832 2423 deserta
1865 2386 1881 2427 :

297 2451 445 2518 quod
482 2452 524 2505 si
562 2452 655 2521 qui
691 2451 817 2522 fuga
850 2469 909 2506 se
939 2454 1088 2509 emde
1110 2457 1405 2523 eriperent,
1442 2469 1495 2513 et
1534 2461 1683 2529 ipsos
1711 2462 1883 2517 inter-

299 2539 547 2594 feeernnt
579 2542 811 2608 Arabes,
862 2558 993 2613 epes
1043 2545 1290 2615 ipsorum
1336 2547 1679 2617 diripientes.
1718 2552 1886 2609 Erant

299 2642 479 2686 autem
514 2643 569 2688 et
602 2637 694 2703 qui
740 2633 961 2689 loddnm
992 2637 1258 2705 fugientes
1288 2641 1423 2693 mari
1444 2639 1793 2713 εει-523
1826 2657 1886 2700 se

303 2727 739 2781 enmmitterent.
789 2726 949 2797 Cepit
1015 2743 1145 2797 ergo
1204 2729 1563 2788 Allannahius
1612 2749 1776 2801 opum
1829 2744 1883 2791 et

300 2818 660 2886 supellectilis
703 2822 967 2886 majorem
1018 2836 1183 2891 quam
1228 2841 1349 2894 qua!
1399 2829 1672 2882 recenseri
1707 2828 1884 2898 possit

296 2913 540 2980 copiam.
573 2914 852 2982 Quidquid
884 2918 1051 2974 etiam
1092 2920 1235 2974 intra
1268 2921 1443 2975 aedem
1487 2936 1700 2977 sacram
1738 2930 1886 2977 esset

297 3005 420 3056 auri
451 3013 617 3073 atque
642 3009 853 3076 argenti
889 3011 1141 3065 abstulit.
1188 3009 1451 3067 Laminas
1476 3014 1643 3066 etiam
1690 3028 1883 3082 argen-

300 3102 416 3148 teas
446 3111 568 3163 qua:
615 3098 668 3151 in
692 3099 867 3167 janua
914 3103 1102 3173 templi
1151 3114 1311 3158 erant
1357 3106 1578 3160 avulsas
1625 3107 1875 3164 abstulit.
1904 3120 1949 3179 α

300 3181 537 3254 Fuitqne
570 3187 626 3241 in
659 3189 863 3260 angulo
897 3191 1031 3245 tedis
1057 3193 1314 3248 exteriori
1341 3194 1478 3263 lapis
1508 3197 1681 3265 niger,
1714 3210 1878 3266 quem

299 3291 635 3346 magnopere
700 3283 943 3336 venerati
1018 3282 1268 3338 homines
1327 3292 1383 3339 et
1440 3285 1879 3342 benedictionem

300 3365 430 3420 inde
476 3377 759 3436 captantes
813 3371 1125 3427 deosculari
1180 3373 1452 3439 solebant,
1488 3392 1653 3446 quem
1707 3376 1877 3431 etiam

302 3456 421 3510 loco
482 3470 695 3515 motum
748 3477 937 3517 secum
996 3462 1263 3530 abduxit;
1312 3477 1635 3537 septemque
1685 3468 1881 3525 diebus

303 3544 567 3610 Meet-lue,
616 3551 665 3601 ei
687 3549 1042 3619 diripienda,
1095 3554 1432 3622 insumpsit:
1471 3555 1596 3610 dein
1647 3560 1877 3628 patriam

300 3652 455 3690 suam
494 3655 747 3695 reversus
772 3651 857 3696 est
883 3643 1419 3713 peregrinationibus
1449 3646 1689 3703 abolitis.
1711 3647 1880 3704 Porro

305 3728 443 3782 obiit
494 3729 640 3785 Elias
700 3733 1010 3801 patriarcha
1073 3736 1447 3791 Antiocltenus
1505 3737 1594 3794 die
1650 3738 1876 3795 Sabbati

302 3820 535 3875 iomadzc
569 3826 898 3892 posterioris
948 3825 1164 3881 decimo
1207 3828 1390 3892 tertio,
1429 3843 1574 3885 anno
1606 3838 1876 3888 trccente~

298 3914 440 3966 simo
465 3913 680 3969 decimo
728 3919 963 3988 septimo
1014 3918 1351 3993 [postquam]
1397 3922 1455 3978 in
1486 3924 1753 3980 cathedra
1788 3942 1875 3980 sc-

318 4005 492 4060 discet
540 4022 716 4065 annos
769 4011 954 4081 viginti
1000 4022 1143 4067 octo.
1195 4012 1384 4070 Vizieri
1428 4017 1590 4072 etiam
1649 4035 1877 4075 munere

298 4097 547 4164 privatus
579 4109 662 4155 est
695 4099 1037 4157 Mobammed
1083 4104 1195 4159 Ebu
1234 4107 1341 4166 Ali.
1378 4106 1491 4162 Ebn
1531 4106 1743 4163 Mnklah
1786 4109 1876 4163 die

299 4186 515 4252 Martis,
569 4199 695 4245 ante
749 4190 963 4247 finitum
1013 4193 1237 4249 lomada
1275 4197 1512 4265 priorem
1559 4201 1872 4267 undecimo,

298 4294 425 4331 emn
466 4280 519 4333 in
558 4281 689 4335 illud
737 4283 979 4339 adscitus
1012 4295 1159 4339 esset
1196 4285 1438 4342 Soliman
1490 4288 1664 4343 Ebnol
1697 4288 1875 4345 ilasan

301 4370 416 4423 litin
443 4370 742 4427 Mochalled
773 4374 861 4427 die
888 4373 1060 4437 lovis,
1106 4377 1322 4431 decimo
1347 4379 1530 4441 tertio
1577 4388 1703 4435 ante
1755 4380 1877 4434 fini-

1987 1907 2031 1961 si
2071 1917 2229 1969 sunt,
2291 1909 2356 1960 ad
2400 1924 2538 1979 quos
2562 1925 2739 1979 pugna
2759 1911 3111 1980 excipiendos
3162 1926 3288 1963 cttm
3312 1924 3569 1981 egressns

1988 2006 2155 2063 esset,
2192 1999 2371 2069 ipsum
2416 1999 2834 2062 interfecerunt,
2868 2012 3137 2070 caputque
3167 2000 3339 2053 hastas
3388 2001 3570 2069 impo-

1986 2091 2150 2143 situm
2201 2092 2343 2145 circa
2392 2092 2580 2144 urbem
2624 2092 2980 2162 525-527
3027 2101 3351 2162 gestarum;
3400 2093 3567 2160 idque

1985 2181 2073 2236 die
2097 2181 2368 2245 Mercurii,
2393 2192 2518 2238 ante
2544 2184 2757 2237 finitum
2784 2201 3026 2237 mensem
3072 2183 3270 2238 Sltawa
3296 2187 3567 2248 secundo.

1994 2288 2140 2326 anno
2163 2272 2550 2328 trecentesimo
2586 2275 2864 2329 vicesimo.
2897 2272 3021 2331 Fuit
3048 2276 3340 2331 chalifatus
3394 2278 3568 2349 ipsius

1988 2378 2257 2417 annorum
2310 2364 2497 2434 viginti
2553 2374 2813 2434 quatuor,
2869 2367 3136 2420 mensium
3190 2368 3462 2428 undecim.
3513 2376 3569 2421 ct

1985 2454 2198 2510 dierum
2233 2457 2550 2525 quindecim
2583 2475 2597 2511 :
2632 2456 2735 2511 fuit
2778 2458 3016 2512 vizicrns
3047 2458 3224 2527 ipsius
3264 2457 3568 2525 Alpbadlus

1988 2543 2104 2599 Ebn
2154 2543 2356 2610 laafar,
2400 2546 2571 2601 Ebnol
2621 2545 2846 2601 Phorat.
2883 2547 3129 2603 Mortuus
3176 2559 3257 2605 est
3308 2550 3569 2605 Trikenis

1987 2640 2296 2707 patriarcha
2364 2637 3008 2710 Constantinopolitanus
3057 2657 3184 2696 cum
3245 2643 3564 2698 cathedram

1985 2731 2361 2798 quinquennio
2411 2741 2776 2800 occupasset,
2830 2731 3232 2801 constituitque
3303 2732 3566 2786 Domitius

1986 2819 2154 2875 tilium
2188 2837 2346 2874 suum
2375 2821 2593 2877 nomine
2624 2820 3121 2893 Thcophylactum,
3152 2822 3245 2892 qui
3277 2821 3565 2877 eunuchus

1985 2914 2113 2975 fuit,
2150 2915 2517 2982 patriarcham
2547 2928 2697 2981 cum,
2736 2913 2958 2983 juvenis
2992 2922 3137 2970 esset
3167 2928 3436 2969 annorum
3469 2912 3555 2968 vi.

1983 3006 2117 3076 εἱειιὶ
2144 3008 2398 3060 duorum.

2455 3096 2757 3165 Chalifalus
2796 3096 3089 3153 AIKaItert'.

2055 3188 2422 3259 lnauguratus
2452 3201 2533 3244 est
2566 3189 2814 3244 Alliaher
2848 3192 3034 3246 billahi
3066 3193 3408 3252 Mohamtncd
3442 3198 3560 3256 Ehn

1982 3282 2191 3337 Ahmed
2228 3283 2285 3334 Al
2307 3280 2600 3347 Motadedi,
2633 3282 2722 3336 die
2747 3282 2918 3347 Jovis,
2953 3288 3159 3340 mensis
3193 3286 3435 3343 Shawali
3465 3307 3561 3355 pe-

1983 3372 2235 3435 nnltimo,
2262 3386 2405 3425 anno
2436 3375 2825 3427 trecentesimo
2864 3378 3139 3431 vicesimo.
3173 3377 3271 3433 llic
3299 3382 3562 3440 viziernm

1984 3462 2088 3517 sibi
2134 3463 2370 3517 adscivit
2421 3461 2856 3519 Mohammedem
2918 3466 3033 3523 Ebn
3086 3469 3318 3526 Moklah.
3374 3474 3560 3533 Primo

1980 3554 2274 3609 citalifatus
2334 3556 2516 3623 ipsius
2559 3571 2703 3609 anno
2755 3563 3091 3614 constitutus
3137 3572 3218 3615 est
3270 3565 3397 3620 Said
3445 3566 3563 3626 Ebtt

1984 3642 2187 3709 Batrilt,
2224 3646 2470 3700 medicus
2498 3662 2527 3699 e
2568 3647 2815 3702 Phostati
2846 3647 3183 3720 Egyptiacm
3214 3654 3430 3714 incolis.
3467 3673 3566 3726 pa—

1993 3736 2230 3790 triarcha
2274 3738 2699 3805 Alexandrinus,
2749 3742 3161 3813 appellatusque
3203 3745 3355 3802 Anka
3391 3746 3563 3818 Euty-

1981 3826 2137 3879 cliius
2172 3843 2186 3879 :
2238 3827 2405 3895 idque
2445 3829 2533 3880 die
2557 3826 2733 3893 Jovls,
2776 3832 2982 3887 mensis
3020 3831 3279 3899 Amshir,
3334 3838 3427 3907 qui
3477 3848 3563 3895 est

1980 3913 2186 3970 Sheliat
2223 3956 2238 3977 ,
2291 3919 2419 3971 anni
2472 3920 2795 3976 Diocletiani
2838 3926 3225 3981 scxcenteslmi
3268 3929 3563 4000 quadrage.

1981 4008 2105 4063 simi
2134 4010 2286 4071 noni,
2311 4022 2505 4065 octavo
2534 4016 2740 4066 mensis
2772 4014 3007 4084 Saphar,
3035 4034 3183 4076 anno
3210 4019 3440 4093 [Hejrzc]
3467 4023 3560 4077 lu-

1978 4100 2100 4152 nari
2127 4104 2516 4156 trecentesimo
2547 4106 2810 4159 vicesimo
2846 4108 3049 4177 primo.

2366 4192 2530 4267 528
2557 4194 2861 4263 Clmlt'faltts
2893 4201 2962 4252 ΑΙ
2992 4200 3167 4256 Rodii.

2049 4280 2412 4351 lnauguratus
2437 4295 2520 4339 est
2548 4288 2608 4339 Al
2630 4286 2784 4354 Redi,
2807 4291 2901 4360 qui
2932 4282 3074 4346 idem
3099 4304 3178 4349 est
3203 4294 3345 4350 Abul
3377 4297 3561 4354 Abbas

1978 4370 2315 4429 Mobammcd
2352 4376 2523 4431 Ebnol
2551 4378 2875 4447 Moktaderi,
2908 4383 2996 4439 die
3017 4385 3292 4453 Mercurii,
3330 4388 3561 4446 lomadze

307 4475 423 4514 tum
470 4464 720 4517 eumdem
766 4480 1029 4529 mensem,
1064 4482 1206 4521 anno
1239 4470 1623 4523 trecentesimo
1656 4470 1869 4528 decimo

1988 4465 2182 4535 prioris
2212 4477 2389 4535 sexto,
2424 4485 2568 4526 anno
2595 4476 2981 4531 trecentesimo
3003 4480 3269 4535 vicesimo
3294 4486 3555 4539 secundo.

299 4563 528 4617 octavo;
554 4554 646 4624 qni
674 4563 731 4608 et
763 4570 981 4612 rursum
1004 4556 1195 4612 eodem
1223 4571 1467 4617 semotus
1495 4572 1579 4617 cst
1611 4562 1701 4622 die
1728 4563 1881 4622 Jovis

298 4654 425 4704 ante
456 4644 666 4699 ﬁnitum
709 4642 902 4717 Rajcb,
928 4662 1072 4703 anno
1101 4653 1493 4708 trecentesimo
1540 4653 1758 4712 decimo
1787 4673 1879 4716 se-

299 4737 490 4803 ptimo,
518 4738 721 4792 vlziero
754 4740 1061 4793 constituto
1093 4740 1416 4799 Obaidallah
1466 4744 1581 4801 Ebn
1630 4746 1879 4807 Moham~

299 4827 422 4881 med
470 4827 803 4893 Cadanensi,
839 4830 930 4886 die
973 4832 1225 4900 Sabbati,
1258 4846 1419 4892 sexto
1452 4846 1579 4893 ante
1620 4840 1875 4898 eumdem

298 4934 541 4974 incusem
574 4920 784 4977 finitum
828 4938 974 4978 anno
1003 4928 1393 4983 trecentesimo
1423 4930 1636 4986 decimo
1681 4949 1825 4989 nono
1857 4953 1873 4991 :

295 5026 409 5080 quo
454 5011 655 5067 deinde
697 5024 909 5071 semoto
962 5016 1226 5074 suilectns
1271 5028 1356 5075 est
1407 5019 1657 5079 AlHasan
1686 5023 1876 5082 Ebnol‘

297 5099 497 5157 Kasem
522 5102 685 5177 52‘,
725 5102 841 5161 Ebn
889 5106 1062 5163 Obaid
1089 5111 1257 5166 oddin
1305 5110 1573 5176 Soliman,
1604 5116 1717 5171 Ebn
1748 5116 1874 5174 Wa-

297 5193 440 5253 had,
492 5196 582 5249 die
642 5195 867 5254 Sahbati
900 5240 915 5264 ,
967 5201 1128 5254 tertio
1178 5214 1304 5258 ante
1363 5202 1577 5260 [initum
1632 5223 1870 5265 mensem

296 5283 537 5351 Sltawal,
592 5300 737 5342 anno
780 5297 1167 5346 trecentesimo
1197 5295 1408 5349 decimo
1456 5311 1623 5359 nono,
1667 5315 1872 5372 cogno—

296 5373 645 5445 minatusque
688 5388 775 5432 cst
819 5377 1282 5448 Omaidol‘dulah,
1322 5382 1437 5438 Ebn
1469 5383 1867 5444 Walii’ldulahi

294 5480 325 5520 a
351 5480 460 5536 quo
495 5467 699 5524 deinde
742 5471 956 5525 sublata
993 5474 1256 5541 dignitate
1304 5475 1431 5542 ista,
1474 5493 1594 5532 eam
1633 5481 1873 5536 obtinuit

213 5578 219 5586 -
293 5558 432 5613 Abul
464 5555 596 5611 Fadl
631 5558 747 5614 Ebn
779 5559 976 5623 laafar,
1028 5562 1221 5618 libnol’
1266 5566 1450 5629 Ferat,
1498 5569 1610 5621 Ehn
1637 5568 1751 5623 Cha
1782 5586 1871 5624 za-

295 5652 465 5705 ranah
502 5653 591 5708 die
635 5652 941 5721 Dominico,
979 5658 1142 5711 tertio
1173 5668 1300 5714 ante
1356 5660 1577 5716 finitum
1634 5664 1866 5720 fiabiam

294 5743 682 5812 posteriorem,
725 5760 871 5803 anno
918 5753 1305 5806 trecciuesimo
1354 5752 1651 5822 vicesimo,
1701 5759 1793 5825 qui
1839 5771 1866 5810 a

1976 4555 2248 4612 Visierum
2281 4558 2388 4614 sibi
2430 4563 2664 4619 adscivit
2697 4564 3136 4625 Mohammedem
3172 4572 3283 4625 ειη.
3321 4573 3559 4632 Moklah.

1973 4646 2133 4704 Anno
2181 4652 2474 4709 chalifatus
2508 4656 2628 4725 ejus
2677 4659 2853 4728 primo
2906 4665 3240 4719 constitutus
3282 4677 3366 4721 est
3406 4669 3558 4721 Anha

1976 4741 2344 4809 Theodosius,
2394 4751 2488 4818 qui
2539 4749 2681 4805 idem
2714 4762 2797 4807 est
2846 4755 3158 4826 Stephanus
3180 4800 3192 4824 ,
3228 4759 3431 4825 scriba,
3463 4767 3558 4833 qui

1974 4834 2208 4906 Bagdadi
2246 4837 2424 4893 fuerat
2448 4855 2571 4894 eum
2611 4841 2803 4897 Munes
2834 4851 3087 4902 eunucho
3119 4854 3419 4906 Antiochhe
3460 4855 3559 4925 Sy~

1973 4929 2073 4983 riae
2108 4929 2447 4997 patriarcha,
2492 4947 2682 4990 mense
2736 4935 3039 5006 Ramadan,
3084 4956 3228 4995 anno
3286 4954 3558 5001 trrc-nteo

1981 5019 2121 5073 sinto
2148 5020 2409 5075 vicesimo
2431 5028 2613 5079 tertio.
2642 5024 2767 5080 Fuit
2793 5036 2975 5084 autem
3009 5030 3063 5084 itt
3101 5028 3337 5103 Egypto
3400 5047 3557 5091 teme

1981 5119 2164 5167 motus
2186 5113 2405 5183 ingens,
2438 5119 2599 5171 tertio
2627 5118 2909 5177 DilKnda:
2934 5123 3181 5193 ejusdem
3216 5130 3368 5181 anni.
3388 5127 3555 5185 Vultlc

1976 5204 2143 5258 etiam
2182 5206 2400 5276 agitatae
2430 5218 2559 5263 sunt
2588 5212 2760 5267 stella:
2788 5213 3067 5269 cadentes.
3118 5217 3284 5271 Porro
3319 5219 3543 5274 Metuant-

1980 5289 2101 5348 nicd
2132 5292 2246 5350 Ebn
2266 5295 2437 5369 ’τι-ευ]
2462 5308 2515 5354 et
2532 5303 2733 5358 dttcum
2756 5307 3062 5375 vulgarium
3088 5309 3296 5380 aliquot
3324 5310 3553 5368 Batkam

1976 5383 2264 5455 fugientes,
2293 5404 2419 5445 cum
2461 5392 2533 5446 ibi
2558 5395 2745 5465 copias
2774 5398 3118 5469 collegissent
3165 5404 3551 5458 Alexandriam

1974 5480 2178 5533 reversi
2208 5493 2355 5547 sunt,
2381 5486 2520 5539 unde
2548 5490 2641 5556 qui
2668 5488 2741 5542 ibi
2767 5488 2985 5544 fuerant
3013 5495 3079 5545 ad
3106 5495 3281 5547 rivum
3324 5494 3549 5550 liashidi

1971 5569 2271 5641 fugerunt:
2311 5575 2378 5629 ad
2429 5593 2569 5644 quos
2609 5579 2724 5633 Ebn
2764 5580 2937 5651 Tognj
2974 5598 3097 5637 cum
3149 5585 3551 5640 AbiIThhafarn

1970 5662 2139 5718 fratre
2184 5681 2284 5720 suo
2315 5671 2621 5725 evercitum
2676 5673 2897 5727 mittens
2928 5674 3076 5744 ipsos
3109 5676 3162 5730 in
3196 5678 3376 5749 fugam
3417 5695 3543 5733 vt-r-

1970 5755 2055 5821 tit,
2092 5756 2248 5813 caesis
2303 5759 2447 5828 aliis,
2497 5763 2620 5817 aliis
2649 5765 2845 5833 captis,
2885 5766 3049 5838 idque
3090 5784 3231 5823 anno
3282 5781 3537 5825 trecentev
