2000 3070
301 124 1556 142 W

821 214 907 236 ANNO
926 214 1038 236 DOMINI
1052 214 1172 235 CMXXV.

653 309 738 409 Ν
748 305 1323 410 ICOLAUS

383 502 718 551 CONSTANTI
732 500 1160 548 NOPOLITAN‘US
1196 500 1574 545 PATRIARCHA

982 611 1017 619 ..-

831 697 1151 754 ΝΟΤΙΤΙΑ.

233 819 369 849 Auctore
385 818 422 848 R.
443 818 472 848 Ρ.
490 817 571 850 God.
587 816 796 848 Henschenio
815 816 849 847 in
870 817 955 848 Actis
978 819 1031 850 SS.
1049 817 1193 848 Bolland.
1212 816 1284 848 Maii
1301 820 1376 847 tom.
1394 816 1444 855 Ill,
1462 817 1514 847 die
1531 815 1578 854 15,
1602 825 1671 857 pag.
1691 816 1759 848 50).

211 959 313 987 Lcmnis
341 959 481 995 Sapientis
513 967 560 987 seu
594 959 751 994 Philosophi
788 958 1109 994 imperatorisAsIathii
1141 959 1238 987 classis
1267 959 1412 994 Drungarii
1441 965 1467 987 et
1496 959 1644 992 Caramali,
1673 967 1722 987 nec
1749 967 1801 986 non

176 1005 470 1039 Coastantinopolitani
490 1005 621 1040 mysticus
634 1004 762 1032 fueratS.
780 1005 919 1037 Nicolaus,
937 1005 964 1033 id

177 1055 229 1080 est.
256 1057 310 1077 non
335 1051 424 1077 solum
451 1050 609 1078 secretioris
630 1050 690 1084 ejus
712 1051 819 1078 consilii
843 1056 962 1083 senator,

178 1096 225 1122 sed
242 1096 328 1130 ipsius
353 1100 465 1122 senatus
490 1099 588 1123 oculus
611 1103 658 1122 seu
682 1103 800 1130 praeses;
823 1101 850 1124 et
864 1097 897 1123 ab
913 1098 962 1124 hoc

176 1141 320 1168 excellenti
336 1141 496 1175 magistratu
509 1140 658 1168 translatus
674 1146 716 1167 est
739 1141 771 1167 ad
792 1141 963 1175 patriarcha-

178 1192 235 1214 tum
256 1187 602 1222 Constantinopolitanum.
620 1194 652 1213 ac
668 1187 776 1213 tandem
795 1187 889 1221 plenus
904 1187 961 1214 die-

177 1241 237 1260 rum
254 1241 286 1260 ac
302 1233 461 1260 meritorum
485 1233 611 1268 migraxit
637 1234 669 1260 :d
695 1233 834 1261 Christum
857 1234 907 1261 hoc
928 1234 962 1261 15

178 1279 261 1305 Maii:
280 1278 314 1306 ad
337 1286 418 1313 quem
442 1279 524 1310 diem.
550 1280 645 1310 sancti,
669 1279 726 1306 sive
747 1278 793 1305 τοῦ
816 1280 845 1305 ἐν
861 1279 960 1312 ἁγίοις,

177 1323 337 1358 patriarchae
377 1324 666 1358 Constantinopolitani
697 1323 803 1350 Nicolat'
833 1326 961 1359 depositio

179 1369 310 1404 inscripta
325 1374 367 1396 est
390 1373 549 1404 pervetusto
573 1369 726 1404 Synasario
746 1369 874 1397 Ecclesiae
888 1370 961 1398 Con-

178 1415 439 1449 stantinopolitanae,
457 1415 529 1449 quod
546 1420 588 1442 est
613 1414 726 1450 ϐοηθείί
758 1416 962 1443 Claromontani

179 1461 318 1489 sodetatis
329 1460 395 1488 .Iesu
407 1460 530 1488 Parisiis.
543 1461 670 1495 Ejusdem
689 1462 848 1496 patriarcha:
859 1463 962 1490 Nicolai

176 1514 256 1533 saera
284 1506 416 1533 memoria
439 1506 473 1532 ad
502 1506 629 1533 eumdem
656 1507 728 1533 diem
755 1507 908 1534 celebratur
933 1509 961 1534 in

178 1552 289 1580 Menaeis
305 1560 372 1579 mss.
393 1552 641 1579 Mediolanensibus
661 1552 833 1580 bibliotheca
849 1553 964 1579 Ambro-

178 1598 271 1629 sianai,
302 1597 417 1632 signatis
438 1599 528 1625 littera
550 1597 572 1625 0
600 1603 627 1626 et
649 1606 677 1625 n.
704 1599 772 1629 MS.
797 1603 825 1625 et
849 1599 875 1626 in
901 1599 964 1626 unis

178 1642 288 1669 Menaeis
304 1643 383 1670 ducis
407 1642 572 1671 Sabaudize:
599 1643 627 1670 in
644 1643 738 1670 alteris
759 1651 824 1670 vero
848 1644 964 1671 refertur

178 1688 212 1714 ad
232 1688 301 1715 diem
315 1693 474 1722 sequentem
490 1688 523 1715 l6
536 1688 608 1721 Maii,
627 1689 664 1715 uti
683 1689 762 1716 etiam
781 1689 808 1716 in
824 1688 963 1717 Parisien~

180 1733 256 1760 sibus
272 1733 421 1761 cardinalis
436 1733 575 1761 Mazarini.
599 1734 633 1761 At
661 1735 748 1769 pridie
769 1735 826 1762 sive
840 1735 873 1761 ad
891 1736 961 1762 diem

180 1779 214 1806 Η
236 1779 316 1812 Maii,
340 1780 367 1806 in
391 1787 457 1807 mss.
488 1779 700 1807 Divionensibus
724 1779 797 1807 Petri
824 1779 962 1808 Francisci

178 1825 318 1858 Chillletii,
335 1825 436 1853 dicitur
453 1825 481 1853 S.
500 1826 629 1853 Nicolaus
648 1826 803 1860 patriarcha
824 1826 960 1853 Constan-

179 1869 377 1904 tinopolitanus
394 1870 421 1896 in
443 1877 508 1904 pace
522 1870 670 1905 quievisse,
689 1870 903 1905 adjungiturque
914 1871 964 1898 hoc

178 1914 315 1941 distichon
327 1923 336 1942 :

219 1960 249 1997 :0
258 1960 391 1997 Νιιςόλαος
405 1960 523 1997 ικλιςπῲν
538 1960 616 1988 σκιὰν
632 1961 699 1997 βίου,

214 1995 285 2030 Πρὶς
299 1995 393 2022 ᾶσκιην
412 1995 528 2030 μετῆλθε
546 1995 637 2030 quae:
648 1997 758 2032 χωρίον.

215 2048 341 2076 Umbram
358 2050 505 2084 relinquens
516 2050 643 2077 Nicotaus
661 2052 762 2083 seaculi,

215 2083 371 2110 Translata:
382 2089 420 2110 ut
431 2085 458 2110 in
474 2086 590 2110 neuiunt
606 2085 760 2112 unibrnrum
778 2085 874 2112 locum.

218 2141 243 2167 Ι.
264 2139 335 2168 Inter
357 2147 459 2167 uxores
495 2147 564 2174 quas
592 2140 647 2167 Leo
669 2141 784 2174 Sapiens
811 2141 966 2168 successive

179 2185 268 2215 duxit,
288 2185 376 2219 prima
389 2184 418 2212 S.
433 2184 611 2219 Theophane.
622 2193 684 2220 qua:
700 2193 714 2211 a
729 2184 831 2212 Graecis
848 2185 965 2212 refertur

179 2231 212 2258 ad
227 2231 300 2258 diem
319 2230 352 2256 l6
374 2230 549 2262 Decembris;
569 2234 666 2265 quarta
683 2230 737 2257 Zoe
758 2231 820 2262 fuit,
838 2239 920 2265 quam
937 2231 964 2258 in

180 2277 225 2304 illa
241 2276 373 2311 dignitate
392 2276 494 2304 vixisse
507 2283 609 2303 annum
628 2284 712 2303 unmn
725 2280 754 2303 et
771 2284 878 2303 menses
893 2282 963 2310 οι-ιο,

179 2322 276 2349 scribit
297 2321 351 2349 Leo
375 2321 577 2350 Grammaticus
592 2321 619 2348 in
638 2321 875 2357 Chronographia.
895 2323 965 2350 hanc

179 2367 252 2394 Zoen
274 2371 447 2395 materteram
467 2375 544 2395 suam
564 2368 715 2403 appellans,
739 2368 806 2395 adeo
820 2373 850 2395 ut
864 2369 965 2396 certior

181 2413 272 2440 haberi
291 2419 407 2447 nequeat
423 2417 520 2440 auctor
540 2414 643 2440 notitiae
670 2414 704 2441 de
728 2413 758 2441 S.
781 2412 894 2442 Nicolao
914 2422 964 2450 po-

181 2459 296 2485 stulatos.
317 2457 424 2485 Mortuo
447 2466 512 2493 ergo
536 2459 565 2486 S.
584 2460 703 2486 Antonio
726 2459 827 2487 Caulca
848 2461 964 2494 patriar-

180 2504 242 2535 cha,
258 2503 338 2538 cujus
353 2505 419 2532 Acta
431 2504 629 2532 illustravimus
638 2505 671 2532 ad
684 2505 756 2532 diem
771 2505 803 2531 η
814 2505 963 2538 Februarii,

185 2557 194 2573 ς
218 2549 245 2575 in
269 2550 328 2584 ejus
355 2551 443 2578 locum
470 2550 599 2577 Nicolaus
634 2550 806 2584 imperatoris
833 2552 964 2586 mysticus

183 2598 324 2627 provectus
344 2603 385 2623 est
407 2604 480 2624 almo
493 2595 556 2628 895,
577 2603 658 2630 quem
677 2596 810 2623 creditum
830 2597 964 2631 sapientia

183 2640 254 2666 alios
279 2643 306 2666 et
327 2642 471 2673 prudentia
492 2643 596 2669 anteire
619 2650 630 2667 ι
659 2642 696 2668 ait
717 2642 878 2669 Cedrenus:
903 2650 965 2677 quae

182 2691 247 2712 vero
265 2684 361 2712 deinde
385 2687 567 2721 contigerunt,
583 2687 620 2715 ita
637 2692 730 2715 narrat
751 2687 806 2715 Leo
821 2687 964 2715 Gramma-

183 2730 264 2760 ticus.
281 2737 343 2765 pag.
360 2729 422 2756 481.
443 2739 452 2754 ι
472 2730 684 2760 Tauromenium
707 2732 806 2759 Sicilire
821 2733 916 2760 civitas
931 2733 964 2760 ab

185 2775 254 2804 Afris
268 2781 345 2811 capta
361 2781 412 2807 est,
432 2778 556 2804 socordia
571 2784 617 2805 aut
633 2779 725 2806 verius
740 2778 892 2813 proditione
908 2777 962 2805 Eu-

339 2823 474 2854 Ps'rnos.
498 2824 575 2856 CXI.

955 2982 971 3013 Ι

948 3013 981 3039 ’.Ξ

1017 1005 1156 1033 Michaelis
1171 1006 1312 1037 Characti.
1329 1006 1430 1033 ibidem
1453 1012 1634 1041 repertorum.
1657 1006 1803 1041 quamplu-

1017 1051 1095 1078 rimis
1118 1050 1304 1078 Romanorum
1329 1059 1360 1078 ea
1388 1052 1414 1078 in
1437 1052 1515 1079 clade
1534 1052 1625 1079 caesis.
1643 1051 1757 1079 Reversi
1775 1051 1802 1078 in

1016 1097 1111 1124 urbem
1132 1097 1166 1123 ab
1184 1098 1348 1131 imperatore
1366 1101 1392 1124 et
1416 1097 1572 1131 patriarcha
1590 1097 1759 1132 reprehensi.
1777 1101 1804 1124 et

1016 1150 1031 1169 a
1053 1141 1184 1170 Michaele
1204 1142 1342 1170 Characto
1365 1142 1530 1177 proditionis
1555 1142 1684 1174 convicti,
1715 1147 1803 1169 morte

1014 1186 1188 1214 condemnati
1209 1190 1274 1214 sunt
1292 1195 1299 1212 :
1326 1187 1480 1221 patriarcha
1501 1186 1703 1213 vero'Nieolao
1730 1186 1802 1220 apud

1015 1233 1207 1267 imperatorem
1229 1228 1431 1267 interpellante.
1454 1238 1528 1259 mors
1549 1232 1703 1259 condonata
1718 1239 1726 1258 :
1743 1239 1804 1259 ver-

1015 1279 1182 1312 beribusque
1211 1278 1384 1305 solummodo
1399 1277 1526 1312 subjecti,
1547 1277 1625 1305 bonis
1642 1284 1737 1304 eorum
1753 1285 1804 1311 pu-

1015 1324 1131 1356 blicatis,
1143 1323 1216 1350 inter
1230 1323 1381 1351 monachos
1392 1323 1497 1351 detrusi
1510 1328 1585 1351 sunt.
1600 1332 1609 1350 ι
1621 1322 1652 1350 Ει
1661 1331 1723 1358 pag.
1732 1324 1800 1351 485:

1018 1377 1028 1395 ί
1050 1368 1070 1395 E
1095 1369 1161 1400 Zoe,
1188 1369 1296 1403 inquit.
1321 1373 1420 1403 quarta
1447 1368 1566 1403 conjuge
1592 1368 1801 1395 Constantinum

1017 1414 1102 1441 lilium
1117 1413 1172 1441 Leo
1190 1414 1320 1448 suscepit,
1337 1413 1473 1448 qnifesto
1492 1412 1639 1440 Lutuinum
1658 1420 1672 1440 a
1691 1413 1803 1440 Nicolao

1015 1459 1171 1494 patriarcha
1188 1460 1215 1486 in
1230 1459 1326 1494 Magna
1350 1458 1482 1490 Ecclesia,
1503 1459 1717 1493 suscipientibus
1735 1467 1803 1495 pne-

1015 1512 1076 1530 rum
1096 1511 1111 1530 e
1136 1504 1212 1531 l'onte
1236 1504 1392 1531 Alexandro
1415 1504 1589 1538 imperatore,
1617 1505 1737 1532 Samona
1753 1513 1803 1539 pa-

1016 1549 1095 1575 tricio
1125 1554 1151 1583 et
1181 1550 1342 1583 proceribus
1370 1551 1495 1582 cunctis,
1522 1550 1679 1584 baptizatus
1713 1556 1800 1578 est....

1015 1594 1145 1622 Eatndem
1163 1601 1228 1621 vero
1247 1593 1319 1621 Zoen
1341 1595 1487 1622 declaravit
1508 1595 1658 1631 Augustam
1683 1596 1802 1631 impera-

988 1638 992 1642 ’
1016 1644 1069 1673 tor,
1087 1647 1167 1674 quem
1195 1644 1340 1675 eapropter
1353 1639 1479 1668 Ecclesia:
1491 1633 1631 1668 liminibus
1646 1642 1800 1676 patriarcha

1015 1687 1155 1722 prohibuit
1181 1696 1188 1714 :
1217 1691 1246 1714 ut
1278 1688 1377 1714 exinde
1418 1688 1520 1722 pariter
1543 1689 1653 1716 dextera
1680 1690 1802 1717 ecclesia

1017 1738 1103 1768 parte,
1127 1734 1170 1761 via
1194 1738 1326 1761 consueta
1355 1735 1464 1769 penitus
1484 1735 1587 1767 relicta,
1607 1736 1641 1762 ad
1668 1735 1801 1764 Mitatori-

1014 1778 1086 1804 citnn
1098 1785 1185 1813 usque
1200 1778 1386 1812 pertransiret.
1403 1779 1538 1808 Samonas
1548 1780 1646 1808 deinde
1659 1782 1801 1809 accubitor

1015 1827 1159 1857 provectus
1175 1828 1225 1855 est,
1243 1824 1316 1858 quod
1332 1825 1365 1853 ad
1381 1832 1463 1853 omne
1475 1825 1583 1854 facinus
1594 1831 1622 1854 et
1638 1828 1800 1861 pravitatem

1015 1869 1173 1903 imperatori
1191 1877 1301 1897 manum
1321 1871 1454 1905 praeberet
1472 1872 1645 1904 auxiliarem.
1662 1879 1689 1900 et
1703 1874 1800 1902 adver<

1015 1922 1062 1943 sus
1075 1915 1226 1943 Ecclesiam
1242 1921 1386 1950 cmperunt
1403 1917 1541 1944 meditari.
1553 1916 1685 1945 Vocatum
1700 1919 1802 1953 quippe

1015 1960 1049 1987 ad
1065 1967 1094 1987 se
1109 1959 1249 1988 Nicolaum
1268 1961 1451 1994 patriarcham
1472 1961 1516 1989 die
1534 1962 1624 1996 primo
1648 1961 1800 1994 Februarii.

1015 2006 1144 2040 precibus
1160 2007 1310 2040 instabant,
1327 2011 1356 2033 nt
1379 2007 1405 2034 in
1431 2008 1581 2035 Eccleslam
1604 2008 1799 2043 reciperentur.

1017 2051 1052 2078 Ut
1066 2059 1130 2079 vero
1147 2052 1255 2079 ﬂectere
1275 2059 1328 2078 non
1343 2057 1502 2086 potuerunt,
1515 2060 1530 2080 a
1545 2054 1669 2081 convivio
1681 2054 1800 2089 publico.

1016 2097 1049 2123 ad
1069 2096 1141 2131 quod
1161 2102 1273 2124 vocatus
1284 2098 1392 2130 .I'uerat,
1412 2098 1530 2132 ejectum
1544 2104 1571 2127 et
1586 2107 1633 2134 per
1649 2100 1802 2128 Bucoleon-

1017 2145 1071 2168 tem
1086 2142 1208 2174 ductum.
1228 2143 1358 2177 Iintrique
1369 2144 1538 2178 impositum,
1561 2146 1588 2173 in
1612 2145 1731 2174 llieriam
1745 2153 1800 2175 tra-
1827 2140 1839 2156 “’

1014 2187 1158 2220 jecerunt:
1172 2194 1187 2213 e
1202 2194 1255 2221 qua
1281 2188 1363 2221 pedes
1383 2188 1416 2215 ad
1438 2187 1605 2218 Galacrenos
1631 2199 1719 2226 usque
1739 2192 1800 2220 nire

1017 2232 1101 2258 multa
1117 2231 1256 2259 delibutus
1273 2233 1407 2267 pervertit.
1418 2233 1447 2260 In
1460 2234 1518 2268 eius
1533 2234 1622 2262 locum
1640 2235 1800 2271 Enthymius

1016 2277 1152 2313 synccllus
1179 2278 1221 2304 vir
1240 2278 1332 2312 gravis
1354 2283 1381 2306 et
1402 2281 1650 2314 temperatissimus
1669 2283 1801 2310 sutl'ectus

1016 2328 1068 2353 cst,
1094 2330 1174 2353 quem
1199 2323 1294 2350 dicunt
1320 2323 1413 2352 divina
1439 2326 1605 2354 revelatione
1628 2328 1654 2354 id
1678 2329 1800 2354 muneris

1017 2369 1181 2402 suscepisse.
1208 2368 1324 2396 Volebat
1347 2370 1420 2397 enim
1446 2371 1596 2406 imperator
1624 2373 1749 2400 Itazresitn
1773 2377 1800 2400 et

1015 2416 1103 2449 legem
1132 2421 1245 2448 ponere,
1275 2423 1329 2450 qua
1350 2416 1410 2443 viro
1438 2421 1494 2443 tres
1518 2421 1670 2451 quatuorve
1699 2423 1799 2443 uxores

1016 2460 1117 2487 ducere
1142 2460 1246 2492 liceret,
1270 2460 1395 2495 pluribus
1422 2460 1591 2488 doctissimis
1616 2461 1746 2488 virisid
1767 2452 1799 2489 id

1015 2512 1095 2540 opem
1111 2504 1327 2532 cattfereutibus.
1347 2514 1356 2531 ι
1376 2505 1440 2532 llaec
1453 2505 1508 2532 Lco
1521 2513 1605 2539 agens
1621 2506 1655 2532 de
1667 2507 1799 2533 uxoribus

1016 2551 1171 2578 successive
1188 2551 1333 2584 ducendis,
1350 2555 1378 2578 et
1396 2552 1534 2579 consentit
1553 2552 1704 2583 Cedrenus.
1720 2555 1799 2587 cujus

1015 2595 1149 2629 interpres
1171 2601 1314 2630 perperam
1347 2594 1511 2629 interposuit
1542 2596 1623 2622 simul
1652 2601 1706 2624 tres
1730 2604 1800 2630 qua-

1016 2644 1112 2667 tuorve
1127 2647 1228 2666 uxores
1244 2643 1274 2666 ut
1289 2640 1390 2667 dueere
1403 2640 1510 2667 liceret.
1532 2640 1570 2668 De
1591 2641 1637 2668 illa
1653 2642 1719 2668 olim
1735 2649 1800 2676 pro-

1016 2685 1148 2713 hibitione
1161 2685 1214 2712 lata
1226 2685 1339 2712 consule
1355 2685 1474 2712 Μαιηιωὶ
1492 2686 1621 2713 monachi
1633 2687 1799 2721 quaestiones

1015 2731 1242 2763 matrimoniales,
1257 2731 1327 2758 libro
1343 2739 1391 2758 vnt
1419 2732 1483 2758 tomi
1502 2732 1582 2766 primi
1598 2731 1670 2759 luris
1689 2733 1799 2760 (ἔντευ-

1016 2777 1142 2810 Romani,
1172 2783 1197 2805 et
1222 2785 1283 2812 qua:
1311 2777 1459 2805 cardinalis
1482 2778 1617 2808 Baronius
1646 2778 1801 2806 Annalibus

1000 2980 1023 3007 ιν

1001 3016 1013 3035 ι
