2000 3070
195 111 226 144 ίι
902 104 1114 135 Puerum.
1793 101 1826 132 12

193 167 310 195 inseruit
336 166 370 193 ad
391 172 495 192 annunn
524 162 764 199 nongentesimum
790 161 919 196 primum.
935 159 982 187 ubi
1001 161 1020 190 Δ
1035 160 1224 196 promittebat.
1242 159 1369 188 Probatis
1382 164 1473 185 autem
1488 158 1514 184 in
1530 156 1676 184 adversum
1694 156 1827 183 mmninnm

195 214 296 249 allegat
314 222 324 240 ‹
345 211 547 247 promulgatam
574 209 608 236 ab
630 209 794 243 imperatore
815 206 867 234 hoc
893 205 984 234 Leone

194 259 432 290 constitutionem.
457 265 511 293 qua
539 255 679 291 prohibuit
701 254 812 282 tertium
841 252 984 281 matrimo-

195 307 284 339 nium.
298 311 327 333 ut
338 305 404 333 illud
417 304 612 332 contrahentes
626 308 706 337 poena
723 307 772 336 per
787 306 884 328 sacros
900 305 986 326 cano-

195 360 246 379 nes
270 355 372 378 statuta
396 349 588 385 plecterentur.
615 346 727 374 Interim
753 344 799 372 ille
826 343 909 376 idem,
935 342 986 377 qni

196 397 255 424 lucc
273 395 375 426 sanxit.
393 399 454 429 post
464 393 574 421 tertiam
586 398 701 419 uxorem
712 389 884 420 defunctam.
896 388 987 415 adhuc

195 447 323 478 quartam
350 439 464 474 accepit.
493 438 580 473 Cujus
608 437 649 465 rei
673 443 759 464 causa
781 433 913 462 Nicolaus
937 441 986 468 pa-

196 488 316 515 triarcha
342 486 377 513 ab
403 484 520 513 ecclesia
547 483 652 519 ejectus
675 485 737 513 est.
759 486 914 513 omnesque
933 479 987 506 illa:

191 535 283 562 turbae
298 537 361 561 sunt
375 533 530 560 subsecuta:
541 531 569 558 in
583 530 644 564 ejus
659 529 795 564 ejectione
805 532 833 554 et
848 526 987 562 Euthymii

196 579 400 613 subrogatione.
418 585 482 605 cum
501 576 652 605 schismate
672 574 760 602 divisa
785 573 831 600 illa
855 572 986 602 Ecclesia.

194 625 308 653 Nicolao
324 624 384 657 alii,
410 623 458 650 alii
481 629 548 650 vero
578 619 726 656 Eutlnymio
751 618 925 646 inhaererent.
955 616 990 644 At

194 670 336 706 quomodo
344 677 382 698 ‘se
396 669 527 697 habuerit
540 666 731 703 quadrigamia
755 665 806 692 ista
825 663 924 691 Leonis
936 663 990 690 im-

195 716 333 752 peratoris
349 716 377 743 in
391 714 542 750 coniugum
558 712 746 742 successione.
764 718 797 737 ex
812 707 991 736 Pra~ambulis

194 761 372 790 Constantini
390 758 622 795 Purplnyrogeniti
640 757 675 785 ad
689 757 808 784 edictum
831 754 942 782 unionis
957 761 992 781 ex

198 809 269 836 libro
284 816 304 835 It
331 806 506 834 Novellarum
532 803 608 832 Iuris
635 802 781 831 Orientalis
810 810 821 826 ι
849 799 990 832 describit.

199 855 356 889 ibidemque
374 852 460 881 videri
478 855 568 886 potest
584 855 658 878 tomo
675 848 696 881 I.
707 856 768 883 pag.
787 847 849 874 nos.
871 846 923 873 Sed
940 852 991 880 ρο-
1007 837 1028 865 Β

199 900 252 928 tius
268 900 301 927 ad
319 897 521 927 restituendum
541 896 570 923 in
590 895 683 923 sedem
711 893 742 921 S.
761 892 905 920 Nicolaum
926 897 992 926 pro-

197 952 323 980 peremus
340 952 348 970 :
366 951 422 979 quo
437 950 488 971 nos
508 941 696 970 manuducens
717 938 802 966 trahit
821 937 877 966 Leo
892 937 974 965 Gram

196 993 315 1020 metiens
332 991 370 1018 ita
387 989 545 1018 scribendo.

229 1049 257 1077 3.
277 1057 289 1075 ι
305 1048 381 1076 tum
397 1046 456 1075 Leo
482 1046 644 1082 imperator.
656 1044 732 1080 gravi
747 1043 844 1071 nnorbo
859 1042 991 1075 int-tatus.

195 1100 386 1122 successerant:
409 1099 491 1120 suum
511 1091 626 1119 fratrem
645 1089 833 1117 Alexandrum
851 1087 994 1122 designas-

196 1145 250 1172 set.
277 1145 408 1173 essetque
433 1138 591 1165 obtestatus
616 1139 648 1163 ut
673 1134 886 1162 Constantinum
907 1132 992 1159 [ilium

197 1192 280 1213 suum
296 1187 473 1220 protegeret;
498 1182 571 1210 diem
596 1185 750 1211 extremum
766 1179 835 1206 obiit
849 1177 995 1206 undecimo

196 1231 246 1258 die
257 1229 318 1257 Maii
334 1238 341 1256 :
364 1237 374 1255 ι
392 1235 474 1264 quem
493 1227 575 1256 etiam
599 1226 674 1254 diem
693 1225 786 1253 obitus
801 1224 926 1259 assignat
941 1222 994 1250 Ce-

199 1277 312 1305 drenus.
336 1275 458 1303 Hensem
486 1273 589 1301 Maium
612 1273 701 1302 solum
724 1271 830 1300 indicat
850 1269 993 1298 Zonaras:

200 1327 229 1351 nt
245 1320 425 1357 Curopalates
442 1320 555 1348 Scilitla
570 1319 610 1347 ait
627 1328 637 1345 ι
656 1318 684 1346 ll
701 1317 775 1346 Junii
789 1317 892 1345 mensis
903 1316 995 1344 deces-

201 1369 271 1396 sisse
283 1375 298 1395 e
314 1367 380 1394 vita.
397 1376 406 1393 ι
427 1366 523 1394 Annus
532 1366 555 1393 is
564 1369 624 1393 erat
641 1363 867 1399 nongentesimus
882 1361 996 1391 undeci-

202 1421 273 1441 mus.
293 1422 302 1439 n
318 1412 400 1445 Tum,
424 1412 515 1446 inquit
536 1411 592 1438 Leo
612 1410 827 1440 Grammaticus,
850 1407 995 1442 imperavit

201 1459 356 1487 Alexander
371 1465 425 1485 una
437 1465 499 1485 cum
513 1456 698 1484 Constantino
710 1454 810 1482 Leonis
826 1454 880 1482 tilio
892 1461 993 1481 annum

200 1511 285 1532 unum
298 1503 358 1532 dies
374 1502 469 1538 viginti
487 1509 587 1529 novem
601 1510 610 1528 :
631 1500 773 1535 missoque
793 1500 828 1528 ad
850 1499 992 1526 Nicolaum
1006 1513 1029 1544 ε

198 1553 233 1581 ad
258 1550 424 1578 Galacrenas
450 1548 570 1580 nuntio,
595 1546 776 1582 Eutlnymium
807 1545 992 1581 patriarclnam

199 1595 337 1630 deposuit,
360 1599 387 1622 et
413 1592 558 1622 Nicolaum
587 1592 710 1620 secundo
736 1590 868 1619 restituit.
894 1589 995 1617 Habuit

201 1645 294 1667 autem
321 1638 479 1666 Alexander
503 1637 537 1664 ad
563 1636 743 1670 Magnauram
771 1635 931 1666 silentium.
967 1638 995 1661 et

202 1684 352 1713 concilium
369 1682 529 1714 celebravit.
545 1687 629 1716 atque
643 1681 818 1716 Euthyminm
838 1680 873 1708 ab
889 1680 995 1715 Agatho

202 1731 374 1759 advocavit:
398 1729 583 1764 eumdemque
605 1735 668 1755 cum
696 1726 809 1755 Nicolao
837 1726 995 1762 patriarcha

203 1778 302 1806 sedere
327 1777 419 1812 jussu,
441 1775 539 1810 judicii
569 1781 725 1803 assessores
748 1773 809 1808 ejus
831 1772 995 1808 depositioni

203 1823 340 1852 vacabant
354 1821 496 1853 attentius.
514 1827 578 1849 cum
594 1820 729 1848 dedecore
742 1818 893 1847 venerandi
909 1823 936 1846 et
949 1825 996 1853 per

206 1869 300 1897 omnia
319 1867 439 1896 mirandi
463 1866 514 1894 viri
534 1865 678 1894 colendam
695 1864 808 1893 barbam
825 1864 994 1897 vellicantos,

202 1915 316 1950 aliaque
338 1912 485 1949 opprobria
517 1916 546 1941 ct
572 1910 688 1947 injurias
715 1911 867 1939 inferentes
890 1918 899 1940 :
927 1917 997 1946 quas

203 1961 296 1996 quiete
313 1963 343 1987 et
359 1962 503 1987 mansuete
520 1956 690 1987 honorabilis
704 1960 732 1984 et
748 1964 827 1985 sacer
841 1956 883 1984 vir
897 1957 997 1984 tolerac

202 2007 258 2037 bat.
278 2005 319 2033 Ex
341 2005 442 2040 quibus
463 2004 498 2036 ad
521 2003 620 2039 Agatki
642 2003 716 2033 cdes
742 2002 798 2031 vita
821 2002 943 2035 iunctus.
968 2002 995 2029 in

204 2053 318 2089 proprio
343 2051 516 2081 monasterio
538 2050 617 2084 juxta
642 2049 830 2077 Psamathium
856 2048 996 2083 depositus

204 2103 306 2126 ηιμ...
328 2097 484 2127 Alexander
509 2096 660 2131 imperator
684 2095 753 2122 tueri
774 2102 805 2123 se
831 2094 994 2129 pravidens.

203 2143 316 2172 Nicolao
326 2142 531 2178 patriarcha,et
544 2141 686 2176 iitephano
702 2139 841 2174 Magistro.
854 2145 879 2166 et
890 2139 995 2167 Joannc

1037 206 1226 238 munimentis.
1252 205 1393 240 urbisque,
1416 212 1448 231 ex
1470 202 1563 238 populi
1586 201 1663 237 copia
1679 206 1706 229 et
1723 202 1829 229 machi-

1038 253 1090 285 uis.
1105 253 1255 280 securitate
1275 259 1307 279 ac
1329 250 1459 286 praesidio
1482 256 1641 285 conspecto.
1669 256 1719 283 spe
1745 249 1829 276 dece-

1037 303 1112 333 ptus.
1132 298 1160 325 in
1182 298 1272 325 locum
1288 297 1459 325 Hebdomum
1474 296 1577 324 dictum
1592 296 1668 331 pacis
1685 295 1830 322 oblaturus

1039 344 1142 373 findere
1156 352 1283 372 reversus
1295 348 1346 371 est.
1362 342 1592 370 Procuratoribus
1601 349 1696 377 pacem
1707 341 1827 369 oblatam

1038 387 1156 416 libenter
1176 387 1386 422 cxcipicntibus,
1409 387 1521 414 Simeon
1548 386 1724 413 Theodorum
1744 386 1831 421 magi-

1039 439 1126 462 strum
1143 434 1178 462 de
1196 434 1241 461 illa
1266 437 1446 461 tractaturum
1476 433 1561 460 misit.
1585 432 1715 460 Nicotaus
1737 435 1830 458 autem

1038 479 1207 515 patriarcha.
1227 479 1383 514 Stephanus
1395 483 1424 506 et
1443 477 1563 506 Joannes
1580 478 1722 513 magister.
1739 478 1830 512 impe-

1039 531 1131 554 ratore
1152 533 1250 554 secum
1271 525 1364 558 ducto,
1390 524 1559 552 Blaclnernas
1586 531 1676 559 usque
1701 523 1829 559 profecti.

1039 573 1112 601 ﬁlios
1127 572 1265 600 Simeonis
1281 571 1406 607 geminos
1427 571 1596 598 induxerunt
1613 571 1641 598 in
1660 570 1768 602 urbem.
1783 570 1833 605 qui

1041 619 1068 646 in
1091 618 1200 654 palatiis
1223 626 1281 645 una
1306 625 1372 645 curn
1400 618 1564 652 imperatore
1591 616 1728 644 convivali
1754 608 1837 644 sunnt.‘

1834 509 1838 528 Ι

1032 664 1152 692 -Νἰεοιω
1169 671 1237 691 vero
1260 664 1422 699 patriarcha:
1444 664 1478 690 ad
1497 663 1654 690 Simeonem
1677 663 1837 694 accedenti;

1041 711 1099 746 ipse
1115 710 1228 738 Simeon
1243 715 1323 745 caput
1343 709 1459 737 inﬂexit.
1480 708 1640 736 Patriarcha
1656 709 1738 744 igitur
1748 716 1832 743 super

1042 764 1104 784 eum
1119 756 1272 784 orationem
1294 755 1418 786 (usurus.
1441 756 1594 783 stemmatis
1617 754 1675 782 vice
1689 754 1831 789 proprium

1044 802 1142 838 capitis
1167 806 1355 838 tegumentum
1383 802 1444 836 ejus
1471 801 1603 836 imposuit
1628 800 1720 835 capiti.
1747 800 1835 827 Donis

1043 847 1137 882 itaque
1153 846 1294 874 immensis
1308 851 1336 873 et
1350 853 1433 881 quam
1449 846 1575 873 maximis
1597 846 1702 880 excepti
1719 845 1835 872 Simeon

1043 894 1071 917 et
1086 891 1147 925 ejus
1168 890 1217 917 lilii
1239 890 1266 917 in
1291 891 1408 925 patriam
1435 890 1539 917 reversi
1555 895 1631 923 sunt,
1655 890 1688 917 ad
1715 890 1833 917 invicem

1042 936 1184 964 discordes
1201 937 1237 963 ob
1250 935 1369 970 praefata!
1385 936 1461 970 pacis
1475 935 1694 964 conditiones....

1078 991 1105 1019 5.
1124 1001 1133 1017 ιι
1152 991 1350 1019 Constantinus
1373 991 1524 1026 imperator
1546 995 1703 1018 revocatam
1717 997 1732 1017 a
1748 995 1834 1017 matre

1043 1042 1071 1065 et
1092 1037 1127 1065 ad
1154 1045 1184 1065 se
1212 1038 1372 1065 translatam
1400 1037 1510 1072 imperii
1535 1042 1697 1072 potestaqu
1721 1044 1832 1064 orantem

1044 1083 1204 1113 declaravit.
1225 1087 1253 1110 et
1269 1082 1413 1110 Nicolaum
1435 1082 1632 1116 patriarcham.
1651 1082 1834 1117 Stephanum-

1046 1135 1100 1162 que
1115 1128 1277 1163 magistrum
1301 1128 1328 1155 in
1348 1128 1451 1163 palatio
1466 1128 1518 1156 sibi
1535 1128 1631 1156 adesse
1647 1128 1834 1156 mandavit....

1047 1174 1199 1209 Imperator
1216 1178 1244 1202 et
1267 1174 1422 1209 patriarcha
1443 1174 1576 1203 Joannem
1599 1174 1728 1202 Garidam
1749 1174 1783 1202 ad
1804 1182 1834 1202 se

1048 1223 1175 1246 vocatum
1202 1219 1365 1247 Scholarum
1391 1219 1577 1247 Domesticum
1602 1227 1664 1248 esse
1681 1220 1832 1254 jusserunt.

1046 1264 1125 1292 veriti
1144 1271 1177 1292 ne
1192 1264 1299 1292 Phocas
1322 1265 1348 1292 in
1366 1264 1545 1293 rebellionem
1563 1264 1739 1293 deiiceret....
1754 1264 1835 1292 Nice-

1047 1316 1088 1338 tas
1102 1316 1190 1338 autem
1208 1311 1352 1345 patricius,
1368 1310 1485 1338 Romani
1499 1317 1644 1343 consocer,
1662 1310 1689 1338 in
1703 1310 1835 1345 palatium

1046 1356 1196 1391 proiectus.
1221 1355 1364 1384 Nicolaum
1391 1356 1575 1391 patriarcham
1598 1356 1661 1383 inde
1686 1356 1833 1390 dejecit....

1047 1402 1192 1429 Soerorum
1218 1408 1308 1430 autem
1331 1402 1500 1437 jejuniorum
1531 1403 1625 1437 quinta
1651 1402 1836 1433 hebdomade.

1046 1455 1141 1475 mense
1170 1448 1277 1483 Aprili.
1302 1448 1410 1476 Helenae
1436 1447 1555 1476 Romani
1588 1447 1651 1475 lilia
1676 1452 1839 1475 contractus

1047 1493 1178 1528 nuptialis
1195 1494 1277 1522 arrba
1295 1502 1309 1522 a
1323 1494 1504 1523 Constantino
1526 1495 1693 1528 imperatore
1707 1494 1834 1526 traditur.

1047 1544 1074 1566 ct
1087 1540 1165 1567 tertia
1179 1539 1322 1568 Pascbatis
1337 1540 1416 1572 feria.
1426 1540 1536 1569 Galileat
1551 1541 1637 1571 dicta,
1650 1540 1837 1571 benedicitur,

1046 1589 1074 1612 et
1086 1592 1152 1612 cum
1164 1592 1194 1612 ea
1211 1586 1383 1619 nuptialibus
1395 1585 1509 1613 corollis
1532 1585 1677 1613 redimitur
1690 1592 1705 1612 a
1721 1584 1836 1611 Nieolao

1046 1629 1205 1663 patriarcha
1228 1637 1235 1656 :
1259 1635 1287 1658 et
1309 1635 1374 1657 tunc
1393 1630 1534 1658 llomanus
1558 1629 1732 1665 imperatoris
1759 1633 1835 1664 pater

1046 1675 1217 1707 declaratur,
1248 1679 1277 1702 et
1304 1675 1423 1703 Romani
1448 1675 1506 1702 vice
1531 1675 1747 1709 Christoplnorus
1773 1674 1834 1707 ejus

1048 1721 1119 1748 illius
1136 1721 1334 1749 hateriarches
1344 1721 1544 1748 instiluitur....
1557 1720 1661 1753 Quarto
1676 1728 1739 1748 vero
1752 1728 1836 1754 supra

1047 1766 1209 1794 vicesimum
1230 1765 1405 1802 Septembris
1419 1766 1536 1798 mensis.
1552 1766 1670 1794 Caesaris
1684 1766 1837 1801 dignitate;

1048 1811 1206 1841 Decembris
1230 1817 1324 1840 autem
1343 1813 1445 1841 mensis
1466 1813 1574 1842 decimo
1600 1813 1716 1848 septimo
1734 1812 1837 1841 Christi

1049 1857 1158 1885 Domini
1183 1863 1381 1894 proparentum
1406 1858 1488 1892 festo.
1517 1860 1625 1895 imperii
1645 1859 1798 1887 diademate
1821 1867 1837 1886 a

1047 1904 1230 1932 Constantino
1249 1905 1420 1940 imperatore
1436 1911 1463 1934 et
1481 1906 1594 1935 Nicolao
1611 1908 1766 1942 patriarcha
1781 1907 1837 1934 llo-

1047 1958 1146 1978 manus
1161 1956 1296 1979 ornatur:
1315 1957 1476 1992 sancimus:
1501 1953 1598 1981 deinde
1627 1952 1772 1980 Luminurn
1793 1953 1838 1981 dic

1048 1996 1220 2024 Theodoram
1236 2004 1350 2025 uxorem
1368 2002 1493 2026 coronat.
1515 1998 1575 2026 llox
1600 1998 1662 2026 Maii
1677 1999 1779 2026 munsis
1794 1999 1841 2025 die

1047 2043 1153 2071 decimo
1161 2043 1278 2079 septimo
1292 2043 1439 2073 indictione
1446 2046 1541 2080 quinta
1555 2046 1609 2081 (4),.
1624 2044 1842 2079 Cbristopltorus

1048 2088 1163 2118 Romani
1187 2090 1259 2119 illius
1283 2090 1435 2126 imperator
1461 2094 1647 2123 renuntiatur.
1672 2096 1698 2118 ct
1714 2090 1840 2125 ejusdem

1047 2137 1153 2165 mensis
1176 2137 1308 2166 vicesimo
1334 2143 1437 2166 sanctae
1462 2139 1638 2167 Pentecostes
1665 2137 1709 2164 die
1737 2137 1806 2164 festo
1823 2145 1841 2162 εδ

204 2188 336 2224 magistro
354 2187 451 2220 Elatia,
472 2192 502 2214 et
527 2185 635 2217 Joanne
659 2190 781 2215 rectore,
794 2189 822 2210 et
840 2184 995 2219 Euthymio,
1011 2179 1036 2207 ἰ)
1048 2183 1229 2211 Constantino
1253 2184 1398 2212 redimitur
1414 2192 1422 2211 :
1439 2185 1540 2219 istique
1563 2185 1622 2211 duo
1640 2183 1690 2210 soli
1714 2183 1838 2217 ejusdem

204 2233 345 2265 Basilitze,
361 2237 389 2261 et
405 2231 602 2265 Gabrielopulo
614 2229 841 2264 procuratoribus
853 2229 996 2261 institutis,

204 2279 388 2308 Constantino
406 2277 509 2306 Leonis
533 2276 589 2302 tilio
615 2274 727 2309 reliquit
746 2274 938 2309 imperium....
959 2275 998 2302 Eo

203 2325 295 2361 itaque
312 2324 408 2360 palatii
430 2325 598 2357 potestatem
611 2321 720 2356 adepto.
738 2320 868 2349 Nicolaus
881 2321 998 2356 patriar-

202 2372 257 2400 cha
273 2371 358 2399 rebus
380 2367 577 2396 communibus
601 2367 771 2402 providebat,
788 2374 937 2402 curamque
949 2374 996 2403 ge-

204 2415 283 2444 rebat
296 2413 524 2450 quotidianorum
537 2412 613 2447 regni
633 2412 853 2447 negotiorum...

243 2461 271 2488 ι.
301 2469 311 2486 ι
343 2458 437 2487 Mense
465 2464 548 2493 porro
570 2458 695 2493 Augusto
722 2457 833 2486 Simeen
863 2459 997 2494 Bulgaria:

204 2507 343 2541 princeps.
369 2504 502 2534 adversus
531 2503 672 2532 Remanos
697 2510 857 2538 comparato
873 2505 996 2533 exercitu

205 2558 270 2579 cum
290 2549 465 2580 multitudine
482 2550 559 2585 gravi
580 2548 849 2584 Constantinopolim
870 2551 994 2585 appulit;

204 2602 233 2625 et
248 2596 321 2625 vallo
335 2604 352 2624 a
367 2597 527 2625 Blachcrnis
545 2595 580 2624 ad
591 2601 697 2631 portam
712 2595 846 2630 Chrysem
868 2601 995 2625 vocatam

204 2642 409 2674 circumducto.
435 2642 531 2670 urbem
548 2641 654 2670 obsedit
673 2649 681 2668 :
699 2641 804 2676 alisque
820 2642 877 2676 spei
893 2649 950 2669 sua
966 2642 994 2669 in

203 2687 322 2717 sublime
340 2687 442 2720 elatus,
469 2687 653 2715 subacturum
671 2686 787 2716 omnino
812 2686 887 2715 nullo
903 2687 995 2716 labore

238 2765 277 2801 (a)
290 2764 348 2801 lino
364 2773 445 2792 nona.

239 2800 277 2835 (ι)
292 2800 364 2836 Lege
376 2800 489 2828 decima.

1049 2229 1103 2256 diei
1120 2237 1250 2263 processu
1272 2229 1389 2256 solemni
1413 2236 1462 2263 per
1482 2229 1577 2256 urbem
1603 2228 1741 2262 progressi
1764 2234 1841 2256 sunt.

1048 2273 1134 2301 Porro
1143 2273 1215 2301 Julio
1223 2281 1316 2301 mense
1324 2273 1474 2300 indictione
1483 2278 1578 2300 octava
1584 2272 1621 2307 (In)
1633 2271 1677 2298 die
1687 2271 1841 2305 Donninica,

1049 2321 1135 2348 totius
1145 2320 1272 2347 Ecclesia:
1286 2327 1301 2346 a
1319 2319 1443 2346 Romano
1463 2319 1533 2346 inita
1545 2323 1587 2346 cst
1598 2318 1757 2349 concordia.
1772 2325 1841 2345 cun-

1048 2366 1104 2394 ctis
1127 2365 1308 2400 metropolitis
1329 2369 1358 2392 et
1382 2364 1500 2397 clericis.
1517 2366 1564 2400 qui
1582 2372 1598 2392 a
1615 2363 1718 2391 Nicolai
1735 2368 1763 2391 et
1784 2364 1841 2390 Eu-

1050 2412 1146 2447 thymii
1171 2411 1296 2446 partibus
1315 2411 1414 2438 divisis
1436 2414 1569 2438 steterant
1593 2409 1704 2442 animis.
1727 2410 1754 2438 in
1771 2417 1841 2438 con-

1049 2457 1206 2485 sensionem
1226 2457 1450 2484 redeuntium...

1084 2503 1110 2530 6.
1124 2512 1134 2528 ι
1146 2502 1299 2538 Septembri
1310 2510 1374 2531 vero
1383 2510 1478 2531 mense
1493 2503 1640 2531 indictione
1663 2503 1782 2530 secunda
1793 2503 1842 2538 (ε),

1050 2548 1161 2576 Sinneon
1180 2548 1315 2584 Bulgaria
1332 2549 1470 2584 princeps,
1481 2550 1569 2583 copiis
1582 2549 1710 2576 omnibus
1723 2549 1842 2581 eductis,

1048 2595 1181 2622 adversus
1189 2594 1454 2629 Constantinopolim
1462 2595 1663 2630 expetﬁtionenn
1669 2600 1757 2630 parat.
1776 2594 1842 2621 Inde

1050 2640 1196 2669 Thraciam
1206 2645 1233 2669 et
1242 2641 1428 2669 Macedoniam
1445 2641 1636 2676 depopulatur,
1646 2641 1770 2669 incendia
1778 2641 1839 2668 ulni-

1049 2695 1104 2722 que
1112 2688 1226 2723 spargit,
1244 2687 1343 2715 evertit
1355 2687 1459 2721 omnia,
1471 2691 1498 2715 et
1509 2689 1543 2716 ad
1555 2688 1668 2716 arbores
1684 2694 1772 2722 usque
1790 2694 1839 2714 cx-

1085 2765 1120 2802 (c)
1132 2765 1202 2802 Lege
1215 2749 1363 2795 undecima.
