2000 3070
216 119 249 148 l3
926 117 1134 148 i‘ll.EFATlO.
1807 118 1839 147 lt

212 173 322 200 scindit.
334 174 374 200 Ad
385 173 551 200 Blavltcrnas
565 178 694 208 praeterea
706 173 847 207 devectus,
858 173 998 201 Nicolaum
1013 176 1036 204 Λ
1051 174 1157 209 quinto,
1172 173 1319 201 indictione
1334 174 1412 200 tertia
1427 173 1478 208 (ιι),
1497 177 1610 200 mortem
1630 171 1698 200 obiit
1713 171 1840 200 Nicolans

212 219 398 254 patriarcham
420 223 448 246 et
473 226 616 254 procerum
641 219 787 254 quosdam,
814 223 845 246 ut
871 219 905 246 de
933 226 999 254 pace

210 264 380 296 conferrent,
397 264 429 291 ad
449 272 478 291 se
492 265 565 291 mitti
587 263 748 300 postulavit.
772 263 848 292 Datis
863 264 947 300 igitur
965 272 998 291 ex

211 313 290 344 parte
304 314 420 343 utraque
436 310 591 343 obsidibus,
604 314 792 338 convenerunt
805 310 880 344 prius
891 310 998 346 quidem

213 355 342 384 Nieolaus
357 356 523 390 patriarcha,
539 356 637 383 deinde
651 356 768 383 Michael
785 355 922 383 Patricius
934 355 1000 391 Sty-

211 401 312 436 piotes,
338 406 364 429 et
389 401 510 429 Joannes
534 401 675 437 Mysticus,
697 402 744 436 qui
771 402 806 429 ab
834 401 1000 437 imperatore

213 447 347 474 secundas
373 447 491 475 tenebat.
516 447 548 474 Et
575 447 601 474 bi
616 447 734 482 {quidem
749 455 810 475 cum
825 447 952 474 Simeone
966 448 999 473 de

211 500 277 527 pace
297 496 446 520 tractatum
476 492 638 520 habebant:
664 493 777 520 Simeon
803 497 895 520 autem
925 497 999 520 ntro

212 545 259 565 eos
282 538 442 566 aumndavit
464 547 473 567 :
492 538 580 573 ipsum
606 546 671 566 vero
693 539 885 573 imperatorem
907 538 1000 565 videre

209 584 334 618 expetiit.
351 591 366 610 s
386 584 482 611 multis
494 584 528 611 de
541 584 601 619 ejus
621 583 776 618 prudentia,
796 583 959 611 fortitudine
973 588 1001 611 et

212 628 322 656 solertia
341 629 442 656 certior
459 628 547 656 factus
613 630 763 664 Imperator
788 636 841 656 una
864 636 926 656 cum
949 637 1000 664 pa-

210 674 331 702 triarcha
341 673 454 702 Nicolao
466 675 500 701 ad
516 674 683 702 Bischernas
695 680 723 702 et
737 680 862 702 sanctum
880 675 998 702 loculum

211 726 384 754 progressus,
412 720 446 747 ad
474 727 570 754 preces
599 728 698 748 manus
722 721 848 748 extendit
868 729 876 746 :
900 721 1001 748 deinde

210 773 316 800 pronus
337 765 364 792 in
380 770 481 793 terram
499 766 614 799 cadens,
638 774 747 794 sacrum
771 767 901 803 lacrymis
923 767 1000 802 pari-

210 813 333 836 tnentum
363 808 501 844 irrigavit;
534 809 678 845 Deiparam
711 819 726 838 a
755 811 817 839 labe
850 812 997 839 immunem

1053 217 1224 253 patriarcha,
1251 223 1312 252 post
1329 217 1714 246 sccundamrcstuntiationem
1741 218 1838 245 throrm

1054 265 1157 299 potitus
1174 271 1261 292 annos
1275 263 1427 291 tredccim:
1447 264 1562 298 ejusque
1579 269 1682 298 corpus
1707 263 1734 290 in
1757 262 1840 290 Gaia-

1050 317 1198 338 crenarum
1226 310 1396 339 monasterio
1426 310 1461 337 ab
1484 317 1518 338 eo
1541 309 1656 338 condito
1683 310 1839 345 depositum

1051 361 1103 384 cst.
1124 366 1134 382 ι

1088 403 1115 430 8.
1136 403 1275 430 Hactenus
1298 402 1352 429 Leo
1373 402 1587 434 Grammaticus,
1612 405 1710 430 auct’Or
1731 407 1841 429 coaevus

1050 453 1079 474 ct
1095 449 1222 475 oculatus
1249 448 1328 475 testis
1359 448 1386 474 in
1410 454 1460 474 sua
1490 446 1727 482 Chronographia,
1757 453 1839 480 quam

1053 493 1249 521 iudictionibus
1271 500 1413 528 perperam
1433 492 1554 520 deﬁnitis
1579 491 1773 520 iuterturhavit
1799 493 1841 517 in-

1050 539 1180 566 curiosus
1212 539 1314 574 aliquis
1344 538 1533 566 amanuensis.
1562 537 1631 565 Nam
1660 537 1733 565 sicut
1759 542 1840 564 anthea

1052 593 1114 620 pag.
1132 585 1196 617 497,
1218 585 1268 612 lin.
1284 585 1312 617 7,
1326 584 1487 620 icgelatur:
1506 583 1623 611 Indictio
1643 584 1745 611 duim
1769 590 1841 611 ma

1053 638 1115 658 cum
1136 631 1194 658 sola
1219 638 1291 657 mna
1314 635 1388 658 esset
1408 629 1579 662 collocanda,
1597 630 1636 657 ita
1654 629 1681 657 in
1695 629 1752 664 iam
1768 634 1842 656 lran-

1053 676 1163 712 scriptis
1191 676 1285 704 eadem
1320 684 1389 704 nona
1413 676 1526 703 iadv'ctto
1556 681 1700 711 perperam
1727 680 1842 703 vocatur

1049 722 1156 757 quinta,
1179 729 1253 749 anno
1275 722 1381 750 scilicet
1396 722 1459 754 92L
1476 729 1532 756 quo
1551 722 1767 757 Christophorus
1789 721 1842 748 Ro-

1051 767 1126 795 mani
1143 767 1281 802 Lecapeni
1298 767 1372 795 illius
1388 767 1434 795 die
1445 767 1482 794 20
1502 766 1564 795 Iiaii
1581 766 1652 795 festo
1666 766 1842 795 Pentecostes

1052 818 1095 840 est
1112 813 1263 848 imperator
1285 817 1444 841 coronatus.
1475 812 1515 840 Eo
1539 812 1644 841 scilicet
1668 820 1741 840 anno
1766 812 1844 848 cyrlo

208 854 374 885 obtestatus.
397 858 426 882 ut
444 854 573 882 inﬂexum
591 859 619 883 et
635 855 751 891 rigidum
769 856 880 891 superbi
896 855 1001 884 Simeo-
1016 859 1040 889 B
1054 858 1126 886 lunae
1143 858 1190 892 10,
1203 859 1270 887 solis
1289 859 1317 891 ϐ,
1333 858 1425 887 littera
1440 858 1603 886 Dominicali
1616 857 1650 892 G,
1671 857 1777 886 Pascha
1794 866 1842 885 ce-

209 899 254 927 nis
274 899 412 928 emolliret
434 907 492 933 cor,
517 905 542 928 et
565 909 626 936 qua:
650 905 717 929 sunt
735 901 811 937 pacis
831 901 999 937 inspiraret:

207 953 345 986 εδει-συθ
359 945 499 978 scriniolo,
519 953 573 981 quo
589 948 742 975 veneranda
758 951 861 975 sanctae
880 947 1002 982 Deiparre

210 991 294 1018 vestis
319 991 438 1026 reposita
458 997 511 1025 est,
536 997 643 1027 aperto,
672 992 746 1020 illam
768 993 831 1020 inde
854 993 1001 1026 sublatam,

211 1045 243 1064 ex
260 1037 312 1064 ﬂde
326 1045 380 1072 qua
402 1038 428 1066 in
448 1039 651 1066 immaculatam
673 1038 721 1066 Dei
735 1039 902 1067 Genitricem
916 1040 1003 1074 polle-

210 1083 270 1115 bat,
291 1083 362 1110 velut
381 1083 488 1118 galeam
504 1084 586 1118 capiti
608 1084 824 1119 circumponens
841 1084 1001 1119 imperator,

210 1128 377 1156 ﬁrmissimis
414 1129 499 1157 armis
534 1129 671 1162 munitus,
703 1129 787 1156 classi
815 1129 865 1156 via:
890 1130 1001 1160 comite,

209 1173 312 1209 clypeis
332 1178 360 1202 et
372 1175 456 1202 armis
469 1174 615 1208 adornata,
630 1177 663 1202 ad
678 1175 819 1210 praeﬁxum
834 1175 922 1203 locum
937 1182 1001 1202 cmn

210 1219 339 1248 Simeone
353 1225 521 1248 tractaturus
535 1220 701 1248 accessit....
717 1220 827 1248 Simeon
844 1229 916 1256 equo
930 1221 1003 1248 desi-

208 1265 280 1294 liens
301 1265 336 1292 ad
362 1264 557 1300 imperatorem
582 1267 710 1298 accessit.
738 1267 856 1302 dataque
884 1267 1002 1294 invicem

209 1310 310 1343 salute,
332 1311 405 1345 pacis
431 1315 577 1339 tractatum
601 1316 794 1341 moverttut....
819 1311 932 1341 Simeon
949 1313 1002 1340 im-

208 1357 348 1390 peratoris
360 1357 576 1386 moderationem
593 1363 620 1386 et
635 1365 779 1386 sermones
792 1365 854 1386 cum
871 1366 1004 1386 verecun-

210 1401 256 1428 dia
272 1401 398 1434 miratus,
417 1409 512 1436 paccm
537 1403 665 1438 componi
689 1403 795 1431 annuit.
824 1402 895 1431 Cum
919 1404 1002 1439 igitur

209 1447 261 1474 sibi
286 1447 402 1475 invicem
433 1447 639 1483 valedixisscnt,
668 1457 683 1477 a
707 1456 738 1478 se
760 1455 854 1478 mutuo
869 1450 1002 1485 disiuncti

209 1498 321 1522 sunt....

247 1541 272 1567 7.
283 1549 292 1566 ‹
306 1540 464 1568 Decembris
478 1542 572 1569 autem
585 1542 689 1570 mensis
701 1542 746 1570 die
753 1543 885 1570 vicesimo
896 1544 1002 1578 quinm,

208 1585 279 1612 ﬁlios
292 1593 358 1614 suos
380 1587 555 1621 Stephanum
581 1593 609 1615 et
632 1587 845 1615 Constantinum
862 1588 1003 1616 Romanus

208 1630 319 1665 imperii
342 1638 448 1659 corona
474 1631 587 1659 cinxit:
605 1632 653 1660 aed
674 1637 702 1660 et
721 1631 955 1668 Theophylactum
974 1635 1004 1660 ti-

211 1675 277 1703 lium
293 1675 423 1703 clericum
444 1678 561 1705 totondit
574 1678 738 1713 patriarcha,
757 1683 785 1706 et
801 1679 1001 1707 subdiacmium

210 1721 359 1754 ordinavit,
386 1722 553 1758 tandemque
577 1723 737 1760 Svyncellum
758 1726 906 1760 promovit,
938 1733 1000 1752 cum

168 1783 171 1786 -
208 1767 285 1801 prius
301 1767 334 1794 ad
359 1772 485 1796 sanctum
510 1770 664 1804 ingressum
685 1776 748 1797 eum
764 1770 943 1798 subdiaconis
958 1770 999 1797 al-

209 1813 298 1840 lectus
315 1815 544 1848 processisset....
561 1815 661 1844 Mensis
677 1824 743 1844 vero
757 1816 819 1844 Maii
835 1817 880 1844 die
894 1817 1001 1844 (Iccium

248 1872 288 1906 id)
300 1872 373 1908 Lege
387 1874 467 1900 tertia
482 1874 596 1901 decima.

223 1959 661 1973 ...ια-*ψ*

1054 905 1189 933 iebratum
1204 904 1256 932 fuit
1267 905 1335 940 ipsis
1349 904 1480 932 Kalendis
1492 905 1604 940 Aprilis,
1616 909 1644 932 et
1659 903 1758 931 festum
1769 902 1843 930 l'cn-

1054 953 1172 977 tecostes
1195 949 1270 977 dieto
1284 949 1320 975 20
1335 948 1409 976 Maii.
1427 948 1529 976 Eodem
1545 954 1639 975 errore
1652 948 1718 975 dein
1731 948 1843 975 iudidio

1053 998 1145 1022 octava
1162 1001 1213 1029 pro
1228 994 1341 1026 decium,
1358 994 1476 1021 secunda
1492 1002 1542 1029 pro
1552 994 1705 1026 undecima,
1721 998 1746 1020 et
1763 994 1842 1020 tertia

1053 1047 1103 1074 pro
1124 1039 1228 1067 decima
1255 1040 1334 1066 tertia
1358 1043 1482 1072 notatur.
1504 1044 1588 1074 atque
1609 1039 1647 1066 ita
1663 1039 1732 1074 apud
1748 1038 1844 1065 Conti-

1054 1089 1199 1112 nuatnrem
1222 1085 1238 1113 9
1265 1085 1435 1112 indictione»:
1467 1084 1520 1119 legi
1551 1084 1684 1111 observat
1710 1083 1737 1110 in
1764 1082 1843 1110 Notis

1052 1130 1202 1158 Combetis.
1227 1130 1352 1158 Mortuus
1370 1137 1436 1165 ergo
1456 1134 1499 1157 est
1518 1135 1631 1158 sanctus
1656 1129 1786 1156 Nicola'us
1812 1129 1844 1156 13

1054 1176 1117 1204 Maii
1133 1177 1199 1204 anni
1210 1176 1276 1204 925.
1290 1175 1446 1204 Restitutus
1458 1179 1549 1203 autem
1562 1176 1589 1202 in
1605 1175 1670 1203 sede
1680 1175 1714 1202 ab
1726 1173 1846 1201 Alexan—

1053 1222 1103 1250 dro
1120 1222 1297 1257 imperatore,
1325 1228 1398 1248 anno
1427 1221 1492 1254 911,
1513 1226 1562 1249 aut
1585 1221 1664 1248 initio
1689 1221 1842 1256 sequentis.

1053 1267 1124 1295 Nam
1148 1266 1172 1295 is
1194 1266 1284 1294 solum
1306 1271 1380 1293 anno
1403 1273 1458 1293 uno
1476 1270 1504 1294 et
1520 1265 1618 1294 diebus
1637 1265 1732 1301 viginti
1744 1271 1843 1293 novem

1054 1312 1177 1348 regnavit
1197 1321 1204 1340 :
1231 1316 1314 1348 atque
1338 1312 1373 1340 ita
1401 1311 1452 1339 hac
1474 1311 1596 1339 secunda
1621 1312 1682 1340 vice
1707 1311 1840 1340 Ecclesiae

1053 1358 1162 1393 pa'zel'uit
1177 1357 1207 1385 S.
1222 1357 1350 1385 Nicoiaus
1370 1357 1450 1385 armis
1467 1358 1609 1385 tredecim.
1633 1357 1792 1393 Appellatus
1803 1361 1846 1383 cst

1053 1403 1126 1431 idem
1140 1402 1266 1431 Nicolaus
1282 1403 1404 1435 Priscus.
1424 1410 1472 1430 seu
1492 1404 1553 1437 eius
1579 1403 1701 1431 nominis
1725 1403 1843 1438 primus.

1052 1454 1180 1484 respectu
1195 1456 1292 1476 eorum
1309 1449 1356 1484 qui
1373 1454 1468 1484 postea
1486 1452 1690 1480 successerunt,
1717 1447 1844 1475 fuerunt-

1054 1501 1109 1529 que
1139 1493 1269 1522 Nicolaus
1290 1493 1496 1529 Chrysoberges
1520 1494 1572 1521 sub
1600 1493 1702 1521 Basilio
1728 1493 1842 1521 Romani

1053 1539 1188 1574 Lecapeui
1213 1538 1269 1567 lilio
1292 1543 1356 1574 post
1373 1545 1477 1566 annum
1492 1538 1554 1572 980,
1569 1543 1596 1565 et
1611 1538 1738 1566 Nicolaus
1749 1539 1845 1567 Gram-

1055 1585 1182 1618 maticus,
1199 1585 1251 1612 sub
1263 1584 1360 1612 Alexio
1374 1585 1527 1613 Commeno
1541 1585 1663 1618 seniore,
1678 1585 1780 1612 saeculo
1795 1592 1844 1612 an.

1056 1631 1149 1658 Exstat
1165 1635 1256 1658 autem
1269 1636 1344 1658 tomo
1358 1630 1368 1658 l
1389 1629 1463 1658 luris
1477 1629 1721 1662 Graeco-Romani,
1737 1630 1785 1657 lib.
1805 1638 1842 1661 iv,

1054 1678 1126 1705 inter
1149 1678 1307 1706 Sententias
1331 1677 1477 1713 synodaies
1499 1677 1666 1705 Constitutio
1691 1677 1744 1705 sub
1762 1678 1845 1704 titulo

1054 1723 1159 1752 Nicolsi
1186 1723 1284 1756 Prisci,
1311 1724 1383 1759 qttod
1409 1723 1508 1751 littere
1536 1723 1736 1759 patriarchales
1759 1725 1846 1759 gruis

1055 1769 1243 1797 concedantur
1257 1770 1412 1806 petentibus
1427 1777 1473 1797 eas
1512 1769 1549 1796 uti
1572 1769 1685 1803 Μῶα,
1700 1776 1764 1805 pag.
1792 1769 1846 1796 269

1055 1817 1107 1851 iugi
1120 1821 1222 1851 potest.

593 2056 878 2113 ANGELO
922 2058 1048 2114 MAI
1090 2058 1454 2116 MONITUM.

915 2176 1012 2211 (Spicil.
1027 2179 1094 2203 Rom.
1106 2179 1148 2208 X.)

250 2327 275 2360 i».
295 2331 427 2359 Nicolaus
441 2334 535 2358 mater
552 2330 603 2358 sub
618 2324 709 2357 Leone
719 2329 847 2365 Sapiente
863 2330 927 2364 imp.
943 2331 977 2357 ad
988 2332 1195 2366 patriurclialem
1210 2333 1303 2360 sedem
1313 2332 1425 2361 evectus
1437 2333 1489 2361 fuit
1501 2339 1574 2361 anno
1589 2334 1652 2368 895,
1665 2336 1847 2370 quadriennio

212 2381 278 2411 post
292 2375 383 2403 Photii
403 2374 520 2402 obitum.
534 2374 608 2401 idem
623 2377 687 2408 post
701 2374 869 2402 novennium
892 2375 948 2409 (aut
964 2379 1026 2410 post
1040 2383 1130 2404 annos
1143 2375 1196 2409 XI,
1211 2379 1241 2404 'ut
1254 2377 1355 2404 dicitur
1365 2378 1437 2413 apud
1453 2377 1648 2406 Leunelavium
1670 2379 1697 2406 in
1718 2378 1786 2406 lure
1797 2380 1845 2408 Gr.

212 2420 303 2452 κωπ..
318 2427 346 2454 p.
365 2418 431 2454 50!)
450 2426 466 2445 a
481 2417 573 2445 Leone
590 2417 733 2453 praedicto,
751 2417 794 2445 cui
811 2417 839 2445 in
861 2423 1023 2453 quartarum
1048 2418 1206 2453 nuptiarum
1232 2419 1340 2454 negotio
1358 2421 1566 2453 adversabatur,
1586 2419 1652 2448 sede
1671 2421 1770 2455 pulsus
1787 2428 1846 2454 est,

214 2471 297 2498 quam
313 2463 424 2490 nonnisi
438 2469 512 2490 anno
526 2461 576 2489 911
595 2461 648 2489 sub
655 2461 813 2489 Alexandro
822 2462 924 2489 Leonis
935 2461 1072 2489 demortui
1085 2462 1170 2488 fratre
1186 2462 1369 2496 recuperavit,
1381 2463 1470 2490 donec
1483 2471 1556 2490 anno
1566 2463 1619 2490 οει
1630 2463 1708 2496 obiit,
1720 2464 1848 2491 decursis

215 2508 244 2534 in
257 2507 434 2542 episcopatus
451 2505 588 2540 regimine
603 2505 749 2541 (subducta
765 2505 857 2533 exsilii
873 2505 1092 2540 intercapedine)
1106 2505 1188 2533 annis
1205 2505 1294 2534 tribus
1312 2513 1394 2541 supra
1419 2505 1527 2540 viginti.
1540 2506 1582 2533 Ab
1593 2506 1750 2542 Ephramio
1765 2507 1847 2534 citro-

220 2551 373 2586 nographo,
387 2559 414 2578 ν.
431 2549 544 2583 10,οὸ0,
567 2557 659 2584 seqq.,
672 2549 773 2577 dicitur
787 2554 852 2577 ante
866 2551 1055 2585 episcopstum
1069 2549 1222 2576 monachus
1231 2549 1306 2584 pius.
1320 2550 1440 2584 sapiens,
1456 2556 1555 2584 magna
1574 2549 1647 2577 fama
1665 2550 1806 2584 praditus,
1821 2556 1849 2578 et

218 2594 370 2629 Byzantina
388 2595 453 2623 sede
466 2594 578 2630 dignus,
592 2600 675 2628 quam
691 2593 852 2628 priusquam
872 2597 1029 2628 occuparet,
1043 2592 1163 2621 oiﬁeium
1178 2592 1285 2629 mystici
1299 2598 1421 2627 gesserat
1433 2593 1519 2628 (quod
1533 2593 1560 2620 ei
1573 2593 1746 2629 cognominis
1761 2595 1848 2622 instar

216 2639 349 2674 inhasit).
361 2638 388 2666 id
400 2643 454 2672 est,
471 2644 502 2666 ut
513 2638 594 2673 volgo
604 2637 777 2673 intelligitur,
791 2638 923 2665 sanetiori
936 2637 1050 2666 consilio
1059 2637 1149 2665 aulico
1157 2644 1173 2665 a
1185 2638 1299 2666 secretis
1306 2637 1406 2665 fuerat.
1420 2637 1463 2664 Ab
1471 2637 1566 2665 eodem
1580 2637 1734 2672 prrzmio
1747 2639 1849 2666 dicitur

218 2686 298 2718 gente
311 2680 406 2713 italus,
420 2685 447 2709 et
463 2688 478 2708 a
493 2686 592 2709 natura
605 2685 785 2716 comparatus
795 2680 1000 2721 ad__eloquentia

1055 2681 1145 2716 “ob:
1161 2681 1283 2714 Ἰταλῶν,
1298 2681 1404 2716 εὐφυὴς
1420 2682 1486 2717 περὶ
1499 2681 1606 2716 λόγους.
1616 2681 1758 2709 Nicolava
1774 2682 1847 2709 hunc

218 2725 307 2753 sancti
325 2724 407 2752 titulo
423 2725 553 2752 donatum
571 2724 651 2752 video
667 2732 682 2752 a
697 2724 818 2752 Baronio
830 2719 867 2757 fin
887 2724 1051 2756 Annalibus,
1072 2729 1099 2753 et
1117 2732 1134 2752 a
1155 2724 1355 2757 Boilandianis,
1378 2724 1487 2760 Cupero
1507 2725 1612 2753 scilicet
1633 2726 1661 2752 in
1685 2726 1849 2760 patriarchis

216 2769 442 2809 Conatantbtop”
451 2772 479 2796 et
489 2768 661 2797 Henschenio
673 2768 701 2796 in
712 2767 787 2808 Actis
799 2767 962 2795 Sanctorum
972 2768 1016 2796 die
1029 2777 1063 2796 av
1075 2768 1149 2799 Maii,
1160 2769 1208 2803 qui
1219 2773 1375 2804 postremus
1389 2772 1449 2796 acta
1463 2769 1533 2804 eius,
1543 2776 1577 2796 ex
1590 2768 1682 2796 Leone
1697 2775 1847 2803 prasertun

215 2803 409 2842 Grammaﬁco
417 2814 527 2847 hausta,
545 2817 672 2841 accurate
688 2805 809 2848 scripsit.
826 2811 866 2841 Ne
882 2813 945 2847 quid
961 2812 1049 2840 dicam
1065 2812 1099 2841 de
1114 2812 1194 2841 laude
1217 2812 1373 2840 uastitatis
1389 2813 1416 2840 in
1433 2803 1573 2840 Nicolaum
1590 2819 1604 2839 a
1620 2812 1723 2840 Graecis
1746 2820 1810 2841 uasa
1822 2821 1848 2840 ιι
