2000 3070
835 218 921 241 ANNO
940 218 1053 240 DOMINI
1066 218 1186 240 CMXXV.

667 308 1337 414 NICOLAUS

398 507 733 556 CONSTANTI
746 505 1175 553 NOPOLITANUS
1211 504 1588 549 PATRIARCHA

996 615 1031 624 .—

845 701 1166 758 NOTITIA.

248 823 383 854 Auctore
400 823 436 853 il.
457 823 487 853 P.
505 822 586 854 God.
602 820 811 852 Henscheuio
830 821 863 852 in
885 821 970 852 Actis
993 823 1046 854 SS.
1064 821 1208 852 Boiiand.
1227 821 1299 852 Μείί
1316 824 1391 851 tom.
1408 820 1459 859 ill,
1477 821 1529 851 die
1545 819 1593 858 l5,
1617 829 1686 860 pag.
1705 820 1774 852 50).

227 964 328 991 Leonis
355 965 495 1000 Sapientis
528 972 574 992 seu
608 964 765 999 Philosophi
803 963 1123 998 imperatorisAslathii
1156 963 1253 991 classis
1282 963 1427 998 Drungarii
1456 969 1482 991 et
1511 963 1659 996 Caramali,
1687 971 1737 990 nec
1763 970 1816 989 non

191 1010 485 1044 Constantinopolitani
504 1010 636 1045 mysticus
648 1009 777 1036 i'ueratS.
795 1009 933 1042 Nicolaus.
952 1009 978 1037 id

192 1060 244 1085 est.
271 1062 325 1082 non
350 1056 439 1082 solum
466 1055 624 1082 srrretioris
645 1055 705 1089 ejus
726 1056 834 1082 consilii
857 1049 977 1088 senator,

193 1101 240 1127 sed
257 1101 343 1135 ipsius
367 1105 480 1128 senatus
505 1103 603 1128 oculus
625 1108 672 1128 seu
697 1108 815 1135 praeses;
838 1102 912 1128 etab
927 1102 977 1129 hoc

191 1146 335 1173 excellenti
351 1146 511 1180 magistratu
525 1145 673 1173 translatus
689 1151 731 1172 est
753 1145 786 1172 ad
807 1145 978 1180 patriarcha-

193 1197 250 1219 lum
272 1192 617 1227 Constantinopolitanum,
635 1199 667 1218 ac
683 1192 791 1218 tandem
809 1192 904 1226 plenus
919 1191 976 1218 die-

192 1246 252 1265 rum
269 1246 301 1265 ac
317 1238 477 1265 meritorum
500 1238 626 1272 migratit
652 1239 684 1264 ad
709 1238 849 1266 Christum
871 1238 922 1266 hoc
943 1238 977 1265 15

193 1283 276 1310 Maii:
296 1284 329 1311 ad
353 1291 433 1318 quem
457 1284 539 1315 diem.
564 1284 660 1315 sancti,
684 1283 741 1310 sire
762 1283 808 1310 τοῦ
831 1284 859 1310 ὲν
875 1283 975 1317 dying,

192 1329 352 1363 patriarchae
393 1329 682 1362 Constantinopolitoui
713 1328 817 1355 Nicolai
848 1330 976 1364 depositio

193 1374 325 1408 inscripta
341 1379 382 1401 est
405 1378 565 1408 pervetusto
588 1374 741 1408 Syuaxario
761 1374 889 1402 Ecclesia:
903 1374 976 1402 Con-

194 1420 454 1454 stantinopolitante,
472 1419 544 1454 quod
561 1425 603 1447 est
628 1419 741 1455 Collegii
773 1420 976 1448 Claromontani

194 1466 333 1494 secietatis
344 1465 410 1493 Jesu
423 1465 546 1493 Parisiis.
558 1465 685 1500 Ejusdem
704 1466 863 1501 patriarcha:
874 1467 976 1494 Nicolui

192 1519 271 1538 sacra
300 1511 431 1538 memoria
455 1511 488 1537 ad
517 1511 644 1538 eumdem
671 1511 743 1538 diem
770 1512 924 1539 celebratur
948 1513 976 1539 iu

193 1557 304 1585 Menaeis
321 1565 387 1584 mss.
408 1557 656 1584 Mediolanensibus
676 1557 848 1584 bibliotheca:
865 1557 979 1583 Ambro-

193 1603 286 1634 siauae,
317 1603 432 1637 signatis
454 1603 543 1630 littera
565 1602 587 1630 0
615 1607 642 1630 et
665 1611 693 1630 n.
719 1604 787 1634 148.
812 1607 840 1630 et
864 1604 890 1630 in
917 1604 979 1630 uuis

193 1647 303 1674 leuatis
319 1647 398 1674 ducis
422 1647 587 1676 Sabaudiaa:
614 1647 642 1675 in
659 1648 753 1675 alteris
774 1655 839 1675 vero
863 1648 979 1675 refertur

194 1693 227 1719 ad
247 1693 317 1720 tliem
331 1697 489 1727 sequentem
505 1693 538 1720 i6
551 1693 624 1726 Maii,
643 1693 680 1720 uti
698 1694 778 1720 etiam
797 1694 823 1720 iu
840 1693 978 1722 Parisien-

195 1739 271 1765 aibus
287 1738 436 1765 eardinalis
452 1738 591 1766 Mazsrini.
614 1739 649 1766 At
676 1739 763 1773 pridie
784 1740 841 1766 sive
856 1740 888 1766 ad
906 1740 976 1766 diem

196 1784 230 1811 il
252 1784 331 1817 Maii,
355 1784 382 1811 in
406 1792 472 1812 mss.
503 1784 715 1812 Divionensibus
740 1784 812 1812 Petri
839 1785 978 1812 Francisci

194 1830 334 1863 Citiﬂietii,
350 1830 452 1858 dicitur
468 1830 497 1858 S.
515 1830 644 1858 Nicolaus
663 1831 818 1865 patriarcha
839 1831 975 1858 Constan-

195 1875 393 1909 tinopolitanus
409 1875 436 1901 in
459 1881 523 1909 pace
537 1875 686 1910 quievisse,
705 1875 918 1910 adjungiturquc
929 1875 980 1902 hoc

193 1919 330 1947 distichon
343 1927 352 1948 :

235 1965 264 2002 :0
274 1965 406 2002 Νικόλαος
421 1965 539 2002 ιχλιῖεῲν
554 1965 632 1993 σκιὰν
647 1967 715 2002 βίου,

229 2000 301 2035 Πρὸς
314 2000 409 2027 ἄσκιον
427 2001 544 2035 μετῆλθε
561 2000 652 2035 cura:
664 2002 774 2037 χωρίον.

231 2054 357 2081 Umbram
374 2055 520 2088 relinquens
531 2055 659 2082 Nicalaus
676 2056 777 2088 amuli,

231 2089 386 2115 Translata:
397 2094 435 2115 eu
447 2090 474 2115 iu
490 2091 606 2115 nescium
622 2090 775 2116 uutbrarum
794 2090 890 2117 locum.

233 2146 258 2172 l.
280 2144 351 2172 luler
373 2152 474 2171 uxores
511 2152 579 2179 quas
608 2145 662 2172 Lee
684 2145 799 2179 Sapiens
827 2146 981 2173 successive

195 2190 284 2221 duxit,
304 2190 391 2224 prima
404 2189 433 2217 S.
449 2188 627 2224 Theophane.
637 2197 700 2224 quze
715 2197 729 2216 a
744 2189 846 2217 Graecis
863 2189 981 2217 refertur

194 2236 228 2263 ad
243 2236 315 2263 diem
334 2235 367 2262 i6
389 2235 565 2268 Decembris;
585 2239 681 2270 quarta
698 2235 753 2262 Zne
773 2235 836 2267 fuit,
854 2244 936 2270 quam
952 2236 979 2263 in

195 2282 241 2309 illa
257 2281 388 2316 dignitate
407 2281 510 2309 vixisse
523 2288 624 2308 annum
643 2289 727 2308 unum
741 2285 769 2308 et
785 2289 894 2308 menses
908 2287 979 2314 orto,

194 2328 292 2354 scribit
312 2326 367 2354 Leo
390 2327 593 2354 Grammaticus
608 2326 634 2354 iu
654 2326 891 2362 Chronographia,
911 2327 981 2354 hanc

195 2372 267 2399 Zuen
289 2376 463 2400 materteram
482 2381 560 2401 suam
579 2373 731 2408 appellans,
754 2373 822 2400 adeo
836 2378 865 2400 ut
880 2374 981 2401 certior

196 2418 287 2445 haberi
306 2424 423 2452 nequeat
439 2423 535 2445 auctor
555 2419 659 2446 notitiae
685 2419 720 2446 de
744 2418 773 2445 S.
797 2417 909 2446 Nicoiao
930 2426 980 2454 po-

197 2464 312 2490 stulatae.
333 2462 440 2490 Mortuo
464 2471 527 2498 ergo
551 2463 581 2491 S.
600 2465 719 2491 Antonio
742 2464 842 2492 Caulea
863 2465 979 2499 patriar—

195 2509 258 2540 cha,
274 2508 354 2544 cujus
369 2510 435 2537 Acta
447 2509 644 2537 illustravimus
653 2510 686 2537 ad
700 2510 771 2537 diem
787 2510 818 2536 l2
830 2510 979 2542 Februarii.

200 2562 209 2578 ι
234 2554 260 2580 in
284 2555 344 2589 ejus
371 2556 459 2583 locum
486 2555 615 2582 Nicotaus
649 2555 822 2588 imperatoris
848 2557 980 2591 mysticus

198 2603 341 2632 provectus
360 2607 401 2628 est.
423 2609 495 2629 anno
508 2600 572 2633 895.
593 2608 674 2636 quem
692 2601 825 2628 creditum
846 2602 980 2636 sapientia

198 2645 269 2672 alios
294 2649 322 2672 et
344 2647 487 2678 prudentia
507 2648 613 2674 anteire
636 2655 645 2672 ι
674 2647 712 2673 ait
733 2646 894 2674 Cedrenus:
919 2655 981 2682 quae

198 2697 263 2716 vero
281 2689 377 2717 deinde
401 2692 583 2725 contigerunt,
600 2692 636 2720 ita
652 2697 746 2719 narrat
767 2692 822 2719 Leo
836 2691 980 2720 Gramma-

199 2735 280 2766 ticus,
298 2741 359 2770 pag.
376 2734 438 2761 481.
459 2744 467 2759 ι
487 2735 700 2764 Tauromenium
723 2737 822 2764 Sicilizc
837 2738 932 2765 civitas
947 2737 980 2764 ab

201 2780 270 2809 Afris
284 2785 361 2816 capta
377 2785 428 2812 est,
448 2782 573 2808 socordia
587 2788 633 2810 aut
649 2784 741 2810 verius
756 2782 909 2817 proditione
924 2782 978 2809 Eu-

355 2828 490 2858 ΡΛΊἚΟΙ..
514 2828 591 2860 CXI.

972 2987 987 3017 ἔ

963 3018 998 3043 ’.5.

1032 1009 1171 1038 Michaelis
1186 1010 1326 1041 Charaeti.
1344 1010 1444 1038 ibidem
1467 1016 1649 1045 repertor-tun,
1671 1009 1817 1045 quamplu-

1031 1056 1110 1083 rimis
1132 1055 1319 1083 Romanorum
1343 1063 1375 1083 ea
1403 1056 1429 1082 in
1452 1056 1529 1083 clade
1549 1056 1639 1083 caesis.
1657 1055 1771 1083 Reversi
1789 1055 1816 1081 in

1030 1102 1125 1128 urbem
1147 1102 1181 1128 ab
1198 1102 1363 1136 imperatore
1381 1105 1407 1128 et
1431 1101 1586 1135 patriarcha
1605 1101 1774 1136 reprehensi.
1792 1104 1819 1128 et

1031 1154 1045 1173 a
1067 1146 1199 1174 Michacle
1219 1146 1357 1174 Characto
1380 1146 1545 1181 proditionis
1569 1146 1698 1178 convicti,
1730 1151 1818 1173 morte

1030 1191 1203 1218 condemnati
1224 1194 1289 1218 sunt
1307 1199 1314 1217 :
1341 1191 1495 1225 patriarcha
1516 1190 1718 1217 vero'Nicoiao
1745 1190 1816 1224 apud

1030 1237 1222 1271 imperatorem
1244 1233 1446 1271 interpellante.
1469 1243 1543 1263 mors
1564 1236 1718 1263 condonnla
1733 1242 1741 1261 :
1757 1242 1818 1262 ver-

1030 1283 1198 1317 beribusque
1226 1282 1399 1309 solummodo
1414 1281 1541 1315 subjecti,
1561 1281 1640 1308 bonis
1657 1288 1752 1308 eorum
1768 1288 1818 1315 pu-

1030 1328 1146 1360 blicatis,
1158 1328 1231 1355 inter
1245 1328 1396 1355 monachos
1407 1327 1513 1356 detrusi
1525 1331 1600 1355 sunt.
1615 1336 1624 1353 ο
1636 1326 1667 1354 Et
1676 1335 1738 1362 pag.
1747 1327 1816 1354 485:

1033 1382 1044 1399 ‹
1065 1372 1085 1399 Ε
1111 1373 1176 1405 Zoe,
1203 1373 1312 1408 inquit.
1337 1377 1435 1407 quarta
1462 1372 1582 1407 conjuge
1607 1372 1816 1399 Constantinum

1032 1419 1117 1445 lilium
1133 1418 1187 1446 Leo
1205 1418 1336 1452 suscepit,
1352 1417 1488 1453 quii'esto
1507 1416 1654 1444 Lutniuum
1673 1424 1688 1443 a
1706 1417 1818 1444 Nicelao

1030 1464 1187 1499 patriarcha
1203 1464 1230 1491 in
1245 1463 1341 1498 Magna
1365 1462 1498 1494 Ecclesia,
1518 1462 1732 1497 suscipientibus
1750 1470 1818 1498 puco

1031 1516 1091 1535 rum
1111 1515 1127 1535 e
1152 1509 1227 1536 fonte
1251 1508 1407 1535 Alexandro
1430 1508 1605 1541 imperatore,
1632 1508 1752 1535 Samona
1768 1516 1818 1543 pa.

1031 1554 1111 1580 trieio
1140 1559 1166 1587 et
1197 1554 1357 1588 proceribus
1385 1555 1511 1585 cunctis,
1538 1554 1694 1588 baptizatus
1728 1559 1815 1582 est....

1030 1599 1160 1626 Eamdem
1178 1606 1243 1625 vero
1262 1598 1335 1626 Zoen
1356 1599 1503 1626 declaravit
1523 1599 1673 1635 Augustam
1698 1600 1816 1635 impera-

1003 1643 1007 1646 ’
1030 1649 1084 1678 tor,
1102 1652 1183 1679 quem
1210 1649 1355 1679 eaproptcr
1368 1637 1647 1672 Ecclesiaaiimiuibus
1661 1646 1815 1680 patriarcha

1030 1691 1170 1727 prohibuit
1197 1700 1204 1718 :
1232 1695 1262 1718 ut
1293 1692 1393 1719 exinde
1433 1692 1536 1727 pariter
1558 1692 1669 1720 dextera
1695 1694 1817 1721 ecclesia!

1032 1743 1118 1773 parte,
1142 1738 1185 1766 via
1209 1742 1341 1765 consueta
1371 1739 1479 1773 penitus
1499 1739 1603 1771 relicta,
1623 1740 1656 1766 ad
1683 1739 1816 1767 Mitatori-

1029 1782 1101 1809 eiutn
1113 1789 1200 1817 usque
1215 1782 1401 1816 pertransiret.
1418 1782 1554 1812 Samonas
1563 1784 1662 1812 deinde
1675 1785 1816 1813 accubitor

1030 1832 1175 1861 provectus
1190 1833 1240 1860 est.
1259 1828 1331 1862 quod
1348 1829 1381 1857 ad
1397 1836 1478 1857 omne
1490 1829 1598 1858 facinus
1610 1835 1637 1858 et
1653 1832 1816 1865 pravitatem

1031 1873 1189 1908 imperatori
1207 1881 1316 1901 manum
1336 1875 1469 1909 praeberet
1487 1876 1660 1908 auxiliarem.
1678 1883 1705 1905 et
1719 1878 1816 1905 adver-

1030 1927 1078 1948 sus
1090 1919 1241 1947 Ecclesium
1257 1925 1402 1954 ccepsrunt
1419 1921 1557 1948 meditari.
1569 1920 1701 1950 Vocatum
1715 1923 1817 1957 quippe

1031 1965 1065 1992 ad
1080 1972 1109 1991 se
1124 1964 1264 1992 Nicolaum
1283 1965 1466 1998 patriarcham
1487 1966 1532 1993 die
1550 1966 1640 2001 primo
1664 1965 1815 1998 Februarii.

1031 2011 1159 2045 precibus
1175 2011 1325 2044 instabant,
1342 2016 1371 2038 ut
1394 2011 1421 2038 in
1446 2012 1596 2039 Ecclesiam
1620 2012 1814 2047 reciperentur.

1033 2055 1067 2082 Ut
1082 2064 1146 2083 vero
1163 2057 1270 2084 ﬂectere
1290 2064 1343 2084 non
1358 2061 1517 2091 potuerunt,
1530 2064 1545 2084 a
1561 2058 1685 2085 convivio
1697 2058 1816 2093 publico,

1031 2102 1064 2128 ad
1084 2101 1156 2136 quod
1176 2107 1289 2130 vocatus
1300 2102 1407 2134 luerat,
1427 2102 1545 2137 ejectum
1559 2108 1586 2131 et
1601 2111 1648 2139 per
1664 2104 1818 2133 Bucoleon—

1032 2150 1086 2173 tem
1101 2147 1224 2178 ductum,
1243 2147 1553 2183 lintriqueimpositum,
1576 2151 1604 2177 in
1627 2149 1746 2178 llieriam
1760 2157 1815 2179 tra-
1842 2143 1854 2159 τ’

1030 2191 1174 2224 iecerunt:
1188 2199 1203 2218 e
1217 2199 1271 2226 qua
1296 2193 1378 2226 pedes
1398 2193 1431 2220 ad
1454 2192 1621 2223 Galacrenos
1646 2203 1735 2230 usque
1755 2196 1816 2224 nire

1033 2237 1116 2263 multa
1133 2236 1272 2264 delibutus
1288 2238 1422 2272 pervenit.
1433 2238 1462 2265 ln
1475 2239 1534 2273 eius
1549 2240 1638 2267 locum
1655 2240 1816 2276 Euthymius

1032 2282 1168 2317 syncellus
1195 2283 1236 2309 vir
1256 2283 1347 2317 gravis
1369 2287 1397 2310 et
1417 2285 1666 2319 temperatissimus
1684 2287 1816 2314 suffectus

1032 2332 1084 2358 est,
1110 2335 1190 2358 quem
1215 2328 1310 2355 dicunt
1335 2327 1428 2356 divina
1454 2330 1621 2359 revelatione
1644 2333 1669 2359 id
1693 2333 1815 2359 muneris

1032 2373 1197 2407 suscepisse.
1224 2372 1340 2400 Volebat
1363 2374 1436 2401 enim
1462 2375 1611 2410 imperator
1639 2377 1764 2404 haresim
1788 2381 1815 2404 et

1031 2420 1118 2454 legem
1148 2426 1260 2453 ponere.
1290 2427 1344 2454 qua
1366 2420 1426 2447 viro
1453 2425 1509 2448 tres
1534 2425 1686 2455 quatuorve
1714 2427 1814 2448 uxores

1031 2465 1133 2492 ducere
1157 2465 1261 2497 liceret,
1286 2465 1411 2499 pluribus
1437 2465 1607 2493 doctissimis
1632 2465 1761 2492 viris‘ad
1782 2456 1814 2493 id

1032 2517 1111 2544 opem
1127 2508 1343 2537 couiereutibus.
1363 2518 1372 2535 ι
1392 2509 1455 2536 litec
1468 2509 1523 2536 Leo
1537 2517 1620 2544 agens
1637 2511 1670 2536 de
1683 2511 1814 2537 uxoribus

1031 2556 1187 2583 successive
1205 2555 1349 2588 ducendis,
1366 2559 1393 2582 et
1412 2556 1549 2583 consentit
1569 2556 1720 2587 Cedrenus.
1736 2560 1814 2591 cujus

1032 2600 1165 2634 interpres
1187 2606 1330 2634 perperam
1362 2599 1527 2633 interposuit
1558 2600 1639 2627 simul
1667 2605 1722 2628 tres
1746 2609 1814 2634 qua-

1032 2649 1128 2672 tuorve
1143 2651 1244 2671 uxores
1260 2648 1290 2671 ut
1305 2644 1406 2671 dueere
1419 2644 1525 2671 liceret.
1547 2644 1586 2672 De
1607 2645 1653 2672 illa
1669 2646 1734 2673 olim
1751 2653 1815 2680 pro-

1031 2690 1164 2718 hibitione
1176 2690 1229 2717 lata
1242 2689 1355 2716 consule
1370 2689 1489 2716 Matthxi
1508 2690 1636 2718 monachi
1648 2691 1814 2725 quastiones

1031 2736 1258 2768 matrimoniales,
1273 2735 1342 2762 libro
1359 2743 1407 2762 vttt
1435 2736 1499 2762 torni
1518 2736 1598 2770 primi
1613 2735 1686 2764 luris
1705 2736 1814 2764 Graeco-

1031 2782 1158 2814 Rornani,
1188 2788 1213 2809 et
1238 2789 1299 2816 quae
1326 2782 1474 2809 cardinalis
1498 2782 1633 2812 Baronius
1661 2783 1816 2810 Annalibus

1582 2829 1596 2858 1
