2000 3070
200 112 233 145 ιι
909 104 1120 135 ΡιιΑιΡΑΤιυ.
1799 100 1832 130 12

198 167 316 196 inseruit
342 167 376 194 ad
398 172 502 194 annum
531 163 770 199 nongentesimum
796 161 925 196 primum,
942 159 988 187 ubi
1007 161 1027 190 Α
1042 159 1231 195 promittebat.
1249 159 1376 187 Probatis
1389 163 1479 185 autem
1494 157 1520 184 in
1536 156 1682 184 adversum
1700 155 1833 182 manium

200 214 301 249 allegat
319 222 330 240 ι
351 212 554 247 promulgatam
580 210 614 236 ab
637 209 800 243 imperatore
822 206 873 234 hoe
899 206 990 234 Leone

200 260 439 291 constitutionem,
463 265 517 293 qua
545 255 686 292 prohibuit
707 254 818 282 tertium
848 253 990 281 matrimo~

200 308 290 339 nium,
303 311 333 333 ut
344 305 410 333 illud
424 305 617 333 contrahentes
632 308 712 338 poena
729 307 778 336 per
793 306 890 328 sacros
907 305 992 326 cano-

200 360 251 380 nes
275 355 378 379 statuta
401 350 594 385 plecterentur.
620 346 733 374 Interim
759 344 805 371 ille
833 343 916 375 idem,
942 342 992 377 qui

200 397 260 424 inec
278 396 381 427 sanxit,
399 399 460 429 post
470 393 580 421 tertiam
592 398 707 419 uxorem
718 388 891 420 defunctam,
902 388 993 416 adhuc

200 447 329 478 quartam
355 440 470 475 accepit.
499 438 587 473 Cujus
614 437 655 465 rei
679 443 765 464 causa
787 434 919 462 Nicotaus
944 441 992 468 pa-

201 489 321 516 triarcha
347 487 383 514 ab
408 484 526 513 ecclesia
553 484 658 519 eiectus
681 485 743 513 est.
765 486 920 513 omnesque
940 478 994 506 illa:

196 535 289 562 turbae
303 537 366 561 sunt
381 533 536 561 subsecuta
547 531 574 558 in
589 530 650 565 eius
665 529 801 564 ejectione
811 531 839 554 et
854 526 994 562 Euthymii

201 579 405 614 subrogatione,
424 586 487 606 eum
507 576 658 605 schismate
678 574 766 602 divisa
791 573 838 601 illa
861 572 993 602 Ecclesia.

199 625 313 653 Nicolao
329 624 389 657 alii,
416 623 464 651 alii
487 629 554 650 vero
584 620 733 656 Euthymio
758 618 932 646 inhaererent.
961 616 996 643 At

199 671 387 707 quomodose
401 669 533 698 habuerit
546 666 738 704 quadrigamia
762 665 812 692 ista
831 663 931 691 Leonis
943 663 996 690 im-

199 716 339 752 peratoris
354 716 383 743 in
396 715 548 750 coniugum
563 712 753 742 successione.
771 718 804 738 ex
818 707 997 736 Pra-amhulis

199 762 377 791 Constantini
396 758 628 796 Porphyrogeniti
647 757 681 786 ad
696 757 815 784 edictum
838 754 949 782 unionis
964 761 998 780 ex

203 809 275 836 libro
289 816 309 836 ιι
337 807 513 834 Nouellarum
537 804 614 832 luris
641 802 787 831 Orientalis
816 810 827 826 ι
856 799 997 832 describit,

203 855 362 890 ibidemque
380 853 466 881 videri
483 856 574 887 potest
590 855 665 878 tomo
680 848 702 881 l,
714 856 775 884 pag.
793 847 856 874 £05.
878 846 930 873 Sed
947 853 998 880 po-
1014 837 1035 864 Β

203 901 257 928 tius
273 900 307 928 ad
325 898 526 928 restituendum
548 897 576 924 in
596 895 689 924 sedem
717 894 749 921 S.
768 892 912 920 Nicolaum
933 898 998 925 pro—

202 953 328 981 peremus
346 953 353 971 :
371 951 427 979 quo
443 951 494 971 nos
514 941 702 970 manudncens
723 939 809 966 trahit
828 937 883 966 Leo
899 937 981 965 Gram

201 993 320 1021 amicus
337 992 375 1019 ita
392 989 551 1019 scribendo.

234 1050 262 1078 3.
283 1058 294 1075 ι
312 1048 386 1076 Cum
402 1047 462 1075 Leo
487 1047 650 1082 imperator,
663 1044 738 1081 gravi
754 1043 851 1071 morbo
866 1042 997 1075 int-tatus,

200 1100 391 1123 successorem
415 1099 497 1121 suum
517 1092 633 1119 fratrem
652 1089 840 1117 Alexandrum
858 1087 1000 1122 designas-

200 1146 254 1172 set,
283 1145 414 1174 essetque
438 1138 598 1165 obtestatus
622 1139 654 1163 ut
679 1134 892 1162 Constantinum
914 1132 1000 1159 lilium

202 1193 285 1214 suum
302 1188 478 1220 protegeret;
504 1182 577 1210 diem
602 1185 757 1211 extremum
773 1179 842 1206 obiit
857 1177 1002 1206 undecimo

202 1232 250 1259 die
261 1230 324 1258 Maii
339 1239 346 1256 :
369 1238 379 1255 ι
397 1235 480 1264 quem
499 1227 581 1256 etiam
605 1226 680 1254 diem
700 1225 793 1253 obitus
808 1224 932 1259 assignat
949 1222 1001 1250 Ce-

204 1278 318 1305 drenus.
342 1275 464 1304 Iensem
492 1273 596 1302 Maium
618 1273 708 1301 solum
731 1271 836 1299 indicat
857 1269 1000 1298 Zonaras:

205 1328 234 1351 at
250 1321 431 1358 Curopulates
448 1320 561 1348 Scilitla
576 1320 616 1347 ait
634 1328 644 1345 ι
662 1318 691 1346 ll
707 1317 782 1345 Junii
796 1317 899 1345 mensis
910 1316 1001 1344 deces-

205 1370 276 1397 sisse
288 1376 304 1396 e
320 1368 386 1395 vita.
402 1376 412 1394 ι
433 1366 561 1394 Annusis
570 1369 630 1393 erat
648 1363 874 1399 nongentesimus
889 1361 1003 1391 undeci-

206 1422 278 1441 mus.
298 1423 308 1440 ι
323 1413 407 1445 Tum,
429 1412 522 1446 inquit
543 1411 599 1438 Leo
619 1410 834 1440 Grammaticus.
857 1407 1003 1442 imperavit

206 1459 362 1487 Alexander
377 1465 431 1486 una
443 1465 505 1486 cum
520 1456 704 1484 Constantino
717 1455 817 1482 Leonis
833 1454 887 1482 tilio
899 1461 1000 1482 annum

204 1512 291 1533 unum
304 1504 364 1532 dies
381 1503 475 1538 viginti
494 1509 616 1530 novem:
637 1500 779 1536 missoque
800 1500 835 1527 ad
856 1499 1000 1527 Nicolaum
1014 1512 1036 1544 ε

204 1553 239 1581 ad
263 1551 431 1578 Galacrenas
457 1549 577 1581 nuntio,
602 1547 782 1582 Euthymium
814 1546 999 1581 patriarcham

205 1595 344 1631 deposuit,
366 1599 394 1622 et
420 1593 565 1622 Nicolaum
593 1593 715 1620 secundo
743 1590 875 1619 restituit.
901 1590 1002 1617 Habuit

207 1645 301 1668 autem
328 1639 485 1667 Alexander
508 1637 543 1665 ad
569 1637 750 1671 Magnauram
778 1635 939 1666 silentium,
975 1637 1004 1661 et

208 1685 357 1714 concilium
374 1683 533 1715 celebravit,
549 1687 634 1718 atque
647 1681 825 1717 Eutliymium
845 1680 881 1708 ab
897 1679 1004 1714 Agatho

207 1732 378 1760 advocavit:
402 1730 587 1765 eumdemquc
609 1736 673 1756 eum
702 1727 817 1755 Nicolao
845 1725 1004 1761 patriarcha

208 1779 306 1807 sedere
331 1778 422 1813 iusso,
444 1776 543 1812 judieii
574 1781 732 1803 assessores
756 1772 818 1808 ejus
839 1770 1004 1806 depositioni

207 1824 344 1854 vacabant
357 1823 500 1854 attentius.
518 1828 584 1850 cum
600 1820 736 1847 dedecore
750 1816 902 1845 venerandi
919 1820 946 1844 et
959 1823 1006 1851 per

209 1870 302 1898 milia
322 1868 443 1897 mirandi
467 1867 519 1894 viri
539 1864 686 1893 colendam
703 1862 819 1891 barbam
834 1862 1004 1895 vellicantes,

206 1917 319 1951 aliaque
341 1913 491 1950 opprobria
523 1915 553 1939 et
580 1909 698 1944 iniurias
724 1908 878 1936 inferentes
901 1915 909 1936 :
937 1915 1007 1942 quas

208 1962 301 1997 quietae
318 1964 349 1987 et
364 1961 511 1986 mansuete
527 1954 700 1985 honorabilis
714 1957 742 1982 et
759 1961 838 1981 sacer
852 1953 894 1981 vir
908 1953 1008 1981 tolera-

207 2007 264 2037 list.
284 2006 326 2033 Ex
348 2005 451 2040 quibus
471 2002 507 2031 ad
529 2001 630 2036 Δεδιιί
652 2000 726 2030 ades
752 1999 809 2027 vita
831 1999 954 2032 iunctus,
979 1999 1006 2026 in

209 2053 326 2089 proprio
351 2048 525 2078 monasterio
548 2047 627 2082 juxta
651 2046 840 2074 Psamatltium
865 2045 1006 2080 depositus

209 2102 314 2126 est..."
337 2094 494 2124 Alexander
518 2093 669 2128 imperator
693 2092 763 2119 mori
784 2098 814 2119 se
840 2091 1003 2127 praevidens,

209 2142 325 2172 Nicolao
335 2140 504 2176 patriarcha,
513 2143 540 2167 et
552 2139 694 2174 Stephano
710 2137 849 2171 Magistro.
863 2142 888 2164 et
899 2135 1004 2165 Joanne

211 2186 346 2222 magistro
363 2185 459 2218 Elada,
480 2190 509 2212 et
534 2183 642 2215 Joanne
666 2188 789 2214 rectore,
802 2187 829 2210 et
847 2181 1003 2217 Euthymio,

212 2230 354 2262 llasilitze,
370 2235 398 2258 et
414 2229 609 2264 Gabrielopulo
620 2228 848 2264 procuratoribus
860 2228 1003 2260 institutis.

211 2277 396 2305 Constantino
413 2275 515 2305 Leonis
540 2275 596 2302 tilio
621 2275 734 2310 reliquit
753 2273 945 2309 imperium....
967 2274 1005 2300 Eo

209 2323 303 2359 itaque
319 2322 413 2358 palatii
437 2325 604 2356 potestatem
617 2321 726 2356 adepto,
745 2319 875 2348 Nicotaus
889 2320 1006 2355 patriar-

208 2370 263 2398 cha
279 2370 363 2398 rebus
385 2367 584 2397 communibus
607 2366 779 2401 providebat,
795 2373 944 2401 curatoque
957 2373 1004 2402 ge-

209 2415 289 2443 rebat
302 2413 531 2449 quotidianorum
544 2411 620 2447 regni
640 2411 861 2446 negotiorum...

248 2460 276 2487 4.
307 2468 316 2485 ι
348 2458 442 2487 Hense
471 2464 554 2492 porro
578 2457 703 2493 Augusto
730 2456 841 2485 Simeon
871 2457 1005 2493 Bulgaria:

209 2506 348 2541 princeps,
373 2505 509 2533 adversus
538 2502 679 2531 Remanos
704 2509 865 2538 comparato
881 2504 1003 2531 exercitu

209 2558 275 2579 cum
295 2550 471 2579 multitudine
488 2549 566 2584 gravi
587 2548 857 2583 Constantinopolim
878 2549 1002 2583 appulit;

210 2601 239 2624 et
253 2596 327 2624 vallo
341 2603 357 2623 ι
372 2596 534 2625 Blaeheruis
552 2595 587 2624 ad
598 2600 704 2630 portam
720 2595 854 2630 Chrysem
877 2599 1002 2623 vocatam

210 2641 416 2674 circumducto,
441 2641 538 2669 urbem
554 2641 662 2669 obsedit
681 2648 689 2668 :
707 2640 811 2675 alisque
827 2640 885 2675 spei
901 2648 957 2668 suae
974 2641 1002 2668 in

209 2687 329 2716 sublime
346 2686 450 2719 elatus,
477 2686 660 2714 subacturum
678 2685 795 2715 omnino
820 2685 895 2714 nullo
911 2685 1003 2714 labore

245 2764 283 2834 (a3
297 2763 356 2791 lino
371 2771 453 2791 nona.

245 2800 271 2834 (b
299 2799 371 2834 Lege
383 2799 453 2826 deri:

245 2799 283 2835 (b)
299 2799 371 2834 Lege
383 2799 498 2826 decima.

1044 205 1232 237 munimentis,
1258 204 1399 239 urbisque,
1423 211 1454 230 ex
1477 201 1569 238 populi
1592 200 1670 236 copia
1686 205 1713 228 ct
1729 201 1834 228 Inachi-

1044 253 1097 286 κίε,
1111 253 1261 280 securitate
1281 258 1313 278 ae
1336 250 1466 286 praesidio
1488 255 1648 285 conspecto,
1676 255 1724 282 spe
1751 248 1835 275 dece-

1044 303 1119 333 ptus,
1139 298 1167 325 in
1189 298 1278 325 locum
1295 297 1466 325 Hebdomqu
1481 295 1583 323 dictum
1599 295 1675 330 pacis
1691 294 1836 321 oblaturus

1046 344 1148 373 [edere
1163 351 1289 372 reversus
1302 347 1354 371 est.
1369 342 1599 370 Procuratoribus
1608 348 1702 376 pacem
1713 340 1834 368 oblatam

1044 387 1163 416 iibenter
1183 387 1393 422 excipientibus,
1416 386 1528 414 Simeon
1555 385 1730 413 Theodorum
1750 384 1837 420 magi-

1046 439 1133 462 strum
1150 434 1185 461 de
1202 434 1248 460 illa
1273 437 1453 460 tractaturum
1483 432 1568 459 misit.
1591 431 1721 459 Nicolaus
1743 434 1836 457 autem

1045 479 1214 515 patriarcha,
1233 479 1390 514 Stephanus
1402 483 1430 506 et
1449 477 1570 505 Joannes
1586 477 1728 512 magister.
1746 476 1837 510 impc-

1046 507 1138 554 i'atore
1159 533 1257 554 securo
1278 507 1371 557 ducto,
1397 523 1566 551 Blacliernas
1592 507 1683 558 nisiut:
1707 507 1844 558 profecti.l

1046 573 1118 601 ﬁlios
1134 572 1272 600 Simeonis
1288 571 1413 607 geminos
1433 571 1602 598 induxerunt
1620 570 1647 597 in
1667 569 1775 601 urbem.
1790 568 1840 603 qui

1047 619 1074 646 in
1098 618 1207 654 palatiis
1230 625 1288 645 una
1312 625 1379 645 cum
1407 617 1571 652 imperatore
1598 615 1735 643 convivali
1761 606 1844 655 suntJ

1039 664 1159 692 -Nieolao
1177 671 1243 691 vero
1267 663 1429 699 patriarcha:
1451 663 1485 690 ad
1504 663 1661 690 Simeonem
1684 658 1844 693 accedenti,‘

1048 711 1106 746 ipse
1122 710 1235 738 Simeon
1250 714 1331 744 caput
1349 709 1466 736 inﬂexit.
1487 708 1647 736 Patriarcha
1663 708 1745 743 igitur
1755 715 1839 742 super

1049 764 1111 784 eum
1126 755 1279 784 orationem
1301 755 1425 786 (usurus,
1448 755 1602 782 stemmatis
1624 753 1682 781 vice
1697 753 1839 788 proprium

1050 802 1149 837 capitis
1174 806 1363 838 tegumentum
1391 802 1451 835 eius
1478 800 1610 835 imposuit
1635 799 1728 835 capiti.
1755 799 1842 826 Donis

1050 846 1144 881 itaque
1159 846 1301 874 immensis
1315 850 1343 874 et
1357 852 1440 880 quam
1457 846 1583 873 maximis
1605 845 1709 880 excepti
1727 844 1843 871 Simeon

1050 894 1078 917 et
1093 890 1154 925 ejus
1175 890 1224 917 ﬁlii
1247 890 1273 917 in
1298 890 1415 925 patriam
1443 890 1548 917 reversi
1564 895 1638 922 sunt,
1662 889 1696 917 ad
1722 889 1840 916 invicem

1049 935 1191 963 discordes
1209 936 1244 963 ob
1257 935 1376 970 praefatae
1392 936 1468 970 pacis
1482 935 1702 963 conditionem...

1085 991 1113 1018 5.
1131 1001 1140 1018 ι
1159 990 1358 1019 Constantinus
1381 991 1531 1026 imperator
1554 994 1710 1018 revocatum
1725 996 1740 1017 a
1756 994 1841 1016 matre

1049 1042 1078 1065 et
1100 1037 1135 1064 ad
1162 1045 1192 1065 se
1220 1038 1380 1065 translatam
1408 1037 1517 1071 imperii
1543 1041 1705 1072 potestatem
1729 1043 1840 1063 omnem

1051 1082 1212 1113 declaravit,
1233 1087 1261 1110 et
1278 1082 1421 1110 Nicolaum
1443 1081 1640 1116 patriarcham,
1659 1081 1842 1116 Stephanum-

1053 1135 1108 1162 que
1123 1128 1285 1163 magistrum
1309 1128 1336 1154 in
1357 1128 1460 1162 palatio
1474 1127 1526 1156 sibi
1543 1128 1639 1156 adesse
1655 1127 1842 1155 arandavit....

1055 1174 1206 1209 imperator
1223 1178 1252 1201 et
1275 1173 1430 1209 patriarcha
1451 1173 1584 1203 Joannem
1607 1174 1736 1202 Garidam
1757 1173 1791 1201 ad
1812 1181 1842 1201 se

1056 1223 1183 1246 vocatum
1209 1218 1374 1246 Scholarum
1399 1218 1585 1247 Domesticum
1610 1226 1672 1247 esse
1689 1219 1841 1253 jusserunt,

1053 1264 1133 1291 veriti
1152 1271 1186 1292 ne
1200 1264 1308 1292 Phor-as
1331 1264 1357 1291 in
1375 1264 1553 1292 rebellionem
1571 1263 1747 1292 deiiceret....
1763 1263 1843 1291 Nice-

1054 1315 1096 1338 tas
1109 1315 1198 1338 autem
1216 1310 1361 1345 patricius,
1376 1309 1493 1337 Romani
1508 1316 1652 1342 consocer,
1670 1309 1697 1337 in
1711 1309 1843 1345 palatium

1054 1355 1204 1390 proiectus.
1230 1354 1373 1383 Nicolaum
1400 1355 1584 1390 patriareliam
1606 1355 1670 1382 inde
1694 1355 1842 1390 dejecit....

1054 1401 1200 1429 Sacrorum
1226 1407 1317 1429 autem
1340 1401 1509 1436 jojuniorum
1540 1402 1634 1436 quinta
1659 1401 1845 1432 hebdomade,

1054 1455 1149 1475 mense
1178 1447 1285 1482 Aprili.
1311 1447 1420 1474 Helenae
1446 1446 1564 1475 Romani
1598 1447 1659 1474 tiliae
1685 1451 1848 1474 contractus

1055 1493 1186 1528 nuptialis
1203 1493 1286 1521 ειη-1η
1304 1501 1319 1520 a
1333 1492 1515 1522 Constantino
1535 1494 1701 1527 imperatore
1715 1493 1842 1526 traditur,

1055 1544 1082 1566 et
1095 1540 1174 1567 tertia
1188 1538 1332 1567 Pascbatis
1347 1539 1427 1571 feria.
1437 1538 1546 1567 (ικιιιθω
1560 1539 1646 1571 dicta,
1659 1539 1846 1570 benedicitur,

1053 1588 1082 1611 et
1094 1591 1161 1612 cum
1173 1591 1204 1611 ea
1221 1584 1394 1618 nuptialibus
1406 1583 1519 1611 comitis
1542 1584 1686 1611 redimitur
1698 1591 1714 1611 a
1730 1583 1844 1611 Nicolao

1054 1628 1215 1662 patriarcha
1238 1635 1246 1654 :
1269 1633 1298 1656 et
1319 1633 1385 1655 tunc
1404 1627 1544 1655 llomanns
1569 1629 1741 1662 imperatoris
1767 1632 1844 1663 pater

1055 1673 1228 1704 declaratur,
1259 1677 1288 1699 et
1315 1672 1434 1700 Romani
1460 1673 1518 1700 vice
1543 1672 1757 1707 Christopttorus
1782 1674 1843 1707 ejus

1057 1719 1130 1746 ﬁlius
1147 1718 1345 1746 hateriarehes
1356 1718 1557 1745 instituitur....
1569 1717 1671 1750 Quarto
1686 1726 1748 1746 vero
1760 1727 1846 1754 supra

1056 1763 1220 1791 vicesimum
1242 1762 1416 1799 Septembris
1431 1763 1548 1795 mensis.
1564 1763 1680 1792 Cesaris
1694 1765 1845 1800 dignitate;

1058 1809 1217 1838 Decembris
1242 1813 1335 1837 autem
1355 1809 1457 1837 mensis
1478 1809 1586 1838 decimo
1610 1811 1724 1846 septimo
1742 1811 1849 1840 Christi

1059 1855 1169 1883 Domini
1194 1860 1392 1890 proparentum
1418 1855 1499 1889 festo.
1528 1856 1635 1892 imperii
1654 1858 1806 1886 diademate
1830 1867 1845 1885 a

1056 1902 1241 1930 Constantino
1260 1902 1432 1937 imperatore
1446 1908 1474 1931 et
1492 1903 1604 1932 Nicolao
1620 1906 1774 1940 patriarcha
1789 1906 1845 1933 lio-

1057 1955 1156 1975 manus
1171 1953 1307 1976 ornatur:
1325 1954 1486 1989 sanctorum
1511 1949 1608 1978 deinde
1636 1950 1781 1978 Luminnm
1801 1952 1846 1980 die

1058 1993 1231 2022 Theodoram
1246 2001 1360 2022 uxorem
1379 2000 1502 2023 coronat.
1525 1995 1585 2024 Mox
1608 1996 1670 2024 Maii
1685 1998 1787 2025 riietisis
1802 1998 1849 2024 die

1057 2040 1163 2068 decimo
1171 2040 1288 2076 septimo
1302 2041 1449 2070 indictione
1456 2043 1550 2078 quinta
1563 2043 1613 2079 (α),
1632 2043 1850 2079 Cbristophorns

1057 2086 1172 2115 Romani
1196 2087 1268 2116 illius
1292 2088 1444 2124 imperator
1470 2091 1654 2122 renuntiatur,
1680 2096 1705 2117 et
1722 2090 1848 2124 ejusdem

1056 2134 1160 2162 mensis
1185 2135 1316 2163 vicesimo
1343 2140 1445 2164 saneta
1469 2137 1646 2165 Pentecostes
1673 2136 1716 2164 die
1744 2137 1814 2163 testo
1830 2144 1849 2161 ει

1020 2177 1044 2205 ι)
1057 2181 1237 2209 Constantino
1261 2182 1406 2209 redimitur
1422 2190 1430 2209 :
1448 2183 1549 2217 istique
1571 2184 1630 2209 duo
1647 2183 1699 2210 soli
1721 2182 1845 2217 ejusdem

1057 2227 1110 2254 diei
1128 2235 1258 2262 processu
1280 2227 1397 2254 solemni
1420 2235 1470 2261 per
1490 2227 1584 2254 urbem
1611 2227 1748 2261 progressi
1771 2233 1849 2256 sunt.

1056 2271 1142 2299 Porro
1151 2271 1223 2299 Julio
1231 2279 1324 2299 mense
1332 2272 1481 2299 indictione
1491 2277 1586 2298 octava
1592 2271 1628 2306 (b)
1641 2271 1684 2298 die
1694 2270 1848 2305 Dominica,

1057 2319 1143 2347 totius
1152 2318 1279 2345 Ecclesiae
1293 2326 1308 2344 a
1327 2318 1451 2345 Romano
1470 2318 1541 2345 inita
1552 2323 1594 2346 est
1604 2318 1764 2349 concordia,
1778 2325 1848 2345 enn-

1056 2365 1111 2392 ctis
1134 2364 1315 2399 metropolitis
1336 2368 1365 2391 et
1389 2364 1508 2397 clericis,
1524 2365 1570 2400 qui
1588 2372 1605 2391 a
1621 2363 1724 2391 Nieolai
1741 2368 1769 2391 et
1790 2364 1848 2390 Ευ-

1058 2411 1154 2446 tltymii
1178 2410 1303 2445 partibus
1322 2410 1420 2438 divisis
1443 2414 1576 2438 steterant
1600 2410 1711 2442 animis,
1734 2410 1760 2437 in
1777 2417 1847 2437 con-

1057 2456 1213 2484 sensionem
1232 2456 1457 2484 redeuntibus....

1091 2502 1117 2529 6.
1131 2511 1141 2527 ι
1153 2501 1305 2536 Septembri
1317 2509 1381 2529 vero
1390 2510 1485 2530 mense
1499 2503 1646 2530 indictione
1670 2503 1788 2530 secunda
1800 2502 1849 2538 (ε),

1058 2546 1168 2575 Simeon
1188 2546 1322 2582 Bulgaria:
1338 2548 1477 2583 princeps,
1488 2549 1575 2583 copiis
1589 2549 1716 2576 omnibus
1729 2549 1848 2581 eductis,

1056 2593 1189 2620 adversus
1196 2591 1461 2628 Coostantimpolim
1469 2594 1670 2629 expecﬁtionem
1676 2599 1764 2629 parat.
1782 2594 1848 2621 Inde

1057 2639 1203 2667 Thraciam
1213 2644 1241 2668 et
1249 2639 1434 2668 Macedoniam
1452 2640 1642 2675 depopulatur,
1653 2641 1776 2669 incendia
1784 2641 1848 2668 ubi-

1056 2693 1110 2721 que
1119 2686 1233 2721 spargit,
1251 2686 1350 2714 evertit
1362 2686 1466 2720 omnia,
1478 2690 1505 2715 et
1516 2688 1549 2715 ad
1562 2687 1675 2716 arbores
1691 2694 1779 2722 usque
1797 2694 1846 2714 ex-

1093 2764 1127 2801 (c)
1139 2764 1210 2801 Lege
1223 2748 1369 2794 undecima.
