2000 3070
181 95 216 126 15
889 97 1097 127 PILEFATIO.
1769 96 1803 127 16

165 151 329 182 cumulata,
348 157 413 177 sane
430 150 549 186 rigidum
567 151 628 178 vita:
642 159 740 186 genus.
762 152 841 185 Cujus
866 157 1056 186 argumentum
1077 157 1118 178 est
1140 156 1271 179 tractatus
1286 151 1345 186 ejus
1366 159 1381 178 ιι
1405 151 1482 178 nobis
1502 156 1573 177 retro
1590 155 1756 177 memoratus
1775 156 1802 177 et

179 194 283 226 editus,
306 194 454 228 pastoralis
479 195 592 229 insuper
605 194 726 229 ejusdem
744 194 837 226 zelus,
853 195 1005 221 constantia
1029 200 1056 222 et
1073 195 1171 222 eximia
1197 195 1333 227 cbaritas,
1358 195 1455 222 metito
1477 194 1631 228 opinionem
1650 194 1803 221 sanctitatis

180 237 292 265 Nicolao
308 238 474 266 conciliasse
492 239 629 266 videntur.
648 238 725 266 Nunc
747 239 772 265 ei
789 239 828 265 rei
851 238 989 273 negotium
1015 238 1152 266 facessere
1175 238 1299 265 nonnulli
1317 238 1388 265 haud
1410 238 1526 265 absurde
1543 237 1663 267 credent,
1681 239 1754 270 quod
1775 238 1801 264 in

179 281 299 309 secunda
314 281 347 308 ad
367 282 518 316 principem
542 281 705 308 Saracenum
719 281 834 315 epistola
859 281 1008 309 honorifice
1026 281 1152 308 Pbotium
1170 282 1297 317 appellat.
1316 281 1514 308 Verumtamen
1538 281 1564 307 id
1589 288 1666 307 more
1688 279 1804 307 fortasse

180 324 340 352 Graecorum
355 325 395 357 ﬁt,
408 325 480 360 apud
495 332 564 360 quos
575 324 688 352 Pbotius
704 325 839 360 insignem
853 325 986 353 dourina:
999 333 1057 353 suae
1070 326 1228 353 memoriam
1247 326 1357 361 reliquit
1370 335 1377 353 :
1390 326 1487 353 deinde
1499 326 1625 352 eumdem
1642 324 1728 352 multo
1740 329 1803 352 ante

179 369 283 396 obitum
308 376 369 396 cum
389 376 456 403 papa
468 367 571 395 Joanne
587 368 794 395 reconciliatum
811 368 914 396 scimus
932 377 938 395 :
955 369 1073 404 denique
1089 373 1119 396 ut
1133 377 1195 396 cum
1209 370 1361 396 reverentia
1378 369 1410 395 dc
1425 369 1520 396 Photio
1534 369 1703 403 loqueretur,
1718 369 1804 403 pictas

181 413 303 447 quaedam
317 414 412 443 suasit,
425 411 486 446 quia
497 418 527 438 se
536 411 745 446 presbyteralem
758 412 792 438 ab
803 418 836 438 eo
845 412 980 446 recepisse
987 412 1220 439 consecrationem
1235 412 1277 438 his
1290 412 1379 439 verbis
1399 412 1489 438 innnit
1501 420 1508 439 :
1522 412 1536 438 ό
1551 411 1672 446 ἀοίδιμος
1687 411 1802 442 Mum,

181 457 195 482 ὁ
210 456 281 490 ὲμδς
298 457 327 481 ὲν
342 454 480 489 Πνεύματι
497 453 568 489 ἁγιῳ
579 454 682 489 πατήρ.
695 453 786 481 Causa
799 461 863 482 vero
874 455 968 482 nomin

1012 455 1033 482 ιι
1047 454 1172 482 ΡΙιοιίιιιιι
1189 455 1246 482 bare
1262 455 1323 487 fuit,
1339 455 1411 490 quod
1427 456 1450 482 is
1465 462 1528 481 cuin
1557 455 1710 489 patriarcha
1725 457 1802 489 ἐδει-ι

179 499 310 534 singulari
327 497 507 525 benivolentia
525 505 588 524 cum
608 497 739 525 Saraceni
760 498 908 533 principis,
929 499 974 526 cui
998 499 1125 526 Nicolaus
1141 500 1248 531 scribit,
1266 506 1343 534 patre
1368 500 1510 526 devtnctus
1528 498 1634 526 luisset.
1652 497 1802 533 Ceteroqui

181 543 324 570 subLeone
339 542 417 575 imp.,
429 549 484 576 quo
501 546 624 575 tempore
639 542 794 576 patriarcha
810 542 861 569 fuit
873 542 1013 574 Nicolaus,
1029 550 1124 577 pacem
1138 543 1319 578 dogmaticam
1335 544 1456 577 (excepta
1468 547 1627 577 quat-tarum
1645 543 1801 576 nuptiarum

180 586 362 614 controversia
375 584 556 619 disciplinari)
575 585 646 611 inter
662 585 796 612 Ecclesias
815 584 963 612 Romanam
977 586 1014 620 ac;
1027 586 1203 621 Byzantiuam
1221 586 1316 617 fuisse,
1328 592 1440 620 apparet
1455 586 1557 620 passim
1575 585 1600 611 in
1613 585 1656 611 his
1669 585 1803 626 epistolis.

180 629 391 664 nominatimque
403 629 430 655 in
450 636 541 655 Lxxv:
560 627 738 662 Exploratum
756 629 804 656 tibi
822 634 871 661 est,
890 634 1003 664 tempore
1019 629 1119 655 domini
1137 628 1231 655 Leonis
1245 637 1342 663 papam
1355 634 1379 655 et
1396 629 1440 663 qui
1454 629 1478 655 ei
1491 628 1671 659 adhwrebant,
1691 629 1726 654 ad
1736 637 1802 654 con-

178 673 293 699 cordiam
308 672 572 707 conjunctioncmque
589 680 649 699 cum
667 671 784 699 Ecclesia
805 678 896 700 nostra
913 673 1065 704 deuenisse;
1083 680 1192 706 cumque
1207 672 1261 698 alla
1281 680 1334 706 pax
1349 676 1426 704 esset,
1441 676 1495 698 etc.
1509 670 1593 706 Igitur
1603 671 1751 698 dissidium
1767 679 1801 699 ac

170 723 263 750 .prope
279 716 410 747 schisma,
420 716 494 751 quod
508 716 581 743 haud
599 716 683 743 semel
697 717 723 742 in
733 716 795 743 aliis
808 717 984 751 epistol-arum
999 716 1066 743 locis
1080 721 1257 748 memoratur,
1272 716 1342 742 inter
1353 716 1427 749 ipsos
1438 715 1538 750 sa-pius
1551 714 1667 741 vertitur
1677 714 1799 748 Graecos,

173 766 293 793 quorum
312 767 377 793 pars
392 759 499 793 quartis
514 759 628 794 nuptiis,
645 767 722 794 teque
738 767 770 786 ac
787 759 913 793 Romani,
931 759 1049 787 favebat.
1066 761 1204 787 Interdum
1232 765 1322 786 tamen
1339 767 1401 786 cuin
1421 759 1550 786 Romanis
1563 766 1672 793 quoque
1687 763 1802 786 conten-

177 803 261 834 ditttr,
279 803 432 837 praesertim
447 803 474 830 in
492 810 566 830 xult
580 803 677 838 grandi
691 803 819 838 epistola,
832 804 879 838 qui
893 802 974 832 Leoni
988 803 1054 839 imp.
1067 804 1200 832 adversus
1214 812 1293 831 suum
1310 804 1490 839 patriarcbam
1506 804 1653 838 suppetias,
1668 803 1803 837 legatione

180 846 275 876 missa.
293 846 431 879 tulerant;
446 846 493 874 sed
506 846 539 874 de
556 846 600 873 Itis
617 846 699 874 infra.

214 889 247 916 Il.
265 888 305 916 ου
325 890 394 916 banc
411 889 518 917 brevem
531 889 565 917 de
581 888 693 917 Nicolao
703 890 896 918 absolvendam
909 891 1044 922 notitiam,
1059 898 1145 918 unum
1161 891 1227 918 mihi
1238 891 1442 925 nominandum
1454 895 1576 925 superest
1595 890 1801 924 documentum,

178 933 283 960 caeteris
296 932 454 967 biograpbis
468 932 620 968 ignoratum
634 937 777 968 propterea
793 934 867 969 quod
885 935 912 961 in
934 942 987 962 ms.
1004 935 1097 962 codice
1113 935 1181 962 Iatct
1199 934 1258 962 Vat.
1273 933 1366 962 Ottob.
1381 933 1497 961 CXLVII
1514 941 1540 968 p.
1558 934 1618 961 I52.
1637 941 1715 969 seqq.
1742 935 1795 962 hoc

177 976 246 1002 itttlo
263 984 270 1002 :
295 975 419 1010 Ἐκφώνη
426 983 468 1007 at;
483 975 578 1002 Λᾶοντι
592 976 631 1012 τῷ
645 976 752 1003 εὐσεϐεῖ
765 977 873 1012 βασιλεῖ
886 977 931 1004 ἐπὶ
945 979 1100 1014 χειροτονίᾳ
1113 978 1250 1005 Νικολάου
1271 978 1318 1005 τοῦ
1341 978 1495 1012 ἀγιωτάτου
1515 970 1704 1012 πατριάῇχοθ’
1723 977 1797 1012 ᾤκο-

177 1022 295 1056 νόμηται
309 1021 336 1048 δὲ
349 1020 388 1053 ὡς
403 1021 674 1056 αὔτωχεδιασθείπα.
700 1022 796 1050 Oratio
813 1023 849 1050 ad
868 1023 967 1050 Leonem

1012 1023 1147 1058 eligiosum
1167 1024 1352 1056 imperatorem
1379 1022 1404 1048 in
1429 1022 1597 1048 ordinatione
1615 1020 1723 1048 Nicolai
1737 1030 1802 1048 san-

177 1066 287 1092 ctissimi
304 1065 474 1099 patriarcha.
486 1065 571 1092 Habet
588 1072 676 1097 autem
692 1067 805 1101 formam
822 1067 946 1094 dictionis
962 1066 1159 1101 extemporalis.
1174 1065 1246 1092 Sane
1261 1073 1311 1093 nee
1325 1066 1434 1100 elegans
1443 1070 1484 1092 eat
1498 1065 1554 1091 haec
1566 1065 1666 1097 oratio,
1679 1073 1728 1092 nec
1740 1074 1803 1101 gra-

178 1110 262 1136 \lOI'iS
279 1111 422 1142 momenti,
437 1117 527 1144 neque
537 1109 620 1144 digna
636 1110 704 1136 mibi
723 1110 780 1137 risa
797 1115 849 1142 est,
870 1118 931 1144 quae
957 1110 1035 1137 ﬁeret
1052 1118 1146 1136 comes
1160 1109 1323 1136 disertorum
1339 1115 1420 1143 atque
1437 1109 1599 1142 elegantium
1625 1107 1726 1135 Nicolni
1743 1109 1802 1143 epi~

177 1153 321 1180 stolarum.
334 1153 534 1180 Collaudantur
547 1153 573 1179 in
590 1160 622 1179 ea
637 1151 694 1180 Leo
708 1153 774 1186 imp.
789 1157 816 1180 ct
828 1153 970 1180 Nicotaus.
983 1153 1069 1179 Alitt-r
1082 1158 1171 1180 tamen
1182 1153 1338 1187 judicabant
1350 1152 1382 1179 de
1396 1153 1456 1179 ﬁdei
1470 1151 1637 1186 professione
1651 1159 1665 1178 a
1679 1151 1803 1184 Nicolao,

179 1197 245 1222 dum
264 1196 450 1228 ordinaretur,
468 1195 577 1230 publice
597 1195 722 1225 recitata,
738 1199 765 1221 et
794 1196 922 1230 praedicto
943 1197 1061 1223 sermoni
1090 1198 1194 1223 adnexa
1207 1216 1215 1228 ,
1234 1204 1294 1230 qum
1312 1196 1444 1230 religiosa:
1463 1196 1583 1222 historia:
1607 1196 1692 1222 multo
1708 1197 1802 1222 utilior

181 1245 236 1269 cst.
252 1244 308 1266 tum
330 1240 395 1273 quia
413 1238 570 1273 Bylantinte
584 1238 713 1265 Ecclesiae
727 1239 832 1273 praxim
861 1239 886 1266 in
902 1246 1016 1267 suorum
1039 1240 1190 1267 antistitum
1219 1240 1428 1274 inauguratione
1451 1239 1635 1271 demonstrat,
1656 1244 1713 1266 tum
1738 1240 1801 1274 quia

178 1285 325 1319 perspicua
343 1283 542 1318 prtecipuornm
566 1281 724 1316 dogmatunt
744 1282 880 1316 expasitio
904 1289 956 1310 cst.
982 1282 1078 1318 Utique
1095 1282 1287 1315 Lcunclavius,
1300 1283 1322 1310 si
1347 1283 1372 1310 ei
1399 1287 1536 1317 comperta
1557 1282 1665 1315 fttissct,
1690 1283 1759 1309 hanc
1776 1284 1801 1309 in

175 1329 306 1356 :Gruccum
320 1327 366 1361 jus
382 1326 577 1354 transtulisset.
596 1326 702 1352 Etenim
716 1326 759 1352 illa
777 1334 858 1360 quam
875 1327 955 1353 habet
968 1333 994 1361 p.
1008 1326 1042 1354 40
1057 1327 1164 1354 diversa
1179 1327 1291 1353 omnino
1306 1327 1469 1360 breviorque
1494 1331 1547 1353 est.
1562 1325 1692 1353 Vaticana
1705 1326 1803 1353 inscri-

182 1373 265 1404 bitur,
287 1370 427 1405 Σύμϐολον
442 1369 560 1401 πίστεως
574 1369 698 1396 ἐπιδοθὲν
713 1369 760 1395 ἐπὶ
774 1371 807 1405 τῇ
823 1370 873 1404 τῆς
896 1371 972 1396 ἐπισλ

1015 1371 1048 1405 ἧς
1062 1370 1194 1397 Νικολάου
1214 1370 1402 1405 προχειρήσει,
1427 1370 1490 1397 I’ost
1510 1370 1671 1404 prommium
1686 1370 1719 1395 ad
1737 1378 1803 1403 pm:-

182 1422 274 1444 sentes
302 1416 446 1450 episwpos
463 1434 470 1447 ,
488 1414 631 1450 proﬁtetur
650 1413 776 1441 Nicolaus
794 1414 872 1441 ﬁdem
886 1422 963 1442 suam
979 1415 1012 1442 de
1026 1414 1158 1441 Trinitate
1181 1415 1247 1442 satis
1261 1414 1398 1441 subtiliter
1419 1419 1445 1440 et
1468 1413 1619 1446 enucleate,
1641 1413 1713 1440 nulla
1731 1413 1802 1441 facta

182 1461 320 1488 mentione
348 1460 382 1486 de
407 1458 594 1486 controversia
620 1466 682 1485 cum
705 1457 810 1485 Latinis
832 1458 904 1485 circa
933 1458 1050 1493 Spiritus
1079 1458 1165 1485 sancti
1187 1458 1399 1492 proccssionem.
1423 1457 1532 1484 Transit
1561 1465 1623 1484 mox
1642 1458 1675 1483 ad
1695 1457 1801 1483 Domini

181 1504 398 1532 incarnationem
414 1510 495 1537 quam
512 1510 588 1536 mque
607 1507 702 1529 contra
718 1502 808 1529 varios
823 1509 930 1530 errores
945 1502 1091 1537 diligenter
1119 1501 1239 1536 expauit.
1269 1501 1414 1528 Postremo
1437 1506 1539 1535 septem
1558 1501 1800 1528 tecumcnicatnm.

180 1556 249 1583 quas
265 1552 399 1579 recenset,
416 1546 582 1581 synodornm
599 1545 806 1573 definitionibus
826 1546 965 1574 adhaerere
980 1553 1009 1573 se
1024 1546 1177 1572 confitetur.
1192 1546 1230 1572 De
1247 1550 1324 1572 sexta
1343 1545 1452 1579 quidem
1478 1545 1582 1580 synodo
1599 1545 1655 1571 bace
1668 1546 1706 1571 ait
1721 1545 1801 1571 εΤών

182 1592 212 1619 τὸ
227 1591 393 1618 ανούσῑατον
405 1590 452 1616 καὶ
469 1590 526 1620 τοῖς
544 1589 686 1615 εὐπεῦέσιν
701 1588 843 1623 ἀθέλητον,
857 1589 885 1615 ἓν
907 1589 954 1615 ἐπὶ
968 1589 1015 1616 τοῦ
1030 1589 1213 1624 θεανθρὼπου
1229 1588 1346 1624 θέλημα,
1368 1589 1481 1624 Σεργία)
1502 1590 1548 1614 καὶ
1564 1589 1672 1624 uappa»
1685 1589 1731 1615 καὶ
1745 1588 1802 1615 Κύο

181 1645 239 1671 ρου,
254 1637 333 1666 ὅσους
347 1643 377 1660 τε
395 1634 491 1664 ἄλλους
505 1633 535 1659 τδ
551 1633 669 1668 πονηρὸν
683 1633 885 1668 συνεκρότηπαν
894 1633 971 1668 ἔργα(

1009 1634 1077 1668 ᾕρεον
1089 1633 1279 1667 ἁθετησάντων
1289 1641 1295 1648 ·
1310 1633 1446 1660 Auentior
1458 1632 1584 1660 Patribua
1594 1653 1601 1665 ,
1616 1634 1660 1667 qui
1688 1633 1799 1659 stultum

180 1683 205 1706 et
222 1678 428 1705 ortltodoxorum
442 1676 572 1702 uoluntati
587 1684 734 1710 repugnans
750 1676 903 1710 ﬁgmentum
921 1677 998 1702 unius
1013 1676 1039 1701 in
1054 1675 1106 1701 Deo
1125 1675 1270 1702 ltumanato
1285 1675 1428 1702 voluntatis
1443 1676 1622 1707 abolevcrunt,
1636 1675 1738 1710 Sergii,
1757 1676 1799 1702 iu-

181 1729 262 1757 quam
280 1727 303 1748 et
319 1720 416 1755 Pyrrhi
430 1727 461 1746 ac
477 1719 553 1754 Cyri,
571 1725 593 1745 ct
613 1719 727 1745 aliorum
743 1719 897 1754 quarumvis
912 1726 1022 1752 prauum
1041 1726 1169 1746 errorem.
1186 1719 1450 1747 Animadvertatbic
1466 1720 1592 1755 quisquis
1611 1727 1664 1746 non
1684 1720 1800 1754 partium

182 1766 231 1794 sed
252 1764 375 1792 veritatis
389 1763 482 1791 studio
495 1763 617 1796 ducitur,
631 1764 701 1790 duos
717 1762 858 1789 Nicolaum
884 1762 1044 1790 decessor-cs
1064 1770 1129 1790 suos
1142 1763 1326 1797 patriarchas,
1341 1765 1451 1791 tertium
1473 1769 1564 1791 autem
1584 1763 1799 1791 Alexandrinum

182 1810 254 1837 inter
263 1810 405 1836 damnatos
419 1806 562 1835 haereticos
575 1807 725 1839 nominare,
741 1805 853 1834 Ilonorii
866 1813 930 1833 vero
940 1806 1055 1833 Romani
1067 1806 1167 1833 nullam
1181 1807 1347 1834 mentionem
1362 1807 1460 1839 facere,
1473 1808 1570 1842 dequo
1583 1814 1672 1837 tamen
1686 1811 1799 1838 reticere

183 1861 238 1880 non
247 1856 353 1888 poterat
360 1851 383 1878 si
395 1857 489 1885 reapse
499 1851 525 1877 in
532 1850 600 1877 actis
609 1849 772 1876 authenticis
779 1854 862 1877 sextae
871 1850 966 1884 synodi
977 1857 1076 1876 nomen
1085 1850 1145 1884 ejus
1155 1852 1285 1886 scriptum
1297 1850 1405 1878 fuisset.
1416 1850 1490 1879 llanc
1500 1851 1612 1880 Ilouorii
1622 1854 1797 1882 omissionem

175 1905 200 1925 at
214 1895 330 1931 epistola
347 1901 455 1928 quoque
472 1893 603 1928 synodica
617 1893 647 1920 S.
663 1892 817 1928 Sophronii
836 1892 910 1927 (qua:
922 1893 991 1920 lecta
1007 1892 1058 1920 fuit
1072 1894 1098 1921 in
1116 1900 1194 1922 sexto
1207 1895 1336 1928 concilio)
1354 1902 1467 1929 prorsus
1480 1895 1551 1928 ﬁeri,
1567 1897 1622 1931 jam
1634 1905 1683 1932 ego
1695 1898 1750 1925 dixi
1771 1899 1798 1925 in

181 1940 361 1970 adnotatione
375 1939 410 1966 ad
425 1937 526 1966 Nicctm
543 1937 712 1964 Tbesaurutn
733 1937 829 1972 Spicil.
847 1937 903 1971 t.V,
921 1946 949 1972 p.
970 1938 1033 1965 ωδ.
1049 1938 1116 1967 Item
1137 1939 1165 1967 in
1183 1939 1275 1968 libello
1293 1940 1451 1968 Graecorum
1475 1943 1608 1976 synodico
1626 1943 1697 1970 hand
1717 1944 1800 1971 scribi

179 1991 242 2014 cum
261 1984 398 2019 praedictis
412 1982 528 2010 Honorii
542 1989 652 2014 nomen,
667 1982 724 2008 disi
739 1982 765 2008 in
786 1982 880 2009 adnot.
895 1982 928 2008 ad
939 1982 1100 2010 Pbotianum
1116 1989 1259 2019 syntagma
1276 1991 1413 2011 canonum
1436 1985 1463 2012 in
1487 1985 1581 2020 Spicil.
1600 1990 1620 2012 t.
1635 1985 1693 2018 VII,
1722 1995 1748 2021 p.
1771 1987 1800 2015 5.

179 2030 257 2064 Quod
274 2029 296 2056 si
312 2028 341 2055 S.
356 2027 510 2055 Germanus
524 2025 563 2052 De
578 2025 644 2052 hazr.
664 2029 688 2051 et
704 2033 764 2059 agn.
781 2025 852 2059 apud
870 2032 920 2052 nos
936 2030 1010 2052 tomo
1025 2027 1120 2054 eodem
1140 2031 1212 2062 part.
1231 2034 1250 2060 I,
1267 2035 1294 2062 p.
1318 2027 1368 2061 62,
1390 2027 1539 2056 Ilonorinm
1562 2037 1671 2066 quoque
1685 2031 1799 2058 collocat

178 2083 239 2102 cum
257 2071 396 2100 damnatis
408 2069 602 2100 Itonotbelitis,
617 2076 708 2097 nonne
724 2068 765 2095 vel
784 2069 841 2102 ipse
860 2068 990 2104 deceptus
1010 2069 1071 2102 fuit,
1095 2070 1136 2098 vel
1157 2070 1279 2105 ejusdem
1297 2071 1415 2100 fortasse
1427 2073 1558 2108 scriptum
1582 2074 1772 2109 interpolatum
1788 2075 1800 2101 ?

178 2118 212 2146 Et
224 2117 334 2152 quidem
347 2114 477 2142 Germani
491 2112 707 2147 libellusprivati
722 2113 817 2147 scripti
835 2113 886 2139 vim
900 2113 998 2146 habet;
1009 2119 1037 2140 at
1049 2113 1195 2149 Sophronii
1206 2115 1332 2150 epistola,
1344 2121 1371 2143 ct
1383 2115 1486 2144 Nicolai
1501 2116 1649 2152 professio,
1661 2119 1798 2152 publicam

179 2161 309 2189 Ecclesiae
321 2159 511 2186 auctoritatem
528 2164 585 2192 pra
599 2164 630 2184 se
647 2156 749 2184 ferunt.
775 2155 838 2183 Ilico
854 2157 953 2191 scripsi
965 2157 1037 2184 haud
1052 2156 1173 2186 fremens
1187 2167 1276 2194 neque
1300 2159 1471 2187 debacchatus
1497 2167 1547 2194 pro
1574 2159 1703 2188 Romana:
1725 2163 1800 2188 sedis

180 2208 293 2235 honore,
305 2203 375 2230 utde
385 2202 530 2236 pontiﬁciis
539 2200 720 2236 scriptoribus
727 2201 766 2228 ait
775 2201 888 2228 ﬁamus
903 2201 936 2228 ad
946 2209 971 2228 vt
985 2202 1145 2233 concilittm,
1157 2207 1203 2230 sed
1214 2203 1334 2238 paciﬁca:
1346 2204 1469 2231 veritatis
1481 2208 1599 2238 utspero
1608 2204 1710 2231 Viribus
1719 2206 1799 2233 nisus

179 2254 207 2276 et
226 2247 317 2275 intimi
331 2253 430 2274 aettsus
448 2245 605 2273 testimonio
619 2244 808 2272 confirmatus.
826 2244 879 2271 Sed
896 2244 952 2278 jam
968 2246 1001 2272 ad
1017 2245 1122 2273 Nicolal
1135 2247 1267 2280 epistolas
1280 2247 1464 2274 accedendutn
1482 2250 1535 2274 est.

214 2292 258 2319 Ill.
281 2289 336 2317 Has
347 2289 501 2316 invenimus
515 2293 624 2315 centum
636 2292 663 2315 et
671 2288 877 2323 sexagintatrcs
889 2288 916 2314 in
932 2289 1024 2317 codice
1034 2287 1176 2321 Vaticano,
1192 2297 1306 2324 quarum
1317 2290 1359 2324 (ut
1370 2290 1428 2316 suis
1442 2290 1511 2317 locis
1529 2290 1702 2326 adnotantus)
1720 2299 1800 2319 unam

177 2337 272 2364 om.“
283 2333 414 2363 “Latine
427 2339 483 2360 non
499 2332 605 2366 plenam
621 2331 755 2359 Baronius
770 2331 893 2358 ediderat
910 2331 944 2357 ad
959 2339 1004 2359 an.
1022 2330 1085 2363 9I7,
1099 2331 1170 2365 apttd
1185 2338 1236 2358 nos
1253 2338 1296 2365 ep.
1319 2330 1374 2364 28;
1395 2331 1463 2358 alias
1478 2339 1542 2360 vero
1556 2337 1675 2366 quatuor
1695 2338 1798 2360 tantum

177 2380 284 2410 Latine.
298 2383 326 2406 et
340 2377 451 2412 quidem
465 2375 576 2402 mutilas
591 2382 641 2401 nec
656 2375 724 2402 satis
743 2375 812 2402 bene
824 2375 850 2402 in
868 2374 992 2402 Latinam
1009 2375 1128 2408 linguam
1154 2381 1302 2401 conversas
1326 2375 1398 2408 (quae
1418 2379 1483 2401 sunt
1503 2375 1573 2410 apud
1595 2382 1646 2403 nos
1664 2384 1726 2411 epp.
1745 2377 1798 2409 40,

178 2424 239 2456 102,
254 2423 315 2454 I59,
334 2420 407 2454 I45.)
422 2419 491 2446 Nam
507 2417 689 2444 Baronianum
703 2418 884 2453 fragmentum
898 2419 932 2445 ad
945 2418 1043 2446 ducem
1059 2418 1256 2453 Longobardite
1271 2418 1384 2446 dissidet
1400 2419 1503 2454 planea
1516 2425 1607 2447 nostra
1620 2421 1734 2455 epistola
1746 2423 1798 2454 ειη

177 2475 263 2503 quare
276 2465 387 2493 aliunde
406 2467 545 2497 sumptum
560 2461 676 2488 videtur.
689 2461 809 2496 Denique
824 2462 895 2496 apud
909 2462 1034 2489 eumdem
1044 2462 1192 2488 Baronium
1203 2462 1237 2488 ad
1249 2471 1292 2489 an.
1303 2463 1390 2489 912m
1400 2463 1464 2495 916,
1475 2462 1628 2497 indequein
1636 2464 1799 2492 collectione

177 2511 323 2538 Labbeana
341 2507 528 2535 Conciliorutn
541 2510 560 2532 t.
578 2505 623 2537 IX,
638 2513 665 2540 p.
683 2505 760 2532 1264.
774 2513 845 2540 seq.,
861 2507 921 2532 diue
936 2505 988 2532 illa:
1000 2505 1137 2539 leguntur,
1154 2506 1216 2532 item
1235 2506 1328 2533 Latine
1345 2512 1461 2537 tantum,
1475 2507 1508 2533 ad
1522 2515 1631 2542 papam,
1654 2515 1715 2542 qua:
1735 2515 1799 2535 sunt

177 2554 249 2588 apud
265 2561 315 2580 nos
324 2552 419 2579 Graece
435 2558 496 2586 epp.
508 2549 544 2577 52
558 2554 585 2576 et
606 2548 650 2576 55.
663 2547 789 2576 Manebat
805 2550 896 2584 itaque
907 2549 1008 2576 inedita
1019 2550 1076 2576 haec
1088 2548 1193 2576 Nicolai
1203 2549 1382 2583 epistularum
1394 2551 1535 2583 collectio;
1545 2550 1680 2585 siquidem
1695 2557 1797 2586 septem

178 2601 285 2629 antum,
303 2599 330 2623 et
342 2594 452 2630 quidem
472 2594 587 2624 mutilat,
604 2600 658 2619 una
676 2592 802 2620 videlicet
821 2591 926 2624 Graece,
945 2600 992 2620 sex
1014 2591 1128 2624 Latine,
1145 2592 1234 2620 lucem
1258 2600 1429 2628 aspexerant.
1453 2593 1502 2621 llis
1517 2595 1610 2627 dictis,
1627 2595 1752 2629 sequitur
1769 2601 1800 2623 nt

177 2640 308 2669 editionis
327 2643 428 2666 nostra:
441 2639 575 2666 rationem
591 2644 772 2672 exponamus.
791 2636 920 2664 Decursis
937 2637 980 2663 bis
993 2637 1074 2663 celeri
1090 2636 1208 2663 lectione
1227 2637 1362 2671 epistolis,
1376 2638 1464 2664 visutn
1483 2643 1525 2665 est
1541 2639 1618 2665 valde
1633 2639 1726 2666 utilem
1738 2638 1798 2666 fore

125 2700 130 2703 -
177 2685 310 2716 laborem,
326 2682 348 2710 si
364 2682 397 2710 de
412 2681 564 2716 pluteorum
579 2680 697 2714 denique
711 2679 840 2707 claustris
857 2680 1093 2713 protraherentur,
1109 2681 1258 2714 praesertim
1275 2681 1367 2708 addita
1378 2681 1602 2714 interpretatione
1616 2682 1724 2714 Latina,
1742 2691 1796 2709 non

176 2729 234 2755 sine
247 2726 357 2755 scholiis
365 2725 461 2754 saltent
471 2724 619 2751 historicis.
628 2723 822 2750 Verumtamen
833 2722 979 2758 Spicilegio
988 2731 1048 2751 meo
1057 2725 1113 2758 iam
1125 2725 1288 2758 praeﬁnitum
1300 2726 1447 2752 terminum
1456 2725 1615 2760 attingente,
1628 2734 1725 2760 meque
1737 2727 1798 2760 ipso

175 2771 251 2798 curis
263 2770 355 2797 multis
369 2770 501 2800 distento,
519 2767 545 2794 id
559 2767 656 2795 saltem
673 2774 726 2794 non
741 2766 792 2794 fuit
809 2767 1011 2801 negligendum,
1030 2773 1058 2794 ut
1073 2767 1266 2795 minutioribus
1278 2769 1381 2796 Gt'aacis
1395 2770 1466 2804 typis
1479 2775 1585 2796 cunctm
1601 2771 1727 2804 epistolae
1745 2771 1797 2796 im-

176 2817 379 2848 primerentur;
396 2814 518 2848 ipsarutn
535 2818 599 2839 vero
617 2811 712 2838 notitia
729 2811 863 2846 prommio
881 2811 983 2846 aliquo,
999 2816 1027 2839 ut
1046 2819 1119 2840 nunc
1131 2811 1257 2845 facimus,
1276 2812 1422 2841 lectoribus
1443 2814 1628 2842 exhiberetur.
1645 2813 1700 2841 Etsi
1713 2814 1796 2845 igitur
