2000 3070
183 207 215 239 Π
895 214 1003 244 raw
1012 215 1106 245 ππ).
1782 212 1814 245 18

181 271 262 302 prout
279 274 316 294 ea!
335 266 427 302 jacent
442 268 469 295 in
493 267 598 301 codice,
618 268 654 295 ita
673 268 699 296 in
726 272 820 296 nostro
837 268 975 296 volumine
992 269 1051 297 sine
1075 269 1128 296 ulla
1145 270 1250 297 ordinis
1270 271 1443 298 restitutione
1470 277 1612 305 apparent,
1639 277 1695 297 rem
1724 274 1814 297 tamen

181 316 283 338 attente
298 311 494 344 consideranti,
511 316 614 347 septem
632 311 688 340 fere
702 312 804 340 classes
818 313 996 348 epistularum
1016 313 1113 340 barum
1131 314 1268 341 videntur.
1291 315 1315 341 Ι.
1332 315 1370 340 Ad
1391 315 1528 348 principes
1545 315 1711 341 Saracenos.
1727 313 1758 346 εξ.
1775 314 1815 341 Ad

184 355 319 391 Bulgaria;
334 355 484 390 principem
503 360 530 383 et
544 356 792 391 archiepiscopum.
808 357 835 383 5.
848 357 888 383 Ad
906 356 986 383 Rom.
1004 357 1158 391 pontilicent
1175 363 1200 384 et
1217 358 1277 392 ejus
1292 357 1420 385 Ecclesia‘
1437 358 1570 385 homines.
1584 359 1610 385 4.
1642 357 1682 384 Ad
1699 358 1816 392 impera-

182 401 272 428 lircm
287 399 478 435 Byzantinum,
493 404 521 427 ct
538 400 571 426 ad
594 400 732 435 principes
752 400 899 432 Armeniae,
930 400 1066 436 Abasgite,
1092 400 1288 436 Longobardize
1303 406 1329 428 et
1346 401 1523 436 Amalphcos.
1549 402 1577 429 5.
1595 401 1634 428 Ad
1659 401 1814 436 episcopos.

182 445 208 472 6.
240 444 281 471 Ad
312 444 488 479 magistratus
519 445 625 472 civiles.
643 444 670 471 7.
698 445 737 472 Ad
765 452 845 473 sacra
877 445 965 472 ollieia
998 445 1040 472 vel
1070 445 1237 478 monachos,
1267 451 1294 472 et
1309 445 1342 473 ad
1375 445 1498 480 privatos
1526 446 1653 473 homines
1680 445 1721 473 vel
1745 453 1816 472 auo-

183 495 291 524 nymos.

885 547 985 574 Classis
1000 547 1099 582 prima.

218 596 262 623 IV.
283 597 348 625 Duas
362 603 427 626 sunt
444 599 477 626 ad
493 599 652 626 Cretensem
673 600 800 633 amiram,
817 601 875 628 sive
900 601 1062 637 principem,
1077 601 1211 636 epistolae.
1227 602 1338 629 Cretam
1355 601 1473 629 insulam
1495 600 1552 635 jam
1568 599 1632 628 inde
1646 607 1661 627 a
1677 599 1816 628 Michaelis

182 640 259 669 Balbi
274 642 445 677 temporibus
466 651 554 678 usque
583 643 616 670 ad
646 643 749 671 Nicolai
768 645 932 679 patriarchas
954 649 981 673 ct
1003 645 1176 673 Constantini
1203 644 1430 680 Porphyrogeniti
1454 649 1572 676 atatem,
1595 644 1652 671 imo
1681 651 1767 678 usque
1781 644 1814 671 ad

180 685 364 719 Nicephorum
383 685 502 714 Phocam
526 687 578 714 sub
602 687 748 716 Saracenis
774 688 870 716 amiris
895 688 989 722 fuissr,
1015 693 1153 717 testantur
1180 688 1282 724 passim
1312 688 1436 716 historici
1464 687 1618 723 Byzantini,
1637 687 1814 715 nominatim-

180 736 234 763 que
247 729 445 758 Constantinus
461 730 497 757 De
509 731 609 758 ndmin.
627 731 773 766 imp.,cap.
788 731 839 765 2‘2;
854 736 881 760 et
893 733 1040 767 scriptores
1053 732 1318 768 postheophanem
1333 732 1376 759 ed.
1390 731 1479 759 Paris.
1492 739 1519 767 p.
1533 731 1597 758 185.
1610 731 1730 766 Cyprum
1743 739 1814 766 quo-

179 781 234 807 que
263 773 382 801 insulam
410 774 552 809 antiquius
576 775 683 807 adhuc,
715 776 740 802 id
765 780 807 803 est
827 777 957 804 trecentis
977 776 1034 804 fere
1058 782 1120 804 ante
1131 783 1161 804 se
1189 776 1279 808 annis,
1310 776 1517 811 stipendiariam
1543 775 1644 803 lactant
1669 775 1816 802 Saracenis

181 817 219 844 ait
234 816 365 846 Nicolaus
389 825 416 853 p.
434 817 497 846 165.
517 818 624 854 Reapse
643 819 694 846 sub
720 819 846 848 lleraelio
871 825 1033 855 occupatam
1050 828 1066 848 a
1093 820 1259 853 Saracenis.
1286 821 1386 848 deinde
1404 828 1419 847 a
1437 820 1538 848 Basilio
1567 821 1636 855 imp.
1664 824 1814 854 receptam,

181 868 301 896 mosque
313 862 413 889 iterum
430 863 481 890 sub
494 863 627 890 tributum
656 863 858 891 Saracenorum
887 865 1037 897 redactam,
1054 870 1147 892 narrat
1170 865 1367 892 Constantinus
1388 864 1415 892 in
1435 864 1626 892 Thcmatihus.
1648 863 1694 892 Sic
1722 869 1814 892 tamen

182 910 239 933 tum
257 906 396 934 subditam
413 907 561 934 Saracenis
575 907 755 935 Cretensibus
771 908 809 935 ait
823 908 942 943 Cyprum
960 908 1088 936 Nicolaus
1110 916 1137 943 p.
1157 908 1220 941 166,
1237 914 1267 935 ut
1279 916 1356 944 irque
1372 909 1570 944 propemodum
1581 907 1677 935 Grreco
1697 907 1814 943 imperio

179 954 253 977 esset
267 951 398 977 obnoxia.
415 950 534 978 Causam
555 958 620 978 vero
633 951 742 987 Cypria:
773 953 894 980 recentis
910 953 1075 980 calamitatis
1088 953 1155 980 dicit
1179 952 1341 980 Damianum
1360 957 1525 988 apostatam,
1545 953 1593 988 qui
1609 960 1703 980 revera
1725 952 1816 981 factus

183 992 248 1027 Tyri
267 993 366 1024 amira,
385 1001 417 1021 eo
438 999 562 1028 tempore
576 994 654 1026 obiit,
672 999 702 1022 ut
720 1001 815 1023 narrat
828 1003 891 1023 cum
908 995 1023 1023 Nirolao
1038 997 1119 1024 etiam
1140 997 1281 1024 Cedrcnus
1297 996 1341 1024 ed.
1367 996 1454 1024 Paris.
1477 1002 1497 1025 t.
1519 997 1552 1030 ll,
1569 1005 1596 1032 p.
1613 997 1676 1024 ϐω.
1688 997 1748 1024 Jam
1767 996 1814 1024 lli-

182 1037 260 1063 nterii
275 1037 393 1071 prtel'ccti
413 1038 554 1070 maritimi,
568 1038 647 1073 cujus
663 1039 727 1066 item
743 1039 870 1067 meminit
886 1038 1026 1074 Nicolaus,
1043 1041 1184 1068 victoriam
1199 1041 1323 1068 navalem
1338 1040 1371 1068 de
1385 1041 1531 1068 Saracenis
1544 1045 1679 1068 memorat
1692 1041 1815 1069 Zonaras

183 1081 231 1108 lib.
262 1089 317 1114 nt,
334 1082 378 1109 Η.
395 1081 579 1116 Epistolarum
602 1081 708 1110 Nicolai
729 1091 830 1118 scopus
844 1088 894 1114 est.
912 1089 942 1111 ut
962 1083 1120 1112 Cretensem
1143 1089 1239 1112 exoret
1260 1085 1374 1112 amirarn
1400 1093 1434 1112 nc
1455 1084 1482 1112 in
1505 1084 1621 1120 Cyprios
1638 1085 1814 1113 immerentes

182 1126 293 1158 swviat;
315 1131 397 1160 atque
414 1130 444 1152 ut
461 1126 634 1160 captivorum
661 1126 827 1160 libertatem,
848 1127 870 1154 si
886 1128 944 1154 lieri
958 1129 1055 1163 possit,
1083 1128 1211 1162 impetret
1224 1137 1231 1162 ;
1244 1136 1314 1163 quos
1329 1129 1401 1155 inter
1413 1128 1451 1155 illi
1469 1129 1616 1162 praecipue,
1634 1133 1662 1154 ut
1682 1135 1754 1159 reor,
1771 1129 1814 1155 ln-

180 1169 352 1203 tclliguntur,
371 1169 418 1203 qui
435 1170 470 1196 ob
492 1169 660 1196 horrendum
677 1169 882 1198 Thessalonica:
901 1172 1038 1199 excidium
1060 1171 1087 1198 in
1104 1175 1266 1206 potestatem
1288 1171 1489 1198 Saracenorum
1507 1178 1555 1206 per
1573 1172 1598 1197 id
1613 1176 1718 1206 tempus
1736 1179 1816 1198 vene-

181 1218 252 1242 rant.
281 1213 319 1239 illi
342 1213 440 1247 legitnr
457 1213 526 1248 apud
543 1220 649 1241 coaevos
664 1213 814 1242 historicos
835 1214 967 1242 Joannem
981 1215 1136 1247 Lectorem,
1148 1214 1282 1242 Joannem
1296 1214 1496 1245 Cameniatam,
1510 1219 1537 1241 ct
1550 1214 1716 1241 Demetrium
1728 1214 1816 1249 Cydo-

179 1258 266 1285 nium.
287 1257 456 1285 Calamitatis
482 1258 543 1292 ejus
571 1258 653 1285 etiam
685 1259 712 1285 in
745 1267 786 1294 cp.
817 1259 851 1286 75
883 1260 1007 1287 meminit
1033 1259 1172 1287 Nicolaus.
1207 1258 1299 1286 Tertia
1325 1258 1429 1286 Nicolai
1454 1258 1570 1293 epistola
1606 1258 1703 1285 classis
1732 1257 1814 1292 hujus

180 1301 262 1336 (apud
288 1308 337 1328 nos
354 1309 398 1336 rp.
416 1301 478 1336 162)
497 1309 628 1336 supremo
644 1302 845 1330 Saracenorum
862 1304 944 1331 calil'o
959 1304 1102 1336 scribitur,
1116 1303 1163 1338 qui
1185 1302 1254 1330 {also
1272 1309 1384 1329 rumore
1405 1302 1510 1334 audito,
1523 1302 1596 1337 quod
1609 1302 1812 1329 Saracenorum

180 1346 333 1372 nt-atorium
356 1345 595 1381 Constantinopoli
623 1346 720 1374 fuisset
744 1348 879 1380 dirutum,
909 1348 1090 1383 nonnulliquc
1111 1354 1127 1374 c
1159 1346 1218 1374 suis
1243 1347 1276 1374 ad
1302 1346 1488 1373 lslamismum
1514 1346 1695 1373 deserendum
1712 1345 1813 1379 coacti,

180 1389 289 1424 injuria:
305 1389 469 1416 ulciscenda:
483 1391 610 1424 cupidus,
621 1390 779 1418 Christiana
793 1391 892 1426 templa
905 1391 931 1418 in
945 1392 1110 1419 Saracenico
1123 1390 1241 1426 imperio
1253 1390 1402 1425 propositis
1413 1389 1520 1422 edictis,
1533 1390 1670 1424 prosterni
1681 1390 1811 1425 jusscrat;

179 1432 244 1458 dum
265 1431 414 1458 crudeliter
431 1432 540 1460 interim
561 1432 734 1461 Christianos
749 1435 872 1469 captivos
893 1434 1023 1462 Saraceni
1045 1438 1205 1467 tractarent,
1224 1435 1260 1461 ita
1277 1438 1306 1460 ut
1327 1437 1354 1460 et
1374 1437 1462 1460 morte
1478 1433 1633 1464 damnatos,
1654 1441 1706 1460 non
1724 1433 1814 1467 capite

179 1475 339 1510 plecterent,
355 1476 401 1503 sed
419 1483 495 1503 more
509 1476 646 1511 pecudum
658 1477 816 1513 jugularcnt
829 1478 857 1514 (ο
869 1479 1008 1513 tempora!
1021 1485 1136 1505 omores
1148 1477 1168 1512 l)
1182 1477 1224 1503 vel
1236 1477 1308 1512 ligno
1317 1483 1469 1510 suspensos
1481 1475 1600 1511 lapidum
1614 1476 1812 1511 sagittarumve

176 1519 253 1554 jaclu
264 1527 312 1554 per
323 1519 472 1547 ludibrium
482 1521 657 1555 perimerent.
673 1521 759 1556 Negat
773 1520 992 1557 igiturNicolaus
1006 1526 1033 1548 et
1043 1521 1185 1548 delubrum
1201 1520 1283 1546 ullum
1294 1519 1506 1546 Mahutueticum
1521 1520 1593 1554 apud
1602 1519 1712 1547 Graecos
1724 1519 1812 1547 fuisse

179 1563 310 1594 deletum,
335 1568 362 1590 et
383 1563 466 1590 ullum
488 1563 626 1591 hominem
642 1565 667 1591 vi
685 1565 786 1592 factum
803 1565 992 1593 Christianum
1010 1573 1017 1591 :
1033 1565 1227 1599 imperatorum
1243 1562 1361 1597 denique
1379 1562 1600 1589 Christianorum
1615 1562 1788 1590 clementiam
1803 1583 1811 1596 ,

180 1612 207 1633 et
222 1611 382 1642 perpetuam
399 1615 463 1643 erga
482 1607 637 1636 Saracenos
657 1608 783 1644 captivos
803 1609 1042 1637 mansuetudinem
1058 1607 1198 1644 praedicat.
1217 1606 1266 1635 llis
1280 1611 1307 1635 ct
1328 1606 1389 1634 aliis
1402 1606 1463 1642 ejus
1482 1606 1590 1642 generis
1604 1606 1684 1635 dictis
1706 1606 1820 1638 mollire

179 1650 252 1678 caliti
271 1651 392 1678 animum
409 1651 515 1679 nititur.

867 1710 971 1738 Classis
989 1710 1116 1738 secunda.

218 1761 249 1788 V.
259 1762 417 1798 Sequuntur
434 1764 546 1800 prolixa:
560 1764 593 1792 ad
608 1764 763 1793 Simeonem
770 1765 920 1801 principem
933 1766 1110 1801 Bulgarurum
1126 1765 1247 1801 cpistola
1259 1763 1353 1800 viginti
1370 1771 1430 1797 sex,
1440 1771 1501 1800 qua
1511 1768 1553 1791 est
1569 1762 1814 1798 parscollectionis

180 1805 263 1841 hujus
281 1807 409 1840 nobilior,
428 1809 455 1835 in
471 1817 525 1843 qua
543 1817 640 1836 omnes
656 1809 785 1837 Nicolaus
799 1809 963 1837 Graecanica!
971 1810 1147 1845 eloquentiae,
1157 1817 1230 1837 cura
1245 1809 1404 1845 pastoralis,
1416 1807 1610 1836 ecclesiastica;
1623 1807 1811 1839 auctoritatis,

180 1849 230 1876 soli
242 1850 346 1883 eximii,
361 1857 388 1878 et
403 1851 549 1879 cbaritatis
561 1853 725 1880 Christiana:
736 1853 810 1880 vires
829 1853 953 1881 ell'undit.
967 1852 1080 1881 Simeon
1096 1853 1277 1888 Bulgarorum
1289 1853 1430 1888 princeps,
1446 1851 1572 1879 Michaeli
1585 1851 1656 1887 patri
1668 1850 1812 1882 successit,

179 1894 302 1928 quiante
316 1895 480 1930 baptismum
500 1896 590 1924 fuerat
606 1896 730 1932 Bogarls,
748 1902 775 1925 ct
790 1897 823 1925 ad
839 1905 921 1932 quem
941 1897 1056 1925 Photius
1073 1897 1233 1932 praeclaram
1254 1896 1327 1924 illam
1347 1896 1461 1931 scripsit
1477 1894 1622 1930 epistolam
1635 1914 1643 1925 ,
1663 1894 1706 1921 vel
1722 1894 1812 1928 potius

179 1938 281 1973 regiam
297 1943 324 1966 et
349 1938 538 1967 Christianam
555 1941 755 1969 institutionem
769 1960 778 1973 ,
798 1949 859 1976 qua;
882 1941 909 1968 in
937 1942 1015 1969 libris
1038 1945 1137 1968 exstat.
1164 1941 1304 1968 Simeonis
1328 1945 1432 1975 patrem
1450 1938 1522 1967 falso
1545 1937 1614 1965 dicit
1631 1937 1812 1964 Vladimirum

181 1981 301 2017 Caugius
321 1983 349 2010 in
373 1983 473 2013 Famil.
494 1984 583 2012 Scluv.
610 1985 688 2012 Turc.
712 1985 755 2013 ed.
781 1985 870 2014 Paris.
896 1993 924 2020 p.
953 1985 1016 2018 511,
1046 1986 1090 2013 cui
1109 1985 1225 2012 Maurini
1249 1985 1309 2019 (Art
1329 1984 1362 2011 de
1383 1982 1460 2018 uéri{.
1480 1983 1517 2010 les
1539 1982 1625 2017 datu)
1647 1982 1806 2010 dubitanter

181 2030 385 2059 assentiuntur.
405 2031 483 2060 Nune
502 2038 594 2060 autem
624 2033 762 2060 Simeonis
790 2037 895 2068 patrem
920 2032 1007 2060 fuisse
1031 2031 1171 2067 Bogarim,
1197 2032 1222 2059 id
1238 2036 1281 2059 est
1306 2030 1473 2058 Michaelem
1491 2029 1624 2065 primum,
1643 2028 1760 2062 epistola
1776 2027 1813 2055 25

180 2073 285 2101 Nicolai
298 2075 424 2102 dubitare
442 2084 496 2102 non
512 2076 590 2108 sinit,
619 2077 645 2104 in
672 2084 726 2111 qua
749 2077 861 2103 Simeon
885 2077 986 2104 dicitur
1012 2076 1150 2103 Secundus
1171 2075 1352 2111 Bulgarorum
1369 2074 1544 2102 Christianus
1570 2073 1708 2108 princeps,
1729 2072 1814 2107 ﬁtque

182 2116 298 2152 insignis
310 2119 503 2153 prosopopoeia
515 2120 636 2153 parentis
649 2120 709 2154 ejus
723 2120 769 2154 qui
785 2120 953 2147 Christianae
967 2120 1107 2154 religionis
1122 2119 1250 2147 fundator
1266 2119 1337 2154 apud
1356 2119 1487 2152 Bnlgaros
1503 2118 1616 2146 dicitur.
1629 2117 1715 2145 Porro
1727 2117 1812 2144 notis-

182 2161 282 2188 simum
298 2166 339 2189 est
355 2162 481 2198 Bogarim
499 2171 547 2191 seu
564 2163 735 2196 Michaelem,
755 2165 872 2198 primum
890 2165 962 2199 apud
986 2164 1048 2192 illos
1065 2163 1216 2198 principem
1236 2163 1374 2199 baptismo
1391 2163 1477 2191 fuisse
1497 2161 1655 2189 lustratum.
1670 2160 1723 2194 Qui
1746 2168 1812 2195 ergo

180 2207 251 2240 apud
268 2206 401 2242 Cangium
418 2212 445 2235 et
458 2207 597 2236 Manrinos
612 2208 823 2242 interponttntur
839 2209 910 2236 inter
925 2208 1051 2244 Bogarim
1064 2212 1091 2234 et
1105 2206 1260 2234 Simeonem
1280 2207 1432 2242 principes;
1456 2206 1582 2234 videlicet
1602 2205 1767 2233 Prmsiamus
1784 2210 1812 2233 ct

181 2250 295 2278 Michael
314 2251 438 2286 Vorizes,
455 2259 553 2280 eorum
574 2253 648 2280 nulla
668 2253 773 2281 mentio
798 2253 827 2280 lit
842 2253 884 2280 vel
901 2252 972 2281 ratio
986 2260 1002 2280 a
1019 2251 1134 2279 Nicolao
1150 2251 1285 2279 habetur:
1301 2252 1381 2286 cujus
1395 2251 1433 2279 rei
1446 2257 1570 2283 causam,
1587 2257 1650 2285 quae
1670 2249 1811 2285 multiplex

180 2303 241 2323 esse
260 2301 359 2330 potest,
375 2305 448 2325 nttuc
463 2297 603 2332 inquirere
622 2297 696 2329 nolo,
723 2305 758 2324 ne
771 2304 786 2324 a
803 2305 864 2325 meo
880 2297 1021 2332 proposito
1035 2295 1144 2330 longius
1157 2295 1294 2322 abcrrem.
1316 2294 1417 2322 Primis
1434 2294 1518 2329 igitur
1540 2294 1712 2321 Constantini
1735 2294 1810 2328 pueri

180 2348 242 2366 cum
261 2339 386 2368 Romano
409 2340 552 2376 Lecapeno
576 2341 738 2376 imperantis
764 2342 856 2374 annis,
881 2348 944 2368 cum
968 2340 1099 2368 Nicolaus
1119 2338 1275 2374 praecipuus
1300 2339 1368 2374 regii
1384 2339 1460 2374 pueri
1477 2341 1551 2365 tutor
1568 2338 1700 2372 palatium
1724 2341 1750 2363 et
1767 2343 1811 2364 res

180 2385 305 2419 publicas
326 2393 451 2420 magnam
476 2390 579 2419 partem
595 2385 813 2416 administraret,
839 2386 989 2413 secundum
1012 2385 1067 2419 jam
1090 2385 1190 2413 bellum
1215 2384 1326 2410 Simeon
1353 2383 1487 2418 Bulgarus
1506 2382 1637 2409 adversus
1666 2380 1810 2415 imperium

180 2430 301 2463 gerebat,
319 2435 415 2457 contra
431 2430 521 2458 foedus
536 2431 681 2465 paciﬁcum
692 2431 747 2465 jam
761 2431 827 2458 olim
837 2438 899 2458 cum
909 2430 1000 2457 Leone
1010 2430 1120 2462 initum,
1136 2427 1393 2464 rapinis,c:edihus,
1409 2425 1572 2460 sacrilegiis.
1587 2424 1705 2450 vastitati
1721 2423 1811 2449 indul-

184 2480 262 2507 gens,
277 2481 338 2508 quae
355 2474 426 2501 mala
442 2474 495 2501 late
509 2474 641 2502 describit
665 2475 795 2510 lugetque
818 2481 994 2509 summopere
1008 2473 1175 2508 patriarcha.
1189 2478 1332 2507 propterea
1345 2471 1416 2505 quod
1431 2470 1540 2504 Bulgari
1555 2476 1569 2495 a
1585 2467 1686 2495 Graecis
1703 2475 1757 2493 non
1773 2467 1810 2494 ita

181 2516 287 2550 pridem
305 2517 443 2552 baptismo
470 2524 598 2554 suscepto
618 2518 706 2554 (epist.
722 2520 769 2550 25,
791 2519 837 2551 26,
852 2519 910 2553 28),
929 2518 1095 2553 parricidiali
1121 2518 1201 2545 veluti
1218 2517 1289 2545 bello
1315 2519 1441 2551 parentes
1458 2521 1523 2542 suos
1546 2512 1665 2546 lideique
1683 2517 1810 2538 auctores

182 2562 426 2595 persequebantur,
446 2563 676 2598 Christiannsque
694 2564 805 2599 sanguis
821 2564 936 2590 invicem
960 2563 1038 2590 fusus
1053 2562 1224 2589 daemonibus
1249 2561 1349 2588 invidis
1364 2559 1504 2586 litabatur.
1529 2556 1627 2583 Causae
1647 2555 1708 2582 belli
1728 2555 1810 2582 varia:

181 2604 353 2639 erant(epist.
370 2606 387 2632 9
404 2605 476 2637 iuit.,
488 2606 532 2637 ll,
544 2606 601 2641 12),
611 2606 658 2633 sed
675 2606 787 2634 atitbitio
799 2607 937 2633 Simeonis
951 2606 1164 2641 praecipua,qui,
1176 2605 1320 2640 pueritiam
1332 2601 1506 2631 Constantini
1521 2605 1711 2631 contemnens,
1722 2599 1810 2634 impe-

181 2648 253 2674 rium
285 2647 428 2675 allectabat
459 2650 546 2682 (epist.
575 2649 619 2680 l8,
650 2649 696 2683 20,
724 2651 769 2683 21,
792 2650 838 2683 25,
861 2650 932 2684 27);
955 2650 971 2675 ll

1024 2657 1077 2676 ano
1109 2650 1218 2684 insuper
1251 2648 1394 2682 Lecapeno
1420 2646 1530 2673 Simeon
1558 2644 1738 2675 irascebatur,
1763 2644 1810 2678 qui

181 2692 215 2720 de
255 2696 343 2719 tutore
377 2692 567 2725 imperatorem
601 2701 631 2721 se
663 2694 774 2722 fecerat.
798 2695 867 2722 Cum
902 2701 968 2729 ergo
998 2694 1099 2721 mcenia
1135 2693 1191 2728 ipsa
1219 2689 1494 2724 Constantinopoleos
1519 2687 1698 2723 Bulgarorum
1733 2694 1809 2714 arma

182 2736 335 2771 pulsarent,
351 2735 489 2770 Nicolaus,
508 2741 534 2764 et
546 2738 620 2773 regio
636 2738 738 2773 pupillo
757 2743 784 2766 et
804 2739 920 2774 imperio
935 2743 1017 2773 atque
1031 2737 1159 2764 Ecclesiae
1179 2736 1341 2768 consulens,
1364 2734 1468 2761 nullum
1498 2740 1552 2761 non
1578 2731 1696 2767 lapidem
1713 2731 1809 2759 movit:

183 2778 337 2806 scribendis
371 2782 412 2805 tot
437 2778 579 2813 epistolis,
612 2780 714 2814 quibus
749 2787 804 2807 non
833 2781 917 2808 semel
951 2779 973 2807 Si

1019 2788 1061 2808 ton
1094 2781 1234 2816 respondit
1260 2780 1356 2815 (epist.
1385 2779 1413 2810 9,
1444 2777 1494 2810 io,
1524 2777 1570 2809 ‘21,
1597 2776 1644 2808 22,
1673 2776 1720 2806 95,
1743 2776 1809 2811 27),

183 2823 321 2851 mittendis
348 2830 419 2857 saepe
448 2823 543 2858 legatis
555 2843 563 2856 ,
582 2823 728 2852 Oilei-endis
758 2824 871 2852 utilibus
891 2825 1095 2853 conditionibus
1107 2846 1114 2856 ,
1142 2825 1223 2852 veluti
1237 2824 1338 2859 nuptiis
1361 2831 1422 2850 eum
1439 2821 1543 2849 familia
1555 2820 1661 2848 domini
1678 2820 1810 2854 Romani,

184 2867 309 2901 pecunia,
344 2867 429 2894 multa
451 2867 566 2894 vestium
596 2868 641 2901 vi,
671 2874 748 2904 parte
775 2869 856 2896 etiam
891 2869 981 2904 aliqua
1015 2869 1155 2900 territorii,
1189 2875 1269 2904 pmna
1299 2866 1504 2897 ecclesiastica,
1527 2863 1810 2893 excommunicatione

183 2911 316 2943 videlicet,
341 2918 395 2938 tton
410 2911 494 2938 semel
509 2910 608 2939 indicta
624 2911 717 2947 (epist.
734 2911 750 2939 9
772 2913 819 2946 ﬁn.
833 2912 890 2948 ‘22),
911 2913 1038 2948 precibus
1064 2913 1193 2948 denique,
1223 2912 1369 2947 laerymis,
1388 2911 1518 2945 omnique
1543 2915 1641 2944 genere
1665 2907 1810 2934 all'ectuum

184 2960 210 2982 ct
239 2961 463 2989 argumentorum
500 2961 674 2992 cxprompto,
699 2957 755 2992 ipse
783 2963 920 2992 postremo
957 2958 972 2986 Ιι

1019 2962 1062 2985 tus
1100 2957 1231 2985 accedens
1259 2956 1347 2991 (epist.
1365 2955 1484 2991 27,30),
1518 2958 1548 2980 ut
1582 2951 1719 2980 Simeonis
1749 2951 1808 2980 ani.
