  <div class='ocr_page' id='page_1' title='image "/cluster/home/n/w/nwhite01/storage/ocr_20150623/111/njp.32101077772943/023.png"; bbox 0 0 2000 3070; ppageno 0'>
   <div class='ocr_carea' id='block_1_1' title="bbox 189 178 1821 222">
    <p class='ocr_par' dir='ltr' id='par_1_1' title="bbox 189 178 1821 222">
     <span class='ocr_line' id='line_1_1' title="bbox 189 178 1821 222; baseline -0.009 0"><span class='ocrx_word' id='word_1_1' title='bbox 189 190 224 222; x_wconf 69' lang='grc'><strong>29</strong></span> <span class='ocrx_word' id='word_1_2' title='bbox 899 185 1112 215; x_wconf 59' lang='grc' dir='ltr'><strong>ΡΗεΕΡΑΤΙΟ.</strong></span> <span class='ocrx_word' id='word_1_3' title='bbox 1782 178 1821 209; x_wconf 78' lang='lat'><strong>20</strong></span> 
     </span>
    </p>
   </div>
   <div class='ocr_carea' id='block_1_2' title="bbox 184 235 1817 280">
    <p class='ocr_par' dir='ltr' id='par_1_2' title="bbox 184 235 1817 280">
     <span class='ocr_line' id='line_1_2' title="bbox 184 235 1817 280; baseline -0.008 -7"><span class='ocrx_word' id='word_1_4' title='bbox 184 244 420 280; x_wconf 75' lang='lat' dir='ltr'><strong>munt,prittcip&#39;ts</strong></span> <span class='ocrx_word' id='word_1_5' title='bbox 449 244 552 279; x_wconf 76' lang='lat' dir='ltr'><strong>aiioqui</strong></span> <span class='ocrx_word' id='word_1_6' title='bbox 580 244 684 278; x_wconf 66' lang='lat' dir='ltr'><strong>magnis</strong></span> <span class='ocrx_word' id='word_1_7' title='bbox 708 242 816 270; x_wconf 80' lang='lat' dir='ltr'><strong>dotibus</strong></span> <span class='ocrx_word' id='word_1_8' title='bbox 851 241 955 276; x_wconf 69' lang='lat' dir='ltr'><strong>praediti</strong></span> <span class='ocrx_word' id='word_1_9' title='bbox 987 240 1024 274; x_wconf 55' lang='grc' dir='ltr'><strong>(ὃ,</strong></span> <span class='ocrx_word' id='word_1_10' title='bbox 1053 240 1111 274; x_wconf 82' lang='lat' dir='ltr'><strong>5i),</strong></span> <span class='ocrx_word' id='word_1_11' title='bbox 1127 243 1321 275; x_wconf 71' lang='lat' dir='ltr'><strong>expugnaret;</strong></span> <span class='ocrx_word' id='word_1_12' title='bbox 1343 239 1370 266; x_wconf 89' lang='lat' dir='ltr'><strong>id</strong></span> <span class='ocrx_word' id='word_1_13' title='bbox 1396 239 1468 274; x_wconf 86' lang='lat' dir='ltr'><strong>quod</strong></span> <span class='ocrx_word' id='word_1_14' title='bbox 1492 238 1609 272; x_wconf 84' lang='lat' dir='ltr'><strong>denique</strong></span> <span class='ocrx_word' id='word_1_15' title='bbox 1639 235 1817 280; x_wconf 81' lang='lat' dir='ltr'><strong>impetravit:</strong></span> 
     </span>
    </p>
   </div>
   <div class='ocr_carea' id='block_1_3' title="bbox 183 279 1868 321">
    <p class='ocr_par' dir='ltr' id='par_1_3' title="bbox 183 279 1868 321">
     <span class='ocr_line' id='line_1_3' title="bbox 183 279 1868 321; baseline -0.007 -5"><span class='ocrx_word' id='word_1_16' title='bbox 183 279 292 316; x_wconf 77' lang='lat' dir='ltr'><strong>etenim</strong></span> <span class='ocrx_word' id='word_1_17' title='bbox 312 289 428 321; x_wconf 85' lang='lat' dir='ltr'><strong>scimus,</strong></span> <span class='ocrx_word' id='word_1_18' title='bbox 455 288 503 316; x_wconf 85' lang='lat' dir='ltr'><strong>Siti</strong></span> <span class='ocrx_word' id='word_1_19' title='bbox 514 296 621 320; x_wconf 78' lang='lat' dir='ltr'><strong>cenem,</strong></span> <span class='ocrx_word' id='word_1_20' title='bbox 645 287 747 315; x_wconf 75' lang='lat' dir='ltr'><strong>omisso</strong></span> <span class='ocrx_word' id='word_1_21' title='bbox 775 286 807 313; x_wconf 84' lang='lat' dir='ltr'><strong>ad</strong></span> <span class='ocrx_word' id='word_1_22' title='bbox 828 291 979 312; x_wconf 56' lang='lat' dir='ltr'><strong>extremum</strong></span> <span class='ocrx_word' id='word_1_23' title='bbox 1005 284 1088 316; x_wconf 85' lang='lat' dir='ltr'><strong>bello,</strong></span> <span class='ocrx_word' id='word_1_24' title='bbox 1111 282 1260 310; x_wconf 71' lang='lat' dir='ltr'><strong>recessisse</strong></span> <span class='ocrx_word' id='word_1_25' title='bbox 1281 282 1316 310; x_wconf 88' lang='lat' dir='ltr'><strong>ab</strong></span> <span class='ocrx_word' id='word_1_26' title='bbox 1337 282 1443 317; x_wconf 82' lang='lat' dir='ltr'><strong>imperii</strong></span> <span class='ocrx_word' id='word_1_27' title='bbox 1462 289 1523 316; x_wconf 66' lang='lat' dir='ltr'><strong>qua:</strong></span> <span class='ocrx_word' id='word_1_28' title='bbox 1549 279 1683 308; x_wconf 67' lang='lat' dir='ltr'><strong>insidi-bat</strong></span> <span class='ocrx_word' id='word_1_29' title='bbox 1702 279 1821 306; x_wconf 81' lang='lat' dir='ltr'><strong>visceri-</strong></span> <span class='ocrx_word' id='word_1_30' title='bbox 1847 288 1868 312; x_wconf 63' lang='grc' dir='ltr'><em>ο</em></span> 
     </span>
    </p>
   </div>
   <div class='ocr_carea' id='block_1_4' title="bbox 186 322 1815 366">
    <p class='ocr_par' dir='ltr' id='par_1_4' title="bbox 186 322 1815 366">
     <span class='ocr_line' id='line_1_4' title="bbox 186 322 1815 366; baseline -0.007 -8"><span class='ocrx_word' id='word_1_31' title='bbox 186 334 249 364; x_wconf 79' lang='lat' dir='ltr'><strong>tus,</strong></span> <span class='ocrx_word' id='word_1_32' title='bbox 263 336 290 360; x_wconf 86' lang='lat' dir='ltr'><strong>ct</strong></span> <span class='ocrx_word' id='word_1_33' title='bbox 305 331 333 359; x_wconf 89' lang='lat' dir='ltr'><strong>in</strong></span> <span class='ocrx_word' id='word_1_34' title='bbox 351 331 507 366; x_wconf 53' lang='lat' dir='ltr'><strong>Bulgariam</strong></span> <span class='ocrx_word' id='word_1_35' title='bbox 538 339 614 358; x_wconf 89' lang='lat' dir='ltr'><strong>suam</strong></span> <span class='ocrx_word' id='word_1_36' title='bbox 643 337 791 358; x_wconf 66' lang='lat' dir='ltr'><strong>remeasse.</strong></span> <span class='ocrx_word' id='word_1_37' title='bbox 818 329 913 364; x_wconf 75' lang='lat' dir='ltr'><strong>Magna</strong></span> <span class='ocrx_word' id='word_1_38' title='bbox 936 334 1010 356; x_wconf 79' lang='lat' dir='ltr'><strong>certe</strong></span> <span class='ocrx_word' id='word_1_39' title='bbox 1034 327 1160 354; x_wconf 84' lang='lat' dir='ltr'><strong>libertate</strong></span> <span class='ocrx_word' id='word_1_40' title='bbox 1177 325 1296 357; x_wconf 81' lang='lat' dir='ltr'><strong>dicendi,</strong></span> <span class='ocrx_word' id='word_1_41' title='bbox 1323 333 1377 353; x_wconf 89' lang='lat' dir='ltr'><strong>non</strong></span> <span class='ocrx_word' id='word_1_42' title='bbox 1396 325 1456 353; x_wconf 81' lang='lat' dir='ltr'><strong>sine</strong></span> <span class='ocrx_word' id='word_1_43' title='bbox 1479 324 1633 352; x_wconf 78' lang='lat' dir='ltr'><strong>humilitate</strong></span> <span class='ocrx_word' id='word_1_44' title='bbox 1658 322 1815 350; x_wconf 84' lang='lat' dir='ltr'><strong>Christiana</strong></span> 
     </span>
    </p>
   </div>
   <div class='ocr_carea' id='block_1_5' title="bbox 186 365 1817 410">
    <p class='ocr_par' dir='ltr' id='par_1_5' title="bbox 186 365 1817 410">
     <span class='ocr_line' id='line_1_5' title="bbox 186 365 1817 410; baseline -0.007 -7"><span class='ocrx_word' id='word_1_45' title='bbox 186 376 271 404; x_wconf 91' lang='lat' dir='ltr'><strong>utitur</strong></span> <span class='ocrx_word' id='word_1_46' title='bbox 298 376 324 403; x_wconf 94' lang='lat' dir='ltr'><strong>in</strong></span> <span class='ocrx_word' id='word_1_47' title='bbox 350 365 539 410; x_wconf 20' lang='lat' dir='ltr'><strong>hisiepistolis</strong></span> <span class='ocrx_word' id='word_1_48' title='bbox 562 373 690 402; x_wconf 80' lang='lat' dir='ltr'><strong>Nicolatts</strong></span> <span class='ocrx_word' id='word_1_49' title='bbox 711 381 797 401; x_wconf 90' lang='lat' dir='ltr'><strong>:nam</strong></span> <span class='ocrx_word' id='word_1_50' title='bbox 824 373 863 400; x_wconf 88' lang='lat' dir='ltr'><strong>sic</strong></span> <span class='ocrx_word' id='word_1_51' title='bbox 890 377 984 407; x_wconf 71' lang='lat' dir='ltr'><strong>aperte</strong></span> <span class='ocrx_word' id='word_1_52' title='bbox 1017 370 1138 398; x_wconf 82' lang='lat' dir='ltr'><strong>Sitneoni</strong></span> <span class='ocrx_word' id='word_1_53' title='bbox 1169 370 1311 397; x_wconf 78' lang='lat' dir='ltr'><strong>denuntiat</strong></span> <span class='ocrx_word' id='word_1_54' title='bbox 1335 379 1342 396; x_wconf 88' lang='lat'><strong>:</strong></span> <span class='ocrx_word' id='word_1_55' title='bbox 1367 368 1451 397; x_wconf 80' lang='lat' dir='ltr'><strong>Pater</strong></span> <span class='ocrx_word' id='word_1_56' title='bbox 1481 374 1543 396; x_wconf 75' lang='lat' dir='ltr'><strong>tuas</strong></span> <span class='ocrx_word' id='word_1_57' title='bbox 1571 376 1618 403; x_wconf 78' lang='lat' dir='ltr'><strong>ego</strong></span> <span class='ocrx_word' id='word_1_58' title='bbox 1646 375 1727 398; x_wconf 69' lang='lat' dir='ltr'><strong>sum,</strong></span> <span class='ocrx_word' id='word_1_59' title='bbox 1752 365 1817 392; x_wconf 70' lang='lat' dir='ltr'><strong>velis</strong></span> 
     </span>
    </p>
   </div>
   <div class='ocr_carea' id='block_1_6' title="bbox 187 410 1818 452">
    <p class='ocr_par' dir='ltr' id='par_1_6' title="bbox 187 410 1818 452">
     <span class='ocr_line' id='line_1_6' title="bbox 187 410 1818 452; baseline -0.007 -7"><span class='ocrx_word' id='word_1_60' title='bbox 187 418 268 452; x_wconf 77' lang='lat' dir='ltr'><strong>aulis,</strong></span> <span class='ocrx_word' id='word_1_61' title='bbox 286 418 347 445; x_wconf 79' lang='lat' dir='ltr'><strong>licet</strong></span> <span class='ocrx_word' id='word_1_62' title='bbox 364 417 489 444; x_wconf 73' lang='lat' dir='ltr'><strong>minimus</strong></span> <span class='ocrx_word' id='word_1_63' title='bbox 505 418 653 452; x_wconf 79' lang='lat' dir='ltr'><strong>episcopus,</strong></span> <span class='ocrx_word' id='word_1_64' title='bbox 669 417 714 452; x_wconf 81' lang='lat' dir='ltr'><strong>qui</strong></span> <span class='ocrx_word' id='word_1_65' title='bbox 729 422 798 444; x_wconf 74' lang='lat' dir='ltr'><strong>certe</strong></span> <span class='ocrx_word' id='word_1_66' title='bbox 822 416 975 451; x_wconf 75' lang='lat' dir='ltr'><strong>religionem</strong></span> <span class='ocrx_word' id='word_1_67' title='bbox 998 414 1046 442; x_wconf 86' lang='lat' dir='ltr'><strong>Dei</strong></span> <span class='ocrx_word' id='word_1_68' title='bbox 1066 423 1117 441; x_wconf 88' lang='lat' dir='ltr'><strong>mm</strong></span> <span class='ocrx_word' id='word_1_69' title='bbox 1140 414 1232 449; x_wconf 67' lang='lat' dir='ltr'><strong>iugavi</strong></span> <span class='ocrx_word' id='word_1_70' title='bbox 1245 422 1254 440; x_wconf 94' lang='lat'><em>:</em></span> <span class='ocrx_word' id='word_1_71' title='bbox 1268 414 1318 441; x_wconf 82' lang='lat' dir='ltr'><strong>etsi</strong></span> <span class='ocrx_word' id='word_1_72' title='bbox 1341 414 1409 440; x_wconf 77' lang='lat' dir='ltr'><strong>ciiim</strong></span> <span class='ocrx_word' id='word_1_73' title='bbox 1441 413 1508 447; x_wconf 80' lang='lat' dir='ltr'><strong>forte</strong></span> <span class='ocrx_word' id='word_1_74' title='bbox 1529 416 1680 445; x_wconf 80' lang='lat' dir='ltr'><strong>peccatores</strong></span> <span class='ocrx_word' id='word_1_75' title='bbox 1705 410 1818 445; x_wconf 51' lang='lat' dir='ltr'><strong>episcopi</strong></span> 
     </span>
    </p>
   </div>
   <div class='ocr_carea' id='block_1_7' title="bbox 185 454 1818 496">
    <p class='ocr_par' dir='ltr' id='par_1_7' title="bbox 185 454 1818 496">
     <span class='ocr_line' id='line_1_7' title="bbox 185 454 1818 496; baseline -0.007 -7"><span class='ocrx_word' id='word_1_76' title='bbox 185 465 249 495; x_wconf 79' lang='lat' dir='ltr'><strong>sint,</strong></span> <span class='ocrx_word' id='word_1_77' title='bbox 263 470 314 489; x_wconf 87' lang='lat' dir='ltr'><strong>non</strong></span> <span class='ocrx_word' id='word_1_78' title='bbox 327 462 425 489; x_wconf 83' lang='lat' dir='ltr'><strong>idcirco</strong></span> <span class='ocrx_word' id='word_1_79' title='bbox 437 469 481 488; x_wconf 82' lang='lat' dir='ltr'><strong>vos</strong></span> <span class='ocrx_word' id='word_1_80' title='bbox 492 461 600 496; x_wconf 78' lang='lat' dir='ltr'><strong>judices</strong></span> <span class='ocrx_word' id='word_1_81' title='bbox 613 460 730 492; x_wconf 80' lang='lat' dir='ltr'><strong>habent;</strong></span> <span class='ocrx_word' id='word_1_82' title='bbox 745 460 790 487; x_wconf 77' lang='lat' dir='ltr'><strong>sed</strong></span> <span class='ocrx_word' id='word_1_83' title='bbox 803 464 898 490; x_wconf 73' lang='lat' dir='ltr'><strong>contra</strong></span> <span class='ocrx_word' id='word_1_84' title='bbox 908 459 1022 493; x_wconf 74' lang='lat' dir='ltr'><strong>episcopi</strong></span> <span class='ocrx_word' id='word_1_85' title='bbox 1037 459 1069 484; x_wconf 80' lang='lat' dir='ltr'><strong>de</strong></span> <span class='ocrx_word' id='word_1_86' title='bbox 1080 458 1152 485; x_wconf 74' lang='lat' dir='ltr'><strong>vobis</strong></span> <span class='ocrx_word' id='word_1_87' title='bbox 1162 458 1333 492; x_wconf 74' lang='lat' dir='ltr'><strong>judicabant.</strong></span> <span class='ocrx_word' id='word_1_88' title='bbox 1347 458 1370 484; x_wconf 82' lang='lat' dir='ltr'><strong>ri</strong></span> <span class='ocrx_word' id='word_1_89' title='bbox 1381 462 1451 484; x_wconf 77' lang='lat' dir='ltr'><strong>terte</strong></span> <span class='ocrx_word' id='word_1_90' title='bbox 1464 456 1564 483; x_wconf 77' lang='lat' dir='ltr'><strong>Christi</strong></span> <span class='ocrx_word' id='word_1_91' title='bbox 1579 463 1636 481; x_wconf 77' lang='lat' dir='ltr'><strong>ores</strong></span> <span class='ocrx_word' id='word_1_92' title='bbox 1644 454 1719 484; x_wconf 69' lang='lat' dir='ltr'><strong>ostia,</strong></span> <span class='ocrx_word' id='word_1_93' title='bbox 1736 461 1818 488; x_wconf 67' lang='lat' dir='ltr'><strong>neque</strong></span> 
     </span>
    </p>
   </div>
   <div class='ocr_carea' id='block_1_8' title="bbox 186 496 1821 540">
    <p class='ocr_par' dir='ltr' id='par_1_8' title="bbox 186 496 1821 540">
     <span class='ocr_line' id='line_1_8' title="bbox 186 496 1821 540; baseline -0.006 -8"><span class='ocrx_word' id='word_1_94' title='bbox 186 507 219 532; x_wconf 79' lang='lat' dir='ltr'><strong>ab</strong></span> <span class='ocrx_word' id='word_1_95' title='bbox 234 506 290 540; x_wconf 73' lang='lat' dir='ltr'><strong>ejus</strong></span> <span class='ocrx_word' id='word_1_96' title='bbox 309 512 386 540; x_wconf 75' lang='lat' dir='ltr'><strong>grege</strong></span> <span class='ocrx_word' id='word_1_97' title='bbox 403 504 569 531; x_wconf 73' lang='lat' dir='ltr'><strong>aberrantes.</strong></span> <span class='ocrx_word' id='word_1_98' title='bbox 586 503 682 538; x_wconf 80' lang='lat' dir='ltr'><strong>Neque</strong></span> <span class='ocrx_word' id='word_1_99' title='bbox 698 504 760 530; x_wconf 77' lang='lat' dir='ltr'><strong>alia:</strong></span> <span class='ocrx_word' id='word_1_100' title='bbox 775 504 875 530; x_wconf 81' lang='lat' dir='ltr'><strong>desunt</strong></span> <span class='ocrx_word' id='word_1_101' title='bbox 887 502 914 528; x_wconf 81' lang='lat' dir='ltr'><strong>in</strong></span> <span class='ocrx_word' id='word_1_102' title='bbox 933 502 975 528; x_wconf 81' lang='lat' dir='ltr'><strong>his</strong></span> <span class='ocrx_word' id='word_1_103' title='bbox 992 502 1117 536; x_wconf 79' lang='lat' dir='ltr'><strong>epistolis</strong></span> <span class='ocrx_word' id='word_1_104' title='bbox 1134 501 1248 532; x_wconf 63' lang='lat' dir='ltr'><strong>notitiae.</strong></span> <span class='ocrx_word' id='word_1_105' title='bbox 1266 501 1347 528; x_wconf 83' lang='lat' dir='ltr'><strong>veluti</strong></span> <span class='ocrx_word' id='word_1_106' title='bbox 1362 501 1396 527; x_wconf 90' lang='lat' dir='ltr'><strong>de</strong></span> <span class='ocrx_word' id='word_1_107' title='bbox 1411 499 1536 536; x_wconf 74' lang='lat' dir='ltr'><strong>tyrannis</strong></span> <span class='ocrx_word' id='word_1_108' title='bbox 1550 499 1633 525; x_wconf 83' lang='lat' dir='ltr'><strong>variis</strong></span> <span class='ocrx_word' id='word_1_109' title='bbox 1651 496 1821 533; x_wconf 80' lang='lat' dir='ltr'><strong>llyzantinis,</strong></span> 
     </span>
    </p>
   </div>
   <div class='ocr_carea' id='block_1_9' title="bbox 185 541 1819 582">
    <p class='ocr_par' dir='ltr' id='par_1_9' title="bbox 185 541 1819 582">
     <span class='ocr_line' id='line_1_9' title="bbox 185 541 1819 582; baseline -0.006 -6"><span class='ocrx_word' id='word_1_110' title='bbox 185 553 219 578; x_wconf 65' lang='lat' dir='ltr'><strong>«’e</strong></span> <span class='ocrx_word' id='word_1_111' title='bbox 229 548 450 579; x_wconf 81' lang='lat' dir='ltr'><strong>CliosroePcrsa.</strong></span> <span class='ocrx_word' id='word_1_112' title='bbox 463 548 497 575; x_wconf 85' lang='lat' dir='ltr'><strong>dc</strong></span> <span class='ocrx_word' id='word_1_113' title='bbox 506 548 578 582; x_wconf 77' lang='lat' dir='ltr'><strong>Boga</strong></span> <span class='ocrx_word' id='word_1_114' title='bbox 587 547 736 575; x_wconf 86' lang='lat' dir='ltr'><strong>Cbersonis</strong></span> <span class='ocrx_word' id='word_1_115' title='bbox 751 550 876 582; x_wconf 58' lang='lat' dir='ltr'><strong>praetore,</strong></span> <span class='ocrx_word' id='word_1_116' title='bbox 886 546 918 574; x_wconf 75' lang='lat' dir='ltr'><strong>de</strong></span> <span class='ocrx_word' id='word_1_117' title='bbox 931 546 1017 573; x_wconf 81' lang='lat' dir='ltr'><strong>Gaina</strong></span> <span class='ocrx_word' id='word_1_118' title='bbox 1029 545 1118 573; x_wconf 82' lang='lat' dir='ltr'><strong>Gothu</strong></span> <span class='ocrx_word' id='word_1_119' title='bbox 1130 549 1158 572; x_wconf 86' lang='lat' dir='ltr'><strong>et</strong></span> <span class='ocrx_word' id='word_1_120' title='bbox 1171 545 1367 580; x_wconf 65' lang='lat' dir='ltr'><strong>Chrysmtomo</strong></span> <span class='ocrx_word' id='word_1_121' title='bbox 1383 545 1416 572; x_wconf 89' lang='lat' dir='ltr'><strong>de</strong></span> <span class='ocrx_word' id='word_1_122' title='bbox 1431 544 1532 571; x_wconf 86' lang='lat' dir='ltr'><strong>montis</strong></span> <span class='ocrx_word' id='word_1_123' title='bbox 1546 542 1656 578; x_wconf 82' lang='lat' dir='ltr'><strong>Olympi</strong></span> <span class='ocrx_word' id='word_1_124' title='bbox 1680 541 1819 568; x_wconf 82' lang='lat' dir='ltr'><strong>monacho</strong></span> 
     </span>
    </p>
   </div>
   <div class='ocr_carea' id='block_1_10' title="bbox 185 584 1823 628">
    <p class='ocr_par' dir='ltr' id='par_1_10' title="bbox 185 584 1823 628">
     <span class='ocr_line' id='line_1_10' title="bbox 185 584 1823 628; baseline -0.006 -8"><span class='ocrx_word' id='word_1_125' title='bbox 185 593 232 626; x_wconf 72' lang='lat' dir='ltr'><strong>qui</strong></span> <span class='ocrx_word' id='word_1_126' title='bbox 249 601 295 628; x_wconf 91' lang='lat' dir='ltr'><strong>per</strong></span> <span class='ocrx_word' id='word_1_127' title='bbox 311 593 336 619; x_wconf 69' lang='lat' dir='ltr'><strong>ill</strong></span> <span class='ocrx_word' id='word_1_128' title='bbox 351 598 460 627; x_wconf 82' lang='lat' dir='ltr'><strong>tempus</strong></span> <span class='ocrx_word' id='word_1_129' title='bbox 474 593 573 619; x_wconf 81' lang='lat' dir='ltr'><strong>Abaris</strong></span> <span class='ocrx_word' id='word_1_130' title='bbox 585 591 728 619; x_wconf 87' lang='lat' dir='ltr'><strong>Christum</strong></span> <span class='ocrx_word' id='word_1_131' title='bbox 744 590 910 625; x_wconf 76' lang='lat' dir='ltr'><strong>przedicavit.</strong></span> <span class='ocrx_word' id='word_1_132' title='bbox 926 589 960 616; x_wconf 83' lang='lat' dir='ltr'><strong>de</strong></span> <span class='ocrx_word' id='word_1_133' title='bbox 974 589 1126 617; x_wconf 78' lang='lat' dir='ltr'><strong>Abavorutn</strong></span> <span class='ocrx_word' id='word_1_134' title='bbox 1146 589 1240 621; x_wconf 80' lang='lat' dir='ltr'><strong>exitio,</strong></span> <span class='ocrx_word' id='word_1_135' title='bbox 1266 590 1299 616; x_wconf 81' lang='lat' dir='ltr'><strong>de</strong></span> <span class='ocrx_word' id='word_1_136' title='bbox 1330 588 1493 619; x_wconf 69' lang='lat' dir='ltr'><strong>Patainacis.</strong></span> <span class='ocrx_word' id='word_1_137' title='bbox 1515 588 1548 614; x_wconf 87' lang='lat' dir='ltr'><strong>de</strong></span> <span class='ocrx_word' id='word_1_138' title='bbox 1576 586 1668 615; x_wconf 82' lang='lat' dir='ltr'><strong>Leone</strong></span> <span class='ocrx_word' id='word_1_139' title='bbox 1687 584 1823 619; x_wconf 67' lang='lat' dir='ltr'><strong>Tripolim</strong></span> 
     </span>
    </p>
   </div>
   <div class='ocr_carea' id='block_1_11' title="bbox 185 628 1820 670">
    <p class='ocr_par' dir='ltr' id='par_1_11' title="bbox 185 628 1820 670">
     <span class='ocr_line' id='line_1_11' title="bbox 185 628 1820 670; baseline -0.006 -7"><span class='ocrx_word' id='word_1_140' title='bbox 185 637 385 665; x_wconf 65' lang='lat' dir='ltr'><strong>’i‘l.essalonicaa</strong></span> <span class='ocrx_word' id='word_1_141' title='bbox 395 635 496 664; x_wconf 82' lang='lat' dir='ltr'><strong>celebri</strong></span> <span class='ocrx_word' id='word_1_142' title='bbox 512 642 638 663; x_wconf 75' lang='lat' dir='ltr'><strong>eversore</strong></span> <span class='ocrx_word' id='word_1_143' title='bbox 647 634 737 670; x_wconf 79' lang='lat' dir='ltr'><strong>(epist.</strong></span> <span class='ocrx_word' id='word_1_144' title='bbox 748 634 783 661; x_wconf 77' lang='grc'>25</span> <span class='ocrx_word' id='word_1_145' title='bbox 790 634 862 668; x_wconf 67' lang='lat' dir='ltr'><strong>lim),</strong></span> <span class='ocrx_word' id='word_1_146' title='bbox 872 639 899 661; x_wconf 77' lang='lat' dir='ltr'><strong>et</strong></span> <span class='ocrx_word' id='word_1_147' title='bbox 910 633 1007 660; x_wconf 85' lang='lat' dir='ltr'><strong>deinde</strong></span> <span class='ocrx_word' id='word_1_148' title='bbox 1025 633 1095 668; x_wconf 85' lang='lat' dir='ltr'><strong>apud</strong></span> <span class='ocrx_word' id='word_1_149' title='bbox 1104 633 1237 660; x_wconf 79' lang='lat' dir='ltr'><strong>Lemnum</strong></span> <span class='ocrx_word' id='word_1_150' title='bbox 1248 633 1330 660; x_wconf 87' lang='lat' dir='ltr'><strong>victo.</strong></span> <span class='ocrx_word' id='word_1_151' title='bbox 1342 631 1477 659; x_wconf 83' lang='lat' dir='ltr'><strong>Peculiari</strong></span> <span class='ocrx_word' id='word_1_152' title='bbox 1488 637 1579 658; x_wconf 87' lang='lat' dir='ltr'><strong>autem</strong></span> <span class='ocrx_word' id='word_1_153' title='bbox 1595 628 1820 662; x_wconf 72' lang='lat' dir='ltr'><strong>mentianedigna</strong></span> 
     </span>
    </p>
   </div>
   <div class='ocr_carea' id='block_1_12' title="bbox 185 671 1820 716">
    <p class='ocr_par' dir='ltr' id='par_1_12' title="bbox 185 671 1820 716">
     <span class='ocr_line' id='line_1_12' title="bbox 185 671 1820 716; baseline -0.005 -10"><span class='ocrx_word' id='word_1_154' title='bbox 185 681 293 708; x_wconf 81' lang='lat' dir='ltr'><strong>videtur</strong></span> <span class='ocrx_word' id='word_1_155' title='bbox 303 680 421 716; x_wconf 88' lang='lat' dir='ltr'><strong>epistola</strong></span> <span class='ocrx_word' id='word_1_156' title='bbox 433 679 480 713; x_wconf 76' lang='lat'><strong>9.8,</strong></span> <span class='ocrx_word' id='word_1_157' title='bbox 493 679 519 706; x_wconf 93' lang='lat' dir='ltr'><strong>in</strong></span> <span class='ocrx_word' id='word_1_158' title='bbox 531 687 586 715; x_wconf 88' lang='lat' dir='ltr'><strong>qua</strong></span> <span class='ocrx_word' id='word_1_159' title='bbox 599 679 633 706; x_wconf 89' lang='lat' dir='ltr'><strong>de</strong></span> <span class='ocrx_word' id='word_1_160' title='bbox 639 678 772 706; x_wconf 76' lang='lat' dir='ltr'><strong>Romanis</strong></span> <span class='ocrx_word' id='word_1_161' title='bbox 782 678 879 713; x_wconf 73' lang='lat' dir='ltr'><strong>legatis</strong></span> <span class='ocrx_word' id='word_1_162' title='bbox 888 685 978 705; x_wconf 81' lang='lat' dir='ltr'><strong>sermo</strong></span> <span class='ocrx_word' id='word_1_163' title='bbox 990 683 1042 708; x_wconf 85' lang='lat' dir='ltr'><strong>est,</strong></span> <span class='ocrx_word' id='word_1_164' title='bbox 1055 676 1258 712; x_wconf 77' lang='lat' dir='ltr'><strong>Tlteophylacto</strong></span> <span class='ocrx_word' id='word_1_165' title='bbox 1266 682 1293 704; x_wconf 84' lang='lat' dir='ltr'><strong>et</strong></span> <span class='ocrx_word' id='word_1_166' title='bbox 1303 677 1386 708; x_wconf 83' lang='lat' dir='ltr'><strong>Caro,</strong></span> <span class='ocrx_word' id='word_1_167' title='bbox 1398 683 1460 703; x_wconf 88' lang='lat' dir='ltr'><strong>cmn</strong></span> <span class='ocrx_word' id='word_1_168' title='bbox 1473 675 1569 702; x_wconf 76' lang='lat' dir='ltr'><strong>litteris</strong></span> <span class='ocrx_word' id='word_1_169' title='bbox 1578 673 1693 701; x_wconf 80' lang='lat' dir='ltr'><strong>Romani</strong></span> <span class='ocrx_word' id='word_1_170' title='bbox 1709 671 1820 716; x_wconf 83' lang='lat' dir='ltr'><strong>pontifi-</strong></span> 
     </span>
    </p>
   </div>
   <div class='ocr_carea' id='block_1_13' title="bbox 183 715 1818 760">
    <p class='ocr_par' dir='ltr' id='par_1_13' title="bbox 183 715 1818 760">
     <span class='ocr_line' id='line_1_13' title="bbox 183 715 1818 760; baseline -0.006 -9"><span class='ocrx_word' id='word_1_171' title='bbox 183 724 289 760; x_wconf 65' lang='grc' dir='ltr'><strong>εἰς(ρυί</strong></span> <span class='ocrx_word' id='word_1_172' title='bbox 300 723 488 752; x_wconf 78' lang='lat' dir='ltr'><strong>eratJuannes</strong></span> <span class='ocrx_word' id='word_1_173' title='bbox 499 723 532 750; x_wconf 76' lang='grc' dir='ltr'>Χι</span> <span class='ocrx_word' id='word_1_174' title='bbox 547 723 580 750; x_wconf 89' lang='lat' dir='ltr'><strong>ad</strong></span> <span class='ocrx_word' id='word_1_175' title='bbox 593 722 683 750; x_wconf 83' lang='lat' dir='ltr'><strong>aulam</strong></span> <span class='ocrx_word' id='word_1_176' title='bbox 693 721 870 758; x_wconf 83' lang='lat' dir='ltr'><strong>Byzantinam</strong></span> <span class='ocrx_word' id='word_1_177' title='bbox 883 726 965 756; x_wconf 84' lang='lat' dir='ltr'><strong>atque</strong></span> <span class='ocrx_word' id='word_1_178' title='bbox 988 721 1022 749; x_wconf 88' lang='lat' dir='ltr'><strong>ad</strong></span> <span class='ocrx_word' id='word_1_179' title='bbox 1040 721 1194 748; x_wconf 73' lang='lat' dir='ltr'><strong>Simeonem</strong></span> <span class='ocrx_word' id='word_1_180' title='bbox 1207 721 1459 756; x_wconf 74' lang='lat' dir='ltr'><strong>proficiscentibus;</strong></span> <span class='ocrx_word' id='word_1_181' title='bbox 1472 719 1571 753; x_wconf 86' lang='lat' dir='ltr'><strong>quibus</strong></span> <span class='ocrx_word' id='word_1_182' title='bbox 1583 718 1680 745; x_wconf 78' lang='lat' dir='ltr'><strong>litteris</strong></span> <span class='ocrx_word' id='word_1_183' title='bbox 1699 715 1818 751; x_wconf 74' lang='lat' dir='ltr'><strong>pontifex</strong></span> 
     </span>
    </p>
   </div>
   <div class='ocr_carea' id='block_1_14' title="bbox 185 760 1819 804">
    <p class='ocr_par' dir='ltr' id='par_1_14' title="bbox 185 760 1819 804">
     <span class='ocr_line' id='line_1_14' title="bbox 185 760 1819 804; baseline -0.006 -9"><span class='ocrx_word' id='word_1_184' title='bbox 185 768 329 804; x_wconf 77' lang='lat' dir='ltr'><strong>iujieiebat</strong></span> <span class='ocrx_word' id='word_1_185' title='bbox 345 767 460 802; x_wconf 77' lang='lat' dir='ltr'><strong>Bulgaro</strong></span> <span class='ocrx_word' id='word_1_186' title='bbox 474 767 657 794; x_wconf 85' lang='lat' dir='ltr'><strong>anatltematis</strong></span> <span class='ocrx_word' id='word_1_187' title='bbox 674 765 812 793; x_wconf 83' lang='lat' dir='ltr'><strong>vinculum</strong></span> <span class='ocrx_word' id='word_1_188' title='bbox 828 765 880 793; x_wconf 90' lang='lat' dir='ltr'><strong>sibi</strong></span> <span class='ocrx_word' id='word_1_189' title='bbox 897 770 1077 797; x_wconf 76' lang='lat' dir='ltr'><strong>reservatum,</strong></span> <span class='ocrx_word' id='word_1_190' title='bbox 1092 765 1391 798; x_wconf 77' lang='lat' dir='ltr'><strong>eomminansqnoque,</strong></span> <span class='ocrx_word' id='word_1_191' title='bbox 1407 768 1434 790; x_wconf 87' lang='lat' dir='ltr'><strong>ut</strong></span> <span class='ocrx_word' id='word_1_192' title='bbox 1453 764 1479 789; x_wconf 89' lang='lat' dir='ltr'><strong>in</strong></span> <span class='ocrx_word' id='word_1_193' title='bbox 1492 761 1633 789; x_wconf 70' lang='lat' dir='ltr'><strong>hodierni:</strong></span> <span class='ocrx_word' id='word_1_194' title='bbox 1646 760 1735 787; x_wconf 86' lang='lat' dir='ltr'><strong>adhuc</strong></span> <span class='ocrx_word' id='word_1_195' title='bbox 1749 766 1819 785; x_wconf 84' lang='lat' dir='ltr'><strong>eon-</strong></span> 
     </span>
    </p>
   </div>
   <div class='ocr_carea' id='block_1_15' title="bbox 185 805 1821 847">
    <p class='ocr_par' dir='ltr' id='par_1_15' title="bbox 185 805 1821 847">
     <span class='ocr_line' id='line_1_15' title="bbox 185 805 1821 847; baseline -0.006 -8"><span class='ocrx_word' id='word_1_196' title='bbox 185 811 376 846; x_wconf 68' lang='lat' dir='ltr'><strong>stitutionibus</strong></span> <span class='ocrx_word' id='word_1_197' title='bbox 385 811 425 844; x_wconf 84' lang='lat' dir='ltr'><strong>ﬁt,</strong></span> <span class='ocrx_word' id='word_1_198' title='bbox 439 811 655 847; x_wconf 76' lang='lat' dir='ltr'><strong>indignationem</strong></span> <span class='ocrx_word' id='word_1_199' title='bbox 667 809 852 845; x_wconf 81' lang='lat' dir='ltr'><strong>apostolorum</strong></span> <span class='ocrx_word' id='word_1_200' title='bbox 860 809 930 837; x_wconf 82' lang='lat' dir='ltr'><strong>Petri</strong></span> <span class='ocrx_word' id='word_1_201' title='bbox 939 814 966 837; x_wconf 90' lang='lat' dir='ltr'><strong>et</strong></span> <span class='ocrx_word' id='word_1_202' title='bbox 974 809 1062 841; x_wconf 80' lang='lat' dir='ltr'><strong>Pauli,</strong></span> <span class='ocrx_word' id='word_1_203' title='bbox 1071 808 1122 836; x_wconf 86' lang='lat' dir='ltr'><strong>nisi</strong></span> <span class='ocrx_word' id='word_1_204' title='bbox 1132 809 1166 836; x_wconf 88' lang='lat' dir='ltr'><strong>ab</strong></span> <span class='ocrx_word' id='word_1_205' title='bbox 1177 808 1268 844; x_wconf 86' lang='lat' dir='ltr'><strong>impiis</strong></span> <span class='ocrx_word' id='word_1_206' title='bbox 1277 808 1362 835; x_wconf 83' lang='lat' dir='ltr'><strong>armis</strong></span> <span class='ocrx_word' id='word_1_207' title='bbox 1374 807 1521 834; x_wconf 70' lang='lat' dir='ltr'><strong>recederet.</strong></span> <span class='ocrx_word' id='word_1_208' title='bbox 1529 805 1713 844; x_wconf 79' lang='lat' dir='ltr'><strong>Quamobrem</strong></span> <span class='ocrx_word' id='word_1_209' title='bbox 1723 810 1821 847; x_wconf 75' lang='lat' dir='ltr'><strong>rursus</strong></span> 
     </span>
    </p>
   </div>
   <div class='ocr_carea' id='block_1_16' title="bbox 186 846 1820 887">
    <p class='ocr_par' dir='ltr' id='par_1_16' title="bbox 186 846 1820 887">
     <span class='ocr_line' id='line_1_16' title="bbox 186 846 1820 887; baseline -0.006 -4"><span class='ocrx_word' id='word_1_210' title='bbox 186 855 344 886; x_wconf 79' lang='lat' dir='ltr'><strong>Simeonem</strong></span> <span class='ocrx_word' id='word_1_211' title='bbox 355 854 480 884; x_wconf 79' lang='lat' dir='ltr'><strong>Nicolaus</strong></span> <span class='ocrx_word' id='word_1_212' title='bbox 491 859 562 887; x_wconf 76' lang='lat' dir='ltr'><strong>orat,</strong></span> <span class='ocrx_word' id='word_1_213' title='bbox 573 858 604 882; x_wconf 88' lang='lat' dir='ltr'><strong>ut</strong></span> <span class='ocrx_word' id='word_1_214' title='bbox 615 854 637 881; x_wconf 88' lang='lat' dir='ltr'><strong>si</strong></span> <span class='ocrx_word' id='word_1_215' title='bbox 648 854 740 882; x_wconf 85' lang='lat' dir='ltr'><strong>minus</strong></span> <span class='ocrx_word' id='word_1_216' title='bbox 749 861 789 886; x_wconf 82' lang='lat' dir='ltr'><strong>se,</strong></span> <span class='ocrx_word' id='word_1_217' title='bbox 799 857 871 881; x_wconf 89' lang='lat' dir='ltr'><strong>certe</strong></span> <span class='ocrx_word' id='word_1_218' title='bbox 883 853 1088 881; x_wconf 80' lang='lat' dir='ltr'><strong>sanctissimum</strong></span> <span class='ocrx_word' id='word_1_219' title='bbox 1100 860 1195 887; x_wconf 82' lang='lat' dir='ltr'><strong>papam</strong></span> <span class='ocrx_word' id='word_1_220' title='bbox 1205 852 1296 887; x_wconf 89' lang='lat' dir='ltr'><strong>(quem</strong></span> <span class='ocrx_word' id='word_1_221' title='bbox 1307 852 1346 879; x_wconf 78' lang='lat' dir='ltr'><strong>sic</strong></span> <span class='ocrx_word' id='word_1_222' title='bbox 1360 859 1408 886; x_wconf 89' lang='lat' dir='ltr'><strong>per</strong></span> <span class='ocrx_word' id='word_1_223' title='bbox 1418 849 1635 878; x_wconf 81' lang='lat' dir='ltr'><strong>antonomasiam</strong></span> <span class='ocrx_word' id='word_1_224' title='bbox 1645 847 1763 882; x_wconf 79' lang='lat' dir='ltr'><strong>appellat</strong></span> <span class='ocrx_word' id='word_1_225' title='bbox 1775 846 1820 874; x_wconf 76' lang='lat' dir='ltr'><strong>hic</strong></span> 
     </span>
    </p>
   </div>
   <div class='ocr_carea' id='block_1_17' title="bbox 186 891 1822 934">
    <p class='ocr_par' dir='ltr' id='par_1_17' title="bbox 186 891 1822 934">
     <span class='ocr_line' id='line_1_17' title="bbox 186 891 1822 934; baseline -0.006 -8"><span class='ocrx_word' id='word_1_226' title='bbox 186 903 268 934; x_wconf 78' lang='lat' dir='ltr'><strong>etep.</strong></span> <span class='ocrx_word' id='word_1_227' title='bbox 284 898 328 934; x_wconf 84' lang='grc'><strong>75)</strong></span> <span class='ocrx_word' id='word_1_228' title='bbox 346 904 513 926; x_wconf 78' lang='lat' dir='ltr'><strong>revereatur.</strong></span> <span class='ocrx_word' id='word_1_229' title='bbox 531 897 664 925; x_wconf 83' lang='lat' dir='ltr'><strong>Putamus</strong></span> <span class='ocrx_word' id='word_1_230' title='bbox 694 903 784 924; x_wconf 87' lang='lat' dir='ltr'><strong>autem</strong></span> <span class='ocrx_word' id='word_1_231' title='bbox 823 897 926 924; x_wconf 89' lang='lat' dir='ltr'><strong>nullam</strong></span> <span class='ocrx_word' id='word_1_232' title='bbox 961 896 1111 925; x_wconf 81' lang='lat' dir='ltr'><strong>desiderari</strong></span> <span class='ocrx_word' id='word_1_233' title='bbox 1143 896 1245 924; x_wconf 75' lang='lat' dir='ltr'><strong>Nicolai</strong></span> <span class='ocrx_word' id='word_1_234' title='bbox 1274 896 1307 923; x_wconf 82' lang='lat' dir='ltr'><strong>ad</strong></span> <span class='ocrx_word' id='word_1_235' title='bbox 1335 895 1484 930; x_wconf 67' lang='lat' dir='ltr'><strong>Bulgarnm</strong></span> <span class='ocrx_word' id='word_1_236' title='bbox 1510 892 1652 928; x_wconf 81' lang='lat' dir='ltr'><strong>epistolam</strong></span> <span class='ocrx_word' id='word_1_237' title='bbox 1670 900 1679 924; x_wconf 83' lang='lat'><strong>;</strong></span> <span class='ocrx_word' id='word_1_238' title='bbox 1696 891 1822 926; x_wconf 73' lang='lat' dir='ltr'><strong>quando-</strong></span> 
     </span>
    </p>
   </div>
   <div class='ocr_carea' id='block_1_18' title="bbox 185 935 1822 977">
    <p class='ocr_par' dir='ltr' id='par_1_18' title="bbox 185 935 1822 977">
     <span class='ocr_line' id='line_1_18' title="bbox 185 935 1822 977; baseline -0.005 -7"><span class='ocrx_word' id='word_1_239' title='bbox 185 943 297 977; x_wconf 80' lang='lat' dir='ltr'><strong>quidem</strong></span> <span class='ocrx_word' id='word_1_240' title='bbox 319 942 487 970; x_wconf 85' lang='lat' dir='ltr'><strong>tricesimam</strong></span> <span class='ocrx_word' id='word_1_241' title='bbox 524 943 641 977; x_wconf 74' lang='lat' dir='ltr'><strong>primani</strong></span> <span class='ocrx_word' id='word_1_242' title='bbox 663 940 744 976; x_wconf 83' lang='lat' dir='ltr'><strong>(apud</strong></span> <span class='ocrx_word' id='word_1_243' title='bbox 769 940 830 976; x_wconf 90' lang='lat' dir='ltr'><strong>nos)</strong></span> <span class='ocrx_word' id='word_1_244' title='bbox 852 939 952 967; x_wconf 84' lang='lat' dir='ltr'><strong>fatetur</strong></span> <span class='ocrx_word' id='word_1_245' title='bbox 977 940 1035 975; x_wconf 80' lang='lat' dir='ltr'><strong>ipso</strong></span> <span class='ocrx_word' id='word_1_246' title='bbox 1057 948 1071 967; x_wconf 82' lang='lat' dir='ltr'><strong>a</strong></span> <span class='ocrx_word' id='word_1_247' title='bbox 1104 947 1133 967; x_wconf 83' lang='lat' dir='ltr'><strong>se</strong></span> <span class='ocrx_word' id='word_1_248' title='bbox 1156 939 1280 966; x_wconf 84' lang='lat' dir='ltr'><strong>ultimam</strong></span> <span class='ocrx_word' id='word_1_249' title='bbox 1305 939 1390 966; x_wconf 89' lang='lat' dir='ltr'><strong>scribi</strong></span> <span class='ocrx_word' id='word_1_250' title='bbox 1420 947 1426 965; x_wconf 88' lang='lat'><strong>:</strong></span> <span class='ocrx_word' id='word_1_251' title='bbox 1453 942 1632 972; x_wconf 69' lang='lat' dir='ltr'><strong>praterquam</strong></span> <span class='ocrx_word' id='word_1_252' title='bbox 1657 935 1729 969; x_wconf 87' lang='lat' dir='ltr'><strong>quod</strong></span> <span class='ocrx_word' id='word_1_253' title='bbox 1760 938 1822 968; x_wconf 79' lang='lat' dir='ltr'><strong>post</strong></span> 
     </span>
    </p>
   </div>
   <div class='ocr_carea' id='block_1_19' title="bbox 185 980 1817 1021">
    <p class='ocr_par' dir='ltr' id='par_1_19' title="bbox 185 980 1817 1021">
     <span class='ocr_line' id='line_1_19' title="bbox 185 980 1817 1021; baseline -0.006 -9"><span class='ocrx_word' id='word_1_254' title='bbox 185 986 260 1013; x_wconf 86' lang='lat' dir='ltr'><strong>illam</strong></span> <span class='ocrx_word' id='word_1_255' title='bbox 281 985 309 1013; x_wconf 90' lang='lat' dir='ltr'><strong>in</strong></span> <span class='ocrx_word' id='word_1_256' title='bbox 325 986 421 1013; x_wconf 83' lang='lat' dir='ltr'><strong>codice</strong></span> <span class='ocrx_word' id='word_1_257' title='bbox 437 985 537 1021; x_wconf 75' lang='lat' dir='ltr'><strong>legitur</strong></span> <span class='ocrx_word' id='word_1_258' title='bbox 553 985 616 1019; x_wconf 77' lang='lat' dir='ltr'><strong>ﬁnis</strong></span> <span class='ocrx_word' id='word_1_259' title='bbox 638 984 812 1018; x_wconf 70' lang='lat' dir='ltr'><strong>epistularum</strong></span> <span class='ocrx_word' id='word_1_260' title='bbox 829 984 863 1011; x_wconf 80' lang='lat' dir='ltr'><strong>ad</strong></span> <span class='ocrx_word' id='word_1_261' title='bbox 890 983 1045 1019; x_wconf 82' lang='lat' dir='ltr'><strong>Bulgarum.</strong></span> <span class='ocrx_word' id='word_1_262' title='bbox 1068 984 1194 1011; x_wconf 81' lang='lat' dir='ltr'><strong>Attamen</strong></span> <span class='ocrx_word' id='word_1_263' title='bbox 1209 983 1242 1010; x_wconf 85' lang='lat' dir='ltr'><strong>de</strong></span> <span class='ocrx_word' id='word_1_264' title='bbox 1254 989 1283 1009; x_wconf 87' lang='lat' dir='ltr'><strong>re</strong></span> <span class='ocrx_word' id='word_1_265' title='bbox 1302 981 1445 1017; x_wconf 64' lang='lat' dir='ltr'><strong>Bulgarica</strong></span> <span class='ocrx_word' id='word_1_266' title='bbox 1462 988 1516 1007; x_wconf 90' lang='lat' dir='ltr'><strong>non</strong></span> <span class='ocrx_word' id='word_1_267' title='bbox 1531 980 1564 1007; x_wconf 86' lang='lat' dir='ltr'><strong>ad</strong></span> <span class='ocrx_word' id='word_1_268' title='bbox 1580 980 1738 1006; x_wconf 78' lang='lat' dir='ltr'><strong>Simeonem</strong></span> <span class='ocrx_word' id='word_1_269' title='bbox 1753 981 1817 1004; x_wconf 82' lang='lat' dir='ltr'><strong>tau-</strong></span> 
     </span>
    </p>
   </div>
   <div class='ocr_carea' id='block_1_20' title="bbox 189 1021 1820 1064">
    <p class='ocr_par' dir='ltr' id='par_1_20' title="bbox 189 1021 1820 1064">
     <span class='ocr_line' id='line_1_20' title="bbox 189 1021 1820 1064; baseline -0.007 -7"><span class='ocrx_word' id='word_1_270' title='bbox 189 1030 345 1063; x_wconf 86' lang='lat' dir='ltr'><strong>tummodo,</strong></span> <span class='ocrx_word' id='word_1_271' title='bbox 362 1037 457 1063; x_wconf 72' lang='lat' dir='ltr'><strong>verum</strong></span> <span class='ocrx_word' id='word_1_272' title='bbox 474 1029 556 1062; x_wconf 83' lang='lat' dir='ltr'><strong>etiam</strong></span> <span class='ocrx_word' id='word_1_273' title='bbox 572 1028 605 1056; x_wconf 85' lang='lat' dir='ltr'><strong>ad</strong></span> <span class='ocrx_word' id='word_1_274' title='bbox 624 1028 785 1062; x_wconf 89' lang='lat' dir='ltr'><strong>primarium</strong></span> <span class='ocrx_word' id='word_1_275' title='bbox 800 1029 862 1064; x_wconf 86' lang='lat' dir='ltr'><strong>ejus</strong></span> <span class='ocrx_word' id='word_1_276' title='bbox 887 1028 1079 1056; x_wconf 85' lang='lat' dir='ltr'><strong>administrunt</strong></span> <span class='ocrx_word' id='word_1_277' title='bbox 1103 1026 1215 1062; x_wconf 80' lang='lat' dir='ltr'><strong>scripsit</strong></span> <span class='ocrx_word' id='word_1_278' title='bbox 1238 1025 1371 1054; x_wconf 82' lang='lat' dir='ltr'><strong>Nicolaus</strong></span> <span class='ocrx_word' id='word_1_279' title='bbox 1389 1026 1444 1060; x_wconf 85' lang='lat' dir='ltr'><strong>(ep.</strong></span> <span class='ocrx_word' id='word_1_280' title='bbox 1461 1024 1517 1059; x_wconf 77' lang='grc'><strong>15),</strong></span> <span class='ocrx_word' id='word_1_281' title='bbox 1539 1030 1643 1059; x_wconf 76' lang='lat' dir='ltr'><strong>rogans</strong></span> <span class='ocrx_word' id='word_1_282' title='bbox 1658 1026 1688 1051; x_wconf 80' lang='lat' dir='ltr'><strong>ut</strong></span> <span class='ocrx_word' id='word_1_283' title='bbox 1706 1021 1820 1049; x_wconf 85' lang='lat' dir='ltr'><strong>domino</strong></span> 
     </span>
    </p>
   </div>
   <div class='ocr_carea' id='block_1_21' title="bbox 185 1064 1821 1109">
    <p class='ocr_par' dir='ltr' id='par_1_21' title="bbox 185 1064 1821 1109">
     <span class='ocr_line' id='line_1_21' title="bbox 185 1064 1821 1109; baseline -0.005 -7"><span class='ocrx_word' id='word_1_284' title='bbox 185 1081 237 1102; x_wconf 87' lang='lat' dir='ltr'><strong>suo</strong></span> <span class='ocrx_word' id='word_1_285' title='bbox 257 1081 351 1109; x_wconf 83' lang='lat' dir='ltr'><strong>pacem</strong></span> <span class='ocrx_word' id='word_1_286' title='bbox 370 1073 519 1101; x_wconf 84' lang='lat' dir='ltr'><strong>suaderet:</strong></span> <span class='ocrx_word' id='word_1_287' title='bbox 535 1073 656 1107; x_wconf 76' lang='lat' dir='ltr'><strong>itemque</strong></span> <span class='ocrx_word' id='word_1_288' title='bbox 667 1073 737 1100; x_wconf 83' lang='lat' dir='ltr'><strong>duas</strong></span> <span class='ocrx_word' id='word_1_289' title='bbox 754 1074 813 1108; x_wconf 88' lang='lat' dir='ltr'><strong>(ep.</strong></span> <span class='ocrx_word' id='word_1_290' title='bbox 829 1073 846 1100; x_wconf 75' lang='grc'>4</span> <span class='ocrx_word' id='word_1_291' title='bbox 860 1077 887 1100; x_wconf 74' lang='lat' dir='ltr'><strong>t-t</strong></span> <span class='ocrx_word' id='word_1_292' title='bbox 899 1073 943 1108; x_wconf 69' lang='grc'><strong>12)</strong></span> <span class='ocrx_word' id='word_1_293' title='bbox 956 1072 989 1099; x_wconf 89' lang='lat' dir='ltr'><strong>ad</strong></span> <span class='ocrx_word' id='word_1_294' title='bbox 1007 1071 1139 1106; x_wconf 68' lang='lat' dir='ltr'><strong>Bulgaria:</strong></span> <span class='ocrx_word' id='word_1_295' title='bbox 1150 1070 1398 1105; x_wconf 81' lang='lat' dir='ltr'><strong>archiepiscopum.</strong></span> <span class='ocrx_word' id='word_1_296' title='bbox 1414 1068 1464 1096; x_wconf 75' lang='lat' dir='ltr'><strong>Vix</strong></span> <span class='ocrx_word' id='word_1_297' title='bbox 1478 1074 1569 1095; x_wconf 89' lang='lat' dir='ltr'><strong>autem</strong></span> <span class='ocrx_word' id='word_1_298' title='bbox 1584 1066 1680 1094; x_wconf 85' lang='lat' dir='ltr'><strong>dubito</strong></span> <span class='ocrx_word' id='word_1_299' title='bbox 1700 1066 1766 1109; x_wconf 77' lang='lat' dir='ltr'><strong>quin</strong></span> <span class='ocrx_word' id='word_1_300' title='bbox 1777 1064 1821 1109; x_wconf 81' lang='lat' dir='ltr'><strong>hic</strong></span> 
     </span>
    </p>
   </div>
   <div class='ocr_carea' id='block_1_22' title="bbox 185 1108 1816 1152">
    <p class='ocr_par' dir='ltr' id='par_1_22' title="bbox 185 1108 1816 1152">
     <span class='ocr_line' id='line_1_22' title="bbox 185 1108 1816 1152; baseline -0.004 -7"><span class='ocrx_word' id='word_1_301' title='bbox 185 1108 344 1145; x_wconf 81' lang='lat' dir='ltr'><strong>sitSimeon</strong></span> <span class='ocrx_word' id='word_1_302' title='bbox 364 1117 546 1149; x_wconf 79' lang='lat' dir='ltr'><strong>Debeltensia,</strong></span> <span class='ocrx_word' id='word_1_303' title='bbox 563 1117 611 1152; x_wconf 91' lang='lat' dir='ltr'><strong>qui</strong></span> <span class='ocrx_word' id='word_1_304' title='bbox 624 1117 729 1152; x_wconf 78' lang='lat' dir='ltr'><strong>synodo</strong></span> <span class='ocrx_word' id='word_1_305' title='bbox 745 1116 886 1144; x_wconf 68' lang='lat' dir='ltr'><strong>Plautianae</strong></span> <span class='ocrx_word' id='word_1_306' title='bbox 901 1123 974 1143; x_wconf 81' lang='lat' dir='ltr'><strong>anno</strong></span> <span class='ocrx_word' id='word_1_307' title='bbox 989 1115 1042 1143; x_wconf 81' lang='lat'><strong>879</strong></span> <span class='ocrx_word' id='word_1_308' title='bbox 1055 1113 1225 1141; x_wconf 80' lang='lat' dir='ltr'><strong>interfuerat.</strong></span> <span class='ocrx_word' id='word_1_309' title='bbox 1249 1112 1372 1147; x_wconf 79' lang='lat' dir='ltr'><strong>(Videsis</strong></span> <span class='ocrx_word' id='word_1_310' title='bbox 1384 1112 1508 1140; x_wconf 80' lang='lat' dir='ltr'><strong>Coletum</strong></span> <span class='ocrx_word' id='word_1_311' title='bbox 1524 1111 1604 1146; x_wconf 81' lang='lat' dir='ltr'><strong>lllyr.</strong></span> <span class='ocrx_word' id='word_1_312' title='bbox 1623 1118 1694 1138; x_wconf 73' lang='lat' dir='ltr'><strong>mer.</strong></span> <span class='ocrx_word' id='word_1_313' title='bbox 1710 1115 1729 1137; x_wconf 89' lang='lat' dir='ltr'><strong>t.</strong></span> <span class='ocrx_word' id='word_1_314' title='bbox 1746 1108 1816 1152; x_wconf 77' lang='lat' dir='ltr'><strong>Vill.</strong></span> 
     </span>
    </p>
   </div>
   <div class='ocr_carea' id='block_1_23' title="bbox 187 1151 1820 1196">
    <p class='ocr_par' dir='ltr' id='par_1_23' title="bbox 187 1151 1820 1196">
     <span class='ocr_line' id='line_1_23' title="bbox 187 1151 1820 1196; baseline -0.005 -9"><span class='ocrx_word' id='word_1_315' title='bbox 187 1169 215 1195; x_wconf 89' lang='lat' dir='ltr'><strong>p.</strong></span> <span class='ocrx_word' id='word_1_316' title='bbox 229 1161 308 1196; x_wconf 79' lang='lat'><strong>9.07).</strong></span> <span class='ocrx_word' id='word_1_317' title='bbox 322 1159 425 1187; x_wconf 83' lang='lat' dir='ltr'><strong>Harum</strong></span> <span class='ocrx_word' id='word_1_318' title='bbox 443 1160 471 1187; x_wconf 93' lang='lat' dir='ltr'><strong>in</strong></span> <span class='ocrx_word' id='word_1_319' title='bbox 494 1151 582 1194; x_wconf 78' lang='lat' dir='ltr'><strong>prima</strong></span> <span class='ocrx_word' id='word_1_320' title='bbox 603 1159 637 1187; x_wconf 87' lang='lat' dir='ltr'><strong>de</strong></span> <span class='ocrx_word' id='word_1_321' title='bbox 657 1159 767 1187; x_wconf 83' lang='lat' dir='ltr'><strong>homine</strong></span> <span class='ocrx_word' id='word_1_322' title='bbox 784 1159 907 1195; x_wconf 78' lang='lat' dir='ltr'><strong>loquitur</strong></span> <span class='ocrx_word' id='word_1_323' title='bbox 927 1159 974 1193; x_wconf 88' lang='lat' dir='ltr'><strong>qui</strong></span> <span class='ocrx_word' id='word_1_324' title='bbox 993 1158 1027 1186; x_wconf 87' lang='lat' dir='ltr'><strong>ad</strong></span> <span class='ocrx_word' id='word_1_325' title='bbox 1048 1165 1157 1186; x_wconf 84' lang='lat' dir='ltr'><strong>sacrum</strong></span> <span class='ocrx_word' id='word_1_326' title='bbox 1174 1157 1247 1192; x_wconf 89' lang='lat' dir='ltr'><strong>apud</strong></span> <span class='ocrx_word' id='word_1_327' title='bbox 1265 1156 1376 1184; x_wconf 66' lang='lat' dir='ltr'><strong>Graecos</strong></span> <span class='ocrx_word' id='word_1_328' title='bbox 1403 1157 1509 1192; x_wconf 59' lang='lat' dir='ltr'><strong>asylum</strong></span> <span class='ocrx_word' id='word_1_329' title='bbox 1534 1155 1695 1189; x_wconf 71' lang='lat' dir='ltr'><strong>confugerat</strong></span> <span class='ocrx_word' id='word_1_330' title='bbox 1714 1151 1820 1188; x_wconf 63' lang='lat' dir='ltr'><strong>(confer</strong></span> 
     </span>
    </p>
   </div>
   <div class='ocr_carea' id='block_1_24' title="bbox 188 1196 1816 1239">
    <p class='ocr_par' dir='ltr' id='par_1_24' title="bbox 188 1196 1816 1239">
     <span class='ocr_line' id='line_1_24' title="bbox 188 1196 1816 1239; baseline -0.005 -9"><span class='ocrx_word' id='word_1_331' title='bbox 188 1204 318 1231; x_wconf 80' lang='lat' dir='ltr'><strong>I&#39;hotium</strong></span> <span class='ocrx_word' id='word_1_332' title='bbox 334 1211 378 1238; x_wconf 88' lang='lat' dir='ltr'><strong>ep.</strong></span> <span class='ocrx_word' id='word_1_333' title='bbox 393 1203 432 1238; x_wconf 76' lang='grc'><strong>4),</strong></span> <span class='ocrx_word' id='word_1_334' title='bbox 449 1210 532 1238; x_wconf 87' lang='lat' dir='ltr'><strong>quem</strong></span> <span class='ocrx_word' id='word_1_335' title='bbox 548 1203 680 1237; x_wconf 87' lang='lat' dir='ltr'><strong>repetenti</strong></span> <span class='ocrx_word' id='word_1_336' title='bbox 704 1203 823 1239; x_wconf 68' lang='lat' dir='ltr'><strong>Bulgaro</strong></span> <span class='ocrx_word' id='word_1_337' title='bbox 839 1203 922 1230; x_wconf 88' lang='lat' dir='ltr'><strong>tradit</strong></span> <span class='ocrx_word' id='word_1_338' title='bbox 939 1202 1081 1234; x_wconf 79' lang='lat' dir='ltr'><strong>Nicotaus,</strong></span> <span class='ocrx_word' id='word_1_339' title='bbox 1104 1201 1150 1230; x_wconf 79' lang='lat' dir='ltr'><strong>sed</strong></span> <span class='ocrx_word' id='word_1_340' title='bbox 1174 1208 1236 1228; x_wconf 88' lang='lat' dir='ltr'><strong>cum</strong></span> <span class='ocrx_word' id='word_1_341' title='bbox 1251 1201 1376 1229; x_wconf 78' lang='lat' dir='ltr'><strong>districto</strong></span> <span class='ocrx_word' id='word_1_342' title='bbox 1390 1200 1530 1233; x_wconf 87' lang='lat' dir='ltr'><strong>mandato,</strong></span> <span class='ocrx_word' id='word_1_343' title='bbox 1553 1204 1584 1226; x_wconf 91' lang='lat' dir='ltr'><strong>ut</strong></span> <span class='ocrx_word' id='word_1_344' title='bbox 1607 1197 1726 1231; x_wconf 84' lang='lat' dir='ltr'><strong>impunis</strong></span> <span class='ocrx_word' id='word_1_345' title='bbox 1748 1196 1816 1223; x_wconf 72' lang='lat' dir='ltr'><strong>illze-</strong></span> 
     </span>
    </p>
   </div>
   <div class='ocr_carea' id='block_1_25' title="bbox 189 1241 1821 1282">
    <p class='ocr_par' dir='ltr' id='par_1_25' title="bbox 189 1241 1821 1282">
     <span class='ocr_line' id='line_1_25' title="bbox 189 1241 1821 1282; baseline -0.005 -8"><span class='ocrx_word' id='word_1_346' title='bbox 189 1255 293 1281; x_wconf 80' lang='lat' dir='ltr'><strong>susque</strong></span> <span class='ocrx_word' id='word_1_347' title='bbox 309 1246 354 1274; x_wconf 88' lang='lat' dir='ltr'><strong>sit.</strong></span> <span class='ocrx_word' id='word_1_348' title='bbox 369 1246 461 1274; x_wconf 83' lang='lat' dir='ltr'><strong>Altera</strong></span> <span class='ocrx_word' id='word_1_349' title='bbox 477 1245 592 1281; x_wconf 83' lang='lat' dir='ltr'><strong>epistola</strong></span> <span class='ocrx_word' id='word_1_350' title='bbox 609 1246 734 1274; x_wconf 84' lang='lat' dir='ltr'><strong>suasoria</strong></span> <span class='ocrx_word' id='word_1_351' title='bbox 749 1251 801 1279; x_wconf 86' lang='lat' dir='ltr'><strong>est,</strong></span> <span class='ocrx_word' id='word_1_352' title='bbox 817 1247 944 1275; x_wconf 70' lang='lat' dir='ltr'><strong>videlicet</strong></span> <span class='ocrx_word' id='word_1_353' title='bbox 961 1252 990 1274; x_wconf 92' lang='lat' dir='ltr'><strong>ut</strong></span> <span class='ocrx_word' id='word_1_354' title='bbox 1006 1245 1230 1282; x_wconf 78' lang='lat' dir='ltr'><strong>archiepiscopus</strong></span> <span class='ocrx_word' id='word_1_355' title='bbox 1243 1244 1320 1272; x_wconf 88' lang='lat' dir='ltr'><strong>omni</strong></span> <span class='ocrx_word' id='word_1_356' title='bbox 1333 1252 1384 1280; x_wconf 83' lang='lat' dir='ltr'><strong>ope</strong></span> <span class='ocrx_word' id='word_1_357' title='bbox 1403 1243 1550 1272; x_wconf 81' lang='lat' dir='ltr'><strong>contendat</strong></span> <span class='ocrx_word' id='word_1_358' title='bbox 1562 1242 1634 1278; x_wconf 86' lang='lat' dir='ltr'><strong>apud</strong></span> <span class='ocrx_word' id='word_1_359' title='bbox 1651 1241 1821 1275; x_wconf 62' lang='lat' dir='ltr'><strong>Simeonem,</strong></span> 
     </span>
    </p>
   </div>
   <div class='ocr_carea' id='block_1_26' title="bbox 188 1283 1823 1325">
    <p class='ocr_par' dir='ltr' id='par_1_26' title="bbox 188 1283 1823 1325">
     <span class='ocr_line' id='line_1_26' title="bbox 188 1283 1823 1325; baseline -0.006 -8"><span class='ocrx_word' id='word_1_360' title='bbox 188 1298 244 1325; x_wconf 79' lang='lat' dir='ltr'><strong>quo</strong></span> <span class='ocrx_word' id='word_1_361' title='bbox 263 1290 344 1317; x_wconf 82' lang='lat' dir='ltr'><strong>linem</strong></span> <span class='ocrx_word' id='word_1_362' title='bbox 360 1289 555 1317; x_wconf 79' lang='lat' dir='ltr'><strong>molestissimo</strong></span> <span class='ocrx_word' id='word_1_363' title='bbox 571 1289 644 1318; x_wconf 81' lang='lat' dir='ltr'><strong>bello</strong></span> <span class='ocrx_word' id='word_1_364' title='bbox 656 1289 778 1324; x_wconf 83' lang='lat' dir='ltr'><strong>imponat</strong></span> <span class='ocrx_word' id='word_1_365' title='bbox 794 1299 801 1318; x_wconf 90' lang='lat'><strong>:</strong></span> <span class='ocrx_word' id='word_1_366' title='bbox 819 1290 901 1324; x_wconf 62' lang='lat' dir='ltr'><strong>digna</strong></span> <span class='ocrx_word' id='word_1_367' title='bbox 918 1297 985 1318; x_wconf 84' lang='lat' dir='ltr'><strong>sane</strong></span> <span class='ocrx_word' id='word_1_368' title='bbox 1006 1291 1076 1318; x_wconf 89' lang='lat' dir='ltr'><strong>lcetu</strong></span> <span class='ocrx_word' id='word_1_369' title='bbox 1097 1290 1212 1324; x_wconf 87' lang='lat' dir='ltr'><strong>epistola</strong></span> <span class='ocrx_word' id='word_1_370' title='bbox 1235 1293 1347 1324; x_wconf 83' lang='lat' dir='ltr'><strong>propter</strong></span> <span class='ocrx_word' id='word_1_371' title='bbox 1371 1295 1469 1323; x_wconf 71' lang='lat' dir='ltr'><strong>graves</strong></span> <span class='ocrx_word' id='word_1_372' title='bbox 1486 1286 1521 1314; x_wconf 89' lang='lat' dir='ltr'><strong>de</strong></span> <span class='ocrx_word' id='word_1_373' title='bbox 1529 1285 1717 1314; x_wconf 82' lang='lat' dir='ltr'><strong>ecclesiastico</strong></span> <span class='ocrx_word' id='word_1_374' title='bbox 1731 1283 1823 1310; x_wconf 71' lang='lat' dir='ltr'><strong>uttitrio</strong></span> 
     </span>
    </p>
   </div>
   <div class='ocr_carea' id='block_1_27' title="bbox 189 1326 1822 1368">
    <p class='ocr_par' dir='ltr' id='par_1_27' title="bbox 189 1326 1822 1368">
     <span class='ocr_line' id='line_1_27' title="bbox 189 1326 1822 1368; baseline -0.006 -6"><span class='ocrx_word' id='word_1_375' title='bbox 189 1334 349 1367; x_wconf 80' lang='lat' dir='ltr'><strong>sententias,</strong></span> <span class='ocrx_word' id='word_1_376' title='bbox 368 1335 443 1361; x_wconf 83' lang='lat' dir='ltr'><strong>etde</strong></span> <span class='ocrx_word' id='word_1_377' title='bbox 468 1328 547 1361; x_wconf 79' lang='lat' dir='ltr'><strong>sacra</strong></span> <span class='ocrx_word' id='word_1_378' title='bbox 575 1333 744 1361; x_wconf 77' lang='lat' dir='ltr'><strong>Eucltaristia</strong></span> <span class='ocrx_word' id='word_1_379' title='bbox 773 1334 884 1362; x_wconf 68' lang='lat' dir='ltr'><strong>citatum</strong></span> <span class='ocrx_word' id='word_1_380' title='bbox 903 1342 910 1362; x_wconf 90' lang='lat'><strong>:</strong></span> <span class='ocrx_word' id='word_1_381' title='bbox 927 1334 1052 1368; x_wconf 85' lang='lat' dir='ltr'><strong>deplorat</strong></span> <span class='ocrx_word' id='word_1_382' title='bbox 1072 1335 1146 1361; x_wconf 76' lang='lat' dir='ltr'><strong>enim</strong></span> <span class='ocrx_word' id='word_1_383' title='bbox 1167 1333 1299 1362; x_wconf 77' lang='lat' dir='ltr'><strong>ecclesias</strong></span> <span class='ocrx_word' id='word_1_384' title='bbox 1323 1332 1393 1360; x_wconf 86' lang='lat' dir='ltr'><strong>bello</strong></span> <span class='ocrx_word' id='word_1_385' title='bbox 1416 1331 1549 1367; x_wconf 83' lang='lat' dir='ltr'><strong>pollutas&#39;,</strong></span> <span class='ocrx_word' id='word_1_386' title='bbox 1571 1331 1597 1357; x_wconf 94' lang='lat' dir='ltr'><strong>in</strong></span> <span class='ocrx_word' id='word_1_387' title='bbox 1622 1329 1723 1363; x_wconf 81' lang='lat' dir='ltr'><strong>quibus</strong></span> <span class='ocrx_word' id='word_1_388' title='bbox 1743 1326 1822 1353; x_wconf 72' lang='lat' dir='ltr'><strong>herili</strong></span> 
     </span>
    </p>
   </div>
   <div class='ocr_carea' id='block_1_28' title="bbox 190 1374 1821 1413">
    <p class='ocr_par' dir='ltr' id='par_1_28' title="bbox 190 1374 1821 1413">
     <span class='ocr_line' id='line_1_28' title="bbox 190 1374 1821 1413; baseline -0.004 -9"><span class='ocrx_word' id='word_1_389' title='bbox 190 1383 331 1413; x_wconf 65' lang='lat' dir='ltr'><strong>praeculta</strong></span> <span class='ocrx_word' id='word_1_390' title='bbox 345 1378 444 1404; x_wconf 75' lang='lat' dir='ltr'><strong>residet</strong></span> <span class='ocrx_word' id='word_1_391' title='bbox 461 1383 582 1405; x_wconf 75' lang='lat' dir='ltr'><strong>sanctum</strong></span> <span class='ocrx_word' id='word_1_392' title='bbox 593 1377 661 1404; x_wconf 77' lang='lat' dir='ltr'><strong>illud</strong></span> <span class='ocrx_word' id='word_1_393' title='bbox 675 1382 700 1404; x_wconf 81' lang='lat' dir='ltr'><strong>et</strong></span> <span class='ocrx_word' id='word_1_394' title='bbox 716 1378 920 1405; x_wconf 76' lang='lat' dir='ltr'><strong>immaculatum</strong></span> <span class='ocrx_word' id='word_1_395' title='bbox 931 1386 1026 1412; x_wconf 78' lang='lat' dir='ltr'><strong>corpus</strong></span> <span class='ocrx_word' id='word_1_396' title='bbox 1043 1386 1074 1404; x_wconf 80' lang='grc' dir='ltr'>ιιι-</span> <span class='ocrx_word' id='word_1_397' title='bbox 1086 1378 1206 1412; x_wconf 73' lang='lat' dir='ltr'><strong>sanguis,</strong></span> <span class='ocrx_word' id='word_1_398' title='bbox 1222 1384 1280 1411; x_wconf 70' lang='lat' dir='ltr'><strong>qua</strong></span> <span class='ocrx_word' id='word_1_399' title='bbox 1294 1377 1339 1410; x_wconf 77' lang='lat' dir='ltr'><strong>qui</strong></span> <span class='ocrx_word' id='word_1_400' title='bbox 1352 1375 1497 1403; x_wconf 74' lang='lat' dir='ltr'><strong>manduca!</strong></span> <span class='ocrx_word' id='word_1_401' title='bbox 1509 1379 1535 1402; x_wconf 83' lang='grc' dir='ltr'>ει</span> <span class='ocrx_word' id='word_1_402' title='bbox 1549 1374 1626 1406; x_wconf 81' lang='lat' dir='ltr'><strong>bibit,</strong></span> <span class='ocrx_word' id='word_1_403' title='bbox 1643 1377 1741 1400; x_wconf 73' lang='lat' dir='ltr'><strong>certant</strong></span> <span class='ocrx_word' id='word_1_404' title='bbox 1757 1378 1821 1405; x_wconf 81' lang='lat' dir='ltr'><strong>pro-</strong></span> 
     </span>
    </p>
   </div>
   <div class='ocr_carea' id='block_1_29' title="bbox 187 1420 772 1456">
    <p class='ocr_par' dir='ltr' id='par_1_29' title="bbox 187 1420 772 1456">
     <span class='ocr_line' id='line_1_29' title="bbox 187 1420 772 1456; baseline 0 -9"><span class='ocrx_word' id='word_1_405' title='bbox 187 1423 255 1456; x_wconf 71' lang='grc' dir='ltr'><strong>μνίω</strong></span> <span class='ocrx_word' id='word_1_406' title='bbox 273 1421 496 1456; x_wconf 72' lang='lat' dir='ltr'><strong>sanctificationis</strong></span> <span class='ocrx_word' id='word_1_407' title='bbox 514 1428 584 1456; x_wconf 76' lang='lat' dir='ltr'><strong>spem</strong></span> <span class='ocrx_word' id='word_1_408' title='bbox 601 1420 772 1455; x_wconf 69' lang='lat' dir='ltr'><strong>adipiscitur.</strong></span> 
     </span>
    </p>
   </div>
   <div class='ocr_carea' id='block_1_30' title="bbox 899 1497 1111 1526">
    <p class='ocr_par' dir='ltr' id='par_1_30' title="bbox 899 1497 1111 1526">
     <span class='ocr_line' id='line_1_30' title="bbox 899 1497 1111 1526; baseline -0.005 -3"><span class='ocrx_word' id='word_1_409' title='bbox 899 1497 1003 1526; x_wconf 62' lang='lat' dir='ltr'><strong>Classis</strong></span> <span class='ocrx_word' id='word_1_410' title='bbox 1020 1497 1111 1525; x_wconf 83' lang='lat' dir='ltr'><strong>lerlia.</strong></span> 
     </span>
    </p>
   </div>
   <div class='ocr_carea' id='block_1_31' title="bbox 222 1575 1820 1614">
    <p class='ocr_par' dir='ltr' id='par_1_31' title="bbox 222 1575 1820 1614">
     <span class='ocr_line' id='line_1_31' title="bbox 222 1575 1820 1614; baseline -0.003 -7"><span class='ocrx_word' id='word_1_411' title='bbox 222 1580 265 1607; x_wconf 79' lang='lat' dir='ltr'><strong>Vl.</strong></span> <span class='ocrx_word' id='word_1_412' title='bbox 286 1579 377 1607; x_wconf 85' lang='lat' dir='ltr'><strong>Prima</strong></span> <span class='ocrx_word' id='word_1_413' title='bbox 397 1580 514 1607; x_wconf 87' lang='lat' dir='ltr'><strong>occurrit</strong></span> <span class='ocrx_word' id='word_1_414' title='bbox 544 1579 760 1611; x_wconf 70' lang='lat' dir='ltr'><strong>luculentiSsima</strong></span> <span class='ocrx_word' id='word_1_415' title='bbox 776 1600 782 1612; x_wconf 93' lang='lat'><strong>,</strong></span> <span class='ocrx_word' id='word_1_416' title='bbox 799 1583 880 1614; x_wconf 86' lang='lat' dir='ltr'><strong>atque</strong></span> <span class='ocrx_word' id='word_1_417' title='bbox 912 1579 998 1605; x_wconf 79' lang='lat' dir='ltr'><strong>instar</strong></span> <span class='ocrx_word' id='word_1_418' title='bbox 1018 1584 1162 1609; x_wconf 81' lang='lat' dir='ltr'><strong>tractatus,</strong></span> <span class='ocrx_word' id='word_1_419' title='bbox 1177 1578 1363 1613; x_wconf 72' lang='lat' dir='ltr'><strong>cpistola(3&#39;2)</strong></span> <span class='ocrx_word' id='word_1_420' title='bbox 1377 1585 1459 1612; x_wconf 82' lang='lat' dir='ltr'><strong>quam</strong></span> <span class='ocrx_word' id='word_1_421' title='bbox 1474 1576 1603 1603; x_wconf 71' lang='lat' dir='ltr'><strong>Nicolaus</strong></span> <span class='ocrx_word' id='word_1_422' title='bbox 1619 1575 1652 1602; x_wconf 90' lang='lat' dir='ltr'><strong>ad</strong></span> <span class='ocrx_word' id='word_1_423' title='bbox 1668 1575 1820 1602; x_wconf 65' lang='lat' dir='ltr'><strong>iit/uanam</strong></span> 
     </span>
    </p>
   </div>
   <div class='ocr_carea' id='block_1_32' title="bbox 186 1619 1819 1658">
    <p class='ocr_par' dir='ltr' id='par_1_32' title="bbox 186 1619 1819 1658">
     <span class='ocr_line' id='line_1_32' title="bbox 186 1619 1819 1658; baseline -0.003 -7"><span class='ocrx_word' id='word_1_424' title='bbox 186 1624 338 1651; x_wconf 72' lang='lat' dir='ltr'><strong>Ecclesium</strong></span> <span class='ocrx_word' id='word_1_425' title='bbox 356 1623 397 1650; x_wconf 87' lang='lat' dir='ltr'><strong>vel</strong></span> <span class='ocrx_word' id='word_1_426' title='bbox 415 1623 468 1650; x_wconf 80' lang='lat' dir='ltr'><strong>sub</strong></span> <span class='ocrx_word' id='word_1_427' title='bbox 482 1623 615 1650; x_wconf 81' lang='lat' dir='ltr'><strong>Landnne</strong></span> <span class='ocrx_word' id='word_1_428' title='bbox 629 1623 768 1658; x_wconf 77' lang='lat' dir='ltr'><strong>pontiﬁce,</strong></span> <span class='ocrx_word' id='word_1_429' title='bbox 788 1627 817 1649; x_wconf 92' lang='lat' dir='ltr'><strong>ut</strong></span> <span class='ocrx_word' id='word_1_430' title='bbox 831 1628 911 1658; x_wconf 86' lang='lat' dir='ltr'><strong>putat</strong></span> <span class='ocrx_word' id='word_1_431' title='bbox 928 1622 1076 1654; x_wconf 75' lang='lat' dir='ltr'><strong>Baronius.</strong></span> <span class='ocrx_word' id='word_1_432' title='bbox 1098 1622 1140 1650; x_wconf 82' lang='lat' dir='ltr'><strong>vel</strong></span> <span class='ocrx_word' id='word_1_433' title='bbox 1157 1622 1207 1649; x_wconf 87' lang='lat' dir='ltr'><strong>sub</strong></span> <span class='ocrx_word' id='word_1_434' title='bbox 1225 1621 1372 1649; x_wconf 82' lang='lat' dir='ltr'><strong>Anastasio</strong></span> <span class='ocrx_word' id='word_1_435' title='bbox 1388 1621 1479 1652; x_wconf 81' lang='lat' dir='ltr'><strong>tertio,</strong></span> <span class='ocrx_word' id='word_1_436' title='bbox 1497 1625 1526 1648; x_wconf 87' lang='lat' dir='ltr'><strong>ut</strong></span> <span class='ocrx_word' id='word_1_437' title='bbox 1542 1624 1635 1648; x_wconf 87' lang='lat' dir='ltr'><strong>censet</strong></span> <span class='ocrx_word' id='word_1_438' title='bbox 1646 1619 1757 1654; x_wconf 73' lang='lat' dir='ltr'><strong>Pagina,</strong></span> <span class='ocrx_word' id='word_1_439' title='bbox 1773 1621 1819 1647; x_wconf 84' lang='lat' dir='ltr'><strong>sed</strong></span> 
     </span>
    </p>
   </div>
   <div class='ocr_carea' id='block_1_33' title="bbox 189 1664 1821 1702">
    <p class='ocr_par' dir='ltr' id='par_1_33' title="bbox 189 1664 1821 1702">
     <span class='ocr_line' id='line_1_33' title="bbox 189 1664 1821 1702; baseline -0.002 -8"><span class='ocrx_word' id='word_1_440' title='bbox 189 1672 264 1697; x_wconf 83' lang='lat' dir='ltr'><strong>certe</strong></span> <span class='ocrx_word' id='word_1_441' title='bbox 283 1670 345 1702; x_wconf 89' lang='lat' dir='ltr'><strong>post</strong></span> <span class='ocrx_word' id='word_1_442' title='bbox 356 1666 444 1701; x_wconf 60' lang='grc' dir='ltr'>δεικῙί</span> <span class='ocrx_word' id='word_1_443' title='bbox 459 1667 531 1694; x_wconf 82' lang='lat' dir='ltr'><strong>tertii</strong></span> <span class='ocrx_word' id='word_1_444' title='bbox 544 1667 649 1695; x_wconf 78' lang='lat' dir='ltr'><strong>obitum</strong></span> <span class='ocrx_word' id='word_1_445' title='bbox 673 1666 782 1698; x_wconf 74' lang='lat' dir='ltr'><strong>Scribit,</strong></span> <span class='ocrx_word' id='word_1_446' title='bbox 800 1667 847 1701; x_wconf 89' lang='lat' dir='ltr'><strong>qui</strong></span> <span class='ocrx_word' id='word_1_447' title='bbox 868 1670 998 1701; x_wconf 86' lang='lat' dir='ltr'><strong>tanquam</strong></span> <span class='ocrx_word' id='word_1_448' title='bbox 1018 1665 1116 1693; x_wconf 88' lang='lat' dir='ltr'><strong>beatus</strong></span> <span class='ocrx_word' id='word_1_449' title='bbox 1133 1669 1189 1692; x_wconf 87' lang='lat' dir='ltr'><strong>tum</strong></span> <span class='ocrx_word' id='word_1_450' title='bbox 1206 1665 1233 1692; x_wconf 91' lang='lat' dir='ltr'><strong>in</strong></span> <span class='ocrx_word' id='word_1_451' title='bbox 1249 1664 1301 1693; x_wconf 82' lang='lat' dir='ltr'><strong>hac</strong></span> <span class='ocrx_word' id='word_1_452' title='bbox 1320 1669 1377 1692; x_wconf 90' lang='lat' dir='ltr'><strong>tum</strong></span> <span class='ocrx_word' id='word_1_453' title='bbox 1395 1665 1421 1691; x_wconf 91' lang='lat' dir='ltr'><strong>in</strong></span> <span class='ocrx_word' id='word_1_454' title='bbox 1437 1672 1481 1699; x_wconf 88' lang='lat' dir='ltr'><strong>ep.</strong></span> <span class='ocrx_word' id='word_1_455' title='bbox 1496 1665 1529 1691; x_wconf 77' lang='lat'><strong>53</strong></span> <span class='ocrx_word' id='word_1_456' title='bbox 1546 1665 1717 1695; x_wconf 86' lang='lat' dir='ltr'><strong>nominatur,</strong></span> <span class='ocrx_word' id='word_1_457' title='bbox 1732 1671 1821 1698; x_wconf 84' lang='lat' dir='ltr'><strong>neque</strong></span> 
     </span>
    </p>
   </div>
   <div class='ocr_carea' id='block_1_34' title="bbox 189 1707 1816 1745">
    <p class='ocr_par' dir='ltr' id='par_1_34' title="bbox 189 1707 1816 1745">
     <span class='ocr_line' id='line_1_34' title="bbox 189 1707 1816 1745; baseline -0.002 -7"><span class='ocrx_word' id='word_1_458' title='bbox 189 1712 224 1738; x_wconf 86' lang='lat' dir='ltr'><strong>de</strong></span> <span class='ocrx_word' id='word_1_459' title='bbox 240 1709 335 1745; x_wconf 76' lang='lat' dir='ltr'><strong>Sergio</strong></span> <span class='ocrx_word' id='word_1_460' title='bbox 349 1709 498 1744; x_wconf 85' lang='lat' dir='ltr'><strong>quidquam</strong></span> <span class='ocrx_word' id='word_1_461' title='bbox 519 1709 684 1744; x_wconf 69' lang='lat' dir='ltr'><strong>iniuriosum</strong></span> <span class='ocrx_word' id='word_1_462' title='bbox 699 1709 805 1740; x_wconf 81' lang='lat' dir='ltr'><strong>scribit.</strong></span> <span class='ocrx_word' id='word_1_463' title='bbox 817 1717 974 1744; x_wconf 89' lang='lat' dir='ltr'><strong>quanquam</strong></span> <span class='ocrx_word' id='word_1_464' title='bbox 995 1709 1054 1744; x_wconf 81' lang='lat' dir='ltr'><strong>ipse</strong></span> <span class='ocrx_word' id='word_1_465' title='bbox 1077 1708 1310 1743; x_wconf 84' lang='lat' dir='ltr'><strong>dispensationem</strong></span> <span class='ocrx_word' id='word_1_466' title='bbox 1334 1708 1368 1736; x_wconf 78' lang='lat' dir='ltr'><strong>ad</strong></span> <span class='ocrx_word' id='word_1_467' title='bbox 1387 1713 1499 1742; x_wconf 86' lang='lat' dir='ltr'><strong>quartas</strong></span> <span class='ocrx_word' id='word_1_468' title='bbox 1520 1708 1629 1743; x_wconf 84' lang='lat' dir='ltr'><strong>nuptias</strong></span> <span class='ocrx_word' id='word_1_469' title='bbox 1649 1707 1732 1735; x_wconf 86' lang='lat' dir='ltr'><strong>Leoni</strong></span> <span class='ocrx_word' id='word_1_470' title='bbox 1747 1715 1816 1734; x_wconf 91' lang='lat' dir='ltr'><strong>con-</strong></span> 
     </span>
    </p>
   </div>
   <div class='ocr_carea' id='block_1_35' title="bbox 188 1751 1820 1788">
    <p class='ocr_par' dir='ltr' id='par_1_35' title="bbox 188 1751 1820 1788">
     <span class='ocr_line' id='line_1_35' title="bbox 188 1751 1820 1788; baseline -0.002 -7"><span class='ocrx_word' id='word_1_471' title='bbox 188 1757 320 1785; x_wconf 81' lang='lat' dir='ltr'><strong>cesserat.</strong></span> <span class='ocrx_word' id='word_1_472' title='bbox 341 1753 516 1788; x_wconf 78' lang='lat' dir='ltr'><strong>Propositum</strong></span> <span class='ocrx_word' id='word_1_473' title='bbox 534 1753 657 1788; x_wconf 74' lang='lat' dir='ltr'><strong>cpistola:</strong></span> <span class='ocrx_word' id='word_1_474' title='bbox 672 1757 715 1780; x_wconf 81' lang='lat' dir='ltr'><strong>est</strong></span> <span class='ocrx_word' id='word_1_475' title='bbox 727 1753 909 1787; x_wconf 76' lang='lat' dir='ltr'><strong>expostulatio</strong></span> <span class='ocrx_word' id='word_1_476' title='bbox 925 1753 1072 1787; x_wconf 65' lang='lat' dir='ltr'><strong>ceteroqui</strong></span> <span class='ocrx_word' id='word_1_477' title='bbox 1090 1760 1144 1780; x_wconf 91' lang='lat' dir='ltr'><strong>non</strong></span> <span class='ocrx_word' id='word_1_478' title='bbox 1165 1759 1246 1788; x_wconf 65' lang='lat' dir='ltr'><strong>aequa</strong></span> <span class='ocrx_word' id='word_1_479' title='bbox 1261 1751 1394 1780; x_wconf 74' lang='lat' dir='ltr'><strong>adversus</strong></span> <span class='ocrx_word' id='word_1_480' title='bbox 1414 1751 1565 1780; x_wconf 75' lang='lat' dir='ltr'><strong>Romanam</strong></span> <span class='ocrx_word' id='word_1_481' title='bbox 1584 1751 1744 1783; x_wconf 74' lang='lat' dir='ltr'><strong>Ecclesium,</strong></span> <span class='ocrx_word' id='word_1_482' title='bbox 1757 1759 1820 1786; x_wconf 76' lang='lat' dir='ltr'><strong>quze</strong></span> 
     </span>
    </p>
   </div>
   <div class='ocr_carea' id='block_1_36' title="bbox 190 1795 1820 1831">
    <p class='ocr_par' dir='ltr' id='par_1_36' title="bbox 190 1795 1820 1831">
     <span class='ocr_line' id='line_1_36' title="bbox 190 1795 1820 1831; baseline -0.001 -7"><span class='ocrx_word' id='word_1_483' title='bbox 190 1795 352 1831; x_wconf 80' lang='lat' dir='ltr'><strong>imperatori</strong></span> <span class='ocrx_word' id='word_1_484' title='bbox 375 1796 402 1823; x_wconf 92' lang='lat' dir='ltr'><strong>in</strong></span> <span class='ocrx_word' id='word_1_485' title='bbox 421 1803 504 1824; x_wconf 82' lang='lat' dir='ltr'><strong>causa</strong></span> <span class='ocrx_word' id='word_1_486' title='bbox 521 1796 680 1830; x_wconf 83' lang='lat' dir='ltr'><strong>nuptiarum</strong></span> <span class='ocrx_word' id='word_1_487' title='bbox 701 1795 794 1823; x_wconf 80' lang='lat' dir='ltr'><strong>missis</strong></span> <span class='ocrx_word' id='word_1_488' title='bbox 816 1796 900 1823; x_wconf 86' lang='lat' dir='ltr'><strong>etiam</strong></span> <span class='ocrx_word' id='word_1_489' title='bbox 923 1795 1020 1830; x_wconf 77' lang='lat' dir='ltr'><strong>legatis</strong></span> <span class='ocrx_word' id='word_1_490' title='bbox 1034 1796 1137 1824; x_wconf 83' lang='lat' dir='ltr'><strong>faverat</strong></span> <span class='ocrx_word' id='word_1_491' title='bbox 1153 1805 1162 1824; x_wconf 91' lang='lat'><strong>:</strong></span> <span class='ocrx_word' id='word_1_492' title='bbox 1176 1803 1210 1824; x_wconf 85' lang='lat' dir='ltr'><strong>ex</strong></span> <span class='ocrx_word' id='word_1_493' title='bbox 1223 1804 1279 1831; x_wconf 91' lang='lat' dir='ltr'><strong>quo</strong></span> <span class='ocrx_word' id='word_1_494' title='bbox 1293 1801 1434 1829; x_wconf 79' lang='lat' dir='ltr'><strong>evenerat,</strong></span> <span class='ocrx_word' id='word_1_495' title='bbox 1453 1801 1483 1823; x_wconf 90' lang='lat' dir='ltr'><strong>ut.</strong></span> <span class='ocrx_word' id='word_1_496' title='bbox 1500 1797 1558 1830; x_wconf 82' lang='lat' dir='ltr'><strong>ipse</strong></span> <span class='ocrx_word' id='word_1_497' title='bbox 1572 1796 1719 1823; x_wconf 74' lang='lat' dir='ltr'><strong>contrariae</strong></span> <span class='ocrx_word' id='word_1_498' title='bbox 1733 1795 1820 1822; x_wconf 80' lang='lat' dir='ltr'><strong>disci-</strong></span> 
     </span>
    </p>
   </div>
   <div class='ocr_carea' id='block_1_37' title="bbox 190 1838 1821 1876">
    <p class='ocr_par' dir='ltr' id='par_1_37' title="bbox 190 1838 1821 1876">
     <span class='ocr_line' id='line_1_37' title="bbox 190 1838 1821 1876; baseline -0.001 -10"><span class='ocrx_word' id='word_1_499' title='bbox 190 1841 274 1876; x_wconf 72' lang='lat' dir='ltr'><strong>plina:</strong></span> <span class='ocrx_word' id='word_1_500' title='bbox 289 1839 432 1873; x_wconf 71' lang='lat' dir='ltr'><strong>defensor,</strong></span> <span class='ocrx_word' id='word_1_501' title='bbox 453 1840 518 1868; x_wconf 85' lang='lat' dir='ltr'><strong>sede</strong></span> <span class='ocrx_word' id='word_1_502' title='bbox 534 1840 641 1874; x_wconf 79' lang='lat' dir='ltr'><strong>pulsus,</strong></span> <span class='ocrx_word' id='word_1_503' title='bbox 657 1839 807 1867; x_wconf 77' lang='lat' dir='ltr'><strong>substituto</strong></span> <span class='ocrx_word' id='word_1_504' title='bbox 824 1839 981 1875; x_wconf 72' lang='lat' dir='ltr'><strong>Entbymio,</strong></span> <span class='ocrx_word' id='word_1_505' title='bbox 999 1839 1110 1868; x_wconf 81' lang='lat' dir='ltr'><strong>fuisset.</strong></span> <span class='ocrx_word' id='word_1_506' title='bbox 1129 1839 1212 1867; x_wconf 79' lang='lat' dir='ltr'><strong>Multa</strong></span> <span class='ocrx_word' id='word_1_507' title='bbox 1229 1847 1278 1875; x_wconf 92' lang='lat' dir='ltr'><strong>pro</strong></span> <span class='ocrx_word' id='word_1_508' title='bbox 1296 1847 1346 1867; x_wconf 83' lang='lat' dir='ltr'><strong>sua</strong></span> <span class='ocrx_word' id='word_1_509' title='bbox 1364 1840 1500 1868; x_wconf 79' lang='lat' dir='ltr'><strong>sententia</strong></span> <span class='ocrx_word' id='word_1_510' title='bbox 1514 1839 1581 1867; x_wconf 90' lang='lat' dir='ltr'><strong>dicit</strong></span> <span class='ocrx_word' id='word_1_511' title='bbox 1599 1838 1739 1871; x_wconf 75' lang='lat' dir='ltr'><strong>Nicotaus,</strong></span> <span class='ocrx_word' id='word_1_512' title='bbox 1755 1839 1821 1866; x_wconf 91' lang='lat' dir='ltr'><strong>niti-</strong></span> 
     </span>
    </p>
   </div>
   <div class='ocr_carea' id='block_1_38' title="bbox 189 1882 1822 1919">
    <p class='ocr_par' dir='ltr' id='par_1_38' title="bbox 189 1882 1822 1919">
     <span class='ocr_line' id='line_1_38' title="bbox 189 1882 1822 1919; baseline -0.001 -8"><span class='ocrx_word' id='word_1_513' title='bbox 189 1890 290 1919; x_wconf 75' lang='lat' dir='ltr'><strong>turque</strong></span> <span class='ocrx_word' id='word_1_514' title='bbox 305 1883 470 1917; x_wconf 67' lang='lat' dir='ltr'><strong>nominatim</strong></span> <span class='ocrx_word' id='word_1_515' title='bbox 487 1884 640 1913; x_wconf 82' lang='lat' dir='ltr'><strong>eanonibus</strong></span> <span class='ocrx_word' id='word_1_516' title='bbox 663 1884 745 1918; x_wconf 81' lang='lat' dir='ltr'><strong>vulgo</strong></span> <span class='ocrx_word' id='word_1_517' title='bbox 768 1884 928 1918; x_wconf 81' lang='lat' dir='ltr'><strong>apostolicis</strong></span> <span class='ocrx_word' id='word_1_518' title='bbox 951 1889 979 1912; x_wconf 88' lang='lat' dir='ltr'><strong>et</strong></span> <span class='ocrx_word' id='word_1_519' title='bbox 1005 1883 1156 1913; x_wconf 83' lang='lat' dir='ltr'><strong>Cletnentis</strong></span> <span class='ocrx_word' id='word_1_520' title='bbox 1171 1884 1341 1916; x_wconf 84' lang='lat' dir='ltr'><strong>constitutis,</strong></span> <span class='ocrx_word' id='word_1_521' title='bbox 1363 1892 1425 1919; x_wconf 69' lang='lat' dir='ltr'><strong>qua</strong></span> <span class='ocrx_word' id='word_1_522' title='bbox 1449 1884 1561 1918; x_wconf 85' lang='lat' dir='ltr'><strong>scripta,</strong></span> <span class='ocrx_word' id='word_1_523' title='bbox 1580 1888 1610 1911; x_wconf 91' lang='lat' dir='ltr'><strong>nt</strong></span> <span class='ocrx_word' id='word_1_524' title='bbox 1633 1883 1690 1918; x_wconf 85' lang='lat' dir='ltr'><strong>jam</strong></span> <span class='ocrx_word' id='word_1_525' title='bbox 1716 1882 1822 1910; x_wconf 85' lang='lat' dir='ltr'><strong>notavit</strong></span> 
     </span>
    </p>
   </div>
   <div class='ocr_carea' id='block_1_39' title="bbox 188 1927 1821 1964">
    <p class='ocr_par' dir='ltr' id='par_1_39' title="bbox 188 1927 1821 1964">
     <span class='ocr_line' id='line_1_39' title="bbox 188 1927 1821 1964; baseline -0.001 -9"><span class='ocrx_word' id='word_1_526' title='bbox 188 1928 337 1961; x_wconf 69' lang='lat' dir='ltr'><strong>Duronius,</strong></span> <span class='ocrx_word' id='word_1_527' title='bbox 357 1927 512 1963; x_wconf 69' lang='lat' dir='ltr'><strong>apocrypba</strong></span> <span class='ocrx_word' id='word_1_528' title='bbox 538 1935 600 1955; x_wconf 85' lang='lat' dir='ltr'><strong>esse</strong></span> <span class='ocrx_word' id='word_1_529' title='bbox 621 1927 724 1955; x_wconf 80' lang='lat' dir='ltr'><strong>scimus</strong></span> <span class='ocrx_word' id='word_1_530' title='bbox 742 1936 749 1954; x_wconf 89' lang='lat'><strong>:</strong></span> <span class='ocrx_word' id='word_1_531' title='bbox 768 1927 857 1955; x_wconf 55' lang='lat' dir='ltr'><strong>Graeci</strong></span> <span class='ocrx_word' id='word_1_532' title='bbox 879 1932 971 1956; x_wconf 82' lang='lat' dir='ltr'><strong>autem</strong></span> <span class='ocrx_word' id='word_1_533' title='bbox 989 1927 1145 1964; x_wconf 82' lang='lat' dir='ltr'><strong>opinionem</strong></span> <span class='ocrx_word' id='word_1_534' title='bbox 1168 1927 1242 1956; x_wconf 87' lang='lat' dir='ltr'><strong>illam</strong></span> <span class='ocrx_word' id='word_1_535' title='bbox 1259 1928 1349 1956; x_wconf 83' lang='lat' dir='ltr'><strong>serius</strong></span> <span class='ocrx_word' id='word_1_536' title='bbox 1367 1932 1522 1961; x_wconf 78' lang='lat' dir='ltr'><strong>exuerunt;</strong></span> <span class='ocrx_word' id='word_1_537' title='bbox 1538 1935 1600 1956; x_wconf 83' lang='lat' dir='ltr'><strong>nam</strong></span> <span class='ocrx_word' id='word_1_538' title='bbox 1615 1931 1644 1955; x_wconf 81' lang='lat' dir='ltr'><strong>et</strong></span> <span class='ocrx_word' id='word_1_539' title='bbox 1656 1927 1770 1955; x_wconf 83' lang='lat' dir='ltr'><strong>Pbotios</strong></span> <span class='ocrx_word' id='word_1_540' title='bbox 1792 1927 1821 1954; x_wconf 85' lang='lat' dir='ltr'><strong>in</strong></span> 
     </span>
    </p>
   </div>
   <div class='ocr_carea' id='block_1_40' title="bbox 185 1973 1820 2010">
    <p class='ocr_par' dir='ltr' id='par_1_40' title="bbox 185 1973 1820 2010">
     <span class='ocr_line' id='line_1_40' title="bbox 185 1973 1820 2010; baseline -0.001 -8"><span class='ocrx_word' id='word_1_541' title='bbox 185 1974 426 2010; x_wconf 77' lang='lat' dir='ltr'><strong>Amphilochiauis</strong></span> <span class='ocrx_word' id='word_1_542' title='bbox 451 1973 653 2009; x_wconf 70' lang='lat' dir='ltr'><strong>quaesticulbus</strong></span> <span class='ocrx_word' id='word_1_543' title='bbox 674 1974 798 2005; x_wconf 81' lang='lat' dir='ltr'><strong>nondum</strong></span> <span class='ocrx_word' id='word_1_544' title='bbox 813 1975 847 2002; x_wconf 88' lang='lat' dir='ltr'><strong>de</strong></span> <span class='ocrx_word' id='word_1_545' title='bbox 861 1975 915 2003; x_wconf 86' lang='lat' dir='ltr'><strong>illis</strong></span> <span class='ocrx_word' id='word_1_546' title='bbox 930 1975 1046 2003; x_wconf 86' lang='lat' dir='ltr'><strong>dubitat.</strong></span> <span class='ocrx_word' id='word_1_547' title='bbox 1073 1975 1189 2004; x_wconf 84' lang='lat' dir='ltr'><strong>Curiosa</strong></span> <span class='ocrx_word' id='word_1_548' title='bbox 1211 1974 1270 2002; x_wconf 71' lang='lat' dir='ltr'><strong>haec</strong></span> <span class='ocrx_word' id='word_1_549' title='bbox 1285 1979 1328 2002; x_wconf 87' lang='lat' dir='ltr'><strong>est</strong></span> <span class='ocrx_word' id='word_1_550' title='bbox 1342 1975 1510 2009; x_wconf 76' lang='lat' dir='ltr'><strong>insignisque</strong></span> <span class='ocrx_word' id='word_1_551' title='bbox 1522 1974 1635 2009; x_wconf 81' lang='lat' dir='ltr'><strong>epistola</strong></span> <span class='ocrx_word' id='word_1_552' title='bbox 1654 1980 1711 2000; x_wconf 91' lang='lat' dir='ltr'><strong>tum</strong></span> <span class='ocrx_word' id='word_1_553' title='bbox 1727 1973 1762 2000; x_wconf 88' lang='lat' dir='ltr'><strong>ob</strong></span> <span class='ocrx_word' id='word_1_554' title='bbox 1779 1974 1820 2000; x_wconf 84' lang='lat' dir='ltr'><strong>rei</strong></span> 
     </span>
    </p>
   </div>
   <div class='ocr_carea' id='block_1_41' title="bbox 187 2018 1820 2056">
    <p class='ocr_par' dir='ltr' id='par_1_41' title="bbox 187 2018 1820 2056">
     <span class='ocr_line' id='line_1_41' title="bbox 187 2018 1820 2056; baseline -0.002 -10"><span class='ocrx_word' id='word_1_555' title='bbox 187 2019 360 2054; x_wconf 75' lang='lat' dir='ltr'><strong>perspicuam</strong></span> <span class='ocrx_word' id='word_1_556' title='bbox 385 2019 587 2051; x_wconf 83' lang='lat' dir='ltr'><strong>narrationem,</strong></span> <span class='ocrx_word' id='word_1_557' title='bbox 609 2023 667 2046; x_wconf 89' lang='lat' dir='ltr'><strong>tum</strong></span> <span class='ocrx_word' id='word_1_558' title='bbox 682 2018 766 2046; x_wconf 82' lang='lat' dir='ltr'><strong>etiam</strong></span> <span class='ocrx_word' id='word_1_559' title='bbox 782 2018 817 2046; x_wconf 90' lang='lat' dir='ltr'><strong>ob</strong></span> <span class='ocrx_word' id='word_1_560' title='bbox 832 2019 1028 2048; x_wconf 68' lang='lat' dir='ltr'><strong>ecclesiastica:</strong></span> <span class='ocrx_word' id='word_1_561' title='bbox 1046 2020 1199 2056; x_wconf 71' lang='lat' dir='ltr'><strong>disciplinae</strong></span> <span class='ocrx_word' id='word_1_562' title='bbox 1215 2019 1351 2048; x_wconf 88' lang='lat' dir='ltr'><strong>notitiam.</strong></span> <span class='ocrx_word' id='word_1_563' title='bbox 1367 2018 1490 2054; x_wconf 80' lang='lat' dir='ltr'><strong>Namque</strong></span> <span class='ocrx_word' id='word_1_564' title='bbox 1505 2019 1632 2046; x_wconf 83' lang='lat' dir='ltr'><strong>universa</strong></span> <span class='ocrx_word' id='word_1_565' title='bbox 1650 2018 1707 2046; x_wconf 88' lang='lat' dir='ltr'><strong>fere</strong></span> <span class='ocrx_word' id='word_1_566' title='bbox 1722 2018 1820 2046; x_wconf 58' lang='lat' dir='ltr'><strong>ode“!</strong></span> 
     </span>
    </p>
   </div>
   <div class='ocr_carea' id='block_1_42' title="bbox 186 2061 1820 2099">
    <p class='ocr_par' dir='ltr' id='par_1_42' title="bbox 186 2061 1820 2099">
     <span class='ocr_line' id='line_1_42' title="bbox 186 2061 1820 2099; baseline 0 -10"><span class='ocrx_word' id='word_1_567' title='bbox 186 2063 250 2090; x_wconf 79' lang='lat' dir='ltr'><strong>talis</strong></span> <span class='ocrx_word' id='word_1_568' title='bbox 266 2062 393 2091; x_wconf 83' lang='lat' dir='ltr'><strong>Ecclesia</strong></span> <span class='ocrx_word' id='word_1_569' title='bbox 408 2063 516 2097; x_wconf 80' lang='lat' dir='ltr'><strong>quartis</strong></span> <span class='ocrx_word' id='word_1_570' title='bbox 534 2062 639 2097; x_wconf 85' lang='lat' dir='ltr'><strong>nuptiis</strong></span> <span class='ocrx_word' id='word_1_571' title='bbox 655 2061 805 2090; x_wconf 86' lang='lat' dir='ltr'><strong>interdicit.</strong></span> <span class='ocrx_word' id='word_1_572' title='bbox 824 2061 894 2090; x_wconf 83' lang='lat' dir='ltr'><strong>Ecce</strong></span> <span class='ocrx_word' id='word_1_573' title='bbox 907 2064 980 2091; x_wconf 91' lang='lat' dir='ltr'><strong>cnim</strong></span> <span class='ocrx_word' id='word_1_574' title='bbox 994 2064 1187 2092; x_wconf 81' lang='lat' dir='ltr'><strong>Armeniorum</strong></span> <span class='ocrx_word' id='word_1_575' title='bbox 1204 2072 1314 2099; x_wconf 76' lang='lat' dir='ltr'><strong>quoque</strong></span> <span class='ocrx_word' id='word_1_576' title='bbox 1325 2063 1482 2099; x_wconf 85' lang='lat' dir='ltr'><strong>patriarcha</strong></span> <span class='ocrx_word' id='word_1_577' title='bbox 1498 2063 1576 2095; x_wconf 89' lang='lat' dir='ltr'><strong>Sion.</strong></span> <span class='ocrx_word' id='word_1_578' title='bbox 1592 2064 1691 2090; x_wconf 84' lang='lat' dir='ltr'><strong>nedum</strong></span> <span class='ocrx_word' id='word_1_579' title='bbox 1706 2066 1820 2097; x_wconf 84' lang='lat' dir='ltr'><strong>quartas</strong></span> 
     </span>
    </p>
   </div>
   <div class='ocr_carea' id='block_1_43' title="bbox 185 2106 1822 2144">
    <p class='ocr_par' dir='ltr' id='par_1_43' title="bbox 185 2106 1822 2144">
     <span class='ocr_line' id='line_1_43' title="bbox 185 2106 1822 2144; baseline 0.001 -10"><span class='ocrx_word' id='word_1_580' title='bbox 185 2106 233 2134; x_wconf 85' lang='lat' dir='ltr'><strong>sed</strong></span> <span class='ocrx_word' id='word_1_581' title='bbox 251 2107 349 2135; x_wconf 81' lang='lat' dir='ltr'><strong>tertias</strong></span> <span class='ocrx_word' id='word_1_582' title='bbox 364 2106 448 2134; x_wconf 82' lang='lat' dir='ltr'><strong>etiam</strong></span> <span class='ocrx_word' id='word_1_583' title='bbox 462 2111 536 2135; x_wconf 86' lang='lat' dir='ltr'><strong>vetat</strong></span> <span class='ocrx_word' id='word_1_584' title='bbox 547 2106 661 2142; x_wconf 82' lang='lat' dir='ltr'><strong>nuptias</strong></span> <span class='ocrx_word' id='word_1_585' title='bbox 672 2114 779 2135; x_wconf 81' lang='lat' dir='ltr'><strong>canone</strong></span> <span class='ocrx_word' id='word_1_586' title='bbox 793 2115 850 2140; x_wconf 73' lang='lat' dir='ltr'><strong>aut,</strong></span> <span class='ocrx_word' id='word_1_587' title='bbox 869 2108 941 2143; x_wconf 84' lang='lat' dir='ltr'><strong>apud</strong></span> <span class='ocrx_word' id='word_1_588' title='bbox 955 2116 1005 2137; x_wconf 86' lang='lat' dir='ltr'><strong>nos</strong></span> <span class='ocrx_word' id='word_1_589' title='bbox 1021 2109 1121 2144; x_wconf 73' lang='lat' dir='ltr'><strong>Srript.</strong></span> <span class='ocrx_word' id='word_1_590' title='bbox 1139 2114 1190 2137; x_wconf 76' lang='lat' dir='ltr'><strong>ret.</strong></span> <span class='ocrx_word' id='word_1_591' title='bbox 1207 2114 1228 2136; x_wconf 91' lang='lat' dir='ltr'><strong>t.</strong></span> <span class='ocrx_word' id='word_1_592' title='bbox 1246 2108 1281 2141; x_wconf 72' lang='grc' dir='ltr'><strong>Χ.</strong></span> <span class='ocrx_word' id='word_1_593' title='bbox 1299 2113 1370 2143; x_wconf 88' lang='lat' dir='ltr'><strong>part.</strong></span> <span class='ocrx_word' id='word_1_594' title='bbox 1388 2116 1418 2140; x_wconf 88' lang='grc' dir='ltr'>ιι,</span> <span class='ocrx_word' id='word_1_595' title='bbox 1432 2115 1460 2144; x_wconf 82' lang='lat' dir='ltr'><strong>p.</strong></span> <span class='ocrx_word' id='word_1_596' title='bbox 1475 2108 1539 2136; x_wconf 78' lang='lat'><strong>508.</strong></span> <span class='ocrx_word' id='word_1_597' title='bbox 1557 2107 1589 2134; x_wconf 71' lang='lat' dir='ltr'><strong>l-Zt</strong></span> <span class='ocrx_word' id='word_1_598' title='bbox 1604 2107 1723 2135; x_wconf 81' lang='lat' dir='ltr'><strong>Severus</strong></span> <span class='ocrx_word' id='word_1_599' title='bbox 1734 2106 1822 2142; x_wconf 77' lang='lat' dir='ltr'><strong>Syrus</strong></span> 
     </span>
    </p>
   </div>
   <div class='ocr_carea' id='block_1_44' title="bbox 186 2150 1821 2189">
    <p class='ocr_par' dir='ltr' id='par_1_44' title="bbox 186 2150 1821 2189">
     <span class='ocr_line' id='line_1_44' title="bbox 186 2150 1821 2189; baseline 0.001 -13"><span class='ocrx_word' id='word_1_600' title='bbox 186 2150 344 2184; x_wconf 78' lang='lat' dir='ltr'><strong>patriarcha</strong></span> <span class='ocrx_word' id='word_1_601' title='bbox 363 2150 552 2179; x_wconf 80' lang='lat' dir='ltr'><strong>Antiocbentts</strong></span> <span class='ocrx_word' id='word_1_602' title='bbox 568 2150 664 2178; x_wconf 83' lang='lat' dir='ltr'><strong>tertias</strong></span> <span class='ocrx_word' id='word_1_603' title='bbox 679 2151 791 2186; x_wconf 76' lang='lat' dir='ltr'><strong>nuptias</strong></span> <span class='ocrx_word' id='word_1_604' title='bbox 806 2151 941 2186; x_wconf 82' lang='lat' dir='ltr'><strong>improbat</strong></span> <span class='ocrx_word' id='word_1_605' title='bbox 956 2152 984 2180; x_wconf 91' lang='lat' dir='ltr'><strong>in</strong></span> <span class='ocrx_word' id='word_1_606' title='bbox 999 2161 1125 2181; x_wconf 85' lang='lat' dir='ltr'><strong>sermone</strong></span> <span class='ocrx_word' id='word_1_607' title='bbox 1142 2153 1233 2189; x_wconf 88' lang='lat' dir='ltr'><strong>priore</strong></span> <span class='ocrx_word' id='word_1_608' title='bbox 1244 2153 1277 2180; x_wconf 85' lang='lat' dir='ltr'><strong>de</strong></span> <span class='ocrx_word' id='word_1_609' title='bbox 1290 2158 1385 2180; x_wconf 76' lang='lat' dir='ltr'><strong>sancta</strong></span> <span class='ocrx_word' id='word_1_610' title='bbox 1401 2152 1527 2184; x_wconf 65' lang='lat' dir='ltr'><strong>Drusilla,</strong></span> <span class='ocrx_word' id='word_1_611' title='bbox 1545 2152 1609 2179; x_wconf 84' lang='lat' dir='ltr'><strong>item</strong></span> <span class='ocrx_word' id='word_1_612' title='bbox 1623 2151 1694 2186; x_wconf 84' lang='lat' dir='ltr'><strong>apud</strong></span> <span class='ocrx_word' id='word_1_613' title='bbox 1710 2159 1761 2179; x_wconf 88' lang='lat' dir='ltr'><strong>nos</strong></span> <span class='ocrx_word' id='word_1_614' title='bbox 1773 2158 1821 2186; x_wconf 60' lang='lat' dir='ltr'><strong>cp.</strong></span> 
     </span>
    </p>
   </div>
   <div class='ocr_carea' id='block_1_45' title="bbox 186 2192 1822 2231">
    <p class='ocr_par' dir='ltr' id='par_1_45' title="bbox 186 2192 1822 2231">
     <span class='ocr_line' id='line_1_45' title="bbox 186 2192 1822 2231; baseline 0 -11"><span class='ocrx_word' id='word_1_615' title='bbox 186 2195 234 2230; x_wconf 71' lang='lat' dir='ltr'><strong>cit.</strong></span> <span class='ocrx_word' id='word_1_616' title='bbox 250 2197 271 2220; x_wconf 85' lang='lat' dir='ltr'><strong>t.</strong></span> <span class='ocrx_word' id='word_1_617' title='bbox 292 2192 326 2226; x_wconf 76' lang='grc' dir='ltr'><strong>Χ,</strong></span> <span class='ocrx_word' id='word_1_618' title='bbox 343 2201 370 2228; x_wconf 89' lang='lat' dir='ltr'><strong>p.</strong></span> <span class='ocrx_word' id='word_1_619' title='bbox 387 2193 450 2221; x_wconf 76' lang='lat'><strong>753.</strong></span> <span class='ocrx_word' id='word_1_620' title='bbox 471 2193 594 2229; x_wconf 83' lang='lat' dir='ltr'><strong>Denique</strong></span> <span class='ocrx_word' id='word_1_621' title='bbox 618 2194 850 2230; x_wconf 75' lang='lat' dir='ltr'><strong>Abulpbaragius,</strong></span> <span class='ocrx_word' id='word_1_622' title='bbox 868 2195 1027 2224; x_wconf 67' lang='lat' dir='ltr'><strong>lacobiticat</strong></span> <span class='ocrx_word' id='word_1_623' title='bbox 1041 2197 1170 2224; x_wconf 78' lang='lat' dir='ltr'><strong>Ecclesia:</strong></span> <span class='ocrx_word' id='word_1_624' title='bbox 1186 2196 1367 2231; x_wconf 86' lang='lat' dir='ltr'><strong>maphrianus</strong></span> <span class='ocrx_word' id='word_1_625' title='bbox 1382 2203 1433 2224; x_wconf 83' lang='lat' dir='ltr'><strong>seu</strong></span> <span class='ocrx_word' id='word_1_626' title='bbox 1451 2195 1566 2230; x_wconf 84' lang='lat' dir='ltr'><strong>primas,</strong></span> <span class='ocrx_word' id='word_1_627' title='bbox 1584 2195 1610 2221; x_wconf 90' lang='lat' dir='ltr'><strong>in</strong></span> <span class='ocrx_word' id='word_1_628' title='bbox 1627 2193 1822 2222; x_wconf 60' lang='lat' dir='ltr'><strong>Not-locanone</strong></span> 
     </span>
    </p>
   </div>
   <div class='ocr_carea' id='block_1_46' title="bbox 187 2236 1822 2273">
    <p class='ocr_par' dir='ltr' id='par_1_46' title="bbox 187 2236 1822 2273">
     <span class='ocr_line' id='line_1_46' title="bbox 187 2236 1822 2273; baseline 0.001 -9"><span class='ocrx_word' id='word_1_629' title='bbox 187 2245 203 2273; x_wconf 62' lang='grc' dir='ltr'><strong><em>ῃ</em></strong></span> <span class='ocrx_word' id='word_1_630' title='bbox 220 2237 300 2267; x_wconf 77' lang='lat' dir='ltr'><strong>nobis</strong></span> <span class='ocrx_word' id='word_1_631' title='bbox 322 2238 397 2264; x_wconf 89' lang='lat' dir='ltr'><strong>edito</strong></span> <span class='ocrx_word' id='word_1_632' title='bbox 422 2236 522 2272; x_wconf 71' lang='grc' dir='ltr'><strong>διῆρε.</strong></span> <span class='ocrx_word' id='word_1_633' title='bbox 537 2242 588 2266; x_wconf 62' lang='lat' dir='ltr'><strong>vel.</strong></span> <span class='ocrx_word' id='word_1_634' title='bbox 605 2243 626 2265; x_wconf 92' lang='lat' dir='ltr'><strong>t.</strong></span> <span class='ocrx_word' id='word_1_635' title='bbox 642 2237 678 2270; x_wconf 76' lang='grc' dir='ltr'><strong>Χ,</strong></span> <span class='ocrx_word' id='word_1_636' title='bbox 696 2243 766 2273; x_wconf 86' lang='lat' dir='ltr'><strong>part.</strong></span> <span class='ocrx_word' id='word_1_637' title='bbox 783 2246 813 2270; x_wconf 81' lang='grc' dir='ltr'>ιι,</span> <span class='ocrx_word' id='word_1_638' title='bbox 835 2246 862 2273; x_wconf 91' lang='lat' dir='ltr'><strong>p.</strong></span> <span class='ocrx_word' id='word_1_639' title='bbox 877 2239 924 2271; x_wconf 71' lang='grc'><strong>64.</strong></span> <span class='ocrx_word' id='word_1_640' title='bbox 946 2239 1105 2268; x_wconf 63' lang='lat' dir='ltr'><strong>Graecorum</strong></span> <span class='ocrx_word' id='word_1_641' title='bbox 1129 2248 1225 2268; x_wconf 77' lang='lat' dir='ltr'><strong>severa</strong></span> <span class='ocrx_word' id='word_1_642' title='bbox 1251 2244 1355 2268; x_wconf 84' lang='lat' dir='ltr'><strong>statuta</strong></span> <span class='ocrx_word' id='word_1_643' title='bbox 1377 2239 1411 2267; x_wconf 88' lang='lat' dir='ltr'><strong>de</strong></span> <span class='ocrx_word' id='word_1_644' title='bbox 1438 2239 1527 2266; x_wconf 86' lang='lat' dir='ltr'><strong>tertiis</strong></span> <span class='ocrx_word' id='word_1_645' title='bbox 1543 2239 1703 2272; x_wconf 81' lang='lat' dir='ltr'><strong>quartisque</strong></span> <span class='ocrx_word' id='word_1_646' title='bbox 1718 2237 1822 2272; x_wconf 80' lang='lat' dir='ltr'><strong>nuptiis</strong></span> 
     </span>
    </p>
   </div>
   <div class='ocr_carea' id='block_1_47' title="bbox 186 2279 1822 2319">
    <p class='ocr_par' dir='ltr' id='par_1_47' title="bbox 186 2279 1822 2319">
     <span class='ocr_line' id='line_1_47' title="bbox 186 2279 1822 2319; baseline -0.001 -9"><span class='ocrx_word' id='word_1_647' title='bbox 186 2281 299 2310; x_wconf 84' lang='lat' dir='ltr'><strong>retinet.</strong></span> <span class='ocrx_word' id='word_1_648' title='bbox 320 2281 355 2308; x_wconf 83' lang='lat' dir='ltr'><strong>Et</strong></span> <span class='ocrx_word' id='word_1_649' title='bbox 374 2279 504 2309; x_wconf 83' lang='lat' dir='ltr'><strong>Nicolaus</strong></span> <span class='ocrx_word' id='word_1_650' title='bbox 513 2281 624 2316; x_wconf 85' lang='lat' dir='ltr'><strong>quidem</strong></span> <span class='ocrx_word' id='word_1_651' title='bbox 643 2282 733 2316; x_wconf 85' lang='lat' dir='ltr'><strong>primo</strong></span> <span class='ocrx_word' id='word_1_652' title='bbox 748 2283 942 2316; x_wconf 85' lang='lat' dir='ltr'><strong>contendebat,</strong></span> <span class='ocrx_word' id='word_1_653' title='bbox 966 2291 1000 2312; x_wconf 87' lang='lat' dir='ltr'><strong>ne</strong></span> <span class='ocrx_word' id='word_1_654' title='bbox 1027 2291 1074 2319; x_wconf 90' lang='lat' dir='ltr'><strong>per</strong></span> <span class='ocrx_word' id='word_1_655' title='bbox 1099 2283 1296 2318; x_wconf 71' lang='lat' dir='ltr'><strong>indulgentiam</strong></span> <span class='ocrx_word' id='word_1_656' title='bbox 1314 2284 1426 2318; x_wconf 85' lang='lat' dir='ltr'><strong>quidem</strong></span> <span class='ocrx_word' id='word_1_657' title='bbox 1449 2282 1608 2317; x_wconf 83' lang='lat' dir='ltr'><strong>imperatori</strong></span> <span class='ocrx_word' id='word_1_658' title='bbox 1631 2282 1822 2311; x_wconf 81' lang='lat' dir='ltr'><strong>concedendas</strong></span> 
     </span>
    </p>
   </div>
   <div class='ocr_carea' id='block_1_48' title="bbox 186 2325 1818 2363">
    <p class='ocr_par' dir='ltr' id='par_1_48' title="bbox 186 2325 1818 2363">
     <span class='ocr_line' id='line_1_48' title="bbox 186 2325 1818 2363; baseline -0.001 -9"><span class='ocrx_word' id='word_1_659' title='bbox 186 2326 273 2354; x_wconf 77' lang='lat' dir='ltr'><strong>fuisse</strong></span> <span class='ocrx_word' id='word_1_660' title='bbox 282 2330 398 2361; x_wconf 84' lang='lat' dir='ltr'><strong>quartas</strong></span> <span class='ocrx_word' id='word_1_661' title='bbox 413 2327 524 2360; x_wconf 80' lang='lat' dir='ltr'><strong>nuptias</strong></span> <span class='ocrx_word' id='word_1_662' title='bbox 540 2334 547 2352; x_wconf 89' lang='lat'><strong>:</strong></span> <span class='ocrx_word' id='word_1_663' title='bbox 566 2325 664 2354; x_wconf 83' lang='lat' dir='ltr'><strong>deinde</strong></span> <span class='ocrx_word' id='word_1_664' title='bbox 677 2334 742 2354; x_wconf 91' lang='lat' dir='ltr'><strong>vero</strong></span> <span class='ocrx_word' id='word_1_665' title='bbox 758 2328 785 2354; x_wconf 90' lang='lat' dir='ltr'><strong>in</strong></span> <span class='ocrx_word' id='word_1_666' title='bbox 801 2327 862 2354; x_wconf 87' lang='lat' dir='ltr'><strong>aliis</strong></span> <span class='ocrx_word' id='word_1_667' title='bbox 877 2328 911 2354; x_wconf 86' lang='lat' dir='ltr'><strong>ad</strong></span> <span class='ocrx_word' id='word_1_668' title='bbox 935 2335 1032 2363; x_wconf 84' lang='lat' dir='ltr'><strong>papam</strong></span> <span class='ocrx_word' id='word_1_669' title='bbox 1054 2327 1224 2362; x_wconf 83' lang='lat' dir='ltr'><strong>Latinosque</strong></span> <span class='ocrx_word' id='word_1_670' title='bbox 1245 2327 1354 2360; x_wconf 83' lang='lat' dir='ltr'><strong>litteris.</strong></span> <span class='ocrx_word' id='word_1_671' title='bbox 1371 2335 1404 2355; x_wconf 88' lang='lat' dir='ltr'><strong>eo</strong></span> <span class='ocrx_word' id='word_1_672' title='bbox 1421 2327 1532 2361; x_wconf 81' lang='lat' dir='ltr'><strong>demum</strong></span> <span class='ocrx_word' id='word_1_673' title='bbox 1549 2326 1668 2359; x_wconf 79' lang='lat' dir='ltr'><strong>devenit,</strong></span> <span class='ocrx_word' id='word_1_674' title='bbox 1688 2330 1716 2352; x_wconf 94' lang='lat' dir='ltr'><strong>ut</strong></span> <span class='ocrx_word' id='word_1_675' title='bbox 1733 2325 1818 2353; x_wconf 85' lang='lat' dir='ltr'><strong>Leoni</strong></span> 
     </span>
    </p>
   </div>
   <div class='ocr_carea' id='block_1_49' title="bbox 186 2369 1821 2406">
    <p class='ocr_par' dir='ltr' id='par_1_49' title="bbox 186 2369 1821 2406">
     <span class='ocr_line' id='line_1_49' title="bbox 186 2369 1821 2406; baseline 0.001 -9"><span class='ocrx_word' id='word_1_676' title='bbox 186 2370 342 2406; x_wconf 84' lang='lat' dir='ltr'><strong>peculiares</strong></span> <span class='ocrx_word' id='word_1_677' title='bbox 358 2369 394 2406; x_wconf 86' lang='lat' dir='ltr'><strong>ob</strong></span> <span class='ocrx_word' id='word_1_678' title='bbox 408 2376 508 2402; x_wconf 85' lang='lat' dir='ltr'><strong>causas</strong></span> <span class='ocrx_word' id='word_1_679' title='bbox 523 2369 718 2404; x_wconf 74' lang='lat' dir='ltr'><strong>indulgendum</strong></span> <span class='ocrx_word' id='word_1_680' title='bbox 735 2370 822 2398; x_wconf 84' lang='lat' dir='ltr'><strong>fuisse</strong></span> <span class='ocrx_word' id='word_1_681' title='bbox 838 2370 922 2403; x_wconf 83' lang='lat' dir='ltr'><strong>dicat,</strong></span> <span class='ocrx_word' id='word_1_682' title='bbox 940 2372 1047 2400; x_wconf 64' lang='lat' dir='ltr'><strong>cancris</strong></span> <span class='ocrx_word' id='word_1_683' title='bbox 1065 2379 1217 2406; x_wconf 87' lang='lat' dir='ltr'><strong>nunquam.</strong></span> <span class='ocrx_word' id='word_1_684' title='bbox 1234 2372 1378 2400; x_wconf 83' lang='lat' dir='ltr'><strong>Postremo</strong></span> <span class='ocrx_word' id='word_1_685' title='bbox 1398 2371 1457 2399; x_wconf 76' lang='lat' dir='ltr'><strong>haec</strong></span> <span class='ocrx_word' id='word_1_686' title='bbox 1472 2371 1660 2400; x_wconf 80' lang='lat' dir='ltr'><strong>controversia</strong></span> <span class='ocrx_word' id='word_1_687' title='bbox 1676 2370 1703 2397; x_wconf 94' lang='lat' dir='ltr'><strong>in</strong></span> <span class='ocrx_word' id='word_1_688' title='bbox 1725 2370 1821 2399; x_wconf 65' lang='lat' dir='ltr'><strong>Graeca</strong></span> 
     </span>
    </p>
   </div>
   <div class='ocr_carea' id='block_1_50' title="bbox 185 2412 1822 2451">
    <p class='ocr_par' dir='ltr' id='par_1_50' title="bbox 185 2412 1822 2451">
     <span class='ocr_line' id='line_1_50' title="bbox 185 2412 1822 2451; baseline -0.001 -9"><span class='ocrx_word' id='word_1_689' title='bbox 185 2414 307 2442; x_wconf 82' lang='lat' dir='ltr'><strong>Ecclesia</strong></span> <span class='ocrx_word' id='word_1_690' title='bbox 320 2414 374 2443; x_wconf 82' lang='lat' dir='ltr'><strong>sub</strong></span> <span class='ocrx_word' id='word_1_691' title='bbox 389 2412 566 2445; x_wconf 61' lang='lat' dir='ltr'><strong>Leonislilio</strong></span> <span class='ocrx_word' id='word_1_692' title='bbox 580 2412 761 2441; x_wconf 82' lang='lat' dir='ltr'><strong>Constantino</strong></span> <span class='ocrx_word' id='word_1_693' title='bbox 787 2414 864 2442; x_wconf 74' lang='lat' dir='ltr'><strong>(inita</strong></span> <span class='ocrx_word' id='word_1_694' title='bbox 888 2419 931 2442; x_wconf 85' lang='lat' dir='ltr'><strong>est</strong></span> <span class='ocrx_word' id='word_1_695' title='bbox 944 2415 971 2442; x_wconf 91' lang='lat' dir='ltr'><strong>in</strong></span> <span class='ocrx_word' id='word_1_696' title='bbox 985 2416 1091 2451; x_wconf 81' lang='lat' dir='ltr'><strong>synodo</strong></span> <span class='ocrx_word' id='word_1_697' title='bbox 1113 2416 1180 2451; x_wconf 76' lang='grc' dir='ltr'>περὶ</span> <span class='ocrx_word' id='word_1_698' title='bbox 1196 2415 1334 2449; x_wconf 75' lang='grc' dir='ltr'><strong>ἑνώσεως,</strong></span> <span class='ocrx_word' id='word_1_699' title='bbox 1352 2417 1384 2443; x_wconf 80' lang='lat' dir='ltr'><strong>de</strong></span> <span class='ocrx_word' id='word_1_700' title='bbox 1399 2417 1509 2449; x_wconf 73' lang='lat' dir='ltr'><strong>unione,</strong></span> <span class='ocrx_word' id='word_1_701' title='bbox 1524 2423 1586 2451; x_wconf 71' lang='lat' dir='ltr'><strong>qua:</strong></span> <span class='ocrx_word' id='word_1_702' title='bbox 1607 2419 1701 2443; x_wconf 84' lang='lat' dir='ltr'><strong>concta</strong></span> <span class='ocrx_word' id='word_1_703' title='bbox 1719 2414 1770 2442; x_wconf 90' lang='lat' dir='ltr'><strong>fuit</strong></span> <span class='ocrx_word' id='word_1_704' title='bbox 1784 2416 1822 2442; x_wconf 83' lang='lat' dir='ltr'><strong>ob</strong></span> 
     </span>
    </p>
   </div>
   <div class='ocr_carea' id='block_1_51' title="bbox 186 2457 1818 2495">
    <p class='ocr_par' dir='ltr' id='par_1_51' title="bbox 186 2457 1818 2495">
     <span class='ocr_line' id='line_1_51' title="bbox 186 2457 1818 2495; baseline -0.001 -9"><span class='ocrx_word' id='word_1_705' title='bbox 186 2458 390 2486; x_wconf 88' lang='lat' dir='ltr'><strong>conciliandum</strong></span> <span class='ocrx_word' id='word_1_706' title='bbox 406 2457 529 2491; x_wconf 69' lang='lat' dir='ltr'><strong>schisma</strong></span> <span class='ocrx_word' id='word_1_707' title='bbox 549 2457 622 2484; x_wconf 81' lang='lat' dir='ltr'><strong>inter</strong></span> <span class='ocrx_word' id='word_1_708' title='bbox 638 2458 709 2492; x_wconf 86' lang='lat' dir='ltr'><strong>ipsos</strong></span> <span class='ocrx_word' id='word_1_709' title='bbox 730 2457 852 2490; x_wconf 68' lang='lat' dir='ltr'><strong>Grecae,</strong></span> <span class='ocrx_word' id='word_1_710' title='bbox 869 2466 985 2494; x_wconf 88' lang='lat' dir='ltr'><strong>quorutn</strong></span> <span class='ocrx_word' id='word_1_711' title='bbox 1009 2467 1072 2495; x_wconf 86' lang='lat' dir='ltr'><strong>pars</strong></span> <span class='ocrx_word' id='word_1_712' title='bbox 1094 2459 1228 2488; x_wconf 58' lang='lat' dir='ltr'><strong>Romana</strong></span> <span class='ocrx_word' id='word_1_713' title='bbox 1246 2461 1399 2492; x_wconf 65' lang='lat' dir='ltr'><strong>sententiae.</strong></span> <span class='ocrx_word' id='word_1_714' title='bbox 1426 2467 1491 2494; x_wconf 86' lang='lat' dir='ltr'><strong>pars</strong></span> <span class='ocrx_word' id='word_1_715' title='bbox 1505 2459 1607 2488; x_wconf 65' lang='lat' dir='ltr'><strong>Graeca:</strong></span> <span class='ocrx_word' id='word_1_716' title='bbox 1623 2459 1739 2486; x_wconf 80' lang='lat' dir='ltr'><strong>favebat.</strong></span> <span class='ocrx_word' id='word_1_717' title='bbox 1772 2458 1818 2485; x_wconf 79' lang='lat' dir='ltr'><strong>Et-</strong></span> 
     </span>
    </p>
   </div>
   <div class='ocr_carea' id='block_1_52' title="bbox 185 2500 1819 2539">
    <p class='ocr_par' dir='ltr' id='par_1_52' title="bbox 185 2500 1819 2539">
     <span class='ocr_line' id='line_1_52' title="bbox 185 2500 1819 2539; baseline -0.001 -9"><span class='ocrx_word' id='word_1_718' title='bbox 185 2502 259 2530; x_wconf 89' lang='lat' dir='ltr'><strong>enim</strong></span> <span class='ocrx_word' id='word_1_719' title='bbox 275 2501 427 2534; x_wconf 81' lang='lat' dir='ltr'><strong>constituto</strong></span> <span class='ocrx_word' id='word_1_720' title='bbox 439 2500 558 2531; x_wconf 79' lang='lat' dir='ltr'><strong>solemni</strong></span> <span class='ocrx_word' id='word_1_721' title='bbox 569 2505 625 2535; x_wconf 83' lang='lat' dir='ltr'><strong>tam</strong></span> <span class='ocrx_word' id='word_1_722' title='bbox 636 2501 826 2529; x_wconf 81' lang='lat' dir='ltr'><strong>ecclesiastico</strong></span> <span class='ocrx_word' id='word_1_723' title='bbox 839 2510 923 2537; x_wconf 81' lang='lat' dir='ltr'><strong>quarti</strong></span> <span class='ocrx_word' id='word_1_724' title='bbox 938 2503 1013 2530; x_wconf 89' lang='lat' dir='ltr'><strong>civili</strong></span> <span class='ocrx_word' id='word_1_725' title='bbox 1031 2503 1249 2539; x_wconf 57' lang='lat' dir='ltr'><strong>quartanuptiaa</strong></span> <span class='ocrx_word' id='word_1_726' title='bbox 1269 2503 1359 2531; x_wconf 63' lang='lat' dir='ltr'><strong>vetita</strong></span> <span class='ocrx_word' id='word_1_727' title='bbox 1381 2503 1503 2535; x_wconf 78' lang='lat' dir='ltr'><strong>fuerunt,</strong></span> <span class='ocrx_word' id='word_1_728' title='bbox 1526 2503 1564 2530; x_wconf 89' lang='lat' dir='ltr'><strong>uti</strong></span> <span class='ocrx_word' id='word_1_729' title='bbox 1586 2502 1677 2529; x_wconf 83' lang='lat' dir='ltr'><strong>videre</strong></span> <span class='ocrx_word' id='word_1_730' title='bbox 1690 2506 1732 2530; x_wconf 83' lang='lat' dir='ltr'><strong>est</strong></span> <span class='ocrx_word' id='word_1_731' title='bbox 1746 2502 1819 2536; x_wconf 85' lang='lat' dir='ltr'><strong>apud</strong></span> 
     </span>
    </p>
   </div>
   <div class='ocr_carea' id='block_1_53' title="bbox 186 2544 1819 2582">
    <p class='ocr_par' dir='ltr' id='par_1_53' title="bbox 186 2544 1819 2582">
     <span class='ocr_line' id='line_1_53' title="bbox 186 2544 1819 2582; baseline -0.001 -9"><span class='ocrx_word' id='word_1_732' title='bbox 186 2545 381 2574; x_wconf 84' lang='lat' dir='ltr'><strong>Leunclavium</strong></span> <span class='ocrx_word' id='word_1_733' title='bbox 398 2546 425 2572; x_wconf 93' lang='lat' dir='ltr'><strong>in</strong></span> <span class='ocrx_word' id='word_1_734' title='bbox 442 2544 508 2573; x_wconf 84' lang='lat' dir='ltr'><strong>Jure</strong></span> <span class='ocrx_word' id='word_1_735' title='bbox 523 2545 569 2577; x_wconf 72' lang='grc' dir='ltr'><strong>ετ.</strong></span> <span class='ocrx_word' id='word_1_736' title='bbox 584 2545 662 2573; x_wconf 87' lang='lat' dir='ltr'><strong>Rom.</strong></span> <span class='ocrx_word' id='word_1_737' title='bbox 677 2545 729 2577; x_wconf 84' lang='lat' dir='ltr'><strong>t.|,</strong></span> <span class='ocrx_word' id='word_1_738' title='bbox 743 2553 771 2582; x_wconf 89' lang='lat' dir='ltr'><strong>p.</strong></span> <span class='ocrx_word' id='word_1_739' title='bbox 792 2546 854 2574; x_wconf 76' lang='grc'><strong>103.</strong></span> <span class='ocrx_word' id='word_1_740' title='bbox 872 2546 965 2574; x_wconf 79' lang='lat' dir='ltr'><strong>Nihilo</strong></span> <span class='ocrx_word' id='word_1_741' title='bbox 990 2552 1082 2575; x_wconf 87' lang='lat' dir='ltr'><strong>tamen</strong></span> <span class='ocrx_word' id='word_1_742' title='bbox 1106 2546 1198 2574; x_wconf 86' lang='lat' dir='ltr'><strong>minus</strong></span> <span class='ocrx_word' id='word_1_743' title='bbox 1221 2546 1344 2574; x_wconf 78' lang='lat' dir='ltr'><strong>Romana</strong></span> <span class='ocrx_word' id='word_1_744' title='bbox 1367 2546 1487 2574; x_wconf 80' lang='lat' dir='ltr'><strong>Ecclesia</strong></span> <span class='ocrx_word' id='word_1_745' title='bbox 1507 2546 1585 2574; x_wconf 82' lang='lat' dir='ltr'><strong>Pauli</strong></span> <span class='ocrx_word' id='word_1_746' title='bbox 1605 2546 1720 2581; x_wconf 83' lang='lat' dir='ltr'><strong>apostoli</strong></span> <span class='ocrx_word' id='word_1_747' title='bbox 1744 2545 1819 2572; x_wconf 87' lang='lat' dir='ltr'><strong>dicto</strong></span> 
     </span>
    </p>
   </div>
   <div class='ocr_carea' id='block_1_54' title="bbox 186 2588 1818 2627">
    <p class='ocr_par' dir='ltr' id='par_1_54' title="bbox 186 2588 1818 2627">
     <span class='ocr_line' id='line_1_54' title="bbox 186 2588 1818 2627; baseline 0 -11"><span class='ocrx_word' id='word_1_748' title='bbox 186 2590 347 2618; x_wconf 85' lang='lat' dir='ltr'><strong>auscultans</strong></span> <span class='ocrx_word' id='word_1_749' title='bbox 363 2589 420 2618; x_wconf 85' lang='lat' dir='ltr'><strong>lad</strong></span> <span class='ocrx_word' id='word_1_750' title='bbox 434 2589 499 2617; x_wconf 91' lang='lat' dir='ltr'><strong>Cor.</strong></span> <span class='ocrx_word' id='word_1_751' title='bbox 513 2597 563 2622; x_wconf 88' lang='lat' dir='ltr'><strong>vn,</strong></span> <span class='ocrx_word' id='word_1_752' title='bbox 575 2588 631 2619; x_wconf 78' lang='lat'><strong>59:</strong></span> <span class='ocrx_word' id='word_1_753' title='bbox 650 2588 752 2617; x_wconf 73' lang='lat' dir='ltr'><strong>Mulier</strong></span> <span class='ocrx_word' id='word_1_754' title='bbox 766 2590 880 2625; x_wconf 77' lang='lat' dir='ltr'><strong>alligata</strong></span> <span class='ocrx_word' id='word_1_755' title='bbox 895 2595 934 2618; x_wconf 75' lang='lat' dir='ltr'><strong>est</strong></span> <span class='ocrx_word' id='word_1_756' title='bbox 958 2591 1010 2627; x_wconf 83' lang='lat' dir='ltr'><strong>legi</strong></span> <span class='ocrx_word' id='word_1_757' title='bbox 1027 2595 1128 2626; x_wconf 84' lang='lat' dir='ltr'><strong>quanto</strong></span> <span class='ocrx_word' id='word_1_758' title='bbox 1148 2596 1266 2626; x_wconf 77' lang='lat' dir='ltr'><strong>tempore</strong></span> <span class='ocrx_word' id='word_1_759' title='bbox 1291 2592 1332 2618; x_wconf 71' lang='lat' dir='ltr'><strong>vir</strong></span> <span class='ocrx_word' id='word_1_760' title='bbox 1350 2591 1407 2625; x_wconf 78' lang='lat' dir='ltr'><strong>ejus</strong></span> <span class='ocrx_word' id='word_1_761' title='bbox 1427 2591 1513 2624; x_wconf 66' lang='lat' dir='ltr'><strong>vicit;</strong></span> <span class='ocrx_word' id='word_1_762' title='bbox 1537 2591 1607 2625; x_wconf 78' lang='lat' dir='ltr'><strong>quod</strong></span> <span class='ocrx_word' id='word_1_763' title='bbox 1631 2590 1654 2617; x_wconf 80' lang='lat' dir='ltr'><strong>si</strong></span> <span class='ocrx_word' id='word_1_764' title='bbox 1678 2590 1818 2617; x_wconf 81' lang='lat' dir='ltr'><strong>dormierit</strong></span> 
     </span>
    </p>
   </div>
   <div class='ocr_carea' id='block_1_55' title="bbox 183 2633 1819 2670">
    <p class='ocr_par' dir='ltr' id='par_1_55' title="bbox 183 2633 1819 2670">
     <span class='ocr_line' id='line_1_55' title="bbox 183 2633 1819 2670; baseline 0 -9"><span class='ocrx_word' id='word_1_765' title='bbox 183 2635 224 2661; x_wconf 84' lang='lat' dir='ltr'><strong>t-ir</strong></span> <span class='ocrx_word' id='word_1_766' title='bbox 238 2634 309 2669; x_wconf 69' lang='lat' dir='ltr'><strong>ejus.</strong></span> <span class='ocrx_word' id='word_1_767' title='bbox 327 2634 440 2670; x_wconf 72' lang='lat' dir='ltr'><strong>liberata</strong></span> <span class='ocrx_word' id='word_1_768' title='bbox 461 2639 512 2666; x_wconf 82' lang='lat' dir='ltr'><strong>ut,</strong></span> <span class='ocrx_word' id='word_1_769' title='bbox 532 2633 578 2661; x_wconf 79' lang='lat' dir='ltr'><strong>cui</strong></span> <span class='ocrx_word' id='word_1_770' title='bbox 600 2633 656 2661; x_wconf 73' lang='lat' dir='ltr'><strong>uult</strong></span> <span class='ocrx_word' id='word_1_771' title='bbox 683 2633 790 2667; x_wconf 77' lang='lat' dir='ltr'><strong>nubat;</strong></span> <span class='ocrx_word' id='word_1_772' title='bbox 809 2633 963 2662; x_wconf 84' lang='lat' dir='ltr'><strong>libertatem</strong></span> <span class='ocrx_word' id='word_1_773' title='bbox 987 2636 1058 2664; x_wconf 85' lang='lat' dir='ltr'><strong>hanc</strong></span> <span class='ocrx_word' id='word_1_774' title='bbox 1079 2636 1115 2663; x_wconf 91' lang='lat' dir='ltr'><strong>ab</strong></span> <span class='ocrx_word' id='word_1_775' title='bbox 1135 2635 1268 2670; x_wconf 82' lang='lat' dir='ltr'><strong>Apostolo</strong></span> <span class='ocrx_word' id='word_1_776' title='bbox 1289 2636 1434 2663; x_wconf 77' lang='lat' dir='ltr'><strong>manifeste</strong></span> <span class='ocrx_word' id='word_1_777' title='bbox 1455 2642 1617 2663; x_wconf 84' lang='lat' dir='ltr'><strong>concessam</strong></span> <span class='ocrx_word' id='word_1_778' title='bbox 1641 2635 1716 2662; x_wconf 91' lang='lat' dir='ltr'><strong>nullo</strong></span> <span class='ocrx_word' id='word_1_779' title='bbox 1732 2634 1819 2661; x_wconf 85' lang='lat' dir='ltr'><strong>limite</strong></span> 
     </span>
    </p>
   </div>
   <div class='ocr_carea' id='block_1_56' title="bbox 182 2677 1819 2715">
    <p class='ocr_par' dir='ltr' id='par_1_56' title="bbox 182 2677 1819 2715">
     <span class='ocr_line' id='line_1_56' title="bbox 182 2677 1819 2715; baseline -0.001 -9"><span class='ocrx_word' id='word_1_780' title='bbox 182 2679 426 2713; x_wconf 73' lang='lat' dir='ltr'><strong>constringendam</strong></span> <span class='ocrx_word' id='word_1_781' title='bbox 442 2678 560 2714; x_wconf 85' lang='lat' dir='ltr'><strong>putavit.</strong></span> <span class='ocrx_word' id='word_1_782' title='bbox 574 2677 662 2712; x_wconf 79' lang='lat' dir='ltr'><strong>Porro</strong></span> <span class='ocrx_word' id='word_1_783' title='bbox 674 2678 735 2707; x_wconf 74' lang='lat' dir='ltr'><strong>haec</strong></span> <span class='ocrx_word' id='word_1_784' title='bbox 746 2679 948 2713; x_wconf 84' lang='lat' dir='ltr'><strong>controversia,</strong></span> <span class='ocrx_word' id='word_1_785' title='bbox 964 2684 993 2708; x_wconf 90' lang='lat' dir='ltr'><strong>ut</strong></span> <span class='ocrx_word' id='word_1_786' title='bbox 1005 2679 1124 2714; x_wconf 87' lang='lat' dir='ltr'><strong>quisque</strong></span> <span class='ocrx_word' id='word_1_787' title='bbox 1137 2679 1272 2715; x_wconf 74' lang='lat' dir='ltr'><strong>agnoscit,</strong></span> <span class='ocrx_word' id='word_1_788' title='bbox 1294 2679 1482 2715; x_wconf 82' lang='lat' dir='ltr'><strong>disciplinaris</strong></span> <span class='ocrx_word' id='word_1_789' title='bbox 1496 2683 1552 2707; x_wconf 86' lang='lat' dir='ltr'><strong>tota</strong></span> <span class='ocrx_word' id='word_1_790' title='bbox 1567 2684 1620 2710; x_wconf 86' lang='lat' dir='ltr'><strong>est,</strong></span> <span class='ocrx_word' id='word_1_791' title='bbox 1637 2688 1690 2706; x_wconf 85' lang='lat' dir='ltr'><strong>non</strong></span> <span class='ocrx_word' id='word_1_792' title='bbox 1704 2679 1819 2713; x_wconf 75' lang='lat' dir='ltr'><strong>dogma-</strong></span> 
     </span>
    </p>
   </div>
   <div class='ocr_carea' id='block_1_57' title="bbox 183 2720 1818 2758">
    <p class='ocr_par' dir='ltr' id='par_1_57' title="bbox 183 2720 1818 2758">
     <span class='ocr_line' id='line_1_57' title="bbox 183 2720 1818 2758; baseline -0.001 -8"><span class='ocrx_word' id='word_1_793' title='bbox 183 2723 248 2750; x_wconf 84' lang='lat' dir='ltr'><strong>tica.</strong></span> <span class='ocrx_word' id='word_1_794' title='bbox 261 2720 322 2749; x_wconf 70' lang='lat' dir='ltr'><strong>lam</strong></span> <span class='ocrx_word' id='word_1_795' title='bbox 337 2729 389 2750; x_wconf 88' lang='lat' dir='ltr'><strong>nee</strong></span> <span class='ocrx_word' id='word_1_796' title='bbox 404 2721 511 2751; x_wconf 73' lang='lat' dir='ltr'><strong>Nicolai</strong></span> <span class='ocrx_word' id='word_1_797' title='bbox 526 2721 640 2757; x_wconf 82' lang='lat' dir='ltr'><strong>querela</strong></span> <span class='ocrx_word' id='word_1_798' title='bbox 656 2722 690 2750; x_wconf 88' lang='lat' dir='ltr'><strong>de</strong></span> <span class='ocrx_word' id='word_1_799' title='bbox 706 2722 889 2758; x_wconf 85' lang='lat' dir='ltr'><strong>appellatione</strong></span> <span class='ocrx_word' id='word_1_800' title='bbox 902 2723 1003 2751; x_wconf 80' lang='lat' dir='ltr'><strong>Leonis</strong></span> <span class='ocrx_word' id='word_1_801' title='bbox 1016 2723 1049 2751; x_wconf 89' lang='lat' dir='ltr'><strong>ad</strong></span> <span class='ocrx_word' id='word_1_802' title='bbox 1063 2730 1175 2758; x_wconf 84' lang='lat' dir='ltr'><strong>papam,</strong></span> <span class='ocrx_word' id='word_1_803' title='bbox 1188 2727 1216 2751; x_wconf 87' lang='lat' dir='ltr'><strong>et</strong></span> <span class='ocrx_word' id='word_1_804' title='bbox 1229 2723 1264 2751; x_wconf 88' lang='lat' dir='ltr'><strong>de</strong></span> <span class='ocrx_word' id='word_1_805' title='bbox 1280 2721 1469 2751; x_wconf 79' lang='lat' dir='ltr'><strong>Romanorum</strong></span> <span class='ocrx_word' id='word_1_806' title='bbox 1485 2723 1513 2750; x_wconf 90' lang='lat' dir='ltr'><strong>in</strong></span> <span class='ocrx_word' id='word_1_807' title='bbox 1529 2723 1580 2750; x_wconf 90' lang='lat' dir='ltr'><strong>hoc</strong></span> <span class='ocrx_word' id='word_1_808' title='bbox 1601 2722 1712 2757; x_wconf 71' lang='lat' dir='ltr'><strong>negotio</strong></span> <span class='ocrx_word' id='word_1_809' title='bbox 1731 2721 1818 2749; x_wconf 88' lang='lat' dir='ltr'><strong>inter-</strong></span> 
     </span>
    </p>
   </div>
   <div class='ocr_carea' id='block_1_58' title="bbox 181 2765 1817 2803">
    <p class='ocr_par' dir='ltr' id='par_1_58' title="bbox 181 2765 1817 2803">
     <span class='ocr_line' id='line_1_58' title="bbox 181 2765 1817 2803; baseline -0.002 -9"><span class='ocrx_word' id='word_1_810' title='bbox 181 2765 362 2801; x_wconf 79' lang='lat' dir='ltr'><strong>ventu,justa</strong></span> <span class='ocrx_word' id='word_1_811' title='bbox 379 2771 442 2799; x_wconf 85' lang='lat' dir='ltr'><strong>est;</strong></span> <span class='ocrx_word' id='word_1_812' title='bbox 458 2766 684 2801; x_wconf 87' lang='lat' dir='ltr'><strong>quandoquidem</strong></span> <span class='ocrx_word' id='word_1_813' title='bbox 702 2766 761 2802; x_wconf 84' lang='lat' dir='ltr'><strong>ipse</strong></span> <span class='ocrx_word' id='word_1_814' title='bbox 777 2766 909 2796; x_wconf 67' lang='lat' dir='ltr'><strong>Romanis</strong></span> <span class='ocrx_word' id='word_1_815' title='bbox 924 2766 1053 2797; x_wconf 73' lang='lat' dir='ltr'><strong>Ecclesiae</strong></span> <span class='ocrx_word' id='word_1_816' title='bbox 1068 2767 1230 2803; x_wconf 83' lang='lat' dir='ltr'><strong>primatum,</strong></span> <span class='ocrx_word' id='word_1_817' title='bbox 1245 2771 1277 2794; x_wconf 90' lang='lat' dir='ltr'><strong>ut</strong></span> <span class='ocrx_word' id='word_1_818' title='bbox 1293 2775 1401 2803; x_wconf 72' lang='lat' dir='ltr'><strong>aequum</strong></span> <span class='ocrx_word' id='word_1_819' title='bbox 1422 2772 1476 2800; x_wconf 84' lang='lat' dir='ltr'><strong>est,</strong></span> <span class='ocrx_word' id='word_1_820' title='bbox 1500 2767 1646 2795; x_wconf 75' lang='lat' dir='ltr'><strong>conﬁtetur</strong></span> <span class='ocrx_word' id='word_1_821' title='bbox 1668 2765 1817 2801; x_wconf 79' lang='grc' dir='ltr'><strong>προνόμιον</strong></span> 
     </span>
    </p>
   </div>
   <div class='ocr_carea' id='block_1_59' title="bbox 180 2809 970 2847">
    <p class='ocr_par' dir='ltr' id='par_1_59' title="bbox 180 2809 970 2847">
     <span class='ocr_line' id='line_1_59' title="bbox 180 2809 970 2847; baseline 0 -10"><span class='ocrx_word' id='word_1_822' title='bbox 180 2809 416 2846; x_wconf 78' lang='grc' dir='ltr'><strong>ὲκκλησιαστικῆς</strong></span> <span class='ocrx_word' id='word_1_823' title='bbox 445 2809 596 2846; x_wconf 75' lang='grc' dir='ltr'><strong>ὑπεροχῆς.</strong></span> <span class='ocrx_word' id='word_1_824' title='bbox 621 2809 700 2843; x_wconf 82' lang='lat' dir='ltr'><strong>Quod</strong></span> <span class='ocrx_word' id='word_1_825' title='bbox 743 2810 861 2846; x_wconf 83' lang='lat' dir='ltr'><strong>denique</strong></span> <span class='ocrx_word' id='word_1_826' title='bbox 898 2816 970 2847; x_wconf 73' lang='lat' dir='ltr'><strong>quarl</strong></span> 
     </span>
    </p>
   </div>
   <div class='ocr_carea' id='block_1_60' title="bbox 1029 2809 1819 2847">
    <p class='ocr_par' dir='ltr' id='par_1_60' title="bbox 1039 2809 1819 2847">
     <span class='ocr_line' id='line_1_60' title="bbox 1039 2809 1819 2847; baseline -0.006 -7"><span class='ocrx_word' id='word_1_827' title='bbox 1039 2811 1149 2847; x_wconf 82' lang='lat' dir='ltr'><strong>nuptias</strong></span> <span class='ocrx_word' id='word_1_828' title='bbox 1187 2810 1318 2840; x_wconf 82' lang='lat' dir='ltr'><strong>Nicolaus</strong></span> <span class='ocrx_word' id='word_1_829' title='bbox 1350 2811 1500 2847; x_wconf 75' lang='grc' dir='ltr'><strong>πορνείαν,</strong></span> <span class='ocrx_word' id='word_1_830' title='bbox 1527 2811 1752 2846; x_wconf 73' lang='lat' dir='ltr'><strong>fornicationem,</strong></span> <span class='ocrx_word' id='word_1_831' title='bbox 1775 2809 1819 2836; x_wconf 75' lang='lat' dir='ltr'><strong>vel</strong></span> 
     </span>
    </p>
   </div>
   <div class='ocr_carea' id='block_1_61' title="bbox 182 2852 1816 2891">
    <p class='ocr_par' dir='ltr' id='par_1_61' title="bbox 182 2852 1816 2891">
     <span class='ocr_line' id='line_1_61' title="bbox 182 2852 1816 2891; baseline 0.002 -11"><span class='ocrx_word' id='word_1_832' title='bbox 182 2854 256 2890; x_wconf 57' lang='lat' dir='ltr'><strong>pejus</strong></span> <span class='ocrx_word' id='word_1_833' title='bbox 284 2853 427 2890; x_wconf 86' lang='lat' dir='ltr'><strong>quiddam,</strong></span> <span class='ocrx_word' id='word_1_834' title='bbox 444 2853 527 2881; x_wconf 82' lang='lat' dir='ltr'><strong>audet</strong></span> <span class='ocrx_word' id='word_1_835' title='bbox 556 2860 619 2880; x_wconf 87' lang='lat' dir='ltr'><strong>cum</strong></span> <span class='ocrx_word' id='word_1_836' title='bbox 647 2852 746 2888; x_wconf 86' lang='lat' dir='ltr'><strong>priscis</strong></span> <span class='ocrx_word' id='word_1_837' title='bbox 773 2854 879 2889; x_wconf 86' lang='lat' dir='ltr'><strong>aliquot</strong></span> <span class='ocrx_word' id='word_1_838' title='bbox 908 2855 1055 2890; x_wconf 87' lang='lat' dir='ltr'><strong>appellare,</strong></span> <span class='ocrx_word' id='word_1_839' title='bbox 1069 2855 1095 2884; x_wconf 88' lang='lat' dir='ltr'><strong>id</strong></span> <span class='ocrx_word' id='word_1_840' title='bbox 1120 2862 1174 2883; x_wconf 91' lang='lat' dir='ltr'><strong>non</strong></span> <span class='ocrx_word' id='word_1_841' title='bbox 1203 2855 1282 2884; x_wconf 83' lang='lat' dir='ltr'><strong>aliter</strong></span> <span class='ocrx_word' id='word_1_842' title='bbox 1306 2855 1428 2891; x_wconf 81' lang='lat' dir='ltr'><strong>intelligo</strong></span> <span class='ocrx_word' id='word_1_843' title='bbox 1447 2863 1531 2891; x_wconf 83' lang='lat' dir='ltr'><strong>quam</strong></span> <span class='ocrx_word' id='word_1_844' title='bbox 1560 2855 1594 2882; x_wconf 87' lang='lat' dir='ltr'><strong>de</strong></span> <span class='ocrx_word' id='word_1_845' title='bbox 1609 2854 1816 2888; x_wconf 75' lang='lat' dir='ltr'><strong>impedimento.</strong></span> 
     </span>
    </p>
   </div>
   <div class='ocr_carea' id='block_1_62' title="bbox 181 2895 1817 2936">
    <p class='ocr_par' dir='ltr' id='par_1_62' title="bbox 181 2895 1817 2936">
     <span class='ocr_line' id='line_1_62' title="bbox 181 2895 1817 2936; baseline 0.001 -9"><span class='ocrx_word' id='word_1_846' title='bbox 181 2901 210 2927; x_wconf 81' lang='lat' dir='ltr'><strong>ut</strong></span> <span class='ocrx_word' id='word_1_847' title='bbox 224 2897 311 2931; x_wconf 82' lang='lat' dir='ltr'><strong>aiunt,</strong></span> <span class='ocrx_word' id='word_1_848' title='bbox 330 2896 486 2929; x_wconf 82' lang='lat' dir='ltr'><strong>dirimente.</strong></span> <span class='ocrx_word' id='word_1_849' title='bbox 505 2895 580 2932; x_wconf 84' lang='lat' dir='ltr'><strong>quod</strong></span> <span class='ocrx_word' id='word_1_850' title='bbox 596 2897 764 2927; x_wconf 85' lang='lat' dir='ltr'><strong>auctoritate</strong></span> <span class='ocrx_word' id='word_1_851' title='bbox 785 2898 973 2928; x_wconf 83' lang='lat' dir='ltr'><strong>ecclesiastica</strong></span> <span class='ocrx_word' id='word_1_852' title='bbox 994 2895 1201 2936; x_wconf 67' lang='lat' dir='ltr'><strong>interpositum;</strong></span> <span class='ocrx_word' id='word_1_853' title='bbox 1214 2899 1304 2929; x_wconf 84' lang='lat' dir='ltr'><strong>nullas</strong></span> <span class='ocrx_word' id='word_1_854' title='bbox 1335 2907 1432 2936; x_wconf 74' lang='lat' dir='ltr'><strong>reapse</strong></span> <span class='ocrx_word' id='word_1_855' title='bbox 1443 2899 1534 2928; x_wconf 83' lang='lat' dir='ltr'><strong>reddit</strong></span> <span class='ocrx_word' id='word_1_856' title='bbox 1552 2900 1674 2934; x_wconf 80' lang='lat' dir='ltr'><strong>nuptias,</strong></span> <span class='ocrx_word' id='word_1_857' title='bbox 1693 2897 1817 2934; x_wconf 76' lang='lat' dir='ltr'><strong>quandiu</strong></span> 
     </span>
    </p>
   </div>
  </div>
