2000 3070
199 139 232 171 21
909 138 1121 171 PREFATIO.
1796 137 1832 169 22

198 203 289 230 tcm-t;
309 197 426 232 ideoque
448 197 569 232 ipsarum
594 204 662 224 nsns
680 204 694 223 a
719 196 849 232 πορνείις
866 196 927 224 labe
948 203 1002 224 non
1023 196 1124 224 diﬂ‘ert.
1141 196 1182 224 Ad
1202 196 1349 224 historiam
1378 202 1443 223 vero
1467 194 1618 229 duplicium
1641 193 1825 223 Valentiniani

200 243 265 276 imp.
293 235 462 276 nup'liarum,
488 247 569 275 (μω-η
597 239 727 268 Nicolans
765 240 893 274 attingit,
923 239 1048 268 Socratis
1068 241 1130 269 sine
1153 241 1238 268 dubio
1263 241 1311 268 Illi.
1342 248 1380 272 tv,
1405 247 1464 274 cap.
1492 240 1524 267 5t
1554 240 1712 268 narratione
1734 239 1833 274 fretus,

202 285 270 312 nihil
283 291 334 319 ego
348 283 437 311 dicam
456 288 517 318 post
540 283 586 311 illa
605 291 666 318 qua:
681 283 894 318 prudentissime
911 291 988 310 more
1008 291 1060 312 suo
1081 285 1232 319 disputavit
1255 284 1447 312 Tillcmontins
1468 284 1495 311 in
1516 283 1580 311 adn.
1598 283 1634 311 28
1654 284 1687 311 ad
1710 284 1831 318 praedicti

200 328 319 355 (lasseris
338 331 424 362 gesta.
442 327 471 354 ln
486 327 595 354 duabus
611 327 725 362 reliquis
738 327 786 363 (55
795 332 822 354 et
836 327 881 361 δῦ)
902 327 934 354 ad
953 326 1085 355 Joannem
1101 335 1198 363 papam
1214 328 1339 364 epistolis
1356 328 1479 356 eamdem
1500 328 1610 362 quidem
1631 335 1687 355 rem
1702 327 1831 355 Nicolaus

201 375 292 407 urget.
306 371 352 398 sed
367 376 459 398 tamen
477 369 663 398 Ecclesiarum
680 370 857 398 concordiam
875 374 970 405 optare
985 378 1014 398 se
1030 371 1098 399 dicit
1116 381 1123 399 τ
1147 373 1221 407 quod
1248 373 1320 400 idem
1347 373 1384 400 sit
1403 372 1487 400 etiam
1514 373 1541 400 in
1564 379 1626 407 epp.
1650 372 1685 400 54
1698 376 1726 399 et
1741 372 1775 399 55
1797 372 1831 399 ad

203 416 343 443 Romanos
367 414 493 442 homines
515 415 648 449 scriptis;
664 419 691 441 et
708 422 785 450 papa
801 422 900 442 nomen
916 415 943 441 in
959 415 1075 443 dissidio
1100 416 1251 448 revulsum,
1275 416 1466 451 reponendum
1491 415 1518 442 in
1543 415 1681 450 diptychis
1702 415 1805 448 judicat
1825 423 1831 440 :

204 466 354 494 rursusque
379 459 523 494 praeterita
542 459 720 494 indulgentiae
745 459 885 491 connivet,
910 459 957 486 sed
980 458 1153 494 disciplinam
1175 467 1253 487 suam
1268 459 1295 486 in
1323 463 1464 494 posterum
1488 458 1566 485 llrme
1582 461 1686 485 tuetur.
1709 457 1831 492 Epistola

201 511 312 540 quoque
335 503 368 530 77
389 503 450 531 sine
474 502 558 530 dubio
578 502 612 530 ad
633 510 731 538 papam
749 502 880 530 scribitur
901 503 943 529 vel
967 502 1125 530 Landonem
1143 503 1185 530 vel
1205 503 1297 538 potius
1315 501 1450 530 Joannem
1461 500 1497 529 Χ.
1516 501 1545 528 In
1568 507 1599 528 ea
1616 501 1707 537 agitur
1720 501 1754 528 de
1767 508 1833 536 pace

201 555 262 575 cum
278 546 400 574 Romana
419 546 554 579 Ecclesia,
578 554 661 581 quam
684 546 826 578 Nicolaus,
846 550 909 582 post
932 553 1012 574 suum
1035 546 1069 574 ab
1092 547 1192 574 exsilio
1207 546 1337 579 reditum,
1359 551 1387 574 et
1410 546 1452 574 sui
1470 545 1537 573 cieri
1552 545 1674 573 schisma
1695 544 1831 576 sedatum.

202 598 316 627 prorsus
331 597 497 625 componere
509 595 586 625 optat
601 598 609 606 ’
622 596 652 618 τι
667 591 714 622 sit,
729 590 830 624 inquit,
845 590 923 617 sicuti
938 599 954 616 α
969 591 1111 625 principio.
1131 591 1169 617 ita
1192 595 1216 618 et
1238 598 1308 617 auiis
1326 591 1401 624 pacis
1423 589 1569 622 vinculum,
1586 594 1611 616 et
1626 589 1690 616 snio
1706 588 1832 616 Romam:

206 634 332 662 Ecclesia!
345 642 404 661 eum
417 633 724 668 Constantinopolitano.
742 634 808 660 lltud
840 634 943 661 utiliter
963 641 1073 669 quoque
1085 634 1112 661 in
1130 634 1218 669 prima
1234 634 1267 662 ad
1290 633 1373 661 Bom.
1391 633 1540 661 Ecclesiam
1566 632 1696 668 epistola,
1713 633 1826 659 adnota-

202 680 270 705 lmnt
298 678 410 708 eruditi.
426 678 500 713 quod
530 686 627 713 nempe
653 678 708 705 ﬁlia
737 678 839 706 Leonis
864 678 988 711 quaedam
1018 678 1124 706 Franco
1150 679 1267 713 principi
1288 679 1427 714 desponsa
1458 677 1566 706 fuisset.
1597 676 1637 704 Re
1652 677 1753 712 quippe
1767 683 1830 704 vera

201 722 253 749 fuit
270 723 327 749 lnec
344 721 456 749 nomine
469 722 558 753 Anna,
572 729 654 756 quam
670 721 727 749 Leo
738 730 769 748 ea
782 722 900 756 conjuge
915 721 1035 749 secnmla
1047 726 1217 757 susceperat.
1228 729 1368 757 quamque
1383 721 1505 749 adultam
1520 720 1670 749 declaravit
1681 719 1830 755 Augustam

200 770 264 800 post
281 766 377 793 matris
394 765 511 798 obitum,
534 770 564 793 nt
582 765 712 800 palatinis
731 766 869 793 conviviis
891 770 1030 800 prmcsset,
1053 769 1120 792 tcstc
1135 765 1228 793 Leone
1243 765 1430 794 Crannnatico
1446 765 1472 792 in
1489 764 1590 793 Leonis
1613 763 1752 799 Sapientis
1770 762 1830 790 Vita

199 809 244 836 ed.
260 808 346 836 Paris.
364 815 392 843 p.
409 807 471 835 48!.

905 862 1006 890 Classis
1022 868 1130 898 quarta.

244 920 302 948 Vll.
317 920 410 947 Prima
426 919 511 954 huius
528 919 629 946 classis
646 920 761 954 cpistola
782 920 873 954 (nobis
891 920 935 954 86)
953 919 1082 948 Ecclesiae
1099 928 1273 948 mronomntn
1295 919 1472 949 commendat
1490 920 1661 956 imperatori,
1675 927 1756 954 quem
1776 919 1829 946 llo-

201 971 316 991 manum
330 962 504 998 Lecapenutp
521 963 655 997 intelligo,
673 971 734 990 nam
749 963 948 991 Constantinus
966 969 1114 998 pucrerat.
1136 963 1164 991 ln
1176 964 1230 991 alia
1247 963 1370 992 Romano
1388 964 1489 992 Caesari
1505 965 1587 992 missa
1606 963 1662 1000 (95)
1687 968 1777 991 monet
1797 963 1831 990 de

200 1006 328 1040 Bulgaria
346 1005 529 1040 Lampsacum
546 1013 634 1040 usque
647 1006 789 1041 profectis.
808 1006 878 1034 Tum
893 1007 1017 1042 quaedam
1033 1007 1153 1042 suggerit
1171 1007 1206 1034 de
1220 1007 1385 1040 scriniariis,
1406 1007 1440 1035 de
1458 1012 1531 1035 recta
1547 1007 1699 1035 ciliciorum
1719 1014 1830 1042 promo-

201 1051 287 1081 tione,
300 1053 329 1077 ct
344 1049 377 1076 de
389 1049 497 1084 justitia
512 1058 518 1076 :
534 1057 589 1084 quo
606 1050 632 1076 in
654 1050 715 1077 loco
729 1050 794 1085 quid
814 1051 977 1078 vocabulum
998 1050 1085 1085 ρὦαι
1107 1051 1244 1085 signiﬁcet
1262 1059 1316 1078 non
1332 1051 1443 1084 deﬁnio,
1456 1051 1503 1078 sed
1520 1059 1552 1078 ex
1569 1051 1700 1086 Lcnnrpii
1719 1051 1829 1086 Etyma-

200 1093 292 1128 logico
305 1092 353 1120 Gr.
371 1092 509 1127 conjicere
522 1093 584 1120 licet
600 1093 736 1127 supplices
757 1093 842 1121 fuisse
858 1093 965 1122 libcllos
980 1094 1023 1121 vel
1036 1094 1159 1130 ipsorum
1181 1099 1282 1122 taxam.
1305 1094 1396 1122 Tertia
1419 1094 1535 1129 cpistola
1551 1094 1632 1129 (156).
1645 1095 1829 1122 consolatoria

201 1137 292 1164 estad
309 1136 434 1164 eumdem
453 1136 607 1164 Romanum
633 1137 699 1171 imp.
722 1137 748 1163 in
764 1136 840 1164 obitu
864 1137 960 1165 uxoris
979 1137 1109 1173 Augusta:
1125 1137 1277 1165 Theodori:
1293 1146 1366 1166 anno
1381 1138 1443 1166 92%.
1466 1138 1558 1166 Utitur
1571 1138 1705 1173 exemplis
1724 1138 1829 1165 Emilii

198 1179 279 1207 Pauli
294 1183 321 1207 et
340 1179 509 1214 Anaxagora:
530 1181 576 1214 qui
594 1180 741 1208 orbitatem
758 1180 867 1208 fortiter
884 1180 1065 1216 pertulerunt.
1084 1181 1208 1208 Pulchra:
1229 1185 1295 1209 sunt
1318 1185 1373 1210 tres
1392 1181 1514 1216 epistola
1529 1181 1562 1208 ad
1576 1181 1725 1215 Georgium
1740 1181 1829 1209 Abas-

202 1225 309 1259 gioruin
324 1224 487 1258 principem.
507 1232 625 1259 quarum
641 1224 667 1251 in
683 1225 771 1259 prima
780 1225 910 1253 condolct
927 1226 952 1252 ei
973 1225 1006 1252 de
1020 1225 1142 1260 parentis
1155 1225 1257 1260 egregii
1273 1225 1362 1253 alito.
1382 1225 1408 1252 in
1420 1225 1517 1252 eadem
1536 1224 1587 1252 hac
1605 1224 1722 1259 aliisque
1739 1224 1832 1252 laudat.

201 1275 367 1303 ntagnapere
386 1267 496 1302 Georgii
515 1268 640 1301 virtutes,
658 1269 815 1304 gratiasque
845 1269 902 1304 agit
921 1268 956 1296 ob
973 1269 1125 1304 impensam
1141 1269 1292 1296 Alanorum
1311 1269 1490 1296 ﬁnitimorum
1510 1268 1684 1296 conversioni
1700 1273 1727 1295 et
1744 1269 1831 1303 l'apti-

200 1312 281 1339 smati
298 1318 404 1344 curam,
420 1311 500 1347 eique
514 1311 617 1339 Alania'
633 1312 872 1347 archiepiscopum
897 1313 1020 1347 impense
1031 1313 1215 1341 commendat.
1238 1312 1350 1346 Georgii
1374 1312 1456 1348 hujus
1474 1313 1601 1347 Abasgiat
1614 1312 1758 1347 principis,
1780 1319 1830 1340 nec

202 1365 256 1384 non
275 1356 335 1391 ejus
354 1356 400 1383 lilii
414 1355 563 1386 Pancratii.
582 1364 626 1384 res
641 1361 732 1392 gestas
752 1357 860 1392 attingit
882 1357 1021 1385 Ccdrenns
1035 1357 1079 1385 ed.
1094 1357 1173 1384 Paris
1188 1362 1207 1384 t.
1223 1356 1255 1390 ll,
1278 1365 1304 1392 p.
1325 1356 1388 1389 7I8,
1411 1355 1473 1384 770.
1489 1356 1670 1392 Abasgiorum
1685 1356 1827 1384 historiam

199 1405 229 1427 et
248 1399 455 1427 conversionem
474 1399 508 1426 ad
521 1399 664 1428 Christum
689 1401 790 1428 videsis
813 1401 884 1435 apud
910 1401 1044 1428 Zonaram
1067 1401 1116 1428 lib.
1133 1408 1178 1434 xv,
1200 1401 1209 1428 I
1226 1408 1233 1427 :
1254 1401 1324 1436 apud
1345 1407 1427 1435 quem
1447 1399 1547 1427 deinde
1572 1400 1619 1427 lib.
1636 1407 1691 1431 va.
1714 1400 1731 1427 9
1758 1407 1827 1434 πει..

201 1443 311 1479 Georgii
327 1443 419 1471 clades
435 1444 488 1471 sub
508 1443 612 1471 Basilio
636 1444 769 1476 secundo.
790 1449 818 1471 et
849 1444 984 1471 Pancratii
1010 1444 1058 1472 ﬁlii
1093 1445 1167 1472 vices
1194 1445 1278 1472 variae
1302 1449 1463 1472 narrantur.
1495 1444 1576 1472 Circa
1598 1444 1742 1479 epistolam
1772 1443 1830 1479 (82)

201 1488 235 1514 ad
262 1486 453 1522 Landulpbum
480 1487 538 1515 haec
570 1487 658 1515 habeo
685 1495 746 1522 quae
777 1487 878 1515 dicam.
907 1487 999 1515 Primo
1031 1488 1142 1523 quidem
1181 1488 1380 1516 Constantinus
1410 1489 1437 1515 in
1467 1487 1648 1516 Thematibus
1683 1489 1827 1523 perspicue

200 1532 294 1561 docet,
317 1530 382 1565 quid
407 1535 464 1558 tum
490 1529 688 1565 Longobardiae
709 1530 820 1558 nomine
845 1531 1038 1565 designaretur
1057 1551 1065 1564 ,
1094 1538 1193 1566 nempe
1227 1531 1370 1565 provincia
1401 1531 1474 1558 circa
1508 1530 1650 1566 Neapolim
1685 1530 1829 1558 ﬁnitimas-

202 1582 258 1608 que
288 1575 390 1605 urbes.
424 1582 506 1609 quam
546 1574 757 1609 appellationem
781 1582 796 1602 ι
825 1573 1011 1610 Longobardis
1037 1574 1158 1602 dominis
1180 1574 1278 1602 sortita
1298 1578 1368 1602 erat.
1403 1574 1518 1602 Constat
1547 1578 1677 1609 praetcrea
1711 1574 1829 1602 Leonem

204 1618 362 1652 Sapientem
378 1619 463 1645 misso
478 1618 601 1645 exercitu
619 1617 804 1646 Beneventum
821 1618 1009 1654 occupavisse.
1032 1617 1210 1653 Landulphua
1231 1622 1322 1646 autem
1342 1617 1610 1652 Constantinopolim
1631 1625 1646 1644 a
1667 1622 1744 1652 patre
1763 1618 1829 1644 Ata-

203 1662 308 1698 nulpbo
322 1662 424 1690 missus
438 1662 503 1690 olim
522 1661 618 1696 inerat,
638 1667 665 1690 et
679 1662 778 1691 deinde
796 1663 885 1691 evasit
897 1662 1044 1691 Beneventi
1059 1662 1200 1691 dominus.
1219 1662 1337 1697 Legatur
1360 1661 1502 1690 Viventius
1520 1661 1592 1689 Hist.
1613 1660 1700 1696 Neap.
1715 1661 1759 1688 ed.
1772 1669 1828 1689 sec.

203 1711 223 1734 t.
239 1706 261 1740 Ι,
275 1713 302 1741 p.
318 1705 365 1739 49,
381 1713 432 1734 nec
449 1713 504 1734 non
525 1705 691 1735 lluratorius
709 1706 808 1734 Annal.
828 1706 895 1734 Ital.
919 1707 952 1734 ad
974 1714 1020 1734 an.
1036 1705 1087 1734 89l
1105 1710 1133 1733 ct
1145 1706 1214 1739 909;
1235 1706 1354 1741 denique
1370 1706 1418 1733 Art
1433 1705 1466 1733 de
1481 1705 1560 1740 mar.
1574 1705 1611 1732 les
1623 1705 1698 1732 dam
1711 1705 1737 1732 in
1753 1705 1828 1739 prin-

201 1750 310 1785 cipibus
324 1749 484 1778 Beneventi.
508 1750 592 1778 Docet
613 1756 706 1779 autem
727 1758 778 1778 nos
798 1751 904 1779 Nicolai
925 1751 1042 1786 epistola
1061 1750 1241 1778 Ursoieoaem
1265 1750 1410 1785 patricium
1426 1750 1574 1785 quemdam
1592 1749 1623 1778 in
1638 1749 1829 1784 Longobardia

203 1801 253 1828 pro
268 1793 433 1828 imperatore
452 1794 597 1829 praesidem
611 1802 626 1822 a
643 1794 808 1834 Landnlpho
830 1795 918 1826 tuisse
941 1795 1127 1828 interfectum,
1153 1796 1254 1823 castris
1278 1795 1339 1831 ejus
1359 1794 1522 1830 occupatis;
1538 1802 1592 1830 qua
1607 1794 1642 1822 de
1659 1801 1688 1821 re
1708 1793 1830 1828 loquitur

202 1837 284 1864 etiam
309 1837 337 1866 in
353 1837 469 1872 epistola
492 1837 526 1864 ad
542 1839 701 1873 episcopum
722 1838 924 1874 Hydruntinum
937 1847 946 1872 ;
966 1839 1022 1866 imo
1034 1839 1100 1867 illuc
1116 1839 1230 1874 respicit
1245 1839 1327 1867 etiam
1342 1839 1460 1873 epistola
1475 1839 1508 1867 ad
1524 1838 1672 1867 Gadoncm
1688 1844 1829 1873 protospa-

203 1880 331 1908 tharium.
346 1880 475 1910 Nicolaus
489 1889 564 1916 vero,
578 1882 631 1910 etsi
646 1890 702 1910 rem
715 1888 820 1918 gestam
834 1883 912 1911 valde
926 1883 1074 1918 improbat.
1089 1884 1176 1912 venite
1190 1887 1280 1911 tamen
1294 1883 1456 1919 Landulpho
1472 1891 1548 1919 spem
1566 1884 1664 1919 injicit,
1675 1883 1736 1911 imo
1747 1883 1829 1910 etiam

202 1929 342 1957 obtinendi
366 1928 562 1964 Longobardiz
583 1929 785 1964 praefecturam,
812 1931 894 1959 modo
915 1930 1004 1959 ﬁdelis
1025 1930 1185 1966 imperatori
1205 1930 1251 1958 sit.
1271 1929 1395 1965 Epistola
1416 1937 1529 1965 quoque
1548 1929 1606 1964 (85)
1623 1930 1657 1958 ad
1676 1930 1780 1957 clerum
1801 1936 1831 1958 ot

201 1973 346 2008 optimates
360 1972 557 2008 Longobardiae
571 1973 598 2001 in
615 1973 710 2001 eodem
724 1973 835 2009 negotio
846 1977 990 2002 versatur:
1012 1974 1124 2002 dederat
1143 1974 1217 2002 enim
1235 1981 1348 2009 operam
1372 1973 1551 2008 Landulphus
1565 1977 1595 2001 ut
1609 1980 1722 2001 causam
1742 1973 1830 2008 ipsius

205 2021 297 2051 ageret
313 2016 404 2045 clerus
420 2017 490 2050 apud
510 2018 601 2045 aulam
622 2017 813 2054 Byaantinam,
830 2023 858 2046 et
879 2025 910 2046 se
932 2017 1076 2053 praesidem
1095 2018 1216 2053 regionis
1241 2017 1404 2052 postularet.
1431 2016 1555 2051 Denique
1569 2016 1603 2044 ad
1617 2017 1760 2051 epistolam
1778 2017 1830 2045 145

201 2060 273 2094 quod
289 2060 397 2091 attinet,
414 2061 518 2088 scimus
534 2061 758 2096 Amalphitanam
781 2062 921 2090 civitatem
937 2061 1103 2096 temporibus
1126 2062 1180 2089 illis
1201 2065 1295 2088 extera
1315 2059 1505 2088 dominatione
1530 2059 1658 2093 liberam,
1678 2068 1726 2095 per
1745 2061 1829 2090 duces

202 2110 267 2130 suos
280 2103 336 2138 regi
363 2103 484 2136 solitam,
499 2108 526 2131 et
546 2103 650 2133 Graecis
665 2112 778 2139 quoque
796 2110 894 2133 contra
913 2104 1023 2140 ltalicos
1042 2104 1197 2132 Saracenos
1209 2111 1288 2139 opem
1308 2103 1415 2132 tulisse.
1436 2103 1516 2131 Nune
1530 2102 1723 2139 Nicolauspro
1741 2105 1829 2140 capti-

202 2148 243 2174 vis
260 2147 423 2175 Christianis
446 2155 498 2182 ope
520 2148 600 2177 ducis
616 2148 800 2184 Amalphitani
822 2156 854 2175 ex
881 2148 1064 2175 Barbarorum
1085 2147 1217 2175 servitute
1239 2146 1412 2175 vindicandis
1433 2146 1552 2178 laborat.
1574 2147 1610 2175 ob
1631 2155 1747 2183 eamque
1773 2155 1828 2176 rem

202 2190 345 2225 pecuniam
363 2198 473 2226 quoque
490 2192 640 2221 submittit.
655 2193 877 2228 Amalphitanurn
895 2193 992 2220 «lucem
1006 2191 1135 2220 Nicolaus
1149 2191 1301 2226 spiritalem
1318 2191 1405 2219 ﬁlium
1424 2198 1505 2220 suum
1521 2190 1599 2219 dicit.

237 2235 305 2263 Vlll.
320 2235 425 2264 Nicolai
449 2237 482 2265 ad
498 2245 657 2272 supremum
675 2238 868 2264 Armeniorum
886 2236 1037 2271 principem
1050 2236 1165 2271 epistola
1175 2235 1249 2271 (I59)
1267 2235 1398 2270 peculiari
1411 2235 1598 2264 declaratione
1613 2235 1649 2264 ob
1664 2235 1831 2264 ecclesiasti-

200 2288 260 2308 cam
272 2281 332 2316 cjus
347 2282 437 2317 gentis
457 2282 602 2310 historiam
623 2283 705 2318 digna
731 2283 850 2310 videtur.
871 2281 908 2308 Ea
929 2280 1061 2309 scribitur
1078 2279 1110 2307 ad
1136 2278 1297 2307 Semhatum
1314 2278 1403 2307 Asutii
1421 2279 1506 2307 ﬁlium
1524 2278 1732 2315 Bagratunium,
1749 2287 1829 2314 quem

201 2333 263 2352 cum
279 2325 357 2353 titulo
376 2327 505 2362 principis
525 2328 677 2361 principum
703 2327 879 2362 imperitasse
904 2324 1042 2352 Armenias
1065 2325 1136 2352 inter
1159 2323 1254 2351 stculi
1277 2323 1342 2350 noni
1368 2324 1450 2351 ﬁnem
1466 2330 1501 2351 ac
1518 2323 1618 2352 decimi
1632 2323 1744 2358 initium
1766 2322 1832 2350 dicit

202 2369 312 2398 Samuel
333 2370 462 2398 Aniensis
486 2371 512 2398 in
534 2370 674 2399 Chronico
691 2379 747 2398 non
764 2370 888 2405 ignobili.
907 2369 980 2404 quod
996 2374 1046 2395 nos
1061 2367 1214 2401 interprete
1232 2374 1259 2399 v_
1274 2367 1310 2395 cl.
1326 2365 1432 2395 Joanne
1454 2367 1582 2395 Zohraho
1598 2366 1743 2394 Mediolani
1758 2373 1831 2392 anno

204 2413 272 2441 I8l8
287 2414 480 2443 subtexuimus
493 2415 634 2443 famosiori
649 2416 688 2444 illi
704 2414 814 2442 Eusebii
829 2413 1008 2442 Ctesariensis
1029 2411 1178 2442 ClirOuico,
1199 2411 1272 2446 quod
1295 2411 1395 2439 ibidem
1411 2418 1490 2445 teque
1505 2411 1641 2439 edidimus
1655 2417 1688 2437 ex
1709 2408 1831 2444 genuino

201 2461 230 2485 et
242 2459 400 2487 authentico
414 2459 659 2495 Haicanﬂtguaa
674 2459 781 2490 codice.
796 2466 878 2493 quem
898 2457 957 2492 ipse
968 2456 1097 2484 laudatus
1110 2455 1255 2483 lolirabus
1272 2454 1511 2489 Constantinopoli
1529 2453 1656 2482 Venetias
1670 2453 1832 2488 deportave.

202 2505 254 2534 rat.
271 2503 390 2538 atquein
407 2512 488 2531 suum
504 2495 646 2539 exﬁplar
661 2504 733 2531 ﬁdeli
751 2510 865 2540 prorsus
879 2501 1028 2530 collatione
1044 2498 1244 2527 transluderat.
1263 2498 1394 2534 Epistolas
1410 2497 1508 2533 triplex
1525 2497 1609 2525 veluti
1633 2495 1745 2531 partitio
1765 2500 1827 2524 est:

201 2546 303 2574 etenim
318 2547 345 2574 in
362 2547 450 2582 prima
466 2548 597 2583 praedicat
615 2547 745 2576 Nieolaus
769 2547 837 2575 recti
861 2545 998 2581 dogmatis
1018 2542 1185 2579 (εὐσεὸειας)
1201 2541 1406 2574 necessitatem,
1425 2548 1511 2576 aquo
1528 2540 1656 2569 nonnulli
1674 2539 1831 2575 (Armenios

203 2588 340 2625 intelligit)
354 2599 417 2619 cum
430 2593 564 2628 majorum
586 2600 701 2620 suorum
717 2592 798 2628 culpa
815 2590 1009 2620 descivissent,
1028 2586 1168 2615 mordicus
1182 2592 1275 2614 tamen
1291 2586 1373 2614 avitae
1388 2585 1529 2614 traditioni
1542 2585 1735 2613 adhaerebant:
1747 2592 1829 2620 quam

204 2642 259 2660 rem
272 2634 389 2662 alienam
401 2643 465 2664 csse
479 2636 554 2664 omni
568 2636 658 2664 oﬁicio
673 2640 701 2664 et
717 2635 873 2671 prudentia,
885 2634 985 2662 merito
1004 2631 1080 2660 dicit.
1095 2631 1125 2658 ln
1138 2631 1224 2658 altera
1237 2631 1360 2658 sectione
1374 2629 1497 2664 epistolae
1510 2633 1613 2661 narrat,
1622 2632 1732 2657 mortuo
1743 2635 1830 2663 nuper

203 2679 275 2713 apud
289 2679 435 2708 Armenios
456 2680 621 2715 patriarcha,
646 2681 704 2708 sive
719 2684 750 2707 ut
768 2680 849 2715 vulgo
864 2678 943 2706 aiunt
960 2676 1097 2704 catholico
1119 2675 1177 2710 (qui
1200 2674 1290 2702 iuerat
1307 2673 1467 2709 Mastosius)
1492 2673 1643 2709 principem
1669 2673 1828 2700 Armenium

203 2731 251 2757 per
270 2731 336 2751 suos
350 2724 534 2759 apocrisarios
545 2725 718 2760 signiﬁcasse
736 2723 838 2751 Ctesari
858 2722 1011 2759 Byzantina
1032 2720 1091 2756 (qui
1107 2724 1168 2747 erat
1187 2718 1242 2746 Leo
1256 2717 1453 2753 Philosophus)
1471 2725 1523 2746 nec
1542 2724 1596 2745 non
1617 2717 1720 2745 Graecae
1738 2716 1831 2744 Eccle-

201 2768 259 2801 δίει,
275 2767 397 2803 cogitare
419 2775 449 2796 se
468 2768 503 2796 de
521 2768 655 2797 mittendo
681 2767 953 2802 Constantinopolim
979 2766 1027 2793 illo
1053 2764 1174 2796 homine,
1197 2770 1279 2797 quem
1304 2769 1404 2789 novum
1425 2761 1613 2797 patriarcham
1635 2761 1830 2796 designaturus

201 2816 269 2846 erat,
286 2816 316 2840 ut
334 2812 372 2840 ibi
386 2813 623 2841 consecrationem
646 2813 794 2847 reciperet,
815 2815 843 2839 et
866 2819 930 2839 cum
953 2810 1050 2838 Grazco
1072 2809 1145 2836 clero
1165 2807 1292 2843 religiosa
1315 2806 1431 2835 consilia
1454 2806 1592 2834 misceret.
1606 2805 1683 2833 Hanc
1699 2803 1830 2840 principis

202 2857 368 2886 voluntatem
386 2864 552 2894 magnopere
563 2858 670 2894 probat,
688 2861 770 2892 atque
794 2860 822 2884 ut
844 2856 904 2885 sine
926 2862 1002 2883 mora
1024 2854 1052 2882 in
1073 2861 1131 2881 rem
1149 2851 1318 2885 conferatur,
1335 2851 1465 2880 Nicolaus
1485 2851 1632 2879 hortatur:
1649 2849 1732 2878 idaue
1749 2847 1830 2876 saluti
