2000 3070
179 139 217 169 ‘23
894 137 1103 168 PRIEFATlO.
1777 137 1814 167 21

180 191 370 220 necessarium
385 191 434 225 ait,
459 196 608 227 propterea
627 193 699 228 quod
714 193 835 222 Armenii
847 198 963 221 eatenus
983 193 1017 219 ab
1033 193 1194 220 orthmloxze
1213 193 1345 219 doctlinm
1368 192 1477 219 tramite
1491 191 1695 219 aberraverant.
1711 191 1772 225 Quo
1787 194 1813 220 in

179 235 241 263 loco
253 235 343 262 Photii
357 242 469 271 quoque
483 235 641 265 decessoris
655 238 698 265 sui
711 238 875 272 legationem
890 243 974 272 alque
988 237 1133 270 epistolam
1159 237 1192 264 ad
1218 235 1377 263 Zachariam
1413 236 1604 262 Armeniorum
1626 235 1811 270 pluiareham

180 283 316 306 memorat
339 286 390 314 pro
409 279 556 307 concordia
579 285 660 315 alque
676 281 708 308 ad
726 281 918 309 orthodoxiam
934 282 1021 308 reditu
1036 288 1044 307 :
1060 280 1111 307 etsi
1135 281 1161 307 id
1193 285 1331 308 tentamen
1362 280 1397 307 ob
1427 285 1581 314 temporum
1613 279 1814 306 vicissitudines

180 330 292 350 cassum
307 323 428 351 evasisse
440 324 489 350 ait.
512 323 540 351 ln
559 329 697 358 postrema
711 326 820 353 demum
839 331 916 361 parte
932 332 989 352 rem
1005 324 1161 359 praedictam
1175 321 1287 359 perorat
1299 325 1438 357 Nicolaus,
1455 324 1532 351 valde
1549 328 1648 358 optans
1667 328 1695 350 et
1712 331 1816 358 urgens

179 371 210 394 ut
227 367 368 402 eligendus
383 367 482 402 praesul
494 368 599 395 sincera
616 368 745 397 Ecclesia!
760 370 885 398 doctrina
901 369 1138 403 Constanzinopoli
1152 369 1302 401 imbuatur.
1320 377 1374 404 quo
1389 370 1416 396 in
1430 369 1546 404 patriam
1563 376 1691 396 reversus
1715 369 1813 396 Arme-

181 411 292 438 niacum
304 411 435 445 populum
452 412 522 439 haud
538 411 670 447 religione
688 414 779 441 minus
793 421 875 449 quant
905 413 978 441 civili
1004 421 1071 448 pace
1094 413 1195 442 Grtecis
1228 414 1368 449 adjungat.
1396 413 1532 441 Hactenus
1557 412 1660 441 Nicolal
1686 414 1815 448 epistola.

180 453 377 482 Verumtamen
391 461 435 482 res
448 455 535 482 multo
549 456 630 484 aliter
647 458 749 485 accidit
766 466 772 484 :
790 458 946 492 patriarcha
960 457 1032 484 enim
1049 457 1102 485 hoc
1117 463 1237 492 tempore
1268 458 1382 489 electus.
1398 457 1518 485 Joannes
1531 461 1625 484 sextus
1640 456 1702 490 fuit,
1712 464 1814 492 cogno-

180 503 274 525 mento
295 498 458 532 Historicus,
480 499 528 534 qui
547 500 641 528 sedem
655 501 730 528 illam
746 501 813 529 adiit
828 509 900 529 anno
910 501 972 528 897.
987 501 1011 528 ls
1026 506 1116 528 autem
1132 502 1199 528 adeo
1212 502 1244 529 ad
1257 501 1431 529 concordiam
1447 500 1606 536 dogmatum
1619 508 1673 527 non
1687 501 1814 533 accessit,

179 547 210 569 ut
235 549 265 570 se
290 543 345 570 imo
369 541 604 572 Chalcedonensis
627 545 723 580 synodi
746 545 853 573 hostem
869 545 895 572 in
911 544 1027 572 Ilistoria
1042 553 1090 572 sua
1107 545 1196 580 palam
1215 545 1394 580 proﬁteatur:
1419 550 1446 572 et
1466 551 1538 578 saepe
1562 543 1672 578 quidem
1700 551 1716 570 a
1741 544 1815 571 Con-

178 585 300 613 stantino
324 586 402 621 imp.,
423 593 472 621 per
495 587 684 616 Theodosium
718 589 848 624 legatum,
872 589 1139 623 Constantinopolim
1175 588 1260 616 fuisse.
1298 589 1442 616 invitatum
1474 589 1532 620 ait,
1549 595 1689 622 nunquam
1725 593 1814 615 tamen

179 629 243 657 illuc
259 629 423 664 profectum,
443 638 477 658 ne
491 631 567 665 pacis
583 631 658 660 initae
674 633 716 660 vel
742 633 867 660 ineundae
886 640 948 660 cum
963 632 1197 661 Chalcedonensis
1213 633 1307 669 synodi
1333 632 1446 661 asseclis
1469 632 1653 660 schismaticc
1669 632 1742 667 genti
1758 640 1814 660 sue

178 673 364 710 suspicionem
378 673 523 710 praeberet.

891 735 991 763 Claui:
1009 736 1112 770 quinm.

218 789 264 818 IX.
284 789 483 826 Episcoporum
516 792 600 819 totius
628 793 704 821 orbis
721 792 868 820 Christiani
891 793 1001 827 plenam
1024 793 1147 820 notitiam
1163 792 1337 828 quandonam
1353 792 1495 820 collectam
1513 791 1695 819 habebimus?
1714 791 1812 818 Orien-

183 834 280 862 talium
303 835 412 869 quidem
436 836 548 863 nomina
564 844 711 871 aggressus
728 841 770 863 est
784 843 947 863 enumerare
961 835 1112 872 Lequinius
1135 838 1161 864 in
1189 836 1298 864 Oriente
1318 835 1489 868 Christiano;
1511 839 1708 868 verumtamen,
1731 835 1814 862 unius

185 878 306 906 hominis
320 879 393 907 vires
412 878 436 907 is
452 880 529 907 labor
542 880 702 908 excedebat.
722 879 907 907 Nihilominus
923 881 1030 915 majore
1048 881 1138 909 adhuc
1157 889 1227 908 ausu
1244 880 1391 907 cardinalis
1411 879 1584 913 Garampius,
1597 879 1662 906 dum
1681 878 1815 907 Vaticano

183 922 322 950 tabulario
336 928 464 958 praeerat,
480 932 549 958 opus
566 924 732 952 moliebatur
748 924 909 959 inscriptum
929 924 1008 952 Orbis
1026 924 1206 955 Christianus.
1232 933 1294 952 cum
1319 924 1425 951 inﬁnita
1451 924 1644 958 episcoporum
1663 924 1813 958 congerie:

182 971 371 994 verumtamen
390 967 448 995 lucc
463 975 572 1002 quoque
589 968 743 995 lucubratio
759 968 786 995 in
805 969 969 996 schedarum
993 968 1199 995 innumerarum
1225 976 1322 994 acervo
1344 975 1397 994 ms.
1419 967 1502 1001 jacet.
1531 966 1584 994 Sed
1615 966 1688 993 enim
1705 966 1813 993 illarum

183 1011 294 1046 quidem
310 1012 465 1046 regionum,
486 1020 546 1046 qua
570 1013 724 1047 peculiares
747 1012 954 1047 episcopatuum
979 1020 1093 1039 suorum
1109 1012 1258 1047 scriptores
1282 1016 1368 1038 nacta
1388 1015 1463 1043 sunt,
1484 1011 1563 1038 facile
1587 1010 1741 1045 episcopos.
1762 1009 1814 1037 etsi

185 1055 307 1082 nondum
325 1063 432 1088 omnes,
450 1056 647 1084 nanciscimur.
665 1057 788 1083 Aliarum
805 1064 880 1088 vero,
901 1064 962 1091 qua:
981 1057 1106 1090 plurima:
1130 1061 1205 1086 sunt.
1231 1055 1372 1089 regionum
1389 1055 1533 1089 episcopos
1552 1062 1687 1089 nusquam
1714 1054 1814 1081 melius

183 1107 264 1134 quam
279 1099 307 1126 in
323 1099 423 1127 Labbei
443 1100 477 1127 ad
492 1100 609 1128 concilia
625 1105 755 1135 apparatu
773 1100 977 1134 cognoscimus,
997 1099 1067 1134 apud
1103 1106 1185 1133 quem
1208 1102 1262 1125 tam
1279 1098 1414 1133 generalis
1432 1105 1514 1133 quam
1537 1098 1735 1133 geographicus
1756 1098 1816 1132 epi-

183 1150 343 1178 scoporum.
358 1143 405 1178 qui
424 1143 452 1170 in
475 1143 598 1170 collectis
611 1144 647 1170 ab
659 1150 693 1170 eo
713 1143 840 1170 conciliis
854 1144 1042 1174 nominantur,
1058 1142 1200 1176 catalogus
1225 1142 1336 1176 legitur.
1355 1143 1482 1169 Attamen
1498 1142 1541 1169 hic
1557 1150 1666 1177 quoque
1681 1149 1813 1169 numerus

183 1192 356 1222 quantopere
370 1188 407 1214 sit
418 1187 608 1222 imperfectus,
622 1186 747 1222 quotidie
762 1187 943 1221 dignoscitur,
958 1187 1048 1220 primo
1061 1187 1125 1220 quia
1140 1186 1247 1213 nonnisi
1260 1186 1384 1213 conciliis
1395 1186 1500 1218 nititur,
1514 1186 1612 1213 iterum
1625 1186 1689 1220 quia
1700 1186 1816 1213 concilia

185 1230 244 1264 ipsa
258 1230 332 1257 haud
350 1229 443 1256 omnia
460 1237 549 1264 neque
562 1234 628 1256 tunc
644 1238 732 1264 neque
744 1230 825 1257 modo
839 1235 903 1257 sunt
917 1231 1025 1265 cognita
1040 1239 1047 1257 :
1061 1238 1124 1258 ecce
1140 1231 1212 1258 enim
1227 1238 1277 1258 nos
1291 1231 1341 1266 ipsi
1357 1232 1525 1265 incomperta
1542 1230 1650 1258 Labbeo
1662 1231 1715 1258 duo
1727 1238 1814 1263 nuper

185 1273 370 1308 vulgavimus,
382 1281 445 1300 cum
462 1273 655 1309 episcoporum
673 1274 820 1300 multorum
837 1274 1098 1309 subscriptionilms.
1117 1274 1254 1308 Quorsum
1282 1275 1339 1301 lucc
1361 1275 1500 1302 dicimus?
1526 1274 1627 1308 Nempe
1643 1278 1672 1301 ut
1688 1274 1812 1309 quintam

185 1316 365 1351 epistolarum
382 1316 484 1345 Nicolai
501 1317 616 1345 classem
634 1317 685 1344 hoc
701 1317 796 1344 saltem
811 1318 891 1344 titulo
903 1319 1139 1350 commendemus,
1160 1319 1232 1353 quod
1248 1319 1391 1354 Byzantini
1407 1319 1608 1353 patriarchatus
1623 1319 1814 1353 episcoporum

186 1362 298 1389 nomina
314 1362 413 1397 partim
429 1362 552 1390 inaudita
569 1361 689 1389 fortasse
703 1362 812 1394 recitat,
829 1362 927 1396 partim
942 1370 1013 1390 novo
1028 1364 1195 1390 documento
1208 1363 1379 1390 conﬁrmata.
1397 1361 1464 1389 Nam
1480 1364 1513 1389 de
1527 1363 1699 1397 singularum
1713 1364 1816 1397 episto-

186 1406 275 1433 larum
296 1406 464 1442 argumentis
489 1406 630 1433 brevitatis
648 1406 735 1440 gratia
762 1406 804 1433 vix
829 1406 902 1441 loqui
929 1414 1089 1440 possumus.
1118 1407 1186 1434 Cum
1210 1407 1245 1434 de
1271 1406 1403 1440 Bulgarim
1420 1407 1629 1440 archiepiscopo
1653 1407 1709 1441 jam
1733 1411 1808 1434 retro

188 1450 351 1483 dixerimus,
374 1449 496 1485 reliquos
516 1450 688 1484 alphabetico
709 1449 805 1477 ordine
830 1457 1037 1484 prosequemur.
1053 1458 1174 1484 quorum
1189 1450 1212 1477 si
1227 1457 1307 1485 quam
1327 1449 1451 1477 notitiam
1469 1458 1501 1476 ex
1518 1449 1628 1477 Labbeo
1644 1450 1684 1477 vel
1705 1450 1816 1477 aliunde

189 1494 345 1526 transimus,
361 1501 415 1521 non
432 1494 618 1521 reticebimus.
649 1493 697 1528 Ep.
716 1493 760 1524 5‘2.
779 1493 838 1526 118,
863 1494 922 1524 155,
943 1494 1003 1524 151.
1018 1494 1069 1521 155
1086 1494 1189 1522 Alaniae
1216 1493 1470 1529 archiepiscopatus
1484 1498 1525 1521 est
1541 1494 1567 1520 in
1588 1493 1688 1520 Leonis
1702 1494 1817 1528 Sapien-

187 1541 223 1567 tis
238 1539 433 1566 schematismo
448 1538 519 1574 apud
537 1537 733 1565 Leunclavium
750 1542 768 1565 t.
785 1537 804 1571 l,
823 1546 848 1572 p.
866 1537 911 1564 88.
937 1538 1058 1566 Alterius
1083 1539 1246 1566 recentioris
1266 1538 1370 1566 Alanis?
1388 1538 1587 1572 archiepiscopi
1605 1538 1705 1572 scripta
1720 1539 1814 1565 Graeca

186 1583 262 1611 haud
280 1582 436 1618 paenitenda
454 1582 522 1609 mihi
544 1582 653 1618 cognita
678 1586 755 1616 sunt,
773 1590 834 1616 quis
855 1587 948 1618 postea
965 1583 1097 1610 litterario
1115 1583 1174 1609 orbi
1198 1582 1371 1616 patefaciam.
1389 1582 1438 1615 Ep.
1454 1582 1498 1614 65,
1512 1582 1598 1609 Amisi
1616 1580 1746 1609 Joannes.
1765 1582 1814 1616 Ep.

187 1627 252 1660 H5,
273 1627 445 1655 Athenarum
467 1626 576 1654 Nicetas
603 1626 729 1653 interfuit
751 1626 868 1653 concilio
895 1626 1104 1658 Constantinop.
1132 1633 1178 1650 an.
1201 1625 1264 1649 870.
1292 1624 1457 1650 Memoratur
1480 1625 1562 1651 etiam
1587 1625 1648 1658 ejus
1671 1632 1817 1652 successor

188 1670 276 1698 Sabas
293 1671 339 1705 qui
357 1669 483 1697 interfuit
504 1670 731 1706 pseudo-synodo
748 1669 889 1697 Photiana:
912 1677 957 1696 an.
976 1668 1039 1694 879.
1060 1667 1108 1700 Ep.
1127 1666 1188 1695 us.
1212 1664 1365 1691 Antiochiae
1387 1667 1558 1698 metropolita
1578 1667 1755 1700 Eutliymilts:
1774 1668 1818 1693 ἰη-

191 1714 281 1749 tellige
298 1714 404 1742 Pisidiae
415 1715 601 1748 Antiochiam,
617 1723 678 1750 qtue
695 1722 791 1742 revera
809 1718 868 1741 erat
892 1711 1062 1744 metropolis,
1083 1709 1168 1735 Labb.
1187 1707 1244 1734 ind.
1259 1714 1351 1742 geogr.
1370 1707 1422 1742 Ep.
1439 1707 1499 1739 111,
1521 1709 1583 1741 128,
1601 1708 1720 1736 Chaldiae
1737 1709 1817 1737 Basi-

190 1758 260 1791 lius;
280 1757 408 1785 mendum
428 1758 536 1786 videtur
558 1759 585 1786 ln
609 1758 728 1785 concilio
749 1755 959 1788 Constantinop.
981 1754 1045 1780 anni
1061 1752 1125 1783 870,
1150 1751 1194 1779 ubi
1219 1751 1336 1780 Basilius
1358 1751 1604 1786 Chalcedonensis,
1628 1752 1743 1782 fortasse
1767 1762 1816 1789 pro

190 1801 374 1830 Chaldiensis.
396 1802 483 1830 Porro
506 1803 621 1830 Chaldia
643 1801 695 1829 fuit
716 1807 800 1828 unum
826 1806 859 1826 ex
883 1797 993 1831 imperii
1016 1796 1181 1824 thematibus
1202 1797 1228 1824 in
1256 1796 1367 1832 Pontica
1386 1797 1506 1831 regione.
1523 1796 1572 1830 Ep.
1588 1797 1650 1830 106,
1666 1797 1816 1826 Chersonis

191 1846 418 1882 archiepiscopus
433 1847 542 1874 videtur
555 1846 601 1873 ille
619 1845 719 1873 Paulus
734 1843 780 1878 qui
799 1843 851 1869 hoc
866 1841 945 1867 titulo
961 1840 1124 1874 subscripsit
1147 1840 1371 1875 pseudo-synodo
1386 1840 1527 1868 Photianze
1544 1849 1590 1868 an.
1604 1841 1666 1869 879.
1683 1841 1732 1877 Ep.
1751 1843 1815 1876 15⁷,

187 1890 277 1926 Cyzici
296 1890 458 1919 Demetrius.
476 1890 524 1925 Ep.
544 1890 589 1922 50,
605 1889 668 1920 107,
684 1887 746 1920 150,
761 1886 822 1919 157,
839 1885 901 1917 158,
924 1884 977 1919 Cyz

1040 1885 1211 1920 metropolita
1235 1884 1367 1920 lgnatius.
1395 1883 1445 1919 Ep.
1473 1885 1519 1917 93,
1540 1886 1602 1918 115,
1622 1886 1816 1922 Claudiopolos

190 1936 375 1964 Theoclislus.
390 1937 441 1971 Ep.
458 1935 505 1967 59,
520 1935 566 1967 41,
582 1934 629 1966 42,
646 1933 692 1964 48,
706 1932 752 1963 89,
769 1931 814 1963 94,
832 1930 894 1962 HL,
914 1930 976 1962 132,

1028 1931 1051 1961 1,
1070 1931 1131 1963 151,
1149 1930 1212 1962 160,
1231 1930 1330 1965 Ephesi
1350 1930 1524 1966 metropolita
1547 1932 1696 1967 Gregorius
1714 1934 1816 1962 scribi-

190 1986 234 2009 ιιιι-
249 1982 276 2009 in
293 1981 400 2009 ονίεηιε
416 1979 584 2011 Christiano,
599 1983 619 2004 t.
638 1977 657 2009 I,
674 1985 700 2011 p.
717 1975 780 2008 685,
796 1979 822 2002 et
838 1975 908 2009 apud
928 1974 1012 2002 Labb.
1035 1973 1161 2001 Interfuit
1177 1973 1402 2009 pseudo-synodo
1417 1974 1567 2002 Photianaa.
1584 1976 1632 2010 Ep.
1650 1976 1712 2008 152,
1729 1977 1816 2005 Hera-

188 2026 255 2053 clca‘.
270 2024 395 2053 Photius.
411 2023 460 2058 Ep.
477 2023 525 2053 58.
540 2021 624 2049 lconii
641 2027 806 2055 anonymus.
824 2018 963 2046 Palladius
974 2017 1082 2053 quidem
1103 2018 1189 2045 lconii
1208 2018 1364 2045 nominatur
1377 2019 1404 2046 in
1419 2018 1534 2053 epistola
1547 2019 1649 2048 Leonis
1664 2021 1729 2056 imp.
1743 2023 1815 2057 apud

190 2070 276 2097 Labb.
293 2075 314 2097 t.
330 2069 375 2100 ιν,
393 2075 420 2102 p.
441 2066 521 2095 1856.
540 2065 681 2101 Slylianus
702 2067 729 2091 et
752 2063 972 2099 Theophylactus
996 2063 1079 2090 lconii
1100 2063 1127 2090 in
1147 2063 1252 2098 synodo
1272 2062 1482 2098 Constantinop.
1500 2071 1546 2091 an.
1564 2064 1626 2091 870.
1647 2064 1816 2100 Theophilus

189 2112 276 2140 lconii
294 2114 322 2140 ln
338 2110 564 2146 pseudo-synodo
581 2108 723 2136 Photiana.
742 2107 792 2141 Ep.
807 2107 851 2139 εδ,
866 2107 999 2143 llydruuli
1020 2114 1186 2142 anonymus,
1201 2107 1310 2134 videtur
1326 2106 1436 2134 Marcus
1455 2106 1644 2142 Hydruntinus
1660 2110 1704 2143 qui
1723 2111 1773 2136 fuit
1788 2111 1815 2137 in

190 2155 419 2191 pseudo-synodo
435 2153 580 2180 Photiana.
597 2152 646 2188 Ep.
666 2151 727 2184 101,
744 2151 806 2184 158,
821 2151 962 2180 Laodicea
979 2152 1148 2186 metropolita
1165 2151 1373 2179 Constantinus.
1390 2151 1440 2186 Ep.
1455 2152 1517 2183 116,
1532 2151 1649 2180 Larissae
1662 2153 1815 2188 Philippus.

193 2201 243 2235 Ep.
257 2200 304 2233 49,
319 2198 499 2233 metropolitis
513 2203 590 2225 extra
609 2197 831 2225 communionem
845 2196 954 2231 positis.
968 2196 1002 2223 ob
1018 2195 1138 2223 schisma
1158 2195 1283 2222 videlicet
1307 2196 1333 2222 in
1361 2202 1445 2222 causa
1469 2196 1655 2230 tetragamiae;
1676 2204 1691 2224 a
1716 2198 1816 2231 quibus

191 2243 317 2278 queritur
334 2250 363 2269 se.
377 2241 551 2274 derelictum,
568 2249 584 2269 a
604 2241 668 2269 ﬁliis
682 2246 798 2276 patrem.
817 2240 868 2274 Ep.
891 2241 936 2272 71,
956 2240 1019 2273 100,
1043 2240 1139 2267 Nicaea
1156 2239 1310 2266 Alexander
1333 2240 1360 2266 in
1386 2239 1494 2266 Oriente
1516 2239 1617 2266 Christ.
1633 2244 1653 2267 t.
1670 2240 1690 2272 Ι,
1707 2249 1733 2275 p.
1753 2242 1815 2269 618.

193 2286 242 2322 Ep.
255 2287 301 2319 96,
315 2287 361 2320 97,
378 2285 542 2314 Nicomedia:
559 2285 690 2321 lgnatius.
709 2286 759 2320 Ep.
771 2285 818 2314 43.
835 2285 896 2316 H9.
912 2284 976 2316 125,
1000 2284 1143 2311 Patrarum
1160 2284 1333 2318 metropolita
1349 2284 1482 2310 Andreas.
1500 2283 1548 2317 Ep.
1570 2284 1631 2316 108,
1654 2284 1716 2315 110,
1730 2284 1817 2312 Pissi-

193 2332 287 2360 nuntia
305 2330 461 2359 Eustratius
475 2331 502 2358 in
522 2330 744 2365 pseudo-synodo
760 2329 906 2356 Photiaua.
925 2328 974 2362 Ep.
992 2328 1053 2360 112,
1070 2328 1198 2356 Sardium
1217 2328 1389 2362 metropolita
1403 2327 1550 2355 Antonius.
1572 2327 1622 2363 Ep.
1641 2328 1684 2360 57,
1702 2329 1818 2364 Synadis

192 2384 357 2410 anonymus.
375 2375 473 2403 Petrus
492 2374 679 2410 Synnaclensis
705 2374 732 2400 in
756 2373 875 2400 concilio
892 2372 1101 2407 Coustantinop.
1120 2372 1184 2399 anni
1207 2371 1270 2399 870.
1294 2371 1424 2399 Nieolaus
1448 2370 1636 2406 Synnadensis
1654 2372 1680 2399 in
1701 2374 1818 2407 pseudo-

192 2407 298 2456 synodo
314 2420 448 2447 Photiana
469 2407 533 2446 anni
558 2419 620 2446 879.
643 2417 682 2444 Ad
710 2418 782 2444 hunc
808 2416 929 2444 scribere
951 2415 1095 2443 Nicolaum
1125 2417 1309 2450 patriarcham
1332 2415 1497 2443 credendum
1517 2420 1568 2443 est.
1597 2416 1646 2452 Ep.
1670 2417 1731 2450 117,
1754 2417 1817 2452 129,

193 2465 274 2500 Sylaai
290 2464 356 2492 Leo.
377 2464 427 2498 Ep.
447 2463 508 2493 122.
525 2461 690 2489 Ambmsius
703 2461 859 2496 episcopus.
879 2460 929 2494 Ep.
943 2459 987 2491 98,
1002 2467 1157 2495 auonymus
1169 2459 1327 2494 episcopum.

227 2470 274 2493 'lati
290 2470 356 2492 Leo.
377 2470 427 2498 Ep.
447 2470 508 2493 122.
525 2470 690 2489 amliroslus
703 2470 859 2496 episcopus.
879 2470 929 2494 np.
943 2470 987 2491 va,
1002 2470 1157 2495 anonyutus
1169 2470 1327 2494 cpiscopus.
1412 2470 1465 2531 α

227 2508 256 2536 In
271 2508 354 2544 hujus
368 2508 472 2543 quinta
489 2507 586 2536 classis
600 2505 725 2541 epistolis
747 2505 839 2540 agitur
862 2504 897 2532 de
921 2504 1099 2531 ecclesiarum
1115 2504 1257 2539 regimine.
1276 2504 1310 2531 de
1325 2504 1416 2532 schisn
1458 2513 1473 2531 e
1484 2505 1652 2540 tetragamia
1666 2512 1758 2537 causa,
1785 2505 1819 2533 de

192 2551 279 2579 variis
294 2551 367 2579 circa
383 2559 442 2578 eam
457 2556 564 2579 aetatem
581 2549 707 2585 personis
721 2548 765 2576 vel
783 2547 914 2583 negotiis,
936 2547 970 2575 de
991 2548 1113 2582 ejusdem
1131 2548 1264 2582 temporis
1282 2548 1495 2576 calamitatibus.
1519 2549 1548 2576 lu
1569 2557 1612 2583 ep.
1627 2549 1662 2576 94
1675 2550 1819 2582 attingitur

194 2595 378 2622 immunitatis
395 2595 588 2623 ecclesiastica:
609 2594 666 2629 jus.
695 2593 808 2628 Aliquot
831 2592 950 2626 denique
965 2591 1088 2626 epistolae
1101 2591 1250 2619 familiares
1265 2596 1329 2619 sunt
1341 2597 1368 2620 et
1381 2592 1519 2621 ofﬁciosa.
1535 2593 1739 2629 Anonymarum
1755 2593 1819 2628 qui-

193 2639 254 2667 dem
269 2639 448 2676 epistularum
465 2639 604 2666 nonnullae
618 2637 723 2672 absque
738 2635 823 2663 dubio
839 2636 998 2663 scribuntur
1013 2635 1047 2662 ad
1063 2636 1217 2670 episcopos.

903 2690 1004 2718 Classis
1022 2696 1106 2718 sexta.

228 2763 264 2790 Χ.
290 2761 455 2791 Scribuntur
465 2761 550 2797 hujus
565 2761 663 2790 classis
680 2760 807 2796 epistola:
823 2760 857 2789 ad
880 2759 975 2788 civiles
1000 2758 1188 2794 magistratus.
1213 2758 1317 2786 Horum
1339 2759 1461 2787 notitiam
1486 2761 1530 2788 vix
1554 2762 1636 2788 ullam
1654 2766 1702 2788 aut
1717 2769 1751 2789 ne
1775 2762 1818 2788 vix

193 2807 302 2840 quidem
314 2807 443 2840 scribam,
456 2807 521 2842 quia
536 2807 570 2834 dc
587 2805 714 2842 personis
737 2803 839 2841 longus
859 2812 949 2832 sermo
966 2803 1047 2837 foret,
1061 2803 1212 2831 oﬁiciorum
1233 2807 1324 2831 autem
1339 2805 1410 2831 tituli
1427 2805 1483 2832 noli
1501 2810 1566 2833 sunt
1587 2814 1619 2833 ex
1636 2806 1713 2834 libris
1730 2806 1764 2833 dc
1775 2806 1817 2833 di-

195 2851 344 2890 gnitatibus
359 2851 426 2881 aulae
447 2851 614 2886 Byzantium,
636 2849 804 2885 praefectura:
829 2849 946 2884 denique
967 2847 1100 2884 pleraeque
1124 2849 1318 2878 describuntur
1343 2849 1369 2876 in
1395 2849 1568 2878 Constantini
1594 2850 1658 2885 imp.
1685 2851 1754 2877 libro
1783 2850 1819 2878 Da
