2000 3070
173 167 206 198 31
737 165 889 194 NICOLAI
909 165 963 194 Cl’.
985 164 1242 194 PATRIARCELE
1768 162 1806 194 32

176 225 324 253 Saracenis
339 226 399 259 lege
418 225 586 260 gubernatis,
606 229 632 252 et
648 223 737 251 insula
760 231 832 258 qum,
856 229 964 251 trecen-

1026 224 1073 254 μοῖς
1088 223 1144 254 τοῖς
1159 223 1234 256 νόμῳ
1246 221 1476 256 πολιτευομένοις,
1491 221 1537 248 καὶ
1551 221 1632 255 νῆσος
1644 220 1743 256 μικροῦ
1759 220 1807 256 ἔτη

176 272 214 298 tis
238 272 294 298 fere
316 271 416 298 abhinc
443 272 532 303 anuis,
558 279 589 298 ex
620 278 674 304 quo

182 316 278 344 cll‘eeta
291 322 343 347 est,
357 323 494 349 nunquam
510 315 680 342 subditorum
693 315 816 342 ordinem
829 315 963 347 decernit,

179 370 270 396 neque
294 362 440 397 quidquam
467 361 527 388 novi
553 361 662 388 admisit
686 361 758 388 circa
777 361 889 394 tributa,
908 361 966 389 sive

181 407 368 442 quodcunque
381 407 450 434 aliud
467 406 606 433 servilium
618 405 765 434 Saracenis
780 406 964 439 tribuendum,

181 461 272 488 neque
283 453 363 479 ullam
390 451 593 486 reprehensioni
613 459 725 479 causam
745 459 801 486 prte
818 459 847 479 se
862 451 965 483 ferens,

183 498 241 525 sola
272 497 389 524 amentia
413 496 531 523 hominis
563 497 610 531 qui
640 497 861 524 Christianorum
887 496 967 523 ﬁdem

182 544 300 577 negavit.
318 542 421 568 cultum
439 549 503 568 vero
528 541 731 569 Saracenorum
757 542 903 573 adulterat,
921 542 968 568 de-

181 593 254 617 serta
272 589 341 616 facta
357 592 398 615 est
413 596 445 616 ac
460 588 552 623 periit,
567 589 683 624 eiusque
706 589 803 616 incola
814 588 859 615 alii
880 587 968 623 gladio

182 635 255 665 caesi,
275 634 320 661 alii
333 642 397 660 vero
419 634 532 661 sedibus
549 634 608 661 suis
626 634 744 668 expulsi,
771 634 843 661 istud
864 638 969 660 tantum

183 680 286 707 crimen
304 679 436 706 habentes
449 679 520 714 quod
539 683 615 706 tanto
628 683 749 714 tempore
764 679 880 706 libenter
892 679 971 707 vobis

182 725 338 757 servierint,
358 733 447 760 neque
469 733 588 759 unquam
602 725 703 753 fuerint
723 725 750 752 in
765 729 886 752 vestrum
908 732 972 760 pec-

181 775 277 798 cantes
309 771 470 806 obsequium
496 771 670 806 deprehensi,
686 771 750 798 licet
767 772 866 806 saeplus
883 771 972 807 gravi-

183 822 224 844 ter
238 817 267 844 in
288 824 337 844 eos
359 822 454 844 contra
471 816 607 844 foederum
635 817 698 852 jura
723 821 750 845 et
772 818 844 852 quod
862 825 971 852 aequum

185 867 254 894 crat,
277 862 382 890 fueritis
397 862 496 890 invecti
511 871 518 896 ;
540 863 588 890 sed
607 867 634 891 et
649 863 671 890 si
693 864 802 898 quando
815 868 968 898 peccantes,

185 914 216 936 ut
257 908 412 936 hominibus
437 917 485 943 par
512 913 563 942 est,
597 909 700 944 aliquid
728 913 822 936 contra
851 914 970 937 vestram
989 896 1009 924 Β

187 954 356 982 voluntatem
376 954 445 981 forte
463 955 624 988 voluissem,
640 962 694 982 non
718 960 810 982 tamen
829 955 972 990 oportebat

185 1007 234 1027 eos
259 1000 344 1027 armis
364 999 400 1027 ita
427 1000 538 1034 aggredi
562 1008 614 1028 nec
637 1000 729 1028 statim
753 1000 780 1027 in
802 1005 921 1034 stragem
945 1004 972 1027 et

184 1046 297 1073 vulnera
316 1054 444 1078 currere;
465 1046 538 1080 quod
563 1054 617 1073 non
633 1047 722 1074 solum
737 1046 883 1074 Saracenis
903 1046 974 1073 indi—

185 1099 281 1126 gnum,
299 1092 345 1119 sed
377 1092 459 1119 etiam
480 1092 602 1126 quolibet.
619 1092 721 1127 populo
740 1092 867 1119 humanae
890 1091 975 1118 admi-

184 1137 358 1165 nistrationis
387 1141 414 1164 et
442 1137 660 1164 conversationis
688 1144 743 1164 non
769 1137 855 1164 inscio
886 1144 975 1170 neque

185 1184 385 1215 immemores;
415 1183 461 1210 sed
482 1183 557 1216 prius
586 1183 785 1217 reprehendere
819 1187 975 1217 peccatum,

187 1227 318 1262 injustam
336 1229 431 1262 agendi
450 1227 778 1260 rationemjconvincere,
802 1235 905 1262 eosque
929 1227 978 1254 atl-

189 1279 302 1298 monere
332 1276 362 1298 ut
388 1272 580 1306 resipiscerent
609 1280 659 1299 nec
684 1272 761 1306 justo
797 1273 973 1305 exciderent,

190 1324 280 1351 neque
307 1317 402 1348 semel,
432 1318 479 1344 sed
509 1318 552 1344 bis
581 1322 608 1344 et
627 1318 746 1351 smpius;
776 1318 827 1345 nisi
853 1326 917 1346 vero
944 1320 977 1347 ad

188 1362 289 1389 bonum
303 1362 400 1390 vellent
421 1363 519 1395 redire,
532 1363 610 1390 malae
640 1363 774 1391 voluntati
803 1364 976 1398 inhaerentes,

190 1413 256 1434 Iulle
287 1408 361 1435 omni
388 1408 481 1436 divina
516 1409 691 1443 humanaque
721 1409 823 1436 ultione
850 1416 976 1445 arrepta,

188 1453 360 1481 eonaremiui
386 1454 483 1488 punire
497 1459 523 1481 et
538 1454 685 1488 reprimere
703 1455 849 1481 amentiam
866 1462 899 1482 eo
915 1462 978 1489 pro-

189 1502 305 1526 vectam.
331 1499 382 1526 Sed
401 1499 466 1526 nihil
485 1500 580 1526 horum
596 1498 698 1526 factum
714 1503 770 1532 est;
787 1499 852 1532 imo,
868 1504 896 1526 ut
909 1500 976 1532 dixi,

189 1545 313 1572 homines
336 1545 462 1572 innoxios
482 1546 616 1581 culpaque
657 1553 768 1578 vacuos,
790 1545 890 1580 quique
910 1546 976 1572 nihil
989 1561 1011 1592 ρ

186 1589 339 1624 antiquitus
367 1590 523 1625 juratorum
546 1591 730 1623 violaverunt,
755 1598 809 1618 non
837 1599 916 1619 secus
944 1599 977 1619 at:

188 1635 283 1663 hostes
296 1636 364 1663 estis
377 1635 505 1664 insecuti.

225 1770 294 1803 Quis
310 1769 374 1797 talia
390 1769 515 1802 audiens,
534 1769 592 1797 sive
612 1777 709 1797 eorum
727 1769 774 1805 qui
799 1778 871 1798 nunc
899 1774 976 1802 sunt,

191 1816 249 1842 sive
259 1815 423 1848 futurorum,
435 1819 572 1850 gestorum
585 1820 710 1843 auctores
723 1823 828 1850 magna
841 1815 978 1850 iniustitiae

192 1868 246 1887 non
258 1860 472 1888 condemnabit?
488 1867 580 1888 nonne
590 1861 673 1888 etiam
689 1860 807 1894 majores
820 1861 915 1893 vestri,
931 1860 977 1896 qui

191 1905 296 1933 foedera
311 1913 373 1933 eum
393 1906 629 1941 Cypriisiuierunt
645 1905 864 1940 juramentlsque
879 1906 979 1933 conﬁr—

192 1955 316 1984 marunt,
336 1951 359 1979 si
375 1952 437 1986 quis
452 1951 588 1979 defunctis
611 1955 736 1978 remanet
757 1958 856 1978 sensus
881 1958 977 1978 eorum

188 2005 249 2032 quae
262 1997 308 2025 hic
323 2002 493 2032 quieruutur,
510 2001 605 2024 contra
617 2004 665 2024 vos
683 1996 844 2031 gemebundi
855 1995 979 2030 indigna-

187 2045 302 2077 buntur,
314 2051 418 2079 vosque
433 2043 525 2071 omnis
543 2042 780 2070 condemnationis
796 2049 858 2069 reos
869 2041 978 2077 judica-

190 2091 268 2122 bunt,
295 2094 425 2125 tanquam
455 2096 549 2117 sontes
569 2096 625 2116 non
651 2088 741 2116 solum
763 2089 790 2116 in
813 2087 975 2123 Cypriorum

190 2135 320 2168 insulam,
349 2135 396 2162 sed
411 2135 493 2162 etiam
509 2135 537 2161 in
558 2134 645 2169 ipsos,
664 2139 691 2161 et
703 2138 733 2161 ut
753 2134 903 2168 parricidas
917 2142 976 2162 om-

190 2181 273 2208 nibus
293 2188 342 2208 vos
363 2181 517 2208 maledictis
534 2180 707 2208 onerabunti
723 2180 797 2215 quod
821 2181 844 2209 si
866 2180 929 2216 quis
947 2181 975 2209 in

716 270 860 297 tributaria
888 271 964 298 vobis

1026 267 1161 302 τριακόσια
1175 267 1205 299 ἐξ
1225 263 1256 292 οὗ
1279 266 1415 301 ὑπόφορος
1433 265 1502 292 οὖσα
1525 266 1591 299 ὑμῖν
1611 265 1745 300 ἐγεγόνει,
1762 266 1810 291 καὶ

1018 314 1089 340 κατα
1105 313 1189 347 μηδὲν
1201 312 1317 347 ὀφθεῖσα
1330 313 1379 347 τῆς
1403 312 1526 347 ὑπηκόου
1538 312 1644 344 τάξεως
1672 311 1810 346 μεταῦαλ-

1016 358 1131 392 λομένη,
1156 358 1222 393 μηδὲ
1244 357 1468 392 καινοτομήσασα
1485 366 1510 384 τι
1533 357 1600 391 περὶ
1618 357 1683 388 τοὺς
1698 357 1810 392 φόρους,

1018 403 1086 439 μηδὲ
1117 403 1182 438 περὶ
1208 404 1259 439 τὴν
1277 403 1361 438 ἀλλην
1387 403 1522 435 δουλείαν,
1551 403 1618 438 ὅσην
1642 403 1811 438 Σαρακηνοῖς

1017 447 1155 476 δουλεύειν
1177 448 1274 484 ἐχρῆν,
1299 448 1362 484 μηδ’
1384 449 1455 480 ὅλως
1487 457 1514 475 τι
1538 448 1593 475 τῶν
1620 448 1751 484 Εγκλησιν
1764 449 1812 475 ἑπ-

1018 495 1141 529 αγόντων
1152 495 1246 522 αἰτίαν
1258 495 1390 529 φέρουσα,
1402 495 1434 520 ἐκ
1448 494 1533 528 μόνης
1548 494 1679 526 ἀπονοίας
1700 493 1811 529 ἀνδρὸς,

1019 541 1067 567 καὶ¹
1084 541 1133 575 τὴν
1149 541 1204 566 τῶν
1221 541 1395 575 Χριστιανῶν
1423 540 1620 575 ἀπηρνημένου
1645 540 1749 572 πίστιν,
1764 539 1812 566 καὶ

1019 586 1050 612 τδ
1065 586 1234 621 Σαρακηνῶν
1264 586 1349 616 σέϐας
1369 585 1538 618 νοθεύοντος,
1557 585 1737 620 ἐξηρήμωται
1765 586 1812 612 καὶ

1020 628 1154 657 ἀπόλωλε.
1173 630 1229 656 Καὶ
1243 630 1267 656 oi
1288 629 1392 664 ταύτης
1403 630 1545 665 οἰκήτορες
1561 630 1585 656 oi
1602 629 1652 665 μιν
1671 629 1813 666 μαχαίρας

1022 674 1114 709 ἔργον,
1129 675 1155 701 οἱ
1169 675 1199 702 δὲ
1215 675 1362 702 ἀνάστατοι
1386 675 1528 710 γεγόνασι,
1544 675 1625 702 τούτο
1642 676 1725 710 μόνον
1736 676 1814 710 ἔχον-

1021 728 1067 752 τες
1084 720 1222 756 ἔγκλημα,
1246 721 1287 748 ὅτι
1319 721 1366 748 ἐπὶ
1394 721 1578 756 μακροτάτοις
1604 721 1676 748 οὕτω
1696 723 1810 757 χρόνοις

1024 766 1172 793 ὑπέκειντο
1198 767 1379 802 εὐγνωμόνως
1409 768 1485 802 ὑμῖν,
1504 768 1552 794 καὶ
1578 767 1655 794 οὐδὲν
1682 767 1814 802 ὤφθησαν

1022 813 1076 840 τῶν
1089 814 1128 845 εἷς
1145 814 1283 848 ὑμετέραν
1298 814 1472 848 ὲλλείψαντες
1497 813 1661 848 θεραπείαν,
1681 814 1814 845 πολλάκις

1023 861 1101 895 ὑμῶν
1114 861 1220 896 βαρέως
1239 861 1440 896 ἐπενεχθέντων
1454 862 1546 893 αὐτοῖς
1559 862 1606 888 καὶ
1628 861 1705 896 παρὰ
1726 870 1814 897 προσ-

1024 906 1092 941 ῆκον
1114 907 1161 932 καὶ
1179 907 1214 933 τὰ
1245 906 1325 934 κοινὰ
1338 907 1431 933 δίκαια
1461 907 1516 933 τῶν
1536 906 1702 941 συμφώνων.
1716 907 1815 934 Καίτοι

1023 960 1055 986 γε
1070 952 1149 986 εἴπερ
1159 953 1205 979 καὶ
1218 951 1262 979 οἷα
1275 953 1310 980 τὰ
1323 953 1484 988 ἀνθρώπινα
1495 953 1642 986 σφαλέντες
1652 953 1813 988 ἐτύγχανον,

1023 998 1070 1024 καὶ⁸
1081 999 1245 1030 ἀπεναντίας
1266 998 1421 1034 ἐφρόνησαν
1447 1007 1474 1025 τι
1487 998 1535 1025 τοῦ
1561 999 1696 1034 ὑμετέρου
1713 1001 1815 1034 φρονή-

1025 1052 1121 1078 ματος,
1132 1044 1185 1070 οὐδ’
1198 1043 1285 1075 οὕτως
1299 1045 1386 1079 ἐχρῆν
1398 1044 1492 1075 ὅπλοις
1508 1044 1628 1077 ἐπιέναι,
1644 1045 1701 1071 οὐδ’
1714 1045 1816 1072 αὐτίκα

1025 1090 1092 1124 πρὸς
1105 1090 1207 1123 αἵματα
1221 1091 1320 1124 χωρεῖν
1335 1091 1384 1117 καὶ
1396 1091 1504 1124 σφαγάς
1513 1098 1521 1105 θ
1537 1090 1617 1117 τοῦτο
1643 1091 1699 1125 γὰρ
1713 1091 1762 1126 οὐχ
1775 1091 1813 1117 ὅτι

1026 1134 1194 1168 Σαρακηνῶν
1205 1126 1290 1167 ἄξιον,
1304 1135 1362 1162 ἀλλ’
1380 1136 1440 1162 οὐδέ
1453 1145 1527 1168 τινος
1540 1136 1635 1171 ἑτέρου
1657 1136 1751 1168 ἔθνους
1769 1138 1816 1163 άν-

1027 1179 1171 1214 θρωπίνην
1185 1180 1326 1207 πολιτείαν
1344 1181 1392 1208 καὶ
1407 1181 1465 1216 βίον
1483 1182 1584 1213 εἰδότος
1599 1182 1646 1208 καὶ
1664 1182 1815 1214 σώζοντος-

1027 1225 1095 1251 ἀλλὰ
1114 1226 1249 1261 πρότερον
1265 1227 1394 1260 ἐγκαλεῖν
1413 1227 1478 1262 περὶ
1495 1227 1543 1253 τοῦ
1560 1227 1731 1262 σφάλματος.
1759 1228 1818 1261 ἑξε-

1028 1271 1138 1305 λέγχειν
1153 1272 1191 1303 ὡς
1208 1272 1239 1298 οὐ
1259 1271 1352 1300 δίκαια
1365 1273 1529 1308 πράττουσι,
1546 1275 1693 1308 παραινεῖν
1711 1273 1816 1299 ἑαυτῶν

1027 1317 1165 1350 γενέσθαι,
1181 1318 1229 1344 καὶ
1242 1318 1279 1353 μὴ
1292 1318 1458 1352 ἐκφέρεσθαι
1478 1318 1525 1345 τοῦ
1553 1319 1750 1354 προσήκοντος,
1770 1319 1817 1346 καὶ

1028 1363 1108 1390 τοῦτο
1123 1365 1172 1399 οὐχ
1195 1365 1279 1398 ἅπαξ,
1303 1365 1372 1392 ἀλλὰ
1387 1366 1434 1392 καὶ
1450 1366 1492 1397 δὶς
1517 1367 1565 1392 καὶ
1578 1366 1670 1394 πλέον.
1687 1367 1741 1392 Καὶ
1756 1366 1816 1400 εἴγε

1028 1409 1235 1445 ἁνεπιστρόφως
1260 1409 1344 1446 εἶχον,
1372 1411 1420 1438 καὶ
1452 1412 1514 1439 ἀντὶ
1532 1411 1580 1438 τοῦ
1607 1412 1776 1447 μεταμαθεῖν
1787 1413 1817 1438 τδ

1027 1454 1110 1481 καλὸν
1123 1457 1155 1490 τῇ
1170 1455 1271 1490 χείρονι
1297 1457 1473 1491 προσέκειντο
1502 1456 1612 1492 γνώμῃ,
1638 1458 1700 1484 τότε
1726 1459 1818 1485 πᾶσαν

1027 1499 1269 1534 άπεκδυσαμένους
1283 1501 1332 1528 καὶ⁸
1349 1501 1424 1528 θείαν
1441 1502 1552 1536 νέμεσιν
1568 1502 1615 1529 καὶ
1626 1503 1816 1538 ἀνθρωπίνην,

1027 1544 1178 1580 ἐπιχειρεῖν
1194 1544 1245 1580 τὴν
1256 1545 1390 1572 ἀπόνοιαν
1405 1545 1460 1572 τῶν
1477 1547 1516 1578 είς
1542 1546 1622 1572 τοῦτο
1639 1546 1817 1573 συνελασθέν-

1027 1589 1083 1615 τῶν
1103 1590 1291 1625 τιμωρεῖσθαι
1307 1591 1355 1618 καὶ
1366 1591 1541 1625 ἀνακρούειν.
1563 1591 1705 1628 Ἑπράχθη
1722 1592 1750 1619 δὲ
1763 1601 1818 1620 τοι-

1028 1633 1105 1660 οῦτον
1116 1635 1288 1667 οὺδέν·ἀλλ’,
1304 1635 1373 1670 ὅπερ
1390 1633 1478 1668 εἷπον,
1495 1636 1658 1672 ἀνθρώπους
1676 1637 1817 1670 ἀναιτίους

1030 1679 1112 1713 μηδὲν
1139 1680 1318 1716 ἠδικηκότας,
1344 1682 1429 1716 μηδὲν
1452 1681 1507 1708 τῶν
1521 1682 1550 1714 ἐξ
1570 1683 1657 1718 ἀρχῆς
1685 1683 1818 1715 δοξάντων

1029 1725 1208 1759 ἡθετηκότας,
1222 1726 1267 1753 ἴσα
1281 1727 1327 1754 καὶ
1342 1727 1486 1762 πολεμίοις
1501 1728 1711 1764 διεχειρίσασθε.

1062 1771 1221 1806 Τίςίάκούων
1229 1772 1336 1808 ταῦταῆ
1346 1772 1400 1800 τῶν
1407 1772 1466 1806 νῦν,
1476 1774 1493 1809 ἢ
1501 1774 1554 1800 τῶν
1563 1774 1712 1808 μετέπειτα
1719 1775 1818 1810 ἐσομέ-

1028 1825 1081 1843 νων
1091 1817 1152 1852 οὐχὶ
1172 1818 1295 1854 μεγάλην
1317 1818 1424 1846 ἀδικίαν
1437 1818 1491 1846 τῶν
1502 1819 1598 1852 [ταῦτα
1609 1820 1817 1854 καταγνώσεται

1028 1862 1294 1899 διαπεπραγμένωνς
1311 1864 1374 1896 Πῶς
1385 1864 1413 1891 δὲ
1427 1865 1451 1891 oi
1465 1866 1637 1901 προπάτορες
1648 1866 1726 1901 ὑμῶν
1745 1866 1770 1893 οἱ
1784 1864 1818 1893 τὰ

1029 1907 1161 1943 σύμφωνα
1170 1910 1217 1936 καὶ
1230 1910 1294 1942 τοὺς
1308 1911 1406 1945 ὅρκους
1416 1911 1524 1946 θέμενοι
1534 1912 1604 1947 πρὶς
1622 1911 1775 1947 Κυπρίους,
1788 1913 1814 1939 ei

1029 1962 1072 1986 τις
1085 1954 1144 1981 ἐστὶ
1152 1955 1207 1981 τῶν
1216 1957 1246 1982 ὲν
1261 1955 1300 1991 τῷ
1313 1956 1364 1992 βίῳ
1372 1957 1459 1992 τούτῳ
1465 1957 1662 1993 πραττομένων
1678 1958 1734 1989 τοῖς
1744 1958 1819 1985 ἀποι-

1028 1999 1154 2034 χομένοις
1171 2000 1358 2036 συναίσθησις,
1372 2002 1432 2037 οὐχὶ
1445 2002 1570 2037 μεγάλως
1581 2001 1741 2035 στενάξαιτο
1755 2002 1818 2029 καθ’

1028 2043 1116 2078 ὑμῶν,
1140 2044 1188 2071 καὶ
1203 2044 1294 2080 πάσης
1325 2046 1516 2080 κατακρίσεως
1552 2046 1664 2082 ἐνόχους
1694 2046 1819 2082 καταψη-

1027 2090 1162 2124 φιοῦνται,
1177 2090 1207 2117 οὒ
1234 2091 1316 2126 μόνον
1333 2091 1372 2124 ὡς
1397 2092 1611 2128 ἐξαμαρτῶντας
1631 2093 1671 2125 είς
1699 2093 1749 2129 τὴν
1763 2093 1819 2120 τῶν

1026 2136 1162 2171 Κυπρίων
1175 2136 1269 2171 νῆσον,
1283 2137 1354 2164 ἀλλὰ
1368 2138 1416 2165 καὶ
1438 2140 1478 2170 εἰς
1501 2138 1629 2170 ἐκείνους
1642 2139 1753 2171 αὐτοὺς,
1771 2140 1819 2166 καὶ

1026 2181 1064 2213 ὡς
1083 2181 1250 2217 πατραλοίας
1272 2182 1376 2214 πάσαις
1393 2182 1582 2209 ὑποϐαλοῦαιν
1597 2183 1701 2218 άραῖς;
1720 2185 1755 2210 Ἦ
1769 2184 1818 2211 ἐάν

191 2231 296 2261 patrem
312 2226 401 2253 adhuc
415 2226 549 2253 viventem
564 2234 598 2254 eo
610 2234 666 2261 quo
682 2227 869 2259 insurrexerit,
885 2230 975 2254 notam

1028 2234 1070 2258 τις
1090 2226 1161 2253 κατὰ
1190 2226 1237 2253 τοῦ
1267 2226 1333 2253 ίδίου
1353 2226 1458 2263 πατρὸς
1485 2227 1515 2252 ὲν
1529 2226 1568 2260 τῷ
1582 2227 1697 2261 παρόντι
1713 2228 1762 2263 βίῳ
1776 2229 1818 2259 είς

190 2271 331 2308 parricidii
354 2279 407 2298 non
423 2271 566 2306 eﬂ‘ugeret,
582 2280 674 2300 nonne
685 2271 731 2307 qui
747 2272 869 2300 defuncti
890 2271 976 2307 patris

190 2316 342 2345 voluntatis
367 2316 541 2349 contradicit,
563 2316 700 2351 parricida
724 2317 776 2345 erit
799 2316 978 2352 ejusdemque

190 2371 279 2398 pmnte
302 2362 388 2390 reus?
403 2362 516 2396 Ecquod
544 2362 616 2390 enim
643 2362 713 2390 inter
736 2363 794 2390 base
822 2361 978 2390 rebellionis

189 2414 313 2445 reSpectu
328 2410 406 2437 adest
423 2408 588 2436 discrimen?
603 2408 667 2443 quin
688 2408 753 2440 imo,
769 2409 792 2436 si
808 2408 870 2444 quis
887 2408 974 2444 probe

191 2456 346 2492 intelligere
371 2455 447 2487 velit.
464 2454 542 2490 pejus
567 2460 610 2482 est
625 2454 653 2481 in
669 2454 825 2482 defunctum
842 2461 924 2489 quam
949 2454 977 2481 in

191 2502 282 2528 vivum
298 2506 402 2536 patrem
421 2502 575 2535 insurgere,
592 2509 647 2536 quo
661 2501 748 2535 magis
764 2508 860 2529 eorum
879 2501 978 2528 interni

192 2547 237 2580 qui
262 2547 295 2573 ad
314 2547 434 2574 futuram
451 2547 534 2574 vitam
551 2551 735 2582 pervenerunt
749 2547 836 2574 honor
857 2554 872 2573 a
885 2546 979 2574 liberis

193 2592 314 2624 habitus,
330 2594 517 2627 memoriaque
537 2593 713 2622 veneratione
735 2593 812 2628 plena
828 2596 910 2627 atque
929 2600 979 2619 vo-

192 2638 305 2666 luntatis
330 2639 503 2667 observantia
523 2649 530 2668 :
548 2641 629 2668 homo
659 2647 724 2667 vero
757 2640 802 2667 ille
831 2639 979 2674 (quomodo

191 2684 329 2711 nominem
359 2685 473 2720 nescio).
496 2687 542 2720 qui
569 2686 743 2714 Christianos
770 2693 824 2712 non
855 2689 929 2712 amat
953 2690 980 2712 et

192 2731 393 2759 Saracenorum
412 2740 456 2760 res
480 2732 544 2760 facit
561 2732 781 2766 contemptibiles
805 2731 979 2767 (Damianum

194 2777 275 2812 tiico),
301 2785 388 2812 neque
410 2778 554 2813 prtesentia
576 2778 753 2806 considerans
780 2785 870 2812 neque
889 2776 980 2804 futura

190 2823 343 2856 allcndens.
360 2825 416 2852 sola
433 2833 483 2853 sua
506 2825 624 2852 amentia
648 2828 674 2852 et
690 2823 870 2852 irrationabili
887 2823 980 2851 furore

191 2872 298 2904 (aptus,
325 2870 435 2905 impiam
458 2879 515 2899 rem
532 2871 587 2906 agit
598 2869 706 2898 cunctis
729 2869 837 2898 Steculis
862 2868 977 2897 futuram

1028 2271 1216 2298 ἐπανάστασιν
1240 2271 1378 2305 καταστῇ,
1406 2269 1455 2296 τοῦ
1479 2270 1649 2305 πατραλοίας
1674 2268 1746 2298 εἶναι
1769 2273 1818 2308 τὴν

1027 2315 1136 2351 γραφὴν
1146 2315 1198 2342 οὐκ
1216 2315 1394 2350 ἐκφεύξεται,
1419 2315 1471 2350 τῆς
1485 2315 1515 2342 δὲ
1532 2315 1675 2353 παρούσης
1691 2318 1818 2344 ἀπελθόν-

1027 2370 1073 2393 τος
1090 2361 1174 2395 ζωῆς,
1189 2361 1238 2388 ὲὰν
1261 2361 1297 2388 τὰ
1317 2362 1418 2396 ἐκείνῳ
1441 2361 1585 2397 ἀνατρέψῃ
1612 2362 1739 2395 δόξαντα,
1765 2363 1817 2390 οὐκ

1028 2407 1105 2434 ἔσται
1118 2407 1298 2442 πατραλοίας,
1310 2407 1372 2434 οὐδὲ
1386 2408 1436 2442 τῆς
1448 2408 1533 2442 αὐτῆς
1546 2407 1637 2443 ἔνοχος
1649 2409 1817 2444 καταδίκης;

1029 2453 1062 2480 Τί
1077 2455 1131 2489 γὰρ
1152 2454 1230 2481 τοῦτο
1252 2454 1358 2481 ἐκείνου
1389 2454 1457 2488 πρὸς
1470 2454 1656 2482 ἐπανάστασιν
1675 2455 1816 2489 διαφέρεις

1029 2499 1139 2526 Μᾶλλον
1151 2499 1180 2526 δὲ
1197 2500 1223 2526 εῖ
1247 2509 1289 2531 τις
1316 2500 1440 2534 ἀκριὸὦς
1452 2500 1579 2535 βούλεται
1599 2501 1726 2534 συνιδεῖν,
1747 2501 1818 2535 αὕτη

1031 2545 1132 2582 μείζων
1145 2546 1192 2573 τοῦ
1204 2545 1284 2578 ζῶντι
1299 2547 1484 2580 ὲπαναστῆναι
1501 2547 1539 2580 τῷ
1555 2547 1643 2579 πατρὶ
1663 2548 1818 2574 ἐπανάστα-

1033 2600 1092 2623 σις,
1112 2593 1167 2627 ὅσῳ
1182 2592 1230 2619 καὶ
1247 2591 1348 2627 μᾶλλον
1367 2592 1449 2619 πλέον
1460 2592 1598 2626 ὀφείλεται
1609 2594 1665 2623 τοῖς
1680 2593 1749 2627 πρὸς
1768 2594 1818 2627 τὴν

1031 2637 1181 2672 μέλλουσαν
1193 2637 1397 2673 μεταϐεϐηκόσι
1424 2638 1499 2673 ζωὴν
1513 2639 1530 2673 ὴ
1550 2638 1627 2673 παρὰ
1641 2638 1696 2664 τῶν
1708 2639 1816 2665 τέκνων

1029 2683 1107 2717 τιμὴ,
1139 2683 1186 2709 καὶ
1212 2683 1298 2718 ήσὺν
1335 2683 1464 2718 εὐλαὸείᾳ
1500 2684 1606 2719 μνήμη,
1654 2683 1701 2710 καὶ
1726 2684 1743 2718 ἡ
1762 2682 1819 2708 τῶν

1029 2729 1251 2765 διατεταγμένων
1293 2731 1468 2766 συντήρησις.
1503 2731 1534 2756 Ὢ
1567 2731 1645 2761 ὅπως
1671 2729 1741 2755 εῖπω
1772 2729 1819 2756 ἄν·

1030 2774 1140 2810 θρωπος
1153 2775 1257 2806 ἐκεῖνος
1280 2775 1294 2800 ὁ
1323 2775 1391 2808 μήτε
1419 2774 1453 2800 τὰ
1479 2774 1654 2809 Χριστιανῶν
1690 2773 1816 2809 στέρξας,

1030 2821 1078 2848 καὶ
1126 2820 1160 2847 τὰ
1209 2819 1264 2846 τῶν
1305 2819 1471 2856 Σαρακηνῶν
1509 2819 1587 2855 παρὰ
1630 2819 1731 2854 φαῦλον
1775 2818 1818 2845 Θέ-

1032 2875 1123 2903 μεγος,
1141 2867 1279 2901 Δαμιανδν
1294 2866 1323 2894 δὲ
1336 2867 1418 2903 φησιν
1431 2867 1444 2894 ὁ
1462 2867 1553 2900 λόγος,
1569 2867 1646 2894 οὐδὲν
1661 2865 1751 2893 λαϐὼν
1772 2865 1818 2893 ἐπὶ
