2000 3070
144 95 177 126 33
844 93 1049 124 EPISTOLIE.
1731 97 1768 127 3t

145 155 206 182 νοῦν
221 154 281 181 οὔτε
297 154 331 181 τὰ
347 153 482 185 παρόντα,
506 153 569 180 οὔτε
593 153 626 179 τὰ
641 152 756 186 ὕστερον
779 151 929 185 ἐπιλογισά-

992 158 1048 178 sua:
1062 150 1422 185 nequitia!munumentum,
1438 151 1565 183 insulam.
1581 151 1705 187 plurimis
1720 153 1771 180 lio-

146 208 236 235 μενος,
263 200 332 235 μόνῃ
359 199 388 226 δὲ
407 200 442 234 τῇ
472 198 586 232 ἀπονοίᾳ
614 199 660 224 καὶ
674 197 712 231 τῷ
739 196 831 231 ἀλόγῳ
847 196 928 231 θυμῷ

145 244 244 271 ἑαυτόν
261 244 428 279 ἐπιτρέψας.
443 243 560 277 ἔπραξεν
571 243 651 278 ἔργον
665 242 786 274 ἀνόσιον,
797 241 836 277 τῷ
851 242 934 269 παντὶ

987 196 1108 223 minibus
1126 196 1306 231 frequentem,
1326 197 1398 232 quod
1413 197 1440 224 in
1459 205 1487 225 se
1501 202 1569 230 erat,
1588 206 1602 224 υ
1619 198 1701 225 terris
1720 199 1771 225 tol-

986 241 1056 275 lens,
1071 242 1250 270 interneciuni
1267 243 1373 270 traditis
1386 243 1446 278 ejus
1461 243 1566 270 incolis.

145 292 224 318 αἰῶνι
239 292 338 327 στήλην
368 293 418 326 τῆς
434 291 531 317 ἑαυτοῦ
566 290 664 322 κακίας
696 290 836 323 ἐσόμενον,
878 289 1162 324 πολυανθρωποτάτην
1186 291 1280 325 νῆσον,
1305 290 1365 316 ὅσον
1388 290 1432 316 ἐπ’
1462 289 1536 325 αὐτῷ
1564 287 1643 325 ἧκεν,
1669 291 1701 317 ἐκ
1718 289 1772 324 γῆς

144 339 321 374 ιξαφανίσας,
337 339 509 373 πανωλεορᾳ
536 337 764 372 παραδεδομένων
786 337 840 364 τῶν
857 336 960 372 ταύτης
974 337 1137 372 οἰκητόρων.

179 386 245 418 Ναὶ,
256 386 350 420 φησὶν,
361 385 418 412 ἀλλ’
431 386 488 419 ἐρεῖ
504 393 546 415 τις
557 392 564 400 ³
575 381 630 410 Ἦν
644 384 718 411 αίτία
734 384 848 411 κινοῦσα
864 385 933 420 πρὸς

143 431 234 464 τοῦτο,
248 433 296 458 καὶ
310 431 355 458 διὰ
369 430 449 457 τοῦτο
465 430 644 464 κεκινημίνος
658 429 689 455 τὺ
703 429 800 456 δοκοῦν
819 430 931 457 ἀνόσιον

144 477 322 512 διεπράξατο.
354 476 531 511 Σαρακηνοὺς
561 475 616 510 γὰρ
634 475 663 500 ἒν
677 476 710 510 τῇ
740 475 815 509 νήσῳ
842 474 933 501 λαεὼν

149 522 278 556 Ὶιμέριος
298 522 476 556 διεχρήσατο,
488 521 547 548 δέον
562 521 633 548 κατὰ
647 521 682 547 τὰ.
693 520 933 554 συμπεφωνημένα

143 567 280 599 σώζεσθαι
297 567 396 601 μᾶλλον
423 566 523 597 αὐτοὺς
547 566 622 600 παρὰ
643 565 698 592 τῶν
725 564 867 599 Κυπρίων,
885 564 933 590 καὶ

143 614 212 647 πρὶς
227 613 273 639 τὸν
298 613 364 639 ἴδιον
381 612 465 638 τόπον
487 611 736 638 ἀποκαθίστασθαι.
765 609 831 637 Εἶτα
844 611 875 637 οὐ
887 611 933 637 λό-

142 660 218 694 γὶζῃ,
233 656 256 685 ὦ
274 659 414 692 ἄνθρωπε,
430 658 498 693 μετὰ
514 658 564 692 τῆς
579 658 631 692 σῆς
642 657 809 692 ἑγκλήσεως,
822 657 869 683 καὶ
884 655 931 683 τοῦ

143 705 249 732 δικαίου
275 705 356 739 λόγου
374 705 403 731 τὸ
419 704 562 739 βούλημα;
589 703 646 730 οὐδ’
677 704 779 734 ἐννοεῖς
805 704 847 734 τίς
875 703 933 729 ἐστι

142 751 246 782 δίκαιος
270 751 320 786 τὴν
335 751 427 777 αἰτίαν
443 751 477 785 ἦν
496 750 645 786 προφέρεις
672 749 868 784 ἀναδέχεσθαι;
885 749 933 776 καὶ

142 795 184 827 τίς
200 795 360 829 ὀργίζεσθαι
376 794 469 828 ἀξιον;
485 795 575 821 Ἔστω
591 794 696 820 δίκαιον
721 794 752 820 τὸ
777 794 903 828 ἔγκλημα
918 793 932 819 δ

144 841 280 876 προϐάλῃ,
295 841 344 868 καὶ
360 841 431 875 ὑπὲρ
448 841 503 867 τῶν
519 841 551 866 τὰ
567 839 673 875 χαλεπὰ
691 839 866 866 πεπονθότων
878 840 930 866 Σα-

143 889 271 922 ρακηνών
299 887 418 922 Κύπριοι
436 887 553 913 δώσουσι
582 887 671 921 δίκην,
690 886 738 913 καὶ
761 885 838 912 οὔπω
859 886 932 921 φημὶ

143 932 186 958 ὅτι
207 932 276 966 μηδὲ
292 933 356 959 τότε
368 933 443 961 ἄξιον
458 932 504 958 διὰ
528 932 578 966 τὴν
598 931 730 965 Ἦμερίου
746 931 794 957 καὶ.
814 931 868 957 τῶν
883 931 932 957 σὺν

145 976 221 1010 αὖτῴ
235 976 375 1011 ἁμαρτίαν
402 977 508 1007 πάντας
537 976 713 1008 κολάζεσθαι,
731 975 786 1002 οὐδ’
803 976 868 1010 ὃλην
884 976 933 1010 τὴν

143 1022 173 1054 ιε
188 1022 266 1056 ὑμῶν
280 1022 368 1058 ὀργὴν
385 1022 434 1049 καὶ
448 1022 499 1057 τὴν
511 1021 624 1057 πικρίαν
639 1020 816 1055 ὑφίστασθαι.
836 1021 933 1054 ὐμως

142 1067 212 1101 ὅπερ
223 1065 300 1093 εἶπον
313 1067 394 1099 ἔστω,
414 1068 462 1094 καὶ
477 1067 690 1098 κολαζέσθωσαν
718 1066 849 1101 Κύπριοι,
864 1066 933 1092 διότι

143 1112 191 1138 καὶ
205 1112 335 1148 Ἦμέριος
348 1113 483 1148 Κυπρίοις
495 1112 627 1139 συνοικῶν
640 1112 669 1138 ἐν
681 1113 713 1146 τῇ
727 1112 801 1146 νήσῳ
815 1111 932 1146 χαλεπὸς

144 1156 224 1191 diqu
241 1157 422 1192 Σαρακηνιῖς.
443 1159 474 1184 Ei
493 1158 521 1184 δὲ
538 1157 599 1184 κατ’
615 1157 711 1183 οὐδένα
724 1156 824 1191 τρόπον
847 1156 930 1191 Ἡμέ-

143 1211 200 1238 ριος
214 1204 269 1234 τοῖς
287 1204 420 1239 Κυπρίοις
436 1202 628 1234 συντάσσεται,
641 1203 667 1228 τί
692 1201 727 1228 δι’
746 1202 851 1227 ἐκεῖνον
871 1209 930 1227 κιν-

142 1249 300 1276 δυνεύουσιν
314 1251 340 1276 οἱ
357 1250 395 1285 μὴ
405 1250 505 1276 (ἰίκαιοι
520 1249 596 1279 ὄντες
616 1248 632 1283 ῆ
645 1248 694 1282 τῆς
710 1247 817 1274 ἐκείνου
833 1247 933 1281 κληρο-

143 1296 236 1326 νομεῖν
260 1296 441 1330 κατηγορίας,
466 1295 482 1330 ἢ
509 1295 555 1320 δ;ᾱ
580 1294 613 1319 τὰ
640 1293 826 1328 πεπραγμένα
842 1292 931 1326 τούτῳ

142 1341 278 1375 τιμωρίαν
307 1341 432 1376 ὺπέχειν;
462 1341 492 1366 ὐ
521 1341 570 1375 μὲν
604 1340 658 1373 γὰρ
690 1338 738 1365 τοῦ
772 1338 929 1372 Ῥωμαϊκοῦ

143 1387 259 1422 στρατοῦ
275 1387 386 1422 ἡγεμὼν
400 1387 534 1421 ὑπάρξας,
549 1387 610 1412 ὁποι
628 1385 660 1420 δὴ
670 1386 721 1419 γῆς
742 1384 857 1418 ἠδύνατο
868 1384 931 1414 τοὺς

142 1429 289 1464 πολεμίους
308 1431 498 1465 χειρούμενος,
527 1430 574 1456 τὸν
598 1429 731 1456 δοκοῦντα
756 1428 850 1464 μετῄει
871 1427 932 1463 τρό-

142 1483 202 1502 πον.
235 1475 354 1511 Κύπριοι
375 1477 404 1503 δὲ
430 1477 493 1502 οὔτε
526 1475 673 1510 πολεμίους
697 1475 827 1509 ἡγοῦνται
845 1474 929 1508 ὑμᾶς,

1021 383 1072 417 Ita,
1099 383 1205 418 inquies
1221 392 1228 411 :
1243 383 1290 410 sed
1314 383 1414 418 aliquis
1428 383 1474 410 libi
1492 383 1561 410 dicet
1579 383 1689 411 :Causa
1712 386 1771 410 (τοι

985 429 1019 456 ad
1033 429 1059 456 id
1075 430 1246 464 protrahens.
1263 437 1350 465 eaque
1364 437 1447 457 causa
1463 433 1555 457 motus
1576 429 1604 456 id
1626 430 1681 464 agit
1697 431 1770 464 quod

986 474 1101 510 impium
1118 474 1224 502 videtur
1240 484 1247 501 :
1263 483 1325 502 nam
1354 474 1492 502 Himerius
1504 475 1636 510 quosdam
1659 474 1773 502 Sarnu-

986 527 1037 547 nos
1056 520 1082 547 in
1107 520 1196 547 insula
1212 521 1283 555 cepit
1297 525 1324 548 et
1350 520 1505 553 interfecit;
1522 520 1665 555 oportebat
1681 525 1770 547 autem

985 573 1018 593 ex
1036 566 1185 593 foederibus
1202 574 1249 594 eos
1266 575 1280 593 a
1297 566 1404 601 Cypiiis
1416 566 1506 600 potius
1519 566 1618 593 salvari
1632 571 1659 592 et
1675 566 1702 592 iu
1720 573 1772 593 suo

985 611 1047 639 loco
1063 612 1169 646 reponi.
1183 612 1247 644 Sed,
1268 620 1322 638 non
1341 612 1457 646 cogitas,
1473 619 1490 638 ο
1504 611 1598 644 homo,
1612 611 1659 646 qui
1678 618 1771 645 repre-

985 656 1091 689 hendis,
1107 657 1222 692 justitize
1240 657 1334 692 leges?
1374 665 1461 692 neque
1485 661 1594 691 reputas
1617 655 1678 690 quis
1701 656 1728 682 in
1743 664 1773 683 >6

981 703 1077 730 debeat
1101 710 1161 730 cam
1188 710 1300 730 causam
1330 703 1450 737 recipere
1473 710 1555 737 quam
1582 702 1698 736 profers,
1724 706 1773 729 aut

981 749 1044 783 quis
1064 748 1138 782 juste
1163 749 1348 776 irasceretur?
1371 749 1475 783 justum
1503 748 1537 774 sit
1553 749 1625 782 quod
1650 747 1771 774 intentas

982 794 1096 826 crimen,
1128 798 1157 822 et.
1193 795 1299 830 Cypriis
1329 802 1425 829 ρωπος
1455 795 1556 822 dabunt
1594 798 1703 829 propter
1723 800 1770 820 eos

983 840 1029 874 qui
1048 840 1118 866 male
1145 841 1217 875 passi
1238 845 1302 867 sunt
1327 841 1496 874 Saracenos,
1523 848 1611 875 neque
1624 840 1680 874 jam
1709 840 1770 867 dico

984 894 1037 912 non
1052 891 1116 913 tunc
1132 887 1214 913 etiam
1230 894 1292 914 esse
1307 886 1412 921 justum
1431 894 1527 914 omnes
1544 891 1653 921 propter
1674 885 1768 914 Hime-

983 932 1054 958 rium
1077 932 1192 966 ejusque
1216 934 1307 961 socios
1323 941 1402 968 pmna
1423 933 1492 961 allici
1519 937 1566 960 aut
1592 941 1700 960 omnem
1723 940 1772 961 vc-

984 982 1071 1004 strum
1089 978 1156 1004 iram
1171 983 1198 1006 et
1214 979 1390 1006 acerbitatem
1405 980 1526 1014 perpeti;
1542 979 1578 1006 sit
1595 984 1684 1006 tamen
1697 980 1769 1013 quod

983 1022 1050 1055 dixi,
1066 1028 1092 1050 et
1110 1023 1277 1058 castigentur
1293 1024 1385 1059 Cyprii
1407 1032 1440 1051 co
1457 1024 1530 1059 quod
1546 1023 1685 1051 Himerius
1701 1024 1771 1051 inter

983 1067 1057 1102 ipsos
1071 1068 1183 1103 degens,
1203 1069 1229 1095 in
1245 1069 1333 1096 insula
1350 1070 1471 1104 ipsorum
1485 1077 1593 1104 gravem
1610 1077 1640 1096 se
1656 1062 1773 1096 Sarace-

973 1113 1026 1145 mnis
1044 1115 1177 1148 praebuit;
1203 1115 1276 1149 quod
1299 1115 1321 1142 si
1357 1122 1422 1142 vero
1440 1115 1516 1142 nullo
1533 1115 1613 1141 modo
1634 1114 1772 1142 llimrrius

983 1167 1044 1185 cum
1071 1159 1180 1194 Cypriis
1205 1160 1337 1188 confundi
1354 1160 1462 1193 debeat,
1491 1168 1540 1187 cur
1564 1164 1673 1194 propter
1695 1160 1771 1187 illum

982 1205 1212 1240 periclitabuntur
1227 1207 1272 1240 qui
1290 1213 1378 1240 neque
1394 1206 1468 1240 digni
1496 1210 1560 1233 sunt
1573 1206 1620 1240 qui
1636 1206 1697 1240 ejus
1718 1206 1772 1233 cri-

982 1251 1056 1278 mina
1080 1251 1254 1286 participcnt,
1270 1259 1358 1286 neque
1381 1251 1430 1286 qui
1447 1258 1541 1286 punias
1560 1251 1637 1278 luant
1660 1251 1695 1277 ob
1711 1251 1772 1284 ejus

983 1297 1054 1323 male
1080 1297 1176 1331 gesta?
1196 1298 1242 1324 llle
1269 1297 1369 1324 etenim
1401 1297 1516 1324 lioinani
1543 1299 1683 1324 exercitus
1708 1304 1770 1324 eum

982 1348 1055 1370 esset
1088 1343 1160 1373 dux.
1192 1344 1286 1371 hostes
1329 1343 1488 1378 ubicunque
1517 1348 1650 1370 terrarum
1679 1347 1772 1378 posset

983 1389 1127 1423 subigi-ns,
1156 1390 1298 1424 probatum
1316 1396 1420 1416 morem
1437 1390 1579 1421 servabat;
1598 1389 1690 1423 Cyprii
1709 1395 1772 1415 vero

982 1441 1030 1461 vos
1047 1434 1140 1462 hostes
1156 1443 1210 1462 non
1235 1435 1403 1466 existimant,
1428 1441 1518 1468 neque
1530 1434 1679 1468 quidquam
1705 1434 1771 1460 mali

981 1480 1060 1506 vobis
1088 1479 1251 1510 intulerunt,
1271 1488 1359 1514 neque
1384 1480 1496 1514 insuper
1514 1483 1631 1514 passunt
1648 1477 1772 1506 Himerio

141 1521 203 1548 οὔτε
219 1531 244 1548 τι
260 1523 345 1549 δεινὸν
361 1523 591 1557 κατειργάσαντο,
607 1521 670 1547 οὒτε
684 1521 712 1547 δὲ
732 1521 813 1546 πάλιν
843 1519 929 1545 ἱκανοὶ

984 1532 1013 1550 se
1030 1531 1169 1558 opponere
1185 1532 1234 1550 nec
1250 1524 1402 1550 Saracenos
1426 1531 1441 1550 e
1461 1523 1587 1550 manibus
1605 1523 1665 1556 ejus
1680 1527 1773 1549 extra-

141 1568 300 1594 ἀντεπιέναι
330 1568 399 1603 πρὸς
425 1569 470 1594 τὺ)
503 1567 645 1602 Ἦμέριον,
671 1566 719 1591 καὶ
752 1566 931 1599 Σαρακηνοὺς

141 1614 308 1648 ἐξαρπάζειν
330 1614 380 1648 τῆς
397 1615 502 1640 ἐκείνου
528 1613 631 1648 χειρός.
649 1611 718 1638 Οὐδὲ
734 1611 790 1645 γὰρ
805 1610 878 1644 ἔχεις
892 1609 932 1635 εί-

141 1662 215 1692 πεῖν,
240 1660 278 1691 ὡς
301 1661 360 1693 ὲξόν
390 1660 469 1687 τοῦτο
498 1662 597 1691 ποεεῐν,
621 1659 671 1685 οὐκ
696 1656 931 1692 ὲποίησαν·ἢότι

141 1707 294 1742 συνῄραντο
309 1706 383 1742 αὑτῴ
402 1708 449 1732 καὶ
469 1705 689 1741 συνηγωνίσαντο
715 1705 755 1734 εὶς
785 1706 833 1738 τὴν
861 1703 931 1729 κατὰ

140 1753 194 1778 τῶν
207 1752 374 1788 Σαρακηνῶν
393 1753 525 1779 κάκωσιν.

176 1798 209 1824 Τί
238 1797 284 1824 οὖν
310 1798 354 1824 διὰ
380 1797 460 1824 τοῦτο
479 1798 608 1831 πολεμεῖς
636 1795 782 1831 Κυπρίοις,
809 1795 856 1821 καὶ
872 1792 930 1820 κατ’

142 1843 231 1870 αὐτῶν
246 1844 334 1873 κενοῖς
350 1843 400 1878 τὴν
422 1844 529 1879 ὀργήνς
553 1842 586 1868 Τί
599 1842 628 1868 δὲ
642 1842 704 1868 ἀντὶ
721 1841 768 1867 τοῦ
780 1840 819 1874 τῷ
836 1848 864 1866 σε
885 1839 931 1864 λυ-

141 1890 260 1924 πήσαντι
285 1889 449 1921 σπουδάζειν
464 1890 482 1916 ὰ
500 1889 614 1924 ἔδρασεν
641 1885 852 1916 ἀνταποδοῦναι,
873 1886 930 1915 τοῖς

141 1935 217 1961 οὐδὲν
226 1935 348 1970 λυπηρὸν
360 1935 559 1970 ἐργασαμένοις
573 1934 606 1960 τὰ
617 1933 665 1968 τῆς
682 1933 732 1967 σῆς
742 1932 830 1966 λύπης
846 1931 928 1957 ἀντα-

141 1982 274 2015 ποδίδωςς
290 1982 325 2008 Ἦ
337 1983 385 2008 καὶ
396 1982 436 2008 διό
451 1991 478 2008 τι
495 1982 564 2017 πρὸς
576 1981 626 2017 τὴν
637 1980 686 2016 σὴν
695 1979 820 2014 εἰσήλασε
836 1976 929 2011 χώραν

146 2027 285 2063 Ἥμέριος,
303 2028 351 2054 καὶ
366 2028 416 2063 τῆς
436 2028 537 2062 Συρίας
557 2025 712 2060 πολίσματά
734 2031 797 2050 τινα
815 2021 929 2048 ἐκπολε-

141 2074 233 2108 μήσας
252 2074 425 2109 κεχείρωται,
440 2074 484 2100 διὰ
498 2073 585 2100 ταῦτα
599 2071 792 2099 ὑποκείσονται
809 2068 928 2101 Κύπριοι

139 2119 299 2154 τιμωρίαις,
315 2119 363 2145 καὶ
375 2120 439 2145 κατ’
463 2118 553 2144 αὐτῶν
569 2117 733 2151 ἀγανακτεῖν
749 2113 869 2146 εὐλόγως
882 2118 928 2136 νο-

141 2166 243 2200 μίσεις,
260 2166 307 2191 καὶ
321 2164 392 2191 ὅπλα
421 2164 556 2199 κινήσεις,
575 2163 622 2189 καὶ
644 2163 706 2189 ἀντὶ
720 2161 768 2187 τοῦ
786 2155 926 2194 μάχεσθαι

140 2211 207 2246 πρὸς
229 2210 368 2245 Ἡμέριον.
383 2208 445 2236 κατ’
459 2209 572 2235 ἐκείνων
585 2208 729 2242 συστήσεις
737 2207 784 2232 τὸν
799 2205 930 2238 πόλεμον;

149 2255 218 2281 Ἀλλ’
234 2256 285 2281 οὐκ
301 2254 390 2287 ἔδοξεν
415 2254 513 2286 οὕτως,
537 2252 598 2281 οὔτε
627 2254 684 2284 τοῖς
701 2252 757 2283 σοῖς
780 2250 927 2286 πατράσιν,

140 2300 202 2327 οὒτε
218 2302 275 2332 τοῖς
294 2303 409 2327 ἐκείνων
425 2301 506 2336 μέχρι
516 2299 564 2326 σοῦ
579 2299 723 2334 διαδόχοις.
740 2296 790 2324 Διὰ
804 2297 830 2323 τί
842 2305 850 2328 ;
864 2297 927 2323 ὀτι

142 2347 262 2382 Κύπριοι
279 2347 403 2382 μεθόριοι
415 2347 464 2382 τῆς
475 2354 506 2373 τε
521 2346 678 2381 Ῥωμαῖκῆς
688 2345 735 2372 καὶ
743 2345 792 2380 τῆς
803 2343 859 2370 τῶν
876 2343 928 2370 Σα-

142 2393 270 2428 ρακηνῶν
278 2393 415 2426 ἐξουσίας,
435 2394 484 2420 καὶ
491 2392 554 2419 οὔτε
571 2392 636 2428 ὑμῖν
648 2392 808 2427 ἀνταίρουσι
819 2392 926 2426 χεῖρας,

140 2439 492 2474 οὕτεῬωμαίοις,ἀ).λ’ὲπ“
513 2439 574 2474 ἴσης
595 2437 926 2472 ἀνατεθεινταιπρὲςδου-

140 2486 215 2513 λείαν
223 2486 272 2522 τήν
283 2495 312 2512 τε
319 2486 454 2522 ὑμετέραν
465 2486 512 2512 καὶ
522 2485 726 2521 τὴνήμετὲραν,
743 2485 842 2519 μᾶλλον
856 2484 884 2510 δὲ
896 2484 926 2509 τὸ

141 2531 221 2558 πλέον
227 2533 260 2566 τῇ
268 2532 388 2566 ὑμετέρᾳ
394 2530 574 2561 δουλεύοντες.
583 2530 625 2562 Ὠς
632 2528 678 2557 οὖν
687 2531 777 2557 ᾶδικον
786 2530 832 2556 καὶ
839 2529 857 2556 ἀ
862 2530 926 2556 πάνυ

140 2577 249 2612 θρωπον
267 2577 396 2610 πολεμεῖν
408 2576 554 2610 Κυπρίοις,
572 2576 638 2602 διότι
648 2575 719 2602 κατὰ
731 2576 779 2610 τῆς
789 2577 924 2610 ὑμετέρας

139 2623 334 2658 ἐξεστράτευσε
359 2623 449 2657 χώρας
461 2622 681 2657 Ἦμέριος,οὓτω
694 2623 852 2658 παράνομον
877 2625 925 2650 καὶ

139 2671 231 2704 πάσης
259 2667 334 2700 ἄξιον
356 2669 524 2702 κατηγορίας
541 2668 671 2703 πολεμεῖν
693 2669 838 2704 Κυπρίοις,
854 2670 922 2696 διότι

139 2716 212 2742 κατὰ
230 2717 280 2750 τὴν
301 2715 381 2750 νῆσόν
400 2723 478 2746 τινας
490 2716 544 2742 τῶν
560 2716 728 2750 Σαρακηνῶν
747 2715 846 2750 συνέϐη
863 2718 923 2747 ταῖς

147 2762 278 2797 Ἦμερίου
294 2762 373 2796 χερσὶ
390 2761 644 2796 περιπεπτωκέναι.
661 2761 697 2787 Σὺ
712 2761 741 2788 δέ
761 2770 805 2796 μοι
819 2762 922 2796 δοκεῖς,

139 2808 190 2843 ὀδῷ
202 2809 248 2835 τοῦ
267 2810 431 2844 πράγματος
447 2808 600 2843 προϊόντος,
615 2809 662 2836 καὶ
682 2809 753 2836 κατὰ
774 2809 828 2837 τῶν
847 2812 875 2837 ὲν
889 2812 921 2844 τῇ

985 1568 1048 1595 liere
1065 1577 1072 1594 :
1090 1576 1142 1595 non
1161 1574 1241 1602 potes
1256 1568 1338 1603 igitur
1351 1568 1442 1594 dicere
1457 1574 1514 1599 eos,
1530 1574 1591 1594 eum
1607 1567 1771 1600 potuissent,

983 1621 1036 1640 non
1055 1613 1161 1645 fecisse,
1182 1621 1270 1648 neque
1287 1621 1316 1640 se
1335 1613 1373 1639 illi
1399 1612 1561 1646 adjuuxisse
1577 1617 1605 1639 et
1618 1611 1769 1640 auxiliatos

982 1667 1043 1687 esse
1057 1660 1090 1686 ad
1109 1659 1250 1687 inferenda
1269 1659 1414 1686 Saracenis
1433 1659 1514 1686 mala.

1017 1810 1107 1843 Quare
1119 1817 1183 1844 ergo
1200 1814 1312 1845 propter
1326 1809 1378 1837 hoc
1391 1809 1499 1844 Cypriis
1513 1809 1616 1837 bellum
1632 1809 1718 1837 infers
1737 1815 1765 1837 et

981 1858 1008 1884 in
1024 1865 1071 1884 eos
1096 1857 1166 1883 iram
1191 1861 1264 1883 tuam
1281 1855 1420 1883 eﬂ'uudis?
1436 1862 1521 1890 quare
1550 1859 1639 1882 autem
1656 1862 1710 1882 non
1731 1855 1771 1883 illi

981 1902 1027 1936 qui
1043 1906 1068 1928 te
1098 1901 1178 1928 malis
1191 1900 1281 1928 affecit
1298 1906 1386 1928 tentus
1403 1900 1552 1927 retribuere
1566 1907 1678 1927 suorum
1695 1907 1770 1927 mer-

980 1946 1085 1978 cedem.
1110 1947 1156 1973 sed
1174 1953 1235 1980 qua:
1252 1953 1350 1979 passus
1373 1953 1404 1972 es
1427 1952 1481 1972 non
1497 1945 1600 1975 noxiis.
1619 1944 1769 1971 retribuere

980 1991 1042 2019 vis?
1059 1997 1106 2018 aut
1122 1992 1185 2026 quia
1211 1991 1238 2018 in
1257 1995 1331 2017 tuam
1351 1989 1491 2023 regionem
1515 1989 1657 2016 devenerit
1672 1988 1770 2016 llime-

981 2037 1038 2062 rius
1053 2041 1079 2063 et
1106 2036 1192 2071 Syria:
1214 2035 1314 2070 oppida
1344 2035 1435 2068 aliqua
1464 2034 1669 2068 expugnaverit,
1699 2040 1765 2068 pro-

980 2086 1072 2116 pterea
1103 2081 1195 2116 Cyprii
1214 2073 1320 2115 'pcenis
1350 2080 1532 2112 subiacebunt
1564 2083 1590 2106 et
1617 2079 1657 2107 eis
1687 2079 1768 2106 irasci

979 2127 1082 2162 justum
1100 2126 1249 2160 reputabis.
1263 2133 1338 2153 arma
1357 2132 1468 2160 quoque
1484 2126 1607 2153 movebis
1628 2130 1656 2153 et
1671 2125 1769 2152 adver-

947 2189 969 2216 D
985 2179 1034 2216 sus
1049 2179 1097 2199 eos
1112 2171 1212 2198 bellqu
1228 2171 1280 2198 ibis
1306 2171 1444 2206 praterito
1457 2170 1597 2198 Himerio?
1617 2171 1663 2198 sed
1681 2178 1768 2205 neque

985 2215 1135 2252 majoribus
1159 2224 1248 2252 neque
1272 2224 1367 2244 eorum
1386 2216 1421 2243 ad
1446 2222 1472 2244 te
1500 2217 1706 2244 succeSsoribus
1731 2216 1770 2244 ia

984 2266 1073 2292 visum
1090 2271 1163 2292 :cur
1178 2264 1290 2290 autem?
1308 2264 1373 2299 quia
1389 2264 1478 2300 Cyprii
1495 2264 1626 2291 Romanis
1641 2268 1669 2291 et
1686 2263 1769 2290 Sara-

981 2318 1111 2338 cenorum
1139 2310 1254 2345 imperio
1279 2311 1387 2337 finitimi
1415 2318 1503 2345 neque
1532 2311 1675 2337 adversum
1708 2316 1768 2342 vos,

983 2365 1071 2392 neque
1095 2357 1241 2384 adversum
1268 2355 1409 2384 Romanos
1431 2363 1530 2383 manus
1551 2357 1689 2387 attollunt,
1721 2355 1769 2382 sed

984 2404 1087 2438 pariter
1114 2401 1191 2429 vobis
1218 2406 1246 2428 et
1270 2401 1349 2428 nobis
1374 2401 1540 2432 servierunt,
1564 2400 1650 2434 rnagis
1677 2403 1768 2426 autem

982 2447 1070 2475 vobis.
1096 2447 1172 2474 Sicut
1191 2446 1274 2480 igitur
1292 2446 1424 2480 injustum
1437 2450 1464 2473 et
1482 2443 1594 2472 crudele
1608 2447 1649 2470 est
1662 2442 1769 2477 Cypriis

980 2494 1080 2521 bellum
1098 2493 1187 2520 facere
1205 2500 1238 2520 eo
1252 2493 1324 2526 quod
1348 2493 1375 2518 in
1393 2497 1511 2519 vestram
1537 2489 1674 2524 regionem
1692 2495 1767 2514 arma

978 2540 1071 2567 intulit
1081 2539 1229 2572 llimerius,
1244 2539 1280 2565 ita
1296 2537 1421 2565 illicitum
1438 2541 1465 2564 et
1476 2536 1589 2563 onmino
1603 2533 1764 2569 ﬂagitiosum

979 2590 1021 2614 est
1039 2586 1139 2613 bellum
1164 2590 1260 2611 contra
1283 2583 1399 2619 Cyprios
1422 2589 1541 2614 movere,
1554 2581 1617 2616 quia
1634 2581 1766 2615 quosdam

982 2632 1182 2658 Saracenorum
1203 2629 1230 2657 in
1255 2636 1351 2656 eorum
1377 2628 1467 2655 insula
1493 2626 1594 2654 accidit
1617 2626 1642 2652 in
1671 2633 1768 2652 manus

981 2677 1094 2704 llimerii
1120 2676 1257 2708 incidere;
1285 2680 1312 2702 tu
1339 2679 1430 2701 autem
1450 2672 1517 2700 mihi
1539 2672 1639 2699 videris
1669 2671 1692 2698 is
1707 2678 1768 2697 esse

982 2723 1039 2758 qui,
1054 2730 1081 2749 re
1098 2722 1205 2756 longius
1220 2721 1422 2755 progrediente,
1444 2719 1594 2746 bellaturus
1618 2718 1656 2745 sis
1671 2722 1767 2744 contia

981 2768 1153 2796 Christianos
1180 2767 1207 2793 in
1230 2765 1307 2801 Syria
1324 2766 1506 2800 degi-ntes,eo
1521 2764 1606 2798 quod,
1619 2762 1767 2790 Christiani

979 2811 1074 2838 contr‘a
1099 2818 1148 2839 vos
1164 2814 1296 2844 pugnant.
1321 2809 1349 2837 Si
1374 2816 1463 2837 autem
1491 2809 1529 2836 ita
1553 2816 1632 2843 agere
1658 2814 1720 2834 omn
1738 2813 1765 2832 tu
