2000 3070
172 81 205 111 ,Η
883 74 1086 104 ΕΡΙΒἹὈίιιΕ.
1765 73 1801 104 ίΞ

170 137 285 172 λημένην
300 136 357 167 rei;
388 135 472 166 θείοις
493 134 577 169 ἱεροῖς
603 133 819 167 σεϐασμιότητα,
842 131 891 158 καὶ
909 131 959 165 τὴν

1021 129 1214 156 venerationem
1250 133 1278 156 et
1316 129 1532 157 incolumitatem
1557 128 1680 157 omnium
1706 130 1740 156 ad
1768 138 1799 157 ea

170 184 224 209 τῶν
247 183 276 208 ἐν
292 182 386 213 αὐτοῖς
421 180 652 216 προσφευγόντων
672 178 800 209 ἀσυλίαν,
831 177 959 212 ἐκίνησεν

171 229 256 265 ἡμᾶς.
280 228 335 255 Καὶ
350 228 376 254 τί
389 228 444 261 γὰρ
461 227 526 254 ἄλλο
538 226 592 252 ἔδει
613 226 697 252 ποιεῖν
711 223 889 258 λειτουργοὺς
913 223 960 248 ιν-

171 285 232 308 τκς,
242 276 266 301 εἰ
282 274 330 301 καὶ
345 273 483 305 ἀναξίους,
499 271 547 298 τοῦ
562 271 640 305 ἁγίου
655 270 862 305 θυσιαστηρίου,
875 270 916 300 εἰς
930 268 961 295 τὸ

173 319 242 354 μηδὲ
265 319 315 352 τὴν
345 317 432 352 ἀρχὴν
454 316 630 351 συγχωρῆσαι
649 315 705 346 τοῖς
722 313 897 349 βουλομένοις
913 313 961 339 αὺ-

173 367 220 391 τὸν
242 364 334 391 ἕλκειν
350 372 356 396 ;
373 364 459 390 Τοῦτο
484 361 608 396 παριδεῖν
629 360 783 391 ἐκτελέσαι,
801 360 891 386 καίτοι
914 367 962 393 χα-

173 410 370 442 λεπαινόντων,
390 409 437 435 καὶ
454 407 583 443 σκληρῶς
599 407 665 441 ἡμῖν
685 406 729 433 διὰ
746 405 795 440 τὴν
817 406 866 439 σὴν
881 406 962 440 χάριν

174 454 416 489 προσφερομένων,
444 453 518 487 ὅμως
557 451 804 486 ὲ;;αγγελλομένων
827 451 874 477 καὶ
895 451 962 477 πᾶσι

174 500 287 534 τρόποις
303 499 486 533 βεϐαιούντων
505 499 590 533 ἡμᾶς,
606 498 644 529 ὡς
669 497 748 523 οὐδὲν
761 496 851 523 δεινὸν
877 497 963 532 ἁπερ-

175 546 260 580 γάῖῃ,
276 546 372 572 τέκνον
388 545 478 579 ἡμῶν,
497 544 566 571 ἀλλὰ
592 543 760 578 συγγνώμης
779 542 963 578 ἀξιωθήσεται

176 592 252 626 παρὰ
286 592 339 623 σοὶ,
371 591 420 617 καὶ
445 590 497 624 τῆς
517 590 563 615 ἐπὶ
580 589 620 623 τῷ
641 589 796 623 πταίσματι
817 588 963 623 συγχωρή-

177 645 256 669 σεω·,
278 635 451 670 ἑξηγάγομεν
471 634 553 661 αὐτδν
571 634 620 661 τοῦ
646 634 713 660 ναοῦ
739 634 788 660 καὶ
803 634 965 660 ἀπεστείλα-

178 691 237 718 μεν,
250 682 318 708 Θεὸν
334 682 590 716 ἐπιμαρτυρόμενοι
608 681 655 706 καὶ
674 680 704 706 ca
726 679 864 714 πανάγιον
880 679 964 706 αὑτοῦ

177 728 337 763 ἱλαστήριον
354 727 401 754 καὶ
418 727 490 754 κατὰ
506 727 551 753 τὸν
575 727 699 762 παρόντα
714 727 800 753 αίῶνα
819 728 866 753 καὶ
894 727 965 755 κατὰ

177 773 220 800 τὸν
245 773 391 808 μέλλοντα,
408 773 445 808 μὴ
468 773 599 808 περιιδεῖν
615 774 699 800 αὑτὸν
722 774 911 809 ἀνεκδίκητον,
940 774 967 800 εἴ

177 829 203 847 τι
220 820 342 855 λυπηρὸν
354 819 429 854 αὑτῴ
448 820 494 846 καὶ
509 819 650 854 δυσχερὲς,
663 819 732 853 ὅπερ
749 820 786 854 μὴ
802 819 907 853 γένοιτό
923 827 964 851 σε,

176 867 271 892 τέκνον
289 865 379 898 ἡμῶν,
405 864 621 900 διαπράξασθαι,
640 864 802 898 ἀπαντήσει.
815 863 860 898 Μὴ
871 863 966 897 νόμιζε

177 911 222 938 οὖν
236 911 332 937 τοῦτον
352 911 385 936 ἑκ
397 910 491 944 χειρὸς
509 909 660 944 λαμϐάνειν
679 909 732 934 τῶν
747 909 816 943 πρὸς
832 909 861 934 σε
878 917 967 943 παρα-

178 957 343 991 γινομένων,
368 955 428 982 ἀλλ’
457 955 508 989 ἐμὲ
539 954 650 988 λογίζου
671 954 754 981 αὐτὸν
781 956 921 989 παρεῖναι,
938 954 967 985 ὃς

178 1002 272 1028 τοῦτον
295 1001 443 1034 έξείλκυσα
472 1000 519 1026 τοῦ
542 1000 618 1026 θείου
649 999 726 1032 ναοῦ,
753 999 800 1026 καὶ
827 1000 901 1034 χειρὶ
933 1000 966 1035 τῇ

179 1049 233 1083 ἐμῇ
251 1049 282 1082 τῇ
300 1049 331 1082 σῇ
353 1047 534 1082 παραδιδόναι
558 1046 644 1082 χειρί.
660 1046 762 1072 Σκόπει
776 1046 808 1081 δὴ
828 1046 903 1077 ὅπως
919 1046 968 1072 καὶ

179 1095 211 1119 τὸ
237 1094 310 1127 ίερὺν
331 1092 378 1119 τοῦ
395 1092 463 1118 Θεοῦ
479 1092 614 1128 τιμήσῃς,
641 1092 688 1118 καὶ
709 1091 754 1118 διὰ
773 1091 869 1117 τούτου
899 1091 967 1127 πρὸς

179 1139 261 1165 αὺιδν
278 1139 326 1174 τὴν
339 1139 423 1174 τνμὴν
450 1139 617 1174 ἁνενέγκῃς,
635 1137 682 1164 καὶ¹
703 1138 810 1173 σεαυτῷ
828 1138 878 1173 τὴν
895 1139 966 1165 ἅνω-

180 1184 226 1210 θεν
241 1184 323 1210 αὑτοῦ
337 1184 483 1219 εὐμένειαν
503 1185 656 1219 ὲπισπὰσῃ,
682 1183 730 1210 καὶ
757 1183 806 1218 τὴν
822 1183 901 1218 ἡμῶν
915 1191 967 1209 τα-

182 1231 329 1264 πεινότητα
344 1230 388 1256 διὰ
403 1231 452 1264 τῆς
473 1229 541 1264 πρὸς
561 1229 607 1255 τὸν
627 1228 773 1264 ἄνθρωπον
794 1228 967 1263 συμπαθείας

181 1275 244 1310 ἓξῃς
272 1275 497 1310 ὑπερευχομένην
530 1283 571 1301 σοι
598 1276 632 1301 τὰ
662 1274 753 1308 ἀγαθὰ
768 1275 816 1300 καὶ
833 1274 967 1309 σωτήρια,

182 1321 249 1348 ἀλλὰ
276 1322 313 1357 μὴ
328 1321 508 1348 καταὸοῶσαν
526 1321 586 1347 ἀντὶ
607 1322 655 1355 τῆς
680 1321 719 1352 είς
735 1320 782 1346 τὸν
811 1319 883 1346 θεῖον
905 1320 968 1348 ναὸν

182 1367 296 1402 ὕϐρεως,
312 1368 337 1394 si
349 1376 402 1400 τις,
415 1368 484 1402 ὅπερ
502 1367 539 1402 μὴ
552 1368 669 1401 γένοιτο,
685 1366 809 1402 τιμωρία
824 1366 872 1394 καὶ
888 1367 969 1394 κόλα-

183 1420 224 1444 σις
244 1413 287 1439 τὸν
307 1413 452 1448 ἄνθρωπον
469 1413 640 1446 ὑποδέξεται.

1012 175 1236 210 cottfugietttium,
1261 179 1342 210 atque
1366 175 1406 203 sic
1428 183 1478 203 nos
1493 176 1595 208 movit;
1621 176 1685 211 quid
1709 180 1798 203 autem

1014 221 1087 248 aliud
1105 221 1256 254 ministros,
1272 221 1332 247 licet
1348 221 1484 255 indignos,
1503 222 1589 249 sancti
1602 221 1696 249 altaris
1710 221 1800 249 facere

1012 265 1164 301 oportebit?
1193 266 1311 300 primum
1346 266 1501 293 volentibus
1531 274 1593 293 eum
1633 273 1729 301 rapere
1752 274 1800 294 ac-

1013 313 1192 346 quiescerem,
1205 312 1373 347 perlicientes
1384 316 1602 344 contemnerem;
1616 312 1678 339 licet
1693 320 1742 339 nos
1758 312 1800 338 in-

1012 359 1083 394 juria
1110 358 1267 390 ali‘eccrint,
1293 358 1452 392 duriterque
1476 358 1555 385 nobis
1584 357 1801 385 contradixcrint

1014 410 1122 440 propter
1146 408 1218 431 tuam
1241 404 1366 439 gratiam,
1391 404 1452 438 quia
1483 409 1573 432 tamen
1597 405 1676 431 nobis
1696 404 1802 431 denun-

1016 451 1149 478 tiarerunt
1160 455 1187 478 et
1209 451 1337 478 omnibus
1356 450 1444 478 modis
1463 457 1512 478 nos
1531 451 1660 477 certiores
1676 449 1802 478 fecerunt

1015 496 1186 526 eutnnihila
1201 501 1226 524 te
1253 496 1323 523 male
1351 503 1505 531 passurum,
1532 496 1580 523 sed
1604 497 1709 523 veniant
1733 501 1802 530 ate,

1015 542 1053 569 ﬁli
1082 543 1128 572 nti.
1151 541 1325 569 obtentui-um
1341 546 1367 568 et
1383 540 1474 568 delicti
1489 540 1688 572 remissionem,
1710 541 1802 568 eduxi-

1016 595 1078 616 mus
1104 596 1166 615 eunt
1190 588 1223 615 tle
1254 587 1352 622 templo
1366 591 1394 614 et
1422 586 1596 614 demissimus
1617 586 1703 613 Deum
1725 586 1804 614 testi-

1017 634 1128 662 ﬁcantes
1153 639 1180 661 et
1207 635 1410 662 sanctissimum
1436 633 1496 668 ejus
1527 632 1745 667 propitiatorium
1774 637 1804 659 ut

1019 681 1124 707 inultus
1139 687 1189 707 nec
1205 680 1232 707 in
1250 680 1302 707 hoc
1317 678 1417 706 saeculo
1433 685 1483 705 nec
1501 678 1528 704 in
1545 677 1637 704 futuro
1653 682 1802 708 remaneat,

1017 729 1039 755 si
1055 727 1120 762 quid
1136 726 1243 754 molesti
1265 730 1312 753 aut
1331 725 1429 757 odiosi,
1457 724 1529 759 quod
1555 728 1582 751 te
1604 724 1695 752 facere
1722 723 1803 753 absit.

1020 773 1055 800 (ili
1072 773 1126 805 mi,
1143 773 1168 800 ci
1194 773 1310 800 accidat.
1337 771 1396 798 Noli
1422 779 1487 804 ergo
1514 770 1671 797 existimare
1697 775 1721 796 tc
1742 776 1804 796 eum

1019 820 1054 847 ab
1080 820 1122 847 his
1147 820 1194 854 qui
1230 819 1277 846 tibi
1303 819 1420 846 aderunt
1456 817 1587 851 recipere,
1615 815 1662 842 sed
1692 821 1734 841 me
1760 821 1806 841 ar-

1017 865 1111 892 bitrari
1142 866 1230 899 ipsutn
1254 864 1369 897 adesse,
1403 863 1450 898 qui
1482 869 1543 889 eum
1580 868 1596 888 a
1625 860 1672 888 Dei
1706 860 1806 895 templo

1020 910 1108 938 avulsi
1135 915 1162 938 et
1184 918 1264 938 manu
1287 918 1347 937 mea
1378 909 1405 936 in
1423 913 1500 936 tuam
1528 915 1639 934 manum
1671 906 1804 941 deposui;

1018 957 1080 983 vide
1105 956 1186 983 etiam
1217 955 1357 991 quomodo
1386 956 1433 982 Dei
1466 955 1596 990 templum
1625 953 1761 980 vereberia
1778 959 1805 980 ct

1019 1009 1066 1036 per
1076 1002 1157 1029 istum
1174 1001 1304 1028 honorem
1330 1000 1461 1035 rependes
1484 1005 1566 1034 atque
1593 999 1640 1026 tibi
1656 1005 1802 1033 supernam

1018 1048 1079 1081 ejus
1095 1047 1310 1074 benevolentiam
1335 1045 1506 1078 conciliabis,
1523 1052 1629 1072 necn0n
1643 1049 1670 1072 et
1686 1048 1806 1072 nostram

1019 1093 1201 1120 humilitatem
1230 1096 1341 1127 propter
1373 1097 1447 1119 tuam
1474 1091 1501 1118 in
1529 1091 1668 1118 hominem
1698 1089 1808 1117 miseri-

1019 1138 1159 1170 cordiam,
1199 1138 1310 1165 habebis
1335 1137 1383 1164 tibi
1407 1141 1566 1164 exorantem
1602 1137 1673 1164 bona
1705 1141 1732 1163 et
1763 1143 1809 1163 sa-

1019 1184 1137 1216 lutaria,
1173 1190 1228 1210 n0n
1269 1187 1359 1210 autem
1395 1182 1557 1209 clamantem
1606 1186 1700 1209 contra
1738 1181 1810 1216 inju-

1020 1231 1087 1257 riam
1118 1229 1166 1256 Dei
1199 1228 1301 1263 templo
1326 1228 1447 1261 illatam,
1477 1228 1516 1254 uti
1549 1227 1626 1255 ﬁeret
1656 1228 1679 1254 si
1737 1228 1809 1262 quod

1019 1278 1108 1310 absit,
1146 1277 1284 1304 hominem
1323 1283 1403 1310 pmna
1451 1279 1498 1302 aut
1539 1275 1666 1302 multatio
1701 1277 1810 1311 excipe-

1020 1328 1060 1350 I't'l
1065 1343 1070 1349 .

218 1458 309 1493 Χωρὶς
332 1459 361 1484 δὲ
374 1458 479 1485 τούτων
496 1458 699 1493 ἀναμνήσθητι,
718 1461 812 1486 τέκνον
827 1460 917 1495 ἡμῶν,
931 1460 968 1491 ὡς

1056 1461 1156 1488 Praeter
1180 1460 1238 1487 haec
1263 1459 1418 1491 recordare,
1445 1459 1539 1492 tilimi,
1557 1463 1583 1487 te
1598 1459 1684 1494 ipsum
1702 1465 1811 1496 propter

182 1502 229 1528 καὶ
250 1503 331 1533 αὐτὸς
350 1503 398 1529 ἐπὶ
418 1504 473 1534 τοῖς
492 1503 603 1534 οἰκείοις
628 1504 783 1538 πταίσμασι
801 1505 851 1539 τῆς
875 1505 970 1539 θιῖκῆς

183 1551 367 1585 χρηστᾲτητος
396 1550 443 1576 καὶ
476 1549 684 1584 φιλανθρωπίας
714 1549 836 1584 χρῄζεις,
870 1547 903 1585 ἧς
921 1550 971 1575 οὐκ

180 1595 255 1621 ἐστιν
276 1596 416 1629 ἐπιτυχεῖν
432 1595 469 1630 μὴ
496 1595 612 1629 ἀφιέντα
623 1597 678 1626 τοῖς
695 1595 835 1630 ὀφείλουσι
851 1596 886 1623 τὰ
898 1596 972 1630 ὀφει-

182 1639 301 1672 λήματα.
322 1639 412 1664 Καλὸν
426 1637 473 1665 οὖν
490 1637 585 1674 ὥσπερ
608 1638 670 1665 τινὰ
698 1639 852 1674 καταὸολὴν
878 1639 971 1666 δοῦναι

182 1684 242 1719 Θεῷ
259 1684 305 1711 τὸν
316 1685 356 1716 είς
369 1685 413 1710 τὸν
424 1683 568 1719 ἄνθρωπον
587 1684 672 1716 έλεον,
700 1684 743 1711 ἴνα
759 1684 809 1710 καὶ
821 1685 904 1716 αὐτὸς
921 1684 969 1711 τύ-

183 1738 232 1766 χῃς
245 1731 294 1765 τῆς
312 1730 407 1765 θεῖκῆς
428 1730 630 1766 ἐλεημοσύνης·
650 1731 696 1757 καὶ
711 1730 790 1757 τοῦτο
805 1731 833 1758 δὲ
850 1731 925 1764 ἄξιόν
941 1739 971 1757 σε

185 1776 312 1808 συνιδεῖν,
335 1776 376 1802 ὅτι
399 1776 446 1802 καὶ
471 1775 657 1811 φιλανθρώπῳ
688 1777 828 1810 γενομένῳ
851 1784 904 1809 σοι,
923 1777 972 1803 καὶ

183 1823 252 1857 ὅπερ
269 1822 307 1857 μὴ
322 1822 495 1857 συγχωρήσοι
507 1822 572 1853 Θεὸς
588 1822 629 1853 είς
640 1821 671 1848 τὸ
688 1822 809 1848 ἐναντίον
834 1823 972 1857 τρεπομέ-

184 1876 232 1902 νῳ,
247 1868 447 1899 πολλαπλάσιος
466 1868 544 1895 ἐσται
562 1868 579 1901 ἢ
592 1868 643 1902 τῆς
663 1868 873 1904 φιλανθρωπίας
887 1868 904 1903 ἢ
919 1869 968 1903 τῆς

184 1913 345 1949 κολάσεωςὴ
355 1914 500 1946 ἀντίδοσις.
513 1915 550 1941 Οὐ
560 1914 613 1949 γὰρ
621 1914 737 1948 ἁπλοῦν,
750 1914 788 1946 ὡς
796 1915 874 1950 ὁρᾷς,
885 1923 974 1950 πραχ-

185 1959 297 1996 θήσεταί
312 1969 354 1987 σοι
374 1960 404 1987 τὺ
418 1961 581 1996 ἁμάρτημα·
610 1961 624 1986 ὅ
644 1969 673 1986 τε
686 1960 741 1995 γὰρ
753 1961 815 1992 ναὸς
832 1960 972 1995 ὑϐρίζεται

184 2005 232 2032 τοῦ
257 2006 337 2039 Θεοῦ,
368 2008 415 2033 καὶ
429 2008 444 2033 ὸ
467 2008 564 2033 τούτου
578 2007 734 2042 ἀρχιερεὺς,
759 2007 784 2032 εί
799 2007 846 2033 καὶ
863 2006 972 2041 ἐλάχισ-

184 2060 241 2084 τος,
255 2053 302 2077 καὶ
315 2052 439 2086 δόγματι
453 2052 714 2086 κατασφαλιςόμενα
728 2051 778 2085 τὴν
791 2051 906 2078 ἀσυλίαν
916 2055 972 2083 τοις

184 2097 226 2128 εἰς
240 2097 270 2122 τὸ
280 2097 352 2130 μέγα
361 2096 442 2121 τοῦτο
456 2095 626 2130 καταφύγιον
640 2096 872 2129 καταφεύγουσιν.
892 2095 972 2121 Ἀλλὰ

1022 1506 1132 1540 propria
1157 1504 1274 1538 delicta,
1302 1505 1347 1532 Dei
1372 1505 1493 1532 bonitate
1516 1509 1544 1532 et
1575 1505 1746 1534 humanitate
1770 1507 1811 1534 in-

1023 1551 1131 1585 digere,
1155 1558 1236 1585 quam
1263 1551 1409 1584 impetrare
1437 1558 1491 1577 non
1516 1556 1629 1585 possunt
1653 1552 1699 1586 qui
1732 1552 1810 1579 debi—

1024 1597 1129 1624 toribus
1153 1597 1245 1624 debita
1271 1604 1326 1623 non
1348 1596 1505 1629 dimittunt;
1534 1597 1635 1624 bonum
1663 1602 1705 1625 est
1729 1598 1812 1633 igitur

1022 1641 1078 1668 Deo
1093 1640 1200 1673 offerre,
1228 1646 1357 1676 tanquam
1384 1642 1637 1676 compensationem
1654 1643 1812 1677 quamdam,

1023 1687 1240 1714 misericordiam
1267 1694 1331 1722 erga
1349 1686 1498 1719 hominem,
1523 1691 1552 1714 ut
1576 1687 1634 1722 ipse
1662 1688 1708 1715 Dei
1730 1689 1810 1716 mise-

1024 1733 1168 1760 ricordiam
1192 1733 1332 1765 obtineas;
1356 1733 1408 1760 hoc
1422 1740 1532 1767 quoque
1547 1737 1574 1760 te
1597 1733 1749 1769 intelligere
1764 1736 1811 1761 de-

1023 1783 1075 1812 cet,
1101 1779 1149 1806 tibi
1175 1779 1372 1806 humanitatem
1399 1779 1554 1814 amplexato
1569 1779 1701 1814 majorem
1714 1781 1811 1808 huma:

1023 1825 1118 1853 nitatis
1144 1832 1227 1860 quam
1253 1824 1438 1860 castigationis
1466 1825 1523 1853 fore
1547 1826 1700 1853 mercedem
1723 1826 1812 1861 (quod

1024 1871 1096 1898 Deus
1115 1879 1169 1898 non
1184 1871 1346 1898 concederet
1360 1878 1439 1898 verso
1451 1870 1478 1898 in
1496 1871 1661 1898 contrariam
1678 1876 1811 1906 partem);

1024 1926 1078 1946 non
1102 1919 1175 1945 enim
1213 1918 1329 1953 simplex
1362 1918 1492 1945 delictum
1519 1925 1534 1944 a
1551 1922 1588 1951 te,
1602 1918 1642 1945 uti
1661 1919 1745 1949 vides,
1763 1919 1812 1946 d-

1024 1964 1194 1996 mitterelur;
1220 1963 1352 1998 templum
1373 1963 1508 1997 siquidem
1537 1963 1582 1990 Dei
1605 1964 1704 1997 injuria
1726 1963 1812 1990 attici-

1023 2015 1094 2043 etur,
1108 2011 1223 2044 ejusque
1246 2008 1464 2040 archisacerdos,
1488 2008 1551 2035 licet
1565 2008 1706 2040 mittimus,
1731 2013 1812 2044 atque

1024 2058 1151 2091 dogmata
1159 2055 1335 2084 securitatem
1347 2055 1379 2082 iis
1386 2055 1430 2089 qui
1438 2054 1472 2081 ad
1481 2053 1532 2081 hoc
1539 2061 1667 2088 magnum
1676 2053 1811 2089 refugium

1025 2101 1186 2136 confugiunt
1197 2099 1390 2128 asseverantia.
1405 2099 1467 2127 llaec
1483 2100 1555 2126 dicta
1577 2103 1642 2127 sunt
1661 2099 1694 2126 ad
1713 2104 1738 2127 te
1753 2100 1814 2128 hor—

185 2142 270 2169 ταῦτα
291 2142 340 2177 μὲν
354 2141 389 2168 τὰ
409 2142 441 2168 ἐκ
467 2141 516 2176 τῆς
533 2141 579 2167 τοῦ
593 2141 675 2174 λόγου
693 2141 882 2176 παραινέσεως
907 2142 969 2176 ἡμῖν

1027 2148 1157 2180 tandum;
1193 2150 1277 2173 restat
1301 2153 1373 2173 nunc
1397 2149 1426 2173 ut
1453 2145 1539 2181 magis
1573 2145 1691 2180 Spiritus
1724 2148 1812 2175 sancti

186 2187 367 2222 προσείρηται
389 2194 395 2201 ·
422 2185 569 2212 ὑπόλοιπον
603 2185 629 2211 δὲ
662 2185 710 2211 καὶ
738 2186 778 2211 ἔτι
799 2185 893 2220 δεσμῷ
925 2185 972 2212 τοῦ

187 2232 266 2266 ἁγίου
281 2231 440 2266 ιίνεύματος
458 2231 492 2258 τὰ
512 2232 646 2267 εἰρημένα
663 2231 711 2257 ἐπὶ
727 2231 810 2257 πλέον
823 2231 972 2266 ὀχυρῶσαι,

187 2279 234 2304 καὶ
253 2278 294 2310 σὲ,
309 2279 405 2304 τέκνον
431 2277 521 2316 ἡμῶν⁷
544 2278 584 2308 εις
604 2277 635 2303 τὸ
657 2277 695 2313 μὴ
711 2277 822 2310 ἀνάξιόν
836 2286 861 2304 τι
879 2279 974 2304 traicit:

186 2325 236 2359 τῆς
251 2326 300 2359 σῆς
313 2324 498 2359 μεγαλοτίμου
514 2324 624 2359 ἀρετῆς,
647 2325 715 2359 μηδὲ
730 2324 895 2359 ἐξαμαρτεῖν
917 2324 976 2350 δια-

187 2371 380 2405 σφαλίσασθαι·
414 2372 462 2398 καὶ
487 2371 580 2398 λοιπὸν
609 2372 638 2397 ὲν
665 2372 753 2406 [Ιατρὶ
783 2373 831 2397 καὶ
853 2371 911 2407 Υίῴ
928 2372 975 2398 καὶ

188 2416 258 2452 ἁγιῳ
279 2417 428 2452 Πνεύματι,
461 2417 527 2452 παρ’
542 2413 573 2443 οὗ
588 2417 655 2452 ἡμῖν
671 2417 726 2448 τοῖς
750 2418 890 2448 ταπεινοῖς
901 2417 977 2449 ἐξου-

187 2463 233 2490 σία
243 2463 349 2490 δέδοται
377 2463 488 2498 δεσμεῖν
514 2463 562 2490 ἐπὶ
592 2463 715 2499 σωτηρίᾳ
743 2463 834 2499 ψυχῆς
856 2464 920 2495 τοὺς
946 2465 976 2490 tv

187 2510 266 2545 χρείᾳ
291 2510 338 2536 τοῦ
369 2509 469 2545 δεσμοῦ
505 2509 736 2544 καθισταμένους,
766 2509 976 2545 ἁπαγορεύομέν

188 2564 230 2582 σοι
250 2554 317 2591 μηδὲ
345 2556 409 2590 μίαν
433 2556 543 2583 κόλασιν
567 2555 584 2591 ἢ
604 2557 739 2591 τιμωρίαν
765 2557 918 2591 ἐπαγαγεῖν
938 2556 977 2590 τῷ

191 2601 221 2628 ix
235 2601 281 2628 τοῦ
311 2602 384 2636 ιεροῦ
411 2603 486 2629 οἴκου
512 2602 560 2629 τοῦ
590 2602 660 2629 Θεοῦ
689 2602 830 2638 ληφθέντι,
855 2603 917 2638 μηδ’
936 2603 977 2633 είς

189 2648 288 2683 πεῖράν
317 2656 391 2679 τινος
420 2648 570 2680 κακώσεως
600 2648 686 2675 αὐτὸν
713 2649 895 2684 καταστῆσαι,
919 2649 977 2676 ἀλλ’

189 2694 341 2729 οἰκτιρμῶν
353 2693 468 2726 ἀξιῶσαι
484 2695 532 2721 καὶ
555 2694 734 2730 συγγνώμης,
750 2695 787 2727 ὡς
813 2696 847 2722 ἂν
868 2696 916 2722 καὶ
929 2696 978 2722 αὑ-

188 2741 234 2772 τλς
254 2741 344 2776 εὕροις
359 2742 406 2767 ἐπὶ
418 2742 478 2773 ταῖς
494 2743 554 2774 σαῖς
572 2742 729 2777 ἐξαιτήσεσι
748 2742 910 2778 πειθόμενον
931 2743 978 2770 τὸν

190 2787 300 2814 πάντων
318 2788 434 2822 ἄρχοντα
449 2788 495 2815 καὶ
518 2789 671 2823 Δεσπότην,
688 2789 757 2816 ἀλλὰ
780 2789 818 2825 μὴ
834 2789 979 2825 ὀργιζόμε-

313 2834 450 2865 Ρλτιιυι..
470 2834 529 2864 Gtt.
546 2834 626 2865 CXI.

1024 2192 1132 2220 vinculo
1148 2192 1306 2220 muniantur
1327 2197 1355 2219 et
1379 2196 1419 2223 tu,
1442 2191 1491 2224 ﬁli,
1516 2191 1583 2219 nihil
1610 2192 1741 2220 admittas
1769 2193 1813 2220 in-

1024 2239 1138 2274 dignum
1169 2242 1215 2265 tua
1244 2238 1390 2265 reverenda
1417 2238 1519 2265 virtute
1543 2242 1571 2266 et
1595 2243 1690 2266 contra
1717 2247 1814 2273 pecca-

1025 2289 1081 2312 tum
1104 2283 1244 2317 fulciaris;
1269 2289 1297 2311 et
1323 2283 1431 2311 tandem
1466 2284 1492 2311 in
1524 2283 1604 2312 Patre
1634 2289 1662 2312 et
1690 2285 1758 2312 Filio
1787 2290 1815 2312 et

1026 2331 1130 2365 Spiritu
1156 2334 1261 2362 sancto,
1297 2337 1312 2356 a
1336 2337 1389 2364 quo
1413 2330 1494 2357 nobis
1520 2329 1670 2358 humilibus
1695 2331 1757 2358 data
1772 2337 1815 2358 est

1025 2380 1144 2411 potestas
1170 2374 1272 2410 ligandi
1299 2380 1410 2410 propter
1432 2375 1531 2402 animae
1556 2376 1672 2403 salutent
1700 2383 1747 2403 eos
1766 2377 1812 2410 qui

1026 2422 1142 2449 vinculis
1156 2422 1289 2456 indigent,
1315 2425 1440 2448 velamus
1464 2429 1498 2448 ne
1524 2421 1606 2448 ullam
1633 2429 1740 2456 poenam
1766 2427 1814 2449 aut

1027 2467 1230 2502 castigationem
1266 2466 1367 2493 homini
1408 2466 1447 2493 illi
1473 2474 1488 2493 θ
1512 2467 1612 2501 templo
1641 2466 1689 2493 Dei
1719 2471 1814 2502 erepto

1028 2513 1169 2544 immittas,
1187 2519 1275 2546 neque
1288 2511 1431 2538 vexatione
1445 2510 1500 2538 ulla
1514 2518 1577 2537 eum
1592 2511 1744 2546 opprimas,
1766 2513 1814 2539 SEtl

1029 2558 1106 2585 \‘r-nia
1133 2560 1160 2584 et
1184 2557 1371 2584 misericordia
1395 2564 1459 2584 eum
1488 2557 1658 2591 praeventas,
1696 2562 1727 2584 ut
1752 2557 1813 2593 ipse

1027 2603 1155 2639 precibus
1171 2602 1224 2630 tuis
1236 2602 1385 2638 propitium
1397 2602 1519 2630 invenias
1534 2604 1655 2630 omnium
1669 2603 1812 2631 Dominum

1027 2655 1054 2677 et
1069 2648 1168 2685 Regem
1187 2656 1240 2676 non
1253 2657 1318 2676 vero
1335 2649 1434 2676 iratum
1455 2654 1482 2677 et
1501 2653 1528 2676 te
1548 2649 1602 2676 illis
1616 2650 1706 2677 verbis
1721 2650 1814 2678 incre-

1028 2701 1136 2732 pantem
1150 2703 1212 2731 quae
1228 2696 1365 2723 minarum
1381 2695 1460 2731 plena
1476 2696 1580 2724 audivit
1595 2703 1692 2724 servus
1702 2696 1747 2724 illo
1757 2696 1814 2731 qni,

1029 2743 1176 2770 multorum
1197 2742 1353 2770 debitorum
1373 2746 1483 2778 accepta
1503 2743 1673 2775 dimissione,
1695 2742 1817 2770 Immise—

1030 2789 1116 2817 ricors
1129 2789 1157 2816 in
1172 2795 1252 2816 suum
1270 2790 1427 2824 proximum
1443 2788 1542 2818 fuerat.

1642 2836 1661 2864 2
