  <div class='ocr_page' id='page_1' title='image "/cluster/home/n/w/nwhite01/storage/ocr_20150623/111/njp.32101077772943/044.png"; bbox 0 0 2000 3070; ppageno 0'>
   <div class='ocr_carea' id='block_1_1' title="bbox 170 213 1796 246">
    <p class='ocr_par' dir='ltr' id='par_1_1' title="bbox 170 213 1796 246">
     <span class='ocr_line' id='line_1_1' title="bbox 170 213 1796 246; baseline -0.002 0"><span class='ocrx_word' id='word_1_1' title='bbox 170 213 200 246; x_wconf 70' lang='lat' dir='ltr'><strong>Cl</strong></span> <span class='ocrx_word' id='word_1_2' title='bbox 890 213 1094 245; x_wconf 60' lang='lat' dir='ltr'><strong>EPISTOLJE.</strong></span> <span class='ocrx_word' id='word_1_3' title='bbox 1761 214 1796 244; x_wconf 78' lang='lat'><strong>62</strong></span> 
     </span>
    </p>
   </div>
   <div class='ocr_carea' id='block_1_2' title="bbox 170 271 947 308">
    <p class='ocr_par' dir='ltr' id='par_1_2' title="bbox 170 271 945 307">
     <span class='ocr_line' id='line_1_2' title="bbox 170 271 945 307; baseline -0.001 -8"><span class='ocrx_word' id='word_1_4' title='bbox 170 271 385 307; x_wconf 73' lang='grc' dir='ltr'>Λαμϐανόμινος</span> <span class='ocrx_word' id='word_1_5' title='bbox 400 271 453 298; x_wconf 85' lang='grc' dir='ltr'><strong>τῶν</strong></span> <span class='ocrx_word' id='word_1_6' title='bbox 465 271 574 306; x_wconf 79' lang='grc' dir='ltr'>χειρῶν,</span> <span class='ocrx_word' id='word_1_7' title='bbox 594 271 848 307; x_wconf 73' lang='grc' dir='ltr'>περιπτυσσόμενος</span> <span class='ocrx_word' id='word_1_8' title='bbox 874 281 945 306; x_wconf 82' lang='grc' dir='ltr'>κεφα</span> 
     </span>
    </p>
   </div>
   <div class='ocr_carea' id='block_1_3' title="bbox 999 271 1797 308">
    <p class='ocr_par' dir='ltr' id='par_1_3' title="bbox 1012 272 1797 308">
     <span class='ocr_line' id='line_1_3' title="bbox 1012 272 1797 308; baseline -0.001 -9"><span class='ocrx_word' id='word_1_9' title='bbox 1012 281 1068 300; x_wconf 88' lang='lat' dir='ltr'><strong>sem</strong></span> <span class='ocrx_word' id='word_1_10' title='bbox 1083 273 1268 308; x_wconf 73' lang='lat' dir='ltr'><strong>amplexatus;</strong></span> <span class='ocrx_word' id='word_1_11' title='bbox 1292 273 1338 300; x_wconf 84' lang='lat' dir='ltr'><strong>sed</strong></span> <span class='ocrx_word' id='word_1_12' title='bbox 1356 273 1487 307; x_wconf 88' lang='lat' dir='ltr'><strong>quoniam</strong></span> <span class='ocrx_word' id='word_1_13' title='bbox 1505 280 1560 300; x_wconf 85' lang='lat' dir='ltr'><strong>non</strong></span> <span class='ocrx_word' id='word_1_14' title='bbox 1576 272 1711 307; x_wconf 84' lang='lat' dir='ltr'><strong>potuerim</strong></span> <span class='ocrx_word' id='word_1_15' title='bbox 1728 279 1797 306; x_wconf 65' lang='lat' dir='ltr'><strong>prai-</strong></span> 
     </span>
    </p>
   </div>
   <div class='ocr_carea' id='block_1_4' title="bbox 169 316 955 353">
    <p class='ocr_par' dir='ltr' id='par_1_4' title="bbox 169 316 955 353">
     <span class='ocr_line' id='line_1_4' title="bbox 169 316 955 353; baseline 0.001 -10"><span class='ocrx_word' id='word_1_16' title='bbox 169 317 218 352; x_wconf 84' lang='grc' dir='ltr'><strong>λὴν</strong></span> <span class='ocrx_word' id='word_1_17' title='bbox 235 317 284 344; x_wconf 77' lang='grc' dir='ltr'>καὶ</span> <span class='ocrx_word' id='word_1_18' title='bbox 310 316 345 343; x_wconf 86' lang='grc' dir='ltr'><strong>τὰ</strong></span> <span class='ocrx_word' id='word_1_19' title='bbox 364 316 478 351; x_wconf 79' lang='grc' dir='ltr'>δμματα</span> <span class='ocrx_word' id='word_1_20' title='bbox 499 317 547 343; x_wconf 76' lang='grc' dir='ltr'>καὶ</span> <span class='ocrx_word' id='word_1_21' title='bbox 562 317 596 344; x_wconf 82' lang='grc' dir='ltr'><strong>τὰ</strong></span> <span class='ocrx_word' id='word_1_22' title='bbox 613 317 683 352; x_wconf 70' lang='grc' dir='ltr'>μέλη</span> <span class='ocrx_word' id='word_1_23' title='bbox 701 317 791 344; x_wconf 77' lang='grc' dir='ltr'>πάντα</span> <span class='ocrx_word' id='word_1_24' title='bbox 813 318 861 344; x_wconf 85' lang='grc' dir='ltr'><strong>τοῦ</strong></span> <span class='ocrx_word' id='word_1_25' title='bbox 887 318 955 353; x_wconf 74' lang='grc' dir='ltr'>ἐμοῦ</span> 
     </span>
    </p>
   </div>
   <div class='ocr_carea' id='block_1_5' title="bbox 168 361 956 399">
    <p class='ocr_par' dir='ltr' id='par_1_5' title="bbox 168 361 956 399">
     <span class='ocr_line' id='line_1_5' title="bbox 168 361 956 399; baseline 0.004 -11"><span class='ocrx_word' id='word_1_26' title='bbox 168 361 226 389; x_wconf 65' lang='grc' dir='ltr'>υἱοῦ</span> <span class='ocrx_word' id='word_1_27' title='bbox 237 370 246 378; x_wconf 71' lang='grc' dir='ltr'><em>υ</em></span> <span class='ocrx_word' id='word_1_28' title='bbox 258 361 474 397; x_wconf 77' lang='grc' dir='ltr'><strong>φιλονεικοῦντος</strong></span> <span class='ocrx_word' id='word_1_29' title='bbox 490 362 519 389; x_wconf 74' lang='grc' dir='ltr'><strong>δέ</strong></span> <span class='ocrx_word' id='word_1_30' title='bbox 536 371 593 394; x_wconf 79' lang='grc' dir='ltr'>σου,</span> <span class='ocrx_word' id='word_1_31' title='bbox 611 363 721 394; x_wconf 84' lang='grc' dir='ltr'>πάντως</span> <span class='ocrx_word' id='word_1_32' title='bbox 736 363 769 390; x_wconf 76' lang='grc' dir='ltr'><strong>ἂν</strong></span> <span class='ocrx_word' id='word_1_33' title='bbox 784 363 897 399; x_wconf 77' lang='grc' dir='ltr'>ἡψάμην</span> <span class='ocrx_word' id='word_1_34' title='bbox 909 364 956 391; x_wconf 77' lang='grc' dir='ltr'>καὶ</span> 
     </span>
    </p>
   </div>
   <div class='ocr_carea' id='block_1_6' title="bbox 168 408 955 444">
    <p class='ocr_par' dir='ltr' id='par_1_6' title="bbox 168 408 955 444">
     <span class='ocr_line' id='line_1_6' title="bbox 168 408 955 444; baseline 0.003 -10"><span class='ocrx_word' id='word_1_35' title='bbox 168 408 223 434; x_wconf 82' lang='grc' dir='ltr'>τῶν</span> <span class='ocrx_word' id='word_1_36' title='bbox 243 408 344 435; x_wconf 76' lang='grc' dir='ltr'>ποδῶν,</span> <span class='ocrx_word' id='word_1_37' title='bbox 364 408 441 435; x_wconf 79' lang='grc' dir='ltr'>Ἐπεὶ</span> <span class='ocrx_word' id='word_1_38' title='bbox 455 408 483 435; x_wconf 80' lang='grc' dir='ltr'>δὲ</span> <span class='ocrx_word' id='word_1_39' title='bbox 497 408 592 444; x_wconf 83' lang='grc' dir='ltr'>παρὼν</span> <span class='ocrx_word' id='word_1_40' title='bbox 603 409 685 440; x_wconf 74' lang='grc' dir='ltr'>αὐτὸς</span> <span class='ocrx_word' id='word_1_41' title='bbox 700 408 756 443; x_wconf 73' lang='grc' dir='ltr'><strong>ἐγὼ</strong></span> <span class='ocrx_word' id='word_1_42' title='bbox 773 409 889 436; x_wconf 78' lang='grc' dir='ltr'>κωλύειν</span> <span class='ocrx_word' id='word_1_43' title='bbox 905 410 955 436; x_wconf 82' lang='grc' dir='ltr'>οὐκ</span> 
     </span>
    </p>
   </div>
   <div class='ocr_carea' id='block_1_7' title="bbox 169 454 956 490">
    <p class='ocr_par' dir='ltr' id='par_1_7' title="bbox 169 454 956 490">
     <span class='ocr_line' id='line_1_7' title="bbox 169 454 956 490; baseline 0.004 -10"><span class='ocrx_word' id='word_1_44' title='bbox 169 454 318 488; x_wconf 71' lang='grc' dir='ltr'>ἐδυνάμην,</span> <span class='ocrx_word' id='word_1_45' title='bbox 333 455 439 489; x_wconf 83' lang='grc' dir='ltr'><strong>ἀνάγκη</strong></span> <span class='ocrx_word' id='word_1_46' title='bbox 453 455 481 481; x_wconf 81' lang='grc' dir='ltr'>δὲ</span> <span class='ocrx_word' id='word_1_47' title='bbox 497 455 595 482; x_wconf 77' lang='grc' dir='ltr'>ἀπόντι</span> <span class='ocrx_word' id='word_1_48' title='bbox 620 464 666 490; x_wconf 88' lang='grc' dir='ltr'><strong>μοι</strong></span> <span class='ocrx_word' id='word_1_49' title='bbox 686 456 806 490; x_wconf 82' lang='grc' dir='ltr'>σπουδὴν</span> <span class='ocrx_word' id='word_1_50' title='bbox 820 457 956 484; x_wconf 85' lang='grc' dir='ltr'>ποιεῖσθαι</span> 
     </span>
    </p>
   </div>
   <div class='ocr_carea' id='block_1_8' title="bbox 169 499 955 538">
    <p class='ocr_par' dir='ltr' id='par_1_8' title="bbox 169 499 955 538">
     <span class='ocr_line' id='line_1_8' title="bbox 169 499 955 538; baseline 0.005 -13"><span class='ocrx_word' id='word_1_51' title='bbox 169 499 239 534; x_wconf 70' lang='grc' dir='ltr'>ὑπὲρ</span> <span class='ocrx_word' id='word_1_52' title='bbox 261 499 308 526; x_wconf 83' lang='grc' dir='ltr'><strong>τοῦ</strong></span> <span class='ocrx_word' id='word_1_53' title='bbox 333 500 514 534; x_wconf 74' lang='grc' dir='ltr'>ἐπισχεθῆναι</span> <span class='ocrx_word' id='word_1_54' title='bbox 529 509 560 527; x_wconf 81' lang='grc' dir='ltr'><strong>σε</strong></span> <span class='ocrx_word' id='word_1_55' title='bbox 577 501 625 536; x_wconf 85' lang='grc' dir='ltr'>τῆς</span> <span class='ocrx_word' id='word_1_56' title='bbox 643 502 744 536; x_wconf 76' lang='grc' dir='ltr'>ὁρμῆς.</span> <span class='ocrx_word' id='word_1_57' title='bbox 761 502 872 537; x_wconf 77' lang='grc' dir='ltr'><strong>ἐδέησεν</strong></span> <span class='ocrx_word' id='word_1_58' title='bbox 889 505 955 538; x_wconf 77' lang='grc' dir='ltr'>ἡμῖν</span> 
     </span>
    </p>
   </div>
   <div class='ocr_carea' id='block_1_9' title="bbox 171 545 955 584">
    <p class='ocr_par' dir='ltr' id='par_1_9' title="bbox 171 545 955 584">
     <span class='ocr_line' id='line_1_9' title="bbox 171 545 955 584; baseline 0.005 -13"><span class='ocrx_word' id='word_1_59' title='bbox 171 545 218 572; x_wconf 79' lang='grc' dir='ltr'>καὶ</span> <span class='ocrx_word' id='word_1_60' title='bbox 237 545 306 580; x_wconf 75' lang='grc' dir='ltr'>πρὸς</span> <span class='ocrx_word' id='word_1_61' title='bbox 328 545 475 581; x_wconf 74' lang='grc' dir='ltr'><strong>ἐπίπληξιν</strong></span> <span class='ocrx_word' id='word_1_62' title='bbox 490 547 661 581; x_wconf 78' lang='grc' dir='ltr'>καταστῆναι</span> <span class='ocrx_word' id='word_1_63' title='bbox 686 546 730 574; x_wconf 73' lang='grc' dir='ltr'><strong>οἷα</strong></span> <span class='ocrx_word' id='word_1_64' title='bbox 747 547 778 583; x_wconf 83' lang='grc' dir='ltr'><strong>δὴ</strong></span> <span class='ocrx_word' id='word_1_65' title='bbox 797 548 892 584; x_wconf 71' lang='grc' dir='ltr'>πατρὶ,</span> <span class='ocrx_word' id='word_1_66' title='bbox 908 549 955 575; x_wconf 77' lang='grc' dir='ltr'><strong>καὶ</strong></span> 
     </span>
    </p>
   </div>
   <div class='ocr_carea' id='block_1_10' title="bbox 171 590 953 629">
    <p class='ocr_par' dir='ltr' id='par_1_10' title="bbox 171 590 953 629">
     <span class='ocr_line' id='line_1_10' title="bbox 171 590 953 629; baseline 0.005 -13"><span class='ocrx_word' id='word_1_67' title='bbox 171 590 210 626; x_wconf 80' lang='grc' dir='ltr'>τῷ</span> <span class='ocrx_word' id='word_1_68' title='bbox 234 590 347 625; x_wconf 66' lang='grc' dir='ltr'>θαρρεῖν</span> <span class='ocrx_word' id='word_1_69' title='bbox 374 591 461 626; x_wconf 79' lang='grc' dir='ltr'>ἔχοντι</span> <span class='ocrx_word' id='word_1_70' title='bbox 479 592 656 627; x_wconf 76' lang='grc' dir='ltr'><strong>ἐπιπλήττειν</strong></span> <span class='ocrx_word' id='word_1_71' title='bbox 674 601 727 626; x_wconf 83' lang='grc' dir='ltr'>σοι,</span> <span class='ocrx_word' id='word_1_72' title='bbox 745 593 841 620; x_wconf 81' lang='grc' dir='ltr'>τέκνον</span> <span class='ocrx_word' id='word_1_73' title='bbox 862 595 953 629; x_wconf 82' lang='grc' dir='ltr'>ἡμῶν,</span> 
     </span>
    </p>
   </div>
   <div class='ocr_carea' id='block_1_11' title="bbox 169 636 955 674">
    <p class='ocr_par' dir='ltr' id='par_1_11' title="bbox 169 636 955 674">
     <span class='ocr_line' id='line_1_11' title="bbox 169 636 955 674; baseline 0.008 -12"><span class='ocrx_word' id='word_1_74' title='bbox 169 637 199 662; x_wconf 70' lang='grc' dir='ltr'>οὐ</span> <span class='ocrx_word' id='word_1_75' title='bbox 213 636 294 671; x_wconf 86' lang='grc' dir='ltr'>μόνον</span> <span class='ocrx_word' id='word_1_76' title='bbox 308 636 376 663; x_wconf 84' lang='grc' dir='ltr'><strong>διότι</strong></span> <span class='ocrx_word' id='word_1_77' title='bbox 387 638 482 664; x_wconf 84' lang='grc' dir='ltr'>τέκνον</span> <span class='ocrx_word' id='word_1_78' title='bbox 499 638 642 674; x_wconf 83' lang='grc' dir='ltr'><strong>ὑπάρχεις,</strong></span> <span class='ocrx_word' id='word_1_79' title='bbox 659 639 727 666; x_wconf 79' lang='grc' dir='ltr'>ἀλλὰ</span> <span class='ocrx_word' id='word_1_80' title='bbox 739 641 807 667; x_wconf 83' lang='grc' dir='ltr'><strong>διότι</strong></span> <span class='ocrx_word' id='word_1_81' title='bbox 824 641 872 668; x_wconf 83' lang='grc' dir='ltr'>καὶ</span> <span class='ocrx_word' id='word_1_82' title='bbox 894 642 955 669; x_wconf 83' lang='grc' dir='ltr'><strong>λίαν</strong></span> 
     </span>
    </p>
   </div>
   <div class='ocr_carea' id='block_1_12' title="bbox 171 682 955 722">
    <p class='ocr_par' dir='ltr' id='par_1_12' title="bbox 171 682 955 722">
     <span class='ocr_line' id='line_1_12' title="bbox 171 682 955 722; baseline 0.008 -14"><span class='ocrx_word' id='word_1_83' title='bbox 171 682 274 716; x_wconf 74' lang='grc' dir='ltr'>φιλεῖς·</span> <span class='ocrx_word' id='word_1_84' title='bbox 293 683 432 717; x_wconf 75' lang='grc' dir='ltr'><strong>πεφύκασι</strong></span> <span class='ocrx_word' id='word_1_85' title='bbox 447 684 501 719; x_wconf 83' lang='grc' dir='ltr'>γὰρ</span> <span class='ocrx_word' id='word_1_86' title='bbox 520 685 545 711; x_wconf 82' lang='lat' dir='ltr'><strong>ol</strong></span> <span class='ocrx_word' id='word_1_87' title='bbox 571 684 630 711; x_wconf 86' lang='grc' dir='ltr'>λίαν</span> <span class='ocrx_word' id='word_1_88' title='bbox 652 685 791 720; x_wconf 77' lang='grc' dir='ltr'><strong>φιλοῦντες</strong></span> <span class='ocrx_word' id='word_1_89' title='bbox 805 687 890 722; x_wconf 74' lang='grc' dir='ltr'>ἡδέως</span> <span class='ocrx_word' id='word_1_90' title='bbox 905 687 955 720; x_wconf 77' lang='grc' dir='ltr'><strong>τὰς</strong></span> 
     </span>
    </p>
   </div>
   <div class='ocr_carea' id='block_1_13' title="bbox 168 728 955 767">
    <p class='ocr_par' dir='ltr' id='par_1_13' title="bbox 168 728 955 767">
     <span class='ocr_line' id='line_1_13' title="bbox 168 728 955 767; baseline 0.008 -13"><span class='ocrx_word' id='word_1_91' title='bbox 168 728 328 764; x_wconf 75' lang='grc' dir='ltr'><strong>ἐπιπλήξεις</strong></span> <span class='ocrx_word' id='word_1_92' title='bbox 339 730 392 755; x_wconf 84' lang='grc' dir='ltr'><strong>τῶν</strong></span> <span class='ocrx_word' id='word_1_93' title='bbox 410 730 495 764; x_wconf 81' lang='grc' dir='ltr'>φίλων</span> <span class='ocrx_word' id='word_1_94' title='bbox 507 730 615 765; x_wconf 76' lang='grc' dir='ltr'>φέρειν’</span> <span class='ocrx_word' id='word_1_95' title='bbox 628 732 704 767; x_wconf 64' lang='grc' dir='ltr'>πόσῳ</span> <span class='ocrx_word' id='word_1_96' title='bbox 717 732 746 758; x_wconf 79' lang='grc' dir='ltr'>δὲ</span> <span class='ocrx_word' id='word_1_97' title='bbox 757 733 858 767; x_wconf 79' lang='grc' dir='ltr'>μᾶλλον</span> <span class='ocrx_word' id='word_1_98' title='bbox 871 734 955 761; x_wconf 84' lang='grc' dir='ltr'>τέκνα</span> 
     </span>
    </p>
   </div>
   <div class='ocr_carea' id='block_1_14' title="bbox 168 773 955 814">
    <p class='ocr_par' dir='ltr' id='par_1_14' title="bbox 168 773 955 814">
     <span class='ocr_line' id='line_1_14' title="bbox 168 773 955 814; baseline 0.006 -14"><span class='ocrx_word' id='word_1_99' title='bbox 168 773 303 809; x_wconf 79' lang='grc' dir='ltr'>πατέρων,</span> <span class='ocrx_word' id='word_1_100' title='bbox 314 776 360 801; x_wconf 78' lang='grc' dir='ltr'>καὶ</span> <span class='ocrx_word' id='word_1_101' title='bbox 374 775 433 801; x_wconf 78' lang='grc' dir='ltr'>τότε</span> <span class='ocrx_word' id='word_1_102' title='bbox 443 776 493 810; x_wconf 80' lang='grc' dir='ltr'><strong>τῆς</strong></span> <span class='ocrx_word' id='word_1_103' title='bbox 505 777 629 812; x_wconf 74' lang='grc' dir='ltr'>πλήξεως</span> <span class='ocrx_word' id='word_1_104' title='bbox 643 777 713 812; x_wconf 83' lang='grc' dir='ltr'>ὑπὲρ</span> <span class='ocrx_word' id='word_1_105' title='bbox 722 779 805 812; x_wconf 79' lang='grc' dir='ltr'>τιμῆς</span> <span class='ocrx_word' id='word_1_106' title='bbox 813 780 858 805; x_wconf 83' lang='grc' dir='ltr'>καὶ</span> <span class='ocrx_word' id='word_1_107' title='bbox 870 787 955 814; x_wconf 83' lang='grc' dir='ltr'>σωτη-</span> 
     </span>
    </p>
   </div>
   <div class='ocr_carea' id='block_1_15' title="bbox 167 820 953 858">
    <p class='ocr_par' dir='ltr' id='par_1_15' title="bbox 167 820 953 858">
     <span class='ocr_line' id='line_1_15' title="bbox 167 820 953 858; baseline 0.006 -12"><span class='ocrx_word' id='word_1_108' title='bbox 167 820 228 855; x_wconf 83' lang='grc' dir='ltr'>ρίας</span> <span class='ocrx_word' id='word_1_109' title='bbox 244 820 390 855; x_wconf 77' lang='grc' dir='ltr'><strong>γινομένης</strong></span> <span class='ocrx_word' id='word_1_110' title='bbox 405 822 460 847; x_wconf 85' lang='grc' dir='ltr'>τῶν</span> <span class='ocrx_word' id='word_1_111' title='bbox 477 823 740 857; x_wconf 72' lang='grc' dir='ltr'>ἐπιπληττομένωνς</span> <span class='ocrx_word' id='word_1_112' title='bbox 758 824 834 858; x_wconf 81' lang='grc' dir='ltr'>Ἔχει</span> <span class='ocrx_word' id='word_1_113' title='bbox 859 824 888 850; x_wconf 84' lang='grc' dir='ltr'>δὲ</span> <span class='ocrx_word' id='word_1_114' title='bbox 906 825 953 851; x_wconf 81' lang='grc' dir='ltr'>καὶ</span> 
     </span>
    </p>
   </div>
   <div class='ocr_carea' id='block_1_16' title="bbox 165 866 954 904">
    <p class='ocr_par' dir='ltr' id='par_1_16' title="bbox 165 866 954 904">
     <span class='ocr_line' id='line_1_16' title="bbox 165 866 954 904; baseline 0.005 -12"><span class='ocrx_word' id='word_1_115' title='bbox 165 866 252 898; x_wconf 86' lang='grc' dir='ltr'>άλλως</span> <span class='ocrx_word' id='word_1_116' title='bbox 265 866 319 893; x_wconf 84' lang='grc' dir='ltr'><strong>τῶν</strong></span> <span class='ocrx_word' id='word_1_117' title='bbox 330 867 470 902; x_wconf 83' lang='grc' dir='ltr'>φρονίμων</span> <span class='ocrx_word' id='word_1_118' title='bbox 478 867 631 902; x_wconf 73' lang='grc' dir='ltr'>ἀνθρώπων</span> <span class='ocrx_word' id='word_1_119' title='bbox 643 868 729 901; x_wconf 82' lang='grc' dir='ltr'>οὕτως</span> <span class='ocrx_word' id='word_1_120' title='bbox 742 870 757 904; x_wconf 80' lang='grc' dir='ltr'><strong>ἡ</strong></span> <span class='ocrx_word' id='word_1_121' title='bbox 771 870 853 904; x_wconf 79' lang='grc' dir='ltr'>φύσις</span> <span class='ocrx_word' id='word_1_122' title='bbox 865 870 896 896; x_wconf 72' lang='grc' dir='ltr'>τὸ</span> <span class='ocrx_word' id='word_1_123' title='bbox 905 871 954 904; x_wconf 84' lang='grc' dir='ltr'>φέ-</span> 
     </span>
    </p>
   </div>
   <div class='ocr_carea' id='block_1_17' title="bbox 166 912 951 949">
    <p class='ocr_par' dir='ltr' id='par_1_17' title="bbox 166 912 951 949">
     <span class='ocr_line' id='line_1_17' title="bbox 166 912 951 949; baseline 0.006 -11"><span class='ocrx_word' id='word_1_124' title='bbox 166 920 224 947; x_wconf 83' lang='grc' dir='ltr'>ρειν</span> <span class='ocrx_word' id='word_1_125' title='bbox 233 912 320 948; x_wconf 74' lang='grc' dir='ltr'>ἡδέως</span> <span class='ocrx_word' id='word_1_126' title='bbox 335 913 385 944; x_wconf 81' lang='grc' dir='ltr'>τὰς</span> <span class='ocrx_word' id='word_1_127' title='bbox 401 913 577 948; x_wconf 78' lang='grc' dir='ltr'><strong>ἐπιτιμήσεις</strong></span> <span class='ocrx_word' id='word_1_128' title='bbox 587 915 641 940; x_wconf 82' lang='grc' dir='ltr'><strong>τῶν</strong></span> <span class='ocrx_word' id='word_1_129' title='bbox 652 915 736 949; x_wconf 80' lang='grc' dir='ltr'>φίλων</span> <span class='ocrx_word' id='word_1_130' title='bbox 747 923 753 930; x_wconf 86' lang='grc'><strong>·</strong></span> <span class='ocrx_word' id='word_1_131' title='bbox 762 915 806 942; x_wconf 79' lang='grc' dir='ltr'><strong>διὰ</strong></span> <span class='ocrx_word' id='word_1_132' title='bbox 823 916 849 942; x_wconf 88' lang='grc' dir='ltr'><strong>τί</strong></span> <span class='ocrx_word' id='word_1_133' title='bbox 861 925 869 948; x_wconf 85' lang='lat'><strong>;</strong></span> <span class='ocrx_word' id='word_1_134' title='bbox 891 917 951 944; x_wconf 85' lang='grc' dir='ltr'><strong>Ὀτι</strong></span> 
     </span>
    </p>
   </div>
   <div class='ocr_carea' id='block_1_18' title="bbox 1009 318 1794 352">
    <p class='ocr_par' dir='ltr' id='par_1_18' title="bbox 1009 318 1794 352">
     <span class='ocr_line' id='line_1_18' title="bbox 1009 318 1794 352; baseline -0.003 -6"><span class='ocrx_word' id='word_1_135' title='bbox 1009 327 1072 346; x_wconf 82' lang='lat' dir='ltr'><strong>sens</strong></span> <span class='ocrx_word' id='word_1_136' title='bbox 1090 324 1115 346; x_wconf 86' lang='lat' dir='ltr'><strong>te</strong></span> <span class='ocrx_word' id='word_1_137' title='bbox 1127 319 1277 352; x_wconf 85' lang='lat' dir='ltr'><strong>continere,</strong></span> <span class='ocrx_word' id='word_1_138' title='bbox 1293 326 1405 347; x_wconf 87' lang='lat' dir='ltr'><strong>necesse</strong></span> <span class='ocrx_word' id='word_1_139' title='bbox 1421 326 1486 346; x_wconf 77' lang='lat' dir='ltr'><strong>vero</strong></span> <span class='ocrx_word' id='word_1_140' title='bbox 1503 319 1570 346; x_wconf 89' lang='lat' dir='ltr'><strong>mihi</strong></span> <span class='ocrx_word' id='word_1_141' title='bbox 1588 318 1671 345; x_wconf 85' lang='lat' dir='ltr'><strong>fuerit</strong></span> <span class='ocrx_word' id='word_1_142' title='bbox 1688 318 1794 345; x_wconf 75' lang='lat' dir='ltr'><strong>absenti</strong></span> 
     </span>
    </p>
   </div>
   <div class='ocr_carea' id='block_1_19' title="bbox 1009 365 1798 398">
    <p class='ocr_par' dir='ltr' id='par_1_19' title="bbox 1009 365 1798 398">
     <span class='ocr_line' id='line_1_19' title="bbox 1009 365 1798 398; baseline -0.003 -6"><span class='ocrx_word' id='word_1_143' title='bbox 1009 366 1103 392; x_wconf 88' lang='lat' dir='ltr'><strong>conari</strong></span> <span class='ocrx_word' id='word_1_144' title='bbox 1129 365 1162 392; x_wconf 80' lang='lat' dir='ltr'><strong>ad</strong></span> <span class='ocrx_word' id='word_1_145' title='bbox 1189 365 1383 392; x_wconf 88' lang='lat' dir='ltr'><strong>continendum</strong></span> <span class='ocrx_word' id='word_1_146' title='bbox 1410 369 1487 392; x_wconf 89' lang='lat' dir='ltr'><strong>tuum</strong></span> <span class='ocrx_word' id='word_1_147' title='bbox 1508 365 1651 398; x_wconf 88' lang='lat' dir='ltr'><strong>impetum,</strong></span> <span class='ocrx_word' id='word_1_148' title='bbox 1681 365 1798 398; x_wconf 72' lang='lat' dir='ltr'><strong>oportuit</strong></span> 
     </span>
    </p>
   </div>
   <div class='ocr_carea' id='block_1_20' title="bbox 1008 410 1796 445">
    <p class='ocr_par' dir='ltr' id='par_1_20' title="bbox 1008 410 1796 445">
     <span class='ocr_line' id='line_1_20' title="bbox 1008 410 1796 445; baseline -0.001 -8"><span class='ocrx_word' id='word_1_149' title='bbox 1008 411 1220 445; x_wconf 84' lang='lat' dir='ltr'><strong>reprehensione</strong></span> <span class='ocrx_word' id='word_1_150' title='bbox 1242 411 1280 438; x_wconf 90' lang='lat' dir='ltr'><strong>uti</strong></span> <span class='ocrx_word' id='word_1_151' title='bbox 1303 411 1392 445; x_wconf 83' lang='lat' dir='ltr'><strong>qualis</strong></span> <span class='ocrx_word' id='word_1_152' title='bbox 1407 410 1483 438; x_wconf 81' lang='lat' dir='ltr'><strong>decet</strong></span> <span class='ocrx_word' id='word_1_153' title='bbox 1500 415 1601 444; x_wconf 84' lang='lat' dir='ltr'><strong>patrem</strong></span> <span class='ocrx_word' id='word_1_154' title='bbox 1629 414 1656 436; x_wconf 83' lang='lat' dir='ltr'><strong>et</strong></span> <span class='ocrx_word' id='word_1_155' title='bbox 1671 417 1733 436; x_wconf 88' lang='lat' dir='ltr'><strong>eum</strong></span> <span class='ocrx_word' id='word_1_156' title='bbox 1750 410 1796 436; x_wconf 82' lang='lat' dir='ltr'><strong>cui</strong></span> 
     </span>
    </p>
   </div>
   <div class='ocr_carea' id='block_1_21' title="bbox 1007 453 1796 490">
    <p class='ocr_par' dir='ltr' id='par_1_21' title="bbox 1007 453 1796 490">
     <span class='ocr_line' id='line_1_21' title="bbox 1007 453 1796 490; baseline 0 -8"><span class='ocrx_word' id='word_1_157' title='bbox 1007 457 1109 483; x_wconf 86' lang='lat' dir='ltr'><strong>audere</strong></span> <span class='ocrx_word' id='word_1_158' title='bbox 1130 455 1193 483; x_wconf 88' lang='lat' dir='ltr'><strong>licet</strong></span> <span class='ocrx_word' id='word_1_159' title='bbox 1213 455 1422 490; x_wconf 82' lang='lat' dir='ltr'><strong>reprehendere,</strong></span> <span class='ocrx_word' id='word_1_160' title='bbox 1440 463 1494 482; x_wconf 87' lang='lat' dir='ltr'><strong>non</strong></span> <span class='ocrx_word' id='word_1_161' title='bbox 1519 455 1608 482; x_wconf 90' lang='lat' dir='ltr'><strong>solum</strong></span> <span class='ocrx_word' id='word_1_162' title='bbox 1628 454 1693 489; x_wconf 86' lang='lat' dir='ltr'><strong>quia</strong></span> <span class='ocrx_word' id='word_1_163' title='bbox 1723 453 1796 482; x_wconf 71' lang='lat' dir='ltr'><strong>illius</strong></span> 
     </span>
    </p>
   </div>
   <div class='ocr_carea' id='block_1_22' title="bbox 1008 500 1796 536">
    <p class='ocr_par' dir='ltr' id='par_1_22' title="bbox 1008 500 1796 536">
     <span class='ocr_line' id='line_1_22' title="bbox 1008 500 1796 536; baseline -0.004 -7"><span class='ocrx_word' id='word_1_164' title='bbox 1008 509 1084 529; x_wconf 89' lang='lat' dir='ltr'><strong>meus</strong></span> <span class='ocrx_word' id='word_1_165' title='bbox 1093 508 1133 534; x_wconf 84' lang='lat' dir='ltr'><strong>es,</strong></span> <span class='ocrx_word' id='word_1_166' title='bbox 1143 502 1189 529; x_wconf 83' lang='lat' dir='ltr'><strong>sed</strong></span> <span class='ocrx_word' id='word_1_167' title='bbox 1201 502 1283 528; x_wconf 87' lang='lat' dir='ltr'><strong>etiam</strong></span> <span class='ocrx_word' id='word_1_168' title='bbox 1291 501 1354 536; x_wconf 88' lang='lat' dir='ltr'><strong>quia</strong></span> <span class='ocrx_word' id='word_1_169' title='bbox 1365 501 1480 528; x_wconf 88' lang='lat' dir='ltr'><strong>mullum</strong></span> <span class='ocrx_word' id='word_1_170' title='bbox 1489 508 1531 528; x_wconf 88' lang='lat' dir='ltr'><strong>me</strong></span> <span class='ocrx_word' id='word_1_171' title='bbox 1538 507 1614 527; x_wconf 83' lang='lat' dir='ltr'><strong>amas</strong></span> <span class='ocrx_word' id='word_1_172' title='bbox 1623 508 1631 528; x_wconf 89' lang='lat'><strong>:</strong></span> <span class='ocrx_word' id='word_1_173' title='bbox 1639 500 1796 534; x_wconf 87' lang='lat' dir='ltr'><strong>quicunque</strong></span> 
     </span>
    </p>
   </div>
   <div class='ocr_carea' id='block_1_23' title="bbox 1007 545 1795 580">
    <p class='ocr_par' dir='ltr' id='par_1_23' title="bbox 1007 545 1795 580">
     <span class='ocr_line' id='line_1_23' title="bbox 1007 545 1795 580; baseline -0.004 -6"><span class='ocrx_word' id='word_1_174' title='bbox 1007 547 1106 574; x_wconf 77' lang='lat' dir='ltr'><strong>etenim</strong></span> <span class='ocrx_word' id='word_1_175' title='bbox 1128 547 1243 574; x_wconf 86' lang='lat' dir='ltr'><strong>multum</strong></span> <span class='ocrx_word' id='word_1_176' title='bbox 1271 551 1374 579; x_wconf 83' lang='lat' dir='ltr'><strong>amant,</strong></span> <span class='ocrx_word' id='word_1_177' title='bbox 1399 546 1550 574; x_wconf 86' lang='lat' dir='ltr'><strong>amicorum</strong></span> <span class='ocrx_word' id='word_1_178' title='bbox 1568 545 1795 580; x_wconf 84' lang='lat' dir='ltr'><strong>reprehensiones</strong></span> 
     </span>
    </p>
   </div>
   <div class='ocr_carea' id='block_1_24' title="bbox 1007 591 1794 628">
    <p class='ocr_par' dir='ltr' id='par_1_24' title="bbox 1007 591 1794 628">
     <span class='ocr_line' id='line_1_24' title="bbox 1007 591 1794 628; baseline -0.005 -8"><span class='ocrx_word' id='word_1_179' title='bbox 1007 593 1122 620; x_wconf 88' lang='lat' dir='ltr'><strong>libenter</strong></span> <span class='ocrx_word' id='word_1_180' title='bbox 1139 592 1242 625; x_wconf 83' lang='lat' dir='ltr'><strong>ferunt,</strong></span> <span class='ocrx_word' id='word_1_181' title='bbox 1269 597 1376 628; x_wconf 88' lang='lat' dir='ltr'><strong>quanto</strong></span> <span class='ocrx_word' id='word_1_182' title='bbox 1392 593 1480 627; x_wconf 74' lang='lat' dir='ltr'><strong>magis</strong></span> <span class='ocrx_word' id='word_1_183' title='bbox 1496 595 1640 627; x_wconf 84' lang='lat' dir='ltr'><strong>parentum</strong></span> <span class='ocrx_word' id='word_1_184' title='bbox 1658 591 1716 623; x_wconf 82' lang='lat' dir='ltr'><strong>lilii,</strong></span> <span class='ocrx_word' id='word_1_185' title='bbox 1733 599 1794 618; x_wconf 87' lang='lat' dir='ltr'><strong>cum</strong></span> 
     </span>
    </p>
   </div>
   <div class='ocr_carea' id='block_1_25' title="bbox 1006 637 1792 673">
    <p class='ocr_par' dir='ltr' id='par_1_25' title="bbox 1006 637 1792 673">
     <span class='ocr_line' id='line_1_25' title="bbox 1006 637 1792 673; baseline -0.004 -7"><span class='ocrx_word' id='word_1_186' title='bbox 1006 639 1157 671; x_wconf 68' lang='lat' dir='ltr'><strong>praesertim</strong></span> <span class='ocrx_word' id='word_1_187' title='bbox 1188 638 1365 673; x_wconf 79' lang='lat' dir='ltr'><strong>reprehensio</strong></span> <span class='ocrx_word' id='word_1_188' title='bbox 1384 638 1412 665; x_wconf 84' lang='lat' dir='ltr'><strong>lit</strong></span> <span class='ocrx_word' id='word_1_189' title='bbox 1438 639 1465 665; x_wconf 93' lang='lat' dir='ltr'><strong>in</strong></span> <span class='ocrx_word' id='word_1_190' title='bbox 1490 638 1607 673; x_wconf 73' lang='lat' dir='ltr'><strong>gratiam</strong></span> <span class='ocrx_word' id='word_1_191' title='bbox 1638 637 1750 664; x_wconf 85' lang='lat' dir='ltr'><strong>honoris</strong></span> <span class='ocrx_word' id='word_1_192' title='bbox 1764 641 1792 664; x_wconf 90' lang='lat' dir='ltr'><strong>et</strong></span> 
     </span>
    </p>
   </div>
   <div class='ocr_carea' id='block_1_26' title="bbox 1006 683 1795 718">
    <p class='ocr_par' dir='ltr' id='par_1_26' title="bbox 1006 683 1795 718">
     <span class='ocr_line' id='line_1_26' title="bbox 1006 683 1795 718; baseline -0.005 -6"><span class='ocrx_word' id='word_1_193' title='bbox 1006 685 1103 712; x_wconf 76' lang='lat' dir='ltr'><strong>salutis</strong></span> <span class='ocrx_word' id='word_1_194' title='bbox 1127 691 1221 711; x_wconf 89' lang='lat' dir='ltr'><strong>eorum</strong></span> <span class='ocrx_word' id='word_1_195' title='bbox 1239 683 1285 718; x_wconf 89' lang='lat' dir='ltr'><strong>qui</strong></span> <span class='ocrx_word' id='word_1_196' title='bbox 1319 683 1579 718; x_wconf 73' lang='lat' dir='ltr'><strong>reprehenduntur?</strong></span> <span class='ocrx_word' id='word_1_197' title='bbox 1609 688 1706 709; x_wconf 88' lang='lat' dir='ltr'><strong>natura</strong></span> <span class='ocrx_word' id='word_1_198' title='bbox 1728 690 1795 716; x_wconf 82' lang='lat' dir='ltr'><strong>prti-</strong></span> 
     </span>
    </p>
   </div>
   <div class='ocr_carea' id='block_1_27' title="bbox 1006 728 1795 763">
    <p class='ocr_par' dir='ltr' id='par_1_27' title="bbox 1006 728 1795 763">
     <span class='ocr_line' id='line_1_27' title="bbox 1006 728 1795 763; baseline -0.004 -6"><span class='ocrx_word' id='word_1_199' title='bbox 1006 729 1101 757; x_wconf 86' lang='lat' dir='ltr'><strong>dentcs</strong></span> <span class='ocrx_word' id='word_1_200' title='bbox 1129 730 1179 757; x_wconf 84' lang='lat' dir='ltr'><strong>viri</strong></span> <span class='ocrx_word' id='word_1_201' title='bbox 1194 730 1346 756; x_wconf 82' lang='lat' dir='ltr'><strong>amicorum</strong></span> <span class='ocrx_word' id='word_1_202' title='bbox 1371 729 1596 763; x_wconf 76' lang='lat' dir='ltr'><strong>reprehensiones</strong></span> <span class='ocrx_word' id='word_1_203' title='bbox 1620 728 1735 755; x_wconf 81' lang='lat' dir='ltr'><strong>libenter</strong></span> <span class='ocrx_word' id='word_1_204' title='bbox 1754 728 1795 754; x_wconf 66' lang='lat' dir='ltr'><strong>fe-</strong></span> 
     </span>
    </p>
   </div>
   <div class='ocr_carea' id='block_1_28' title="bbox 1008 774 1793 811">
    <p class='ocr_par' dir='ltr' id='par_1_28' title="bbox 1008 774 1793 811">
     <span class='ocr_line' id='line_1_28' title="bbox 1008 774 1793 811; baseline -0.001 -8"><span class='ocrx_word' id='word_1_205' title='bbox 1008 782 1072 803; x_wconf 87' lang='lat' dir='ltr'><strong>runt</strong></span> <span class='ocrx_word' id='word_1_206' title='bbox 1087 777 1104 807; x_wconf 63' lang='grc' dir='ltr'>ἴε</span> <span class='ocrx_word' id='word_1_207' title='bbox 1133 776 1238 811; x_wconf 79' lang='lat' dir='ltr'><strong>quare?</strong></span> <span class='ocrx_word' id='word_1_208' title='bbox 1262 776 1314 803; x_wconf 84' lang='lat' dir='ltr'><strong>nisi</strong></span> <span class='ocrx_word' id='word_1_209' title='bbox 1332 775 1396 810; x_wconf 84' lang='lat' dir='ltr'><strong>quia</strong></span> <span class='ocrx_word' id='word_1_210' title='bbox 1420 775 1513 802; x_wconf 87' lang='lat' dir='ltr'><strong>nullus</strong></span> <span class='ocrx_word' id='word_1_211' title='bbox 1530 782 1648 808; x_wconf 83' lang='lat' dir='ltr'><strong>unquam</strong></span> <span class='ocrx_word' id='word_1_212' title='bbox 1668 774 1793 802; x_wconf 83' lang='lat' dir='ltr'><strong>inimicus</strong></span> 
     </span>
    </p>
   </div>
   <div class='ocr_carea' id='block_1_29' title="bbox 1005 821 1793 856">
    <p class='ocr_par' dir='ltr' id='par_1_29' title="bbox 1005 821 1793 856">
     <span class='ocr_line' id='line_1_29' title="bbox 1005 821 1793 856; baseline -0.001 -8"><span class='ocrx_word' id='word_1_213' title='bbox 1005 821 1187 856; x_wconf 80' lang='lat' dir='ltr'><strong>reprehendet</strong></span> <span class='ocrx_word' id='word_1_214' title='bbox 1207 822 1277 848; x_wconf 90' lang='lat' dir='ltr'><strong>male</strong></span> <span class='ocrx_word' id='word_1_215' title='bbox 1292 826 1429 856; x_wconf 75' lang='lat' dir='ltr'><strong>agentem,</strong></span> <span class='ocrx_word' id='word_1_216' title='bbox 1447 821 1492 848; x_wconf 85' lang='lat' dir='ltr'><strong>sed</strong></span> <span class='ocrx_word' id='word_1_217' title='bbox 1511 821 1613 856; x_wconf 76' lang='lat' dir='ltr'><strong>potius,</strong></span> <span class='ocrx_word' id='word_1_218' title='bbox 1628 821 1650 848; x_wconf 90' lang='lat' dir='ltr'><strong>si</strong></span> <span class='ocrx_word' id='word_1_219' title='bbox 1667 821 1750 855; x_wconf 77' lang='lat' dir='ltr'><strong>possit</strong></span> <span class='ocrx_word' id='word_1_220' title='bbox 1767 826 1793 847; x_wconf 84' lang='lat' dir='ltr'><strong>et</strong></span> 
     </span>
    </p>
   </div>
   <div class='ocr_carea' id='block_1_30' title="bbox 1005 866 1794 902">
    <p class='ocr_par' dir='ltr' id='par_1_30' title="bbox 1005 866 1794 902">
     <span class='ocr_line' id='line_1_30' title="bbox 1005 866 1794 902; baseline -0.003 -8"><span class='ocrx_word' id='word_1_221' title='bbox 1005 867 1084 894; x_wconf 75' lang='lat' dir='ltr'><strong>ﬁderit</strong></span> <span class='ocrx_word' id='word_1_222' title='bbox 1110 867 1244 898; x_wconf 84' lang='lat' dir='ltr'><strong>obtineat,</strong></span> <span class='ocrx_word' id='word_1_223' title='bbox 1265 867 1325 902; x_wconf 85' lang='lat' dir='ltr'><strong>ipse</strong></span> <span class='ocrx_word' id='word_1_224' title='bbox 1342 867 1374 894; x_wconf 89' lang='lat' dir='ltr'><strong>ad</strong></span> <span class='ocrx_word' id='word_1_225' title='bbox 1390 867 1482 902; x_wconf 83' lang='lat' dir='ltr'><strong>pejora</strong></span> <span class='ocrx_word' id='word_1_226' title='bbox 1500 866 1628 898; x_wconf 81' lang='lat' dir='ltr'><strong>inducet;</strong></span> <span class='ocrx_word' id='word_1_227' title='bbox 1649 871 1731 893; x_wconf 68' lang='lat' dir='ltr'><strong>resxat</strong></span> <span class='ocrx_word' id='word_1_228' title='bbox 1744 866 1794 899; x_wconf 73' lang='lat' dir='ltr'><strong>igi-</strong></span> 
     </span>
    </p>
   </div>
   <div class='ocr_carea' id='block_1_31' title="bbox 1005 912 1794 948">
    <p class='ocr_par' dir='ltr' id='par_1_31' title="bbox 1005 912 1794 948">
     <span class='ocr_line' id='line_1_31' title="bbox 1005 912 1794 948; baseline -0.001 -10"><span class='ocrx_word' id='word_1_229' title='bbox 1005 917 1048 939; x_wconf 88' lang='lat' dir='ltr'><strong>tur</strong></span> <span class='ocrx_word' id='word_1_230' title='bbox 1063 916 1091 939; x_wconf 90' lang='lat' dir='ltr'><strong>ut</strong></span> <span class='ocrx_word' id='word_1_231' title='bbox 1106 913 1187 939; x_wconf 85' lang='lat' dir='ltr'><strong>amici</strong></span> <span class='ocrx_word' id='word_1_232' title='bbox 1208 917 1314 940; x_wconf 87' lang='lat' dir='ltr'><strong>tantum</strong></span> <span class='ocrx_word' id='word_1_233' title='bbox 1333 912 1551 948; x_wconf 85' lang='lat' dir='ltr'><strong>reprehendant;</strong></span> <span class='ocrx_word' id='word_1_234' title='bbox 1572 916 1598 938; x_wconf 80' lang='lat' dir='ltr'><strong>et</strong></span> <span class='ocrx_word' id='word_1_235' title='bbox 1613 916 1794 945; x_wconf 85' lang='lat' dir='ltr'><strong>proplerea.ut</strong></span> 
     </span>
    </p>
   </div>
   <div class='ocr_carea' id='block_1_32' title="bbox 163 947 947 998">
    <p class='ocr_par' dir='ltr' id='par_1_32' title="bbox 163 947 947 998">
     <span class='ocr_line' id='line_1_32' title="bbox 163 947 947 998; baseline 0.006 -14"><span class='ocrx_word' id='word_1_236' title='bbox 163 959 218 986; x_wconf 84' lang='grc' dir='ltr'><strong>τῶν</strong></span> <span class='ocrx_word' id='word_1_237' title='bbox 239 947 289 994; x_wconf 78' lang='grc' dir='ltr'><strong>μὲν</strong></span> <span class='ocrx_word' id='word_1_238' title='bbox 303 958 409 994; x_wconf 72' lang='grc' dir='ltr'>ἐχθρῶν</span> <span class='ocrx_word' id='word_1_239' title='bbox 418 947 677 996; x_wconf 21' lang='grc' dir='ltr'>οὐδεὶςνέπιτιμήσει</span> <span class='ocrx_word' id='word_1_240' title='bbox 693 962 787 994; x_wconf 77' lang='grc' dir='ltr'>κακῶς</span> <span class='ocrx_word' id='word_1_241' title='bbox 798 971 852 988; x_wconf 85' lang='grc' dir='ltr'>τινι</span> <span class='ocrx_word' id='word_1_242' title='bbox 864 963 947 998; x_wconf 77' lang='grc' dir='ltr'>πράτ-</span> 
     </span>
    </p>
   </div>
   <div class='ocr_carea' id='block_1_33' title="bbox 999 947 1792 998">
    <p class='ocr_par' dir='ltr' id='par_1_33' title="bbox 1003 957 1792 993">
     <span class='ocr_line' id='line_1_33' title="bbox 1003 957 1792 993; baseline -0.001 -8"><span class='ocrx_word' id='word_1_243' title='bbox 1003 958 1132 990; x_wconf 78' lang='lat' dir='ltr'><strong>diximus,</strong></span> <span class='ocrx_word' id='word_1_244' title='bbox 1151 958 1278 993; x_wconf 77' lang='lat' dir='ltr'><strong>gaudent,</strong></span> <span class='ocrx_word' id='word_1_245' title='bbox 1296 966 1349 986; x_wconf 92' lang='lat' dir='ltr'><strong>non</strong></span> <span class='ocrx_word' id='word_1_246' title='bbox 1365 963 1455 985; x_wconf 87' lang='lat' dir='ltr'><strong>autem</strong></span> <span class='ocrx_word' id='word_1_247' title='bbox 1469 958 1677 989; x_wconf 73' lang='lat' dir='ltr'><strong>contristantur,</strong></span> <span class='ocrx_word' id='word_1_248' title='bbox 1694 957 1742 992; x_wconf 91' lang='lat' dir='ltr'><strong>qui</strong></span> <span class='ocrx_word' id='word_1_249' title='bbox 1758 957 1792 984; x_wconf 87' lang='lat' dir='ltr'><strong>ad</strong></span> 
     </span>
    </p>
   </div>
   <div class='ocr_carea' id='block_1_34' title="bbox 163 1002 950 1040">
    <p class='ocr_par' dir='ltr' id='par_1_34' title="bbox 163 1002 950 1040">
     <span class='ocr_line' id='line_1_34' title="bbox 163 1002 950 1040; baseline 0.008 -13"><span class='ocrx_word' id='word_1_250' title='bbox 163 1010 248 1034; x_wconf 78' lang='grc' dir='ltr'>τοντι,</span> <span class='ocrx_word' id='word_1_251' title='bbox 263 1002 330 1028; x_wconf 78' lang='grc' dir='ltr'>ἀλλὰ</span> <span class='ocrx_word' id='word_1_252' title='bbox 349 1002 461 1037; x_wconf 82' lang='grc' dir='ltr'>μᾶλλον,</span> <span class='ocrx_word' id='word_1_253' title='bbox 474 1004 499 1030; x_wconf 80' lang='grc' dir='ltr'><strong>εί</strong></span> <span class='ocrx_word' id='word_1_254' title='bbox 514 1003 632 1036; x_wconf 78' lang='grc' dir='ltr'>δύναιτο,</span> <span class='ocrx_word' id='word_1_255' title='bbox 646 1005 694 1032; x_wconf 76' lang='grc' dir='ltr'>καὶ</span> <span class='ocrx_word' id='word_1_256' title='bbox 704 1005 822 1038; x_wconf 77' lang='grc' dir='ltr'>πίστεως</span> <span class='ocrx_word' id='word_1_257' title='bbox 837 1006 950 1040; x_wconf 75' lang='grc' dir='ltr'><strong>ἀξιοῖτο,</strong></span> 
     </span>
    </p>
   </div>
   <div class='ocr_carea' id='block_1_35' title="bbox 163 1046 951 1086">
    <p class='ocr_par' dir='ltr' id='par_1_35' title="bbox 163 1046 951 1086">
     <span class='ocr_line' id='line_1_35' title="bbox 163 1046 951 1086; baseline 0.009 -14"><span class='ocrx_word' id='word_1_258' title='bbox 163 1046 244 1077; x_wconf 77' lang='grc' dir='ltr'>αὐτὸς</span> <span class='ocrx_word' id='word_1_259' title='bbox 262 1047 439 1082; x_wconf 77' lang='grc' dir='ltr'>ὑποθήσειτὰ</span> <span class='ocrx_word' id='word_1_260' title='bbox 456 1049 540 1084; x_wconf 73' lang='grc' dir='ltr'>χείρω</span> <span class='ocrx_word' id='word_1_261' title='bbox 552 1057 559 1064; x_wconf 76' lang='grc' dir='ltr'><strong>ο</strong></span> <span class='ocrx_word' id='word_1_262' title='bbox 573 1049 697 1077; x_wconf 75' lang='grc' dir='ltr'>λείπεται</span> <span class='ocrx_word' id='word_1_263' title='bbox 715 1050 762 1077; x_wconf 77' lang='grc' dir='ltr'>οὖν</span> <span class='ocrx_word' id='word_1_264' title='bbox 778 1052 840 1082; x_wconf 76' lang='grc' dir='ltr'>τοὺς</span> <span class='ocrx_word' id='word_1_265' title='bbox 857 1052 951 1086; x_wconf 70' lang='grc' dir='ltr'>φίλους</span> 
     </span>
    </p>
   </div>
   <div class='ocr_carea' id='block_1_36' title="bbox 163 1092 954 1132">
    <p class='ocr_par' dir='ltr' id='par_1_36' title="bbox 163 1092 954 1132">
     <span class='ocr_line' id='line_1_36' title="bbox 163 1092 954 1132; baseline 0.009 -15"><span class='ocrx_word' id='word_1_266' title='bbox 163 1092 307 1128; x_wconf 71' lang='grc' dir='ltr'>ἐπιτιμᾷν·</span> <span class='ocrx_word' id='word_1_267' title='bbox 323 1094 370 1120; x_wconf 73' lang='grc' dir='ltr'>καὶ</span> <span class='ocrx_word' id='word_1_268' title='bbox 383 1094 427 1121; x_wconf 74' lang='grc' dir='ltr'>διὰ</span> <span class='ocrx_word' id='word_1_269' title='bbox 446 1094 534 1126; x_wconf 76' lang='grc' dir='ltr'>τοῦτο,</span> <span class='ocrx_word' id='word_1_270' title='bbox 551 1095 640 1127; x_wconf 70' lang='grc' dir='ltr'>καθὼς</span> <span class='ocrx_word' id='word_1_271' title='bbox 652 1096 769 1131; x_wconf 74' lang='grc' dir='ltr'>ἔφημεν,</span> <span class='ocrx_word' id='word_1_272' title='bbox 789 1098 954 1132; x_wconf 73' lang='grc' dir='ltr'>χαίρουσιν,·</span> 
     </span>
    </p>
   </div>
   <div class='ocr_carea' id='block_1_37' title="bbox 161 1136 950 1175">
    <p class='ocr_par' dir='ltr' id='par_1_37' title="bbox 161 1136 950 1175">
     <span class='ocr_line' id='line_1_37' title="bbox 161 1136 950 1175; baseline 0.006 -13"><span class='ocrx_word' id='word_1_273' title='bbox 161 1136 193 1162; x_wconf 80' lang='grc' dir='ltr'>οὺ</span> <span class='ocrx_word' id='word_1_274' title='bbox 207 1136 365 1168; x_wconf 84' lang='grc' dir='ltr'>λυποῦνται.</span> <span class='ocrx_word' id='word_1_275' title='bbox 385 1138 450 1165; x_wconf 85' lang='grc' dir='ltr'>ὅταν</span> <span class='ocrx_word' id='word_1_276' title='bbox 467 1138 513 1164; x_wconf 75' lang='grc' dir='ltr'><strong>ἐπὶ</strong></span> <span class='ocrx_word' id='word_1_277' title='bbox 535 1138 570 1164; x_wconf 80' lang='grc' dir='ltr'><strong>τὰ</strong></span> <span class='ocrx_word' id='word_1_278' title='bbox 586 1141 670 1174; x_wconf 81' lang='grc' dir='ltr'>χείρω</span> <span class='ocrx_word' id='word_1_279' title='bbox 687 1141 824 1175; x_wconf 81' lang='grc' dir='ltr'><strong>φέρωνται</strong></span> <span class='ocrx_word' id='word_1_280' title='bbox 837 1141 860 1167; x_wconf 82' lang='lat' dir='ltr'><strong>nt</strong></span> <span class='ocrx_word' id='word_1_281' title='bbox 875 1141 950 1175; x_wconf 67' lang='grc' dir='ltr'>παρὰ</span> 
     </span>
    </p>
   </div>
   <div class='ocr_carea' id='block_1_38' title="bbox 161 1182 950 1221">
    <p class='ocr_par' dir='ltr' id='par_1_38' title="bbox 161 1182 950 1221">
     <span class='ocr_line' id='line_1_38' title="bbox 161 1182 950 1221; baseline 0.006 -13"><span class='ocrx_word' id='word_1_282' title='bbox 161 1182 215 1209; x_wconf 85' lang='grc' dir='ltr'><strong>τῶν</strong></span> <span class='ocrx_word' id='word_1_283' title='bbox 246 1183 331 1216; x_wconf 74' lang='grc' dir='ltr'>φίλων</span> <span class='ocrx_word' id='word_1_284' title='bbox 357 1184 566 1220; x_wconf 77' lang='grc' dir='ltr'>ὲπιτιμώμενοι.</span> <span class='ocrx_word' id='word_1_285' title='bbox 589 1185 651 1211; x_wconf 79' lang='grc' dir='ltr'>Εἴτε</span> <span class='ocrx_word' id='word_1_286' title='bbox 677 1185 723 1212; x_wconf 83' lang='grc' dir='ltr'>οὖν</span> <span class='ocrx_word' id='word_1_287' title='bbox 747 1186 785 1217; x_wconf 86' lang='grc' dir='ltr'>ὼς</span> <span class='ocrx_word' id='word_1_288' title='bbox 809 1186 950 1221; x_wconf 81' lang='grc' dir='ltr'><strong>φιλοῦντος</strong></span> 
     </span>
    </p>
   </div>
   <div class='ocr_carea' id='block_1_39' title="bbox 161 1228 950 1265">
    <p class='ocr_par' dir='ltr' id='par_1_39' title="bbox 161 1228 950 1265">
     <span class='ocr_line' id='line_1_39' title="bbox 161 1228 950 1265; baseline 0.005 -11"><span class='ocrx_word' id='word_1_289' title='bbox 161 1228 351 1264; x_wconf 68' lang='grc' dir='ltr'>ὶπιτιμήσεις,</span> <span class='ocrx_word' id='word_1_290' title='bbox 377 1230 432 1256; x_wconf 77' lang='grc' dir='ltr'>εἴτε</span> <span class='ocrx_word' id='word_1_291' title='bbox 463 1230 501 1261; x_wconf 84' lang='grc' dir='ltr'>ὡς</span> <span class='ocrx_word' id='word_1_292' title='bbox 525 1231 629 1265; x_wconf 79' lang='grc' dir='ltr'>πατρὸς</span> <span class='ocrx_word' id='word_1_293' title='bbox 660 1230 817 1265; x_wconf 80' lang='grc' dir='ltr'>δεξάμενος,</span> <span class='ocrx_word' id='word_1_294' title='bbox 840 1231 950 1263; x_wconf 75' lang='grc' dir='ltr'>πάντως</span> 
     </span>
    </p>
   </div>
   <div class='ocr_carea' id='block_1_40' title="bbox 161 1277 950 1314">
    <p class='ocr_par' dir='ltr' id='par_1_40' title="bbox 161 1277 950 1314">
     <span class='ocr_line' id='line_1_40' title="bbox 161 1277 950 1314; baseline 0.006 -12"><span class='ocrx_word' id='word_1_295' title='bbox 161 1277 269 1312; x_wconf 82' lang='grc' dir='ltr'>χαίρειν</span> <span class='ocrx_word' id='word_1_296' title='bbox 295 1277 414 1310; x_wconf 77' lang='grc' dir='ltr'>ὀφείλεις</span> <span class='ocrx_word' id='word_1_297' title='bbox 426 1286 433 1293; x_wconf 91' lang='grc'><strong>·</strong></span> <span class='ocrx_word' id='word_1_298' title='bbox 449 1278 621 1313; x_wconf 73' lang='grc' dir='ltr'>πεποίθαμεν</span> <span class='ocrx_word' id='word_1_299' title='bbox 644 1279 699 1313; x_wconf 74' lang='grc' dir='ltr'>γὰρ</span> <span class='ocrx_word' id='word_1_300' title='bbox 714 1280 743 1306; x_wconf 80' lang='grc' dir='ltr'><strong>ἐν</strong></span> <span class='ocrx_word' id='word_1_301' title='bbox 755 1279 815 1314; x_wconf 83' lang='grc' dir='ltr'><strong>Θεῷ</strong></span> <span class='ocrx_word' id='word_1_302' title='bbox 825 1279 864 1314; x_wconf 84' lang='grc' dir='ltr'><strong>τῷ</strong></span> <span class='ocrx_word' id='word_1_303' title='bbox 882 1280 950 1307; x_wconf 83' lang='grc' dir='ltr'>πάν-</span> 
     </span>
    </p>
   </div>
   <div class='ocr_carea' id='block_1_41' title="bbox 160 1323 948 1361">
    <p class='ocr_par' dir='ltr' id='par_1_41' title="bbox 160 1323 948 1361">
     <span class='ocr_line' id='line_1_41' title="bbox 160 1323 948 1361; baseline 0.005 -13"><span class='ocrx_word' id='word_1_304' title='bbox 160 1330 213 1349; x_wconf 84' lang='grc' dir='ltr'><strong>των</strong></span> <span class='ocrx_word' id='word_1_305' title='bbox 231 1323 337 1358; x_wconf 73' lang='grc' dir='ltr'>Σωτῆρι</span> <span class='ocrx_word' id='word_1_306' title='bbox 353 1323 400 1350; x_wconf 79' lang='grc' dir='ltr'>καὶ</span> <span class='ocrx_word' id='word_1_307' title='bbox 419 1324 530 1359; x_wconf 80' lang='grc' dir='ltr'>ἄρχοντι</span> <span class='ocrx_word' id='word_1_308' title='bbox 543 1325 589 1351; x_wconf 78' lang='grc' dir='ltr'>καὶ</span> <span class='ocrx_word' id='word_1_309' title='bbox 603 1325 726 1361; x_wconf 82' lang='grc' dir='ltr'>Δεσπότῃ</span> <span class='ocrx_word' id='word_1_310' title='bbox 740 1325 777 1356; x_wconf 78' lang='grc' dir='ltr'><strong>ὡς</strong></span> <span class='ocrx_word' id='word_1_311' title='bbox 793 1325 948 1361; x_wconf 73' lang='grc' dir='ltr'>ὀνήσουσιν,</span> 
     </span>
    </p>
   </div>
   <div class='ocr_carea' id='block_1_42' title="bbox 158 1369 949 1406">
    <p class='ocr_par' dir='ltr' id='par_1_42' title="bbox 158 1369 949 1406">
     <span class='ocr_line' id='line_1_42' title="bbox 158 1369 949 1406; baseline 0.001 -11"><span class='ocrx_word' id='word_1_312' title='bbox 158 1370 190 1396; x_wconf 89' lang='grc' dir='ltr'><strong>οὐ</strong></span> <span class='ocrx_word' id='word_1_313' title='bbox 210 1369 342 1404; x_wconf 71' lang='grc' dir='ltr'>βλάψουσι</span> <span class='ocrx_word' id='word_1_314' title='bbox 357 1370 391 1396; x_wconf 85' lang='grc' dir='ltr'>τὰ</span> <span class='ocrx_word' id='word_1_315' title='bbox 406 1371 558 1404; x_wconf 75' lang='grc' dir='ltr'>τραφέντα,</span> <span class='ocrx_word' id='word_1_316' title='bbox 574 1370 622 1397; x_wconf 78' lang='grc' dir='ltr'><strong>καὶ</strong></span> <span class='ocrx_word' id='word_1_317' title='bbox 633 1370 682 1406; x_wconf 78' lang='grc' dir='ltr'>τὴν</span> <span class='ocrx_word' id='word_1_318' title='bbox 698 1371 728 1397; x_wconf 79' lang='grc' dir='ltr'>ὲν</span> <span class='ocrx_word' id='word_1_319' title='bbox 742 1372 776 1406; x_wconf 81' lang='grc' dir='ltr'><strong>γῇ</strong></span> <span class='ocrx_word' id='word_1_320' title='bbox 797 1371 949 1406; x_wconf 75' lang='grc' dir='ltr'>εὐημερίαν</span> 
     </span>
    </p>
   </div>
   <div class='ocr_carea' id='block_1_43' title="bbox 159 1415 949 1453">
    <p class='ocr_par' dir='ltr' id='par_1_43' title="bbox 159 1415 949 1453">
     <span class='ocr_line' id='line_1_43' title="bbox 159 1415 949 1453; baseline 0.003 -11"><span class='ocrx_word' id='word_1_321' title='bbox 159 1415 328 1450; x_wconf 76' lang='grc' dir='ltr'>δωρούμενα,</span> <span class='ocrx_word' id='word_1_322' title='bbox 342 1416 367 1442; x_wconf 85' lang='grc' dir='ltr'>ει</span> <span class='ocrx_word' id='word_1_323' title='bbox 386 1416 530 1451; x_wconf 80' lang='grc' dir='ltr'>προσέξειν</span> <span class='ocrx_word' id='word_1_324' title='bbox 554 1417 647 1448; x_wconf 77' lang='grc' dir='ltr'>αὐτοῖς</span> <span class='ocrx_word' id='word_1_325' title='bbox 667 1416 816 1453; x_wconf 73' lang='grc' dir='ltr'>ἐθελήσεις,</span> <span class='ocrx_word' id='word_1_326' title='bbox 834 1418 881 1444; x_wconf 83' lang='grc' dir='ltr'>καὶ</span> <span class='ocrx_word' id='word_1_327' title='bbox 899 1419 949 1453; x_wconf 77' lang='grc' dir='ltr'>τὴν</span> 
     </span>
    </p>
   </div>
   <div class='ocr_carea' id='block_1_44' title="bbox 158 1459 949 1498">
    <p class='ocr_par' dir='ltr' id='par_1_44' title="bbox 158 1459 949 1498">
     <span class='ocr_line' id='line_1_44' title="bbox 158 1459 949 1498; baseline 0.004 -12"><span class='ocrx_word' id='word_1_328' title='bbox 158 1460 285 1496; x_wconf 82' lang='grc' dir='ltr'>οὐράνιον</span> <span class='ocrx_word' id='word_1_329' title='bbox 305 1461 395 1494; x_wconf 73' lang='grc' dir='ltr'>δόξαν,</span> <span class='ocrx_word' id='word_1_330' title='bbox 417 1459 527 1498; x_wconf 80' lang='grc' dir='ltr'><strong>ἧστινος</strong></span> <span class='ocrx_word' id='word_1_331' title='bbox 547 1462 634 1498; x_wconf 82' lang='grc' dir='ltr'>χωρὶς</span> <span class='ocrx_word' id='word_1_332' title='bbox 654 1462 689 1489; x_wconf 75' lang='grc' dir='ltr'><strong>τὰ</strong></span> <span class='ocrx_word' id='word_1_333' title='bbox 709 1464 738 1489; x_wconf 83' lang='grc' dir='ltr'>ὲν</span> <span class='ocrx_word' id='word_1_334' title='bbox 758 1464 792 1498; x_wconf 83' lang='grc' dir='ltr'><strong>γῇ</strong></span> <span class='ocrx_word' id='word_1_335' title='bbox 818 1463 949 1490; x_wconf 69' lang='grc' dir='ltr'>δοκοῦντα</span> 
     </span>
    </p>
   </div>
   <div class='ocr_carea' id='block_1_45' title="bbox 159 1505 949 1543">
    <p class='ocr_par' dir='ltr' id='par_1_45' title="bbox 159 1505 949 1543">
     <span class='ocr_line' id='line_1_45' title="bbox 159 1505 949 1543; baseline 0.003 -11"><span class='ocrx_word' id='word_1_336' title='bbox 159 1505 231 1532; x_wconf 79' lang='grc' dir='ltr'>καλὰ</span> <span class='ocrx_word' id='word_1_337' title='bbox 243 1507 290 1533; x_wconf 76' lang='grc' dir='ltr'>καὶ</span> <span class='ocrx_word' id='word_1_338' title='bbox 304 1506 368 1539; x_wconf 79' lang='grc' dir='ltr'>δόξα</span> <span class='ocrx_word' id='word_1_339' title='bbox 383 1508 429 1534; x_wconf 74' lang='grc' dir='ltr'>καὶ</span> <span class='ocrx_word' id='word_1_340' title='bbox 443 1507 514 1543; x_wconf 79' lang='grc' dir='ltr'>ἀρχὴ</span> <span class='ocrx_word' id='word_1_341' title='bbox 535 1508 583 1533; x_wconf 72' lang='grc' dir='ltr'>καὶ</span> <span class='ocrx_word' id='word_1_342' title='bbox 600 1508 676 1533; x_wconf 79' lang='grc' dir='ltr'>πᾶσα</span> <span class='ocrx_word' id='word_1_343' title='bbox 700 1507 821 1539; x_wconf 74' lang='grc' dir='ltr'>ἐξουσία,</span> <span class='ocrx_word' id='word_1_344' title='bbox 842 1506 949 1541; x_wconf 74' lang='grc' dir='ltr'>χαλεπὰ</span> 
     </span>
    </p>
   </div>
   <div class='ocr_carea' id='block_1_46' title="bbox 160 1552 949 1588">
    <p class='ocr_par' dir='ltr' id='par_1_46' title="bbox 160 1552 949 1588">
     <span class='ocr_line' id='line_1_46' title="bbox 160 1552 949 1588; baseline -0.003 -9"><span class='ocrx_word' id='word_1_345' title='bbox 160 1553 207 1579; x_wconf 69' lang='grc' dir='ltr'>καὶ</span> <span class='ocrx_word' id='word_1_346' title='bbox 222 1553 348 1579; x_wconf 71' lang='grc' dir='ltr'>ἐπώδυνα</span> <span class='ocrx_word' id='word_1_347' title='bbox 374 1553 412 1588; x_wconf 85' lang='grc' dir='ltr'>τῷ</span> <span class='ocrx_word' id='word_1_348' title='bbox 429 1553 595 1588; x_wconf 80' lang='grc' dir='ltr'>κτησαμένῳ</span> <span class='ocrx_word' id='word_1_349' title='bbox 619 1553 735 1586; x_wconf 85' lang='grc' dir='ltr'>γίνεται,</span> <span class='ocrx_word' id='word_1_350' title='bbox 758 1552 819 1578; x_wconf 74' lang='grc' dir='ltr'>καθ’</span> <span class='ocrx_word' id='word_1_351' title='bbox 837 1552 877 1578; x_wconf 81' lang='grc' dir='ltr'>ὅτι</span> <span class='ocrx_word' id='word_1_352' title='bbox 905 1552 949 1578; x_wconf 77' lang='grc' dir='ltr'>διὰ</span> 
     </span>
    </p>
   </div>
   <div class='ocr_carea' id='block_1_47' title="bbox 159 1594 948 1633">
    <p class='ocr_par' dir='ltr' id='par_1_47' title="bbox 159 1594 948 1633">
     <span class='ocr_line' id='line_1_47' title="bbox 159 1594 948 1633; baseline -0.003 -9"><span class='ocrx_word' id='word_1_353' title='bbox 159 1597 262 1624; x_wconf 65' lang='grc' dir='ltr'>τούτων</span> <span class='ocrx_word' id='word_1_354' title='bbox 277 1599 293 1633; x_wconf 78' lang='grc' dir='ltr'>ἡ</span> <span class='ocrx_word' id='word_1_355' title='bbox 305 1598 410 1625; x_wconf 81' lang='grc' dir='ltr'>ἐκεῖθεν</span> <span class='ocrx_word' id='word_1_356' title='bbox 420 1598 601 1633; x_wconf 81' lang='grc' dir='ltr'>ἁπομειοῦται</span> <span class='ocrx_word' id='word_1_357' title='bbox 614 1597 766 1628; x_wconf 75' lang='grc' dir='ltr'>ἀπόλαυσις</span> <span class='ocrx_word' id='word_1_358' title='bbox 777 1605 783 1612; x_wconf 94' lang='grc'><strong>·</strong></span> <span class='ocrx_word' id='word_1_359' title='bbox 799 1594 833 1632; x_wconf 80' lang='grc' dir='ltr'>ἦς</span> <span class='ocrx_word' id='word_1_360' title='bbox 843 1596 948 1630; x_wconf 79' lang='grc' dir='ltr'>γένοιτό</span> 
     </span>
    </p>
   </div>
   <div class='ocr_carea' id='block_1_48' title="bbox 1003 1003 1790 1039">
    <p class='ocr_par' dir='ltr' id='par_1_48' title="bbox 1003 1003 1790 1039">
     <span class='ocr_line' id='line_1_48' title="bbox 1003 1003 1790 1039; baseline 0 -9"><span class='ocrx_word' id='word_1_361' title='bbox 1003 1004 1094 1039; x_wconf 84' lang='lat' dir='ltr'><strong>pejora</strong></span> <span class='ocrx_word' id='word_1_362' title='bbox 1110 1004 1273 1037; x_wconf 86' lang='lat' dir='ltr'><strong>decurrunt,</strong></span> <span class='ocrx_word' id='word_1_363' title='bbox 1296 1012 1357 1031; x_wconf 88' lang='lat' dir='ltr'><strong>cum</strong></span> <span class='ocrx_word' id='word_1_364' title='bbox 1370 1004 1404 1031; x_wconf 89' lang='lat' dir='ltr'><strong>ab</strong></span> <span class='ocrx_word' id='word_1_365' title='bbox 1420 1004 1516 1031; x_wconf 84' lang='lat' dir='ltr'><strong>amicis</strong></span> <span class='ocrx_word' id='word_1_366' title='bbox 1531 1003 1768 1037; x_wconf 87' lang='lat' dir='ltr'><strong>reprehenduntur</strong></span> <span class='ocrx_word' id='word_1_367' title='bbox 1783 1012 1790 1034; x_wconf 82' lang='grc'>;</span> 
     </span>
    </p>
   </div>
   <div class='ocr_carea' id='block_1_49' title="bbox 1002 1049 1792 1085">
    <p class='ocr_par' dir='ltr' id='par_1_49' title="bbox 1002 1049 1792 1085">
     <span class='ocr_line' id='line_1_49' title="bbox 1002 1049 1792 1085; baseline -0.003 -8"><span class='ocrx_word' id='word_1_368' title='bbox 1002 1050 1059 1077; x_wconf 78' lang='lat' dir='ltr'><strong>sive</strong></span> <span class='ocrx_word' id='word_1_369' title='bbox 1087 1050 1170 1085; x_wconf 71' lang='lat' dir='ltr'><strong>igitur</strong></span> <span class='ocrx_word' id='word_1_370' title='bbox 1196 1054 1327 1085; x_wconf 84' lang='lat' dir='ltr'><strong>tanquam</strong></span> <span class='ocrx_word' id='word_1_371' title='bbox 1361 1050 1395 1076; x_wconf 86' lang='lat' dir='ltr'><strong>ab</strong></span> <span class='ocrx_word' id='word_1_372' title='bbox 1420 1050 1518 1077; x_wconf 87' lang='lat' dir='ltr'><strong>amico.</strong></span> <span class='ocrx_word' id='word_1_373' title='bbox 1549 1049 1607 1076; x_wconf 78' lang='lat' dir='ltr'><strong>sive</strong></span> <span class='ocrx_word' id='word_1_374' title='bbox 1633 1054 1761 1083; x_wconf 87' lang='lat' dir='ltr'><strong>tanquam</strong></span> <span class='ocrx_word' id='word_1_375' title='bbox 1778 1057 1792 1075; x_wconf 88' lang='lat' dir='ltr'><strong>a</strong></span> 
     </span>
    </p>
   </div>
   <div class='ocr_carea' id='block_1_50' title="bbox 1002 1097 1793 1131">
    <p class='ocr_par' dir='ltr' id='par_1_50' title="bbox 1002 1097 1793 1131">
     <span class='ocr_line' id='line_1_50' title="bbox 1002 1097 1793 1131; baseline -0.003 -8"><span class='ocrx_word' id='word_1_376' title='bbox 1002 1101 1079 1131; x_wconf 82' lang='lat' dir='ltr'><strong>patre</strong></span> <span class='ocrx_word' id='word_1_377' title='bbox 1115 1104 1224 1124; x_wconf 83' lang='lat' dir='ltr'><strong>nostras</strong></span> <span class='ocrx_word' id='word_1_378' title='bbox 1247 1098 1476 1131; x_wconf 81' lang='lat' dir='ltr'><strong>reprehensiones</strong></span> <span class='ocrx_word' id='word_1_379' title='bbox 1509 1097 1649 1131; x_wconf 82' lang='lat' dir='ltr'><strong>accipias,</strong></span> <span class='ocrx_word' id='word_1_380' title='bbox 1680 1103 1793 1123; x_wconf 81' lang='lat' dir='ltr'><strong>omnim</strong></span> 
     </span>
    </p>
   </div>
   <div class='ocr_carea' id='block_1_51' title="bbox 1001 1142 1792 1176">
    <p class='ocr_par' dir='ltr' id='par_1_51' title="bbox 1001 1142 1792 1176">
     <span class='ocr_line' id='line_1_51' title="bbox 1001 1142 1792 1176; baseline -0.003 -7"><span class='ocrx_word' id='word_1_381' title='bbox 1001 1143 1117 1176; x_wconf 75' lang='lat' dir='ltr'><strong>gaudere</strong></span> <span class='ocrx_word' id='word_1_382' title='bbox 1131 1143 1232 1176; x_wconf 83' lang='lat' dir='ltr'><strong>debes;</strong></span> <span class='ocrx_word' id='word_1_383' title='bbox 1249 1150 1408 1175; x_wconf 83' lang='lat' dir='ltr'><strong>persuasum</strong></span> <span class='ocrx_word' id='word_1_384' title='bbox 1429 1143 1528 1170; x_wconf 80' lang='lat' dir='ltr'><strong>etenim</strong></span> <span class='ocrx_word' id='word_1_385' title='bbox 1546 1143 1679 1170; x_wconf 84' lang='lat' dir='ltr'><strong>habemus</strong></span> <span class='ocrx_word' id='word_1_386' title='bbox 1695 1143 1722 1170; x_wconf 93' lang='lat' dir='ltr'><strong>iu</strong></span> <span class='ocrx_word' id='word_1_387' title='bbox 1737 1142 1792 1169; x_wconf 83' lang='lat' dir='ltr'><strong>Deo</strong></span> 
     </span>
    </p>
   </div>
   <div class='ocr_carea' id='block_1_52' title="bbox 1000 1187 1791 1222">
    <p class='ocr_par' dir='ltr' id='par_1_52' title="bbox 1000 1187 1791 1222">
     <span class='ocr_line' id='line_1_52' title="bbox 1000 1187 1791 1222; baseline -0.003 -8"><span class='ocrx_word' id='word_1_388' title='bbox 1000 1188 1122 1214; x_wconf 87' lang='lat' dir='ltr'><strong>omnium</strong></span> <span class='ocrx_word' id='word_1_389' title='bbox 1139 1187 1285 1219; x_wconf 86' lang='lat' dir='ltr'><strong>Salvatori,</strong></span> <span class='ocrx_word' id='word_1_390' title='bbox 1311 1188 1376 1222; x_wconf 74' lang='lat' dir='ltr'><strong>Regi</strong></span> <span class='ocrx_word' id='word_1_391' title='bbox 1401 1190 1428 1214; x_wconf 87' lang='lat' dir='ltr'><strong>et</strong></span> <span class='ocrx_word' id='word_1_392' title='bbox 1457 1187 1583 1219; x_wconf 84' lang='lat' dir='ltr'><strong>Domino,</strong></span> <span class='ocrx_word' id='word_1_393' title='bbox 1600 1194 1655 1214; x_wconf 83' lang='lat' dir='ltr'><strong>non</strong></span> <span class='ocrx_word' id='word_1_394' title='bbox 1668 1187 1714 1213; x_wconf 87' lang='lat' dir='ltr'><strong>tibi</strong></span> <span class='ocrx_word' id='word_1_395' title='bbox 1731 1194 1791 1213; x_wconf 81' lang='lat' dir='ltr'><strong>esse</strong></span> 
     </span>
    </p>
   </div>
   <div class='ocr_carea' id='block_1_53' title="bbox 1001 1232 1791 1267">
    <p class='ocr_par' dir='ltr' id='par_1_53' title="bbox 1001 1232 1791 1267">
     <span class='ocr_line' id='line_1_53' title="bbox 1001 1232 1791 1267; baseline -0.004 -7"><span class='ocrx_word' id='word_1_396' title='bbox 1001 1234 1137 1264; x_wconf 83' lang='lat' dir='ltr'><strong>nocitura,</strong></span> <span class='ocrx_word' id='word_1_397' title='bbox 1159 1234 1206 1260; x_wconf 85' lang='lat' dir='ltr'><strong>sed</strong></span> <span class='ocrx_word' id='word_1_398' title='bbox 1234 1233 1344 1260; x_wconf 77' lang='lat' dir='ltr'><strong>uliiitati</strong></span> <span class='ocrx_word' id='word_1_399' title='bbox 1366 1232 1424 1260; x_wconf 82' lang='lat' dir='ltr'><strong>fore</strong></span> <span class='ocrx_word' id='word_1_400' title='bbox 1444 1240 1505 1267; x_wconf 80' lang='lat' dir='ltr'><strong>qua:</strong></span> <span class='ocrx_word' id='word_1_401' title='bbox 1518 1232 1688 1266; x_wconf 76' lang='lat' dir='ltr'><strong>scripsimus,</strong></span> <span class='ocrx_word' id='word_1_402' title='bbox 1703 1232 1791 1265; x_wconf 49' lang='lat' dir='ltr'><strong>siqui.</strong></span> 
     </span>
    </p>
   </div>
   <div class='ocr_carea' id='block_1_54' title="bbox 1000 1278 1789 1312">
    <p class='ocr_par' dir='ltr' id='par_1_54' title="bbox 1000 1278 1789 1312">
     <span class='ocr_line' id='line_1_54' title="bbox 1000 1278 1789 1312; baseline -0.003 -6"><span class='ocrx_word' id='word_1_403' title='bbox 1000 1279 1060 1306; x_wconf 81' lang='lat' dir='ltr'><strong>dein</strong></span> <span class='ocrx_word' id='word_1_404' title='bbox 1080 1278 1236 1306; x_wconf 80' lang='lat' dir='ltr'><strong>felicitatem</strong></span> <span class='ocrx_word' id='word_1_405' title='bbox 1254 1279 1297 1306; x_wconf 92' lang='lat' dir='ltr'><strong>his</strong></span> <span class='ocrx_word' id='word_1_406' title='bbox 1315 1278 1342 1306; x_wconf 87' lang='lat' dir='ltr'><strong>in</strong></span> <span class='ocrx_word' id='word_1_407' title='bbox 1367 1279 1458 1311; x_wconf 85' lang='lat' dir='ltr'><strong>terris,</strong></span> <span class='ocrx_word' id='word_1_408' title='bbox 1475 1278 1497 1305; x_wconf 90' lang='lat' dir='ltr'><strong>si</strong></span> <span class='ocrx_word' id='word_1_409' title='bbox 1513 1278 1701 1312; x_wconf 83' lang='lat' dir='ltr'><strong>obtemperare</strong></span> <span class='ocrx_word' id='word_1_410' title='bbox 1714 1278 1789 1310; x_wconf 74' lang='lat' dir='ltr'><strong>velis,</strong></span> 
     </span>
    </p>
   </div>
   <div class='ocr_carea' id='block_1_55' title="bbox 1002 1324 1789 1359">
    <p class='ocr_par' dir='ltr' id='par_1_55' title="bbox 1002 1324 1789 1359">
     <span class='ocr_line' id='line_1_55' title="bbox 1002 1324 1789 1359; baseline -0.001 -8"><span class='ocrx_word' id='word_1_411' title='bbox 1002 1324 1051 1351; x_wconf 90' lang='lat' dir='ltr'><strong>tihi</strong></span> <span class='ocrx_word' id='word_1_412' title='bbox 1081 1324 1243 1359; x_wconf 72' lang='lat' dir='ltr'><strong>praebebunt</strong></span> <span class='ocrx_word' id='word_1_413' title='bbox 1269 1330 1297 1351; x_wconf 88' lang='lat' dir='ltr'><strong>et</strong></span> <span class='ocrx_word' id='word_1_414' title='bbox 1325 1324 1463 1351; x_wconf 57' lang='lat' dir='ltr'><strong>caulesleln</strong></span> <span class='ocrx_word' id='word_1_415' title='bbox 1493 1324 1619 1358; x_wconf 75' lang='lat' dir='ltr'><strong>gloriam,</strong></span> <span class='ocrx_word' id='word_1_416' title='bbox 1647 1324 1706 1350; x_wconf 81' lang='lat' dir='ltr'><strong>sine</strong></span> <span class='ocrx_word' id='word_1_417' title='bbox 1734 1332 1789 1358; x_wconf 78' lang='lat' dir='ltr'><strong>qua</strong></span> 
     </span>
    </p>
   </div>
   <div class='ocr_carea' id='block_1_56' title="bbox 999 1369 1789 1404">
    <p class='ocr_par' dir='ltr' id='par_1_56' title="bbox 999 1369 1789 1404">
     <span class='ocr_line' id='line_1_56' title="bbox 999 1369 1789 1404; baseline 0 -8"><span class='ocrx_word' id='word_1_418' title='bbox 999 1376 1168 1404; x_wconf 61' lang='lat' dir='ltr'><strong>quaecunque</strong></span> <span class='ocrx_word' id='word_1_419' title='bbox 1196 1369 1241 1396; x_wconf 89' lang='lat' dir='ltr'><strong>hic</strong></span> <span class='ocrx_word' id='word_1_420' title='bbox 1266 1370 1337 1397; x_wconf 85' lang='lat' dir='ltr'><strong>bona</strong></span> <span class='ocrx_word' id='word_1_421' title='bbox 1367 1370 1506 1402; x_wconf 76' lang='lat' dir='ltr'><strong>videnlur,</strong></span> <span class='ocrx_word' id='word_1_422' title='bbox 1530 1369 1616 1404; x_wconf 81' lang='lat' dir='ltr'><strong>gloria</strong></span> <span class='ocrx_word' id='word_1_423' title='bbox 1645 1369 1751 1396; x_wconf 85' lang='lat' dir='ltr'><strong>scilicet</strong></span> <span class='ocrx_word' id='word_1_424' title='bbox 1762 1375 1789 1396; x_wconf 86' lang='lat' dir='ltr'><strong>et</strong></span> 
     </span>
    </p>
   </div>
   <div class='ocr_carea' id='block_1_57' title="bbox 1000 1414 1790 1450">
    <p class='ocr_par' dir='ltr' id='par_1_57' title="bbox 1000 1414 1790 1450">
     <span class='ocr_line' id='line_1_57' title="bbox 1000 1414 1790 1450; baseline 0 -8"><span class='ocrx_word' id='word_1_425' title='bbox 1000 1420 1121 1450; x_wconf 84' lang='lat' dir='ltr'><strong>potestas</strong></span> <span class='ocrx_word' id='word_1_426' title='bbox 1145 1420 1171 1442; x_wconf 88' lang='lat' dir='ltr'><strong>et</strong></span> <span class='ocrx_word' id='word_1_427' title='bbox 1198 1415 1342 1450; x_wconf 86' lang='lat' dir='ltr'><strong>imperium</strong></span> <span class='ocrx_word' id='word_1_428' title='bbox 1367 1416 1460 1450; x_wconf 75' lang='lat' dir='ltr'><strong>gravia</strong></span> <span class='ocrx_word' id='word_1_429' title='bbox 1484 1420 1510 1443; x_wconf 87' lang='lat' dir='ltr'><strong>et</strong></span> <span class='ocrx_word' id='word_1_430' title='bbox 1528 1415 1652 1443; x_wconf 78' lang='lat' dir='ltr'><strong>luctuosa</strong></span> <span class='ocrx_word' id='word_1_431' title='bbox 1667 1416 1746 1449; x_wconf 80' lang='lat' dir='ltr'><strong>fiunt,</strong></span> <span class='ocrx_word' id='word_1_432' title='bbox 1762 1414 1790 1442; x_wconf 84' lang='lat' dir='ltr'><strong>in</strong></span> 
     </span>
    </p>
   </div>
   <div class='ocr_carea' id='block_1_58' title="bbox 1000 1460 1791 1496">
    <p class='ocr_par' dir='ltr' id='par_1_58' title="bbox 1000 1460 1791 1496">
     <span class='ocr_line' id='line_1_58' title="bbox 1000 1460 1791 1496; baseline -0.001 -8"><span class='ocrx_word' id='word_1_433' title='bbox 1000 1466 1132 1496; x_wconf 86' lang='lat' dir='ltr'><strong>quantum</strong></span> <span class='ocrx_word' id='word_1_434' title='bbox 1149 1462 1289 1489; x_wconf 69' lang='lat' dir='ltr'><strong>caelestem</strong></span> <span class='ocrx_word' id='word_1_435' title='bbox 1316 1460 1473 1489; x_wconf 77' lang='lat' dir='ltr'><strong>felicitatem</strong></span> <span class='ocrx_word' id='word_1_436' title='bbox 1488 1461 1618 1488; x_wconf 81' lang='lat' dir='ltr'><strong>minuunt</strong></span> <span class='ocrx_word' id='word_1_437' title='bbox 1640 1470 1647 1488; x_wconf 88' lang='lat'><strong>:</strong></span> <span class='ocrx_word' id='word_1_438' title='bbox 1667 1469 1722 1495; x_wconf 79' lang='lat' dir='ltr'><strong>qua</strong></span> <span class='ocrx_word' id='word_1_439' title='bbox 1738 1462 1791 1488; x_wconf 82' lang='lat' dir='ltr'><strong>titi-</strong></span> 
     </span>
    </p>
   </div>
   <div class='ocr_carea' id='block_1_59' title="bbox 1001 1506 1790 1541">
    <p class='ocr_par' dir='ltr' id='par_1_59' title="bbox 1001 1506 1790 1541">
     <span class='ocr_line' id='line_1_59' title="bbox 1001 1506 1790 1541; baseline 0.001 -8"><span class='ocrx_word' id='word_1_440' title='bbox 1001 1515 1062 1533; x_wconf 87' lang='lat' dir='ltr'><strong>nam</strong></span> <span class='ocrx_word' id='word_1_441' title='bbox 1088 1514 1141 1534; x_wconf 89' lang='lat' dir='ltr'><strong>non</strong></span> <span class='ocrx_word' id='word_1_442' title='bbox 1160 1507 1283 1539; x_wconf 82' lang='lat' dir='ltr'><strong>decidas,</strong></span> <span class='ocrx_word' id='word_1_443' title='bbox 1307 1515 1389 1541; x_wconf 91' lang='lat' dir='ltr'><strong>quam</strong></span> <span class='ocrx_word' id='word_1_444' title='bbox 1417 1507 1464 1533; x_wconf 90' lang='lat' dir='ltr'><strong>tibi</strong></span> <span class='ocrx_word' id='word_1_445' title='bbox 1494 1507 1542 1533; x_wconf 84' lang='lat' dir='ltr'><strong>Dei</strong></span> <span class='ocrx_word' id='word_1_446' title='bbox 1564 1506 1690 1534; x_wconf 84' lang='lat' dir='ltr'><strong>Christus</strong></span> <span class='ocrx_word' id='word_1_447' title='bbox 1719 1507 1790 1534; x_wconf 79' lang='lat' dir='ltr'><strong>Deus</strong></span> 
     </span>
    </p>
   </div>
   <div class='ocr_carea' id='block_1_60' title="bbox 1001 1550 1790 1586">
    <p class='ocr_par' dir='ltr' id='par_1_60' title="bbox 1001 1550 1790 1586">
     <span class='ocr_line' id='line_1_60' title="bbox 1001 1550 1790 1586; baseline 0.001 -9"><span class='ocrx_word' id='word_1_448' title='bbox 1001 1557 1095 1578; x_wconf 80' lang='lat' dir='ltr'><strong>noster</strong></span> <span class='ocrx_word' id='word_1_449' title='bbox 1115 1551 1252 1586; x_wconf 66' lang='lat' dir='ltr'><strong>sutfragiis</strong></span> <span class='ocrx_word' id='word_1_450' title='bbox 1277 1551 1458 1578; x_wconf 72' lang='lat' dir='ltr'><strong>sanctissima:</strong></span> <span class='ocrx_word' id='word_1_451' title='bbox 1484 1556 1512 1578; x_wconf 90' lang='lat' dir='ltr'><strong>et</strong></span> <span class='ocrx_word' id='word_1_452' title='bbox 1535 1551 1643 1578; x_wconf 74' lang='lat' dir='ltr'><strong>intactae</strong></span> <span class='ocrx_word' id='word_1_453' title='bbox 1668 1550 1790 1578; x_wconf 74' lang='lat' dir='ltr'><strong>Domina:</strong></span> 
     </span>
    </p>
   </div>
   <div class='ocr_carea' id='block_1_61' title="bbox 1000 1596 1788 1632">
    <p class='ocr_par' dir='ltr' id='par_1_61' title="bbox 1000 1596 1788 1632">
     <span class='ocr_line' id='line_1_61' title="bbox 1000 1596 1788 1632; baseline -0.001 -8"><span class='ocrx_word' id='word_1_454' title='bbox 1000 1601 1175 1632; x_wconf 66' lang='lat' dir='ltr'><strong>nostraeque</strong></span> <span class='ocrx_word' id='word_1_455' title='bbox 1190 1597 1412 1624; x_wconf 72' lang='lat' dir='ltr'><strong>Christianorum</strong></span> <span class='ocrx_word' id='word_1_456' title='bbox 1438 1600 1466 1624; x_wconf 92' lang='lat' dir='ltr'><strong>et</strong></span> <span class='ocrx_word' id='word_1_457' title='bbox 1486 1596 1610 1624; x_wconf 88' lang='lat' dir='ltr'><strong>omnium</strong></span> <span class='ocrx_word' id='word_1_458' title='bbox 1631 1601 1788 1624; x_wconf 85' lang='lat' dir='ltr'><strong>sanctorum</strong></span> 
     </span>
    </p>
   </div>
   <div class='ocr_carea' id='block_1_62' title="bbox 159 1639 947 1680">
    <p class='ocr_par' dir='ltr' id='par_1_62' title="bbox 159 1643 947 1680">
     <span class='ocr_line' id='line_1_62' title="bbox 159 1643 947 1680; baseline 0 -10"><span class='ocrx_word' id='word_1_459' title='bbox 159 1652 189 1670; x_wconf 77' lang='grc' dir='ltr'><strong>σε</strong></span> <span class='ocrx_word' id='word_1_460' title='bbox 201 1644 238 1680; x_wconf 78' lang='grc' dir='ltr'>μὴ</span> <span class='ocrx_word' id='word_1_461' title='bbox 251 1645 389 1676; x_wconf 78' lang='grc' dir='ltr'>ἐκπεσεῖν,</span> <span class='ocrx_word' id='word_1_462' title='bbox 403 1644 449 1671; x_wconf 78' lang='grc' dir='ltr'>καὶ</span> <span class='ocrx_word' id='word_1_463' title='bbox 469 1645 503 1680; x_wconf 75' lang='grc' dir='ltr'><strong>ἢν</strong></span> <span class='ocrx_word' id='word_1_464' title='bbox 517 1644 654 1679; x_wconf 85' lang='grc' dir='ltr'>παράσχοι</span> <span class='ocrx_word' id='word_1_465' title='bbox 669 1651 709 1670; x_wconf 89' lang='grc' dir='ltr'><strong>σοι</strong></span> <span class='ocrx_word' id='word_1_466' title='bbox 720 1643 838 1678; x_wconf 77' lang='grc' dir='ltr'>Χριστὸς</span> <span class='ocrx_word' id='word_1_467' title='bbox 852 1643 866 1670; x_wconf 82' lang='grc' dir='ltr'><strong><em>ὁ</em></strong></span> <span class='ocrx_word' id='word_1_468' title='bbox 881 1643 947 1674; x_wconf 75' lang='grc' dir='ltr'>Θεὸς</span> 
     </span>
    </p>
   </div>
   <div class='ocr_carea' id='block_1_63' title="bbox 999 1639 1257 1680">
    <p class='ocr_par' dir='ltr' id='par_1_63' title="bbox 1000 1643 1257 1678">
     <span class='ocr_line' id='line_1_63' title="bbox 1000 1643 1257 1678; baseline 0 -8"><span class='ocrx_word' id='word_1_469' title='bbox 1000 1651 1062 1678; x_wconf 68' lang='lat' dir='ltr'><strong>spes</strong></span> <span class='ocrx_word' id='word_1_470' title='bbox 1075 1646 1118 1670; x_wconf 83' lang='lat' dir='ltr'><strong>est</strong></span> <span class='ocrx_word' id='word_1_471' title='bbox 1132 1648 1159 1670; x_wconf 85' lang='lat' dir='ltr'><strong>et</strong></span> <span class='ocrx_word' id='word_1_472' title='bbox 1173 1643 1257 1671; x_wconf 84' lang='lat' dir='ltr'><strong>salus.</strong></span> 
     </span>
    </p>
   </div>
   <div class='ocr_carea' id='block_1_64' title="bbox 158 1689 1788 1726">
    <p class='ocr_par' dir='ltr' id='par_1_64' title="bbox 158 1689 1788 1726">
     <span class='ocr_line' id='line_1_64' title="bbox 158 1689 1788 1726; baseline 0.001 -10"><span class='ocrx_word' id='word_1_473' title='bbox 158 1690 237 1725; x_wconf 79' lang='grc' dir='ltr'>ἡμῶν</span> <span class='ocrx_word' id='word_1_474' title='bbox 250 1690 411 1725; x_wconf 77' lang='grc' dir='ltr'>πρεσϐείαις</span> <span class='ocrx_word' id='word_1_475' title='bbox 427 1692 477 1726; x_wconf 77' lang='grc' dir='ltr'>τῆς</span> <span class='ocrx_word' id='word_1_476' title='bbox 491 1690 628 1725; x_wconf 79' lang='grc' dir='ltr'>παναγίας</span> <span class='ocrx_word' id='word_1_477' title='bbox 644 1690 782 1725; x_wconf 74' lang='grc' dir='ltr'>άχράντου</span> <span class='ocrx_word' id='word_1_478' title='bbox 797 1689 946 1724; x_wconf 84' lang='grc' dir='ltr'>Δεσποίνης</span> <span class='ocrx_word' id='word_1_479' title='bbox 967 1690 1045 1725; x_wconf 79' lang='grc' dir='ltr'>ἡμῶν</span> <span class='ocrx_word' id='word_1_480' title='bbox 1063 1689 1112 1725; x_wconf 82' lang='grc' dir='ltr'>τῆς</span> <span class='ocrx_word' id='word_1_481' title='bbox 1139 1689 1246 1722; x_wconf 63' lang='grc' dir='ltr'>ἐλπίδος</span> <span class='ocrx_word' id='word_1_482' title='bbox 1275 1689 1330 1717; x_wconf 85' lang='grc' dir='ltr'>τῶν</span> <span class='ocrx_word' id='word_1_483' title='bbox 1360 1690 1533 1726; x_wconf 83' lang='grc' dir='ltr'>Χριστιανῶν</span> <span class='ocrx_word' id='word_1_484' title='bbox 1553 1690 1601 1717; x_wconf 78' lang='grc' dir='ltr'>καὶ</span> <span class='ocrx_word' id='word_1_485' title='bbox 1638 1689 1788 1726; x_wconf 78' lang='grc' dir='ltr'>σωτηρίας.</span> 
     </span>
    </p>
   </div>
   <div class='ocr_carea' id='block_1_65' title="bbox 157 1738 511 1773">
    <p class='ocr_par' dir='ltr' id='par_1_65' title="bbox 157 1738 511 1773">
     <span class='ocr_line' id='line_1_65' title="bbox 157 1738 511 1773; baseline 0.003 -8"><span class='ocrx_word' id='word_1_486' title='bbox 157 1739 204 1766; x_wconf 81' lang='grc' dir='ltr'>καὶ</span> <span class='ocrx_word' id='word_1_487' title='bbox 220 1739 328 1766; x_wconf 85' lang='grc' dir='ltr'>πάντων</span> <span class='ocrx_word' id='word_1_488' title='bbox 342 1738 396 1766; x_wconf 87' lang='grc' dir='ltr'><strong>τῶν</strong></span> <span class='ocrx_word' id='word_1_489' title='bbox 414 1739 511 1773; x_wconf 80' lang='grc' dir='ltr'>ἁγίων.</span> 
     </span>
    </p>
   </div>
   <div class='ocr_carea' id='block_1_66' title="bbox 447 1807 649 1841">
    <p class='ocr_par' dir='ltr' id='par_1_66' title="bbox 447 1807 649 1841">
     <span class='ocr_line' id='line_1_66' title="bbox 447 1807 649 1841; baseline 0.01 -6"><span class='ocrx_word' id='word_1_490' title='bbox 447 1807 488 1836; x_wconf 83' lang='lat' dir='ltr'><strong>ﬂ&#39;.</strong></span> <span class='ocrx_word' id='word_1_491' title='bbox 501 1807 543 1841; x_wconf 87' lang='grc' dir='ltr'><strong>Τῷ</strong></span> <span class='ocrx_word' id='word_1_492' title='bbox 557 1807 649 1841; x_wconf 82' lang='grc' dir='ltr'>αὐτῷ.</span> 
     </span>
    </p>
   </div>
   <div class='ocr_carea' id='block_1_67' title="bbox 194 1865 941 1904">
    <p class='ocr_par' dir='ltr' id='par_1_67' title="bbox 194 1865 941 1904">
     <span class='ocr_line' id='line_1_67' title="bbox 194 1865 941 1904; baseline 0.003 -12"><span class='ocrx_word' id='word_1_493' title='bbox 194 1865 227 1892; x_wconf 80' lang='grc' dir='ltr'><strong>’Δ</strong></span> <span class='ocrx_word' id='word_1_494' title='bbox 240 1865 383 1899; x_wconf 76' lang='grc' dir='ltr'>πολλάκις,</span> <span class='ocrx_word' id='word_1_495' title='bbox 396 1865 491 1893; x_wconf 82' lang='grc' dir='ltr'>τέκνον</span> <span class='ocrx_word' id='word_1_496' title='bbox 503 1866 592 1902; x_wconf 75' lang='grc' dir='ltr'>ἡμῶν,</span> <span class='ocrx_word' id='word_1_497' title='bbox 606 1866 676 1901; x_wconf 76' lang='grc' dir='ltr'>μετὰ</span> <span class='ocrx_word' id='word_1_498' title='bbox 686 1867 803 1902; x_wconf 79' lang='grc' dir='ltr'>συνοχῆς</span> <span class='ocrx_word' id='word_1_499' title='bbox 817 1867 941 1904; x_wconf 77' lang='grc' dir='ltr'>καρδίας,</span> 
     </span>
    </p>
   </div>
   <div class='ocr_carea' id='block_1_68' title="bbox 157 1911 943 1947">
    <p class='ocr_par' dir='ltr' id='par_1_68' title="bbox 157 1911 943 1947">
     <span class='ocr_line' id='line_1_68' title="bbox 157 1911 943 1947; baseline 0.003 -9"><span class='ocrx_word' id='word_1_500' title='bbox 157 1911 229 1946; x_wconf 80' lang='grc' dir='ltr'>μετὰ</span> <span class='ocrx_word' id='word_1_501' title='bbox 241 1911 367 1946; x_wconf 78' lang='grc' dir='ltr'>δακρύων</span> <span class='ocrx_word' id='word_1_502' title='bbox 391 1912 563 1947; x_wconf 73' lang='grc' dir='ltr'>ἐγράψαμεν,</span> <span class='ocrx_word' id='word_1_503' title='bbox 580 1914 667 1939; x_wconf 84' lang='grc' dir='ltr'>ταῦτα</span> <span class='ocrx_word' id='word_1_504' title='bbox 682 1913 730 1940; x_wconf 76' lang='grc' dir='ltr'>καὶ</span> <span class='ocrx_word' id='word_1_505' title='bbox 753 1913 801 1940; x_wconf 87' lang='grc' dir='ltr'><strong>νῦν</strong></span> <span class='ocrx_word' id='word_1_506' title='bbox 817 1922 860 1940; x_wconf 86' lang='grc' dir='ltr'><strong>σοι</strong></span> <span class='ocrx_word' id='word_1_507' title='bbox 877 1922 943 1940; x_wconf 82' lang='grc' dir='ltr'>πεν-</span> 
     </span>
    </p>
   </div>
   <div class='ocr_carea' id='block_1_69' title="bbox 156 1957 944 1996">
    <p class='ocr_par' dir='ltr' id='par_1_69' title="bbox 156 1957 944 1996">
     <span class='ocr_line' id='line_1_69' title="bbox 156 1957 944 1996; baseline 0.003 -12"><span class='ocrx_word' id='word_1_508' title='bbox 156 1957 268 1990; x_wconf 84' lang='grc' dir='ltr'>Θοῦντες</span> <span class='ocrx_word' id='word_1_509' title='bbox 287 1959 336 1984; x_wconf 81' lang='grc' dir='ltr'>καὶ</span> <span class='ocrx_word' id='word_1_510' title='bbox 361 1958 528 1992; x_wconf 85' lang='grc' dir='ltr'>δακρύοντες</span> <span class='ocrx_word' id='word_1_511' title='bbox 559 1960 712 1994; x_wconf 73' lang='grc' dir='ltr'>γράφομεν.</span> <span class='ocrx_word' id='word_1_512' title='bbox 737 1960 800 1991; x_wconf 85' lang='grc' dir='ltr'>Ιιώς</span> <span class='ocrx_word' id='word_1_513' title='bbox 815 1960 870 1995; x_wconf 81' lang='grc' dir='ltr'><strong>γὰρ</strong></span> <span class='ocrx_word' id='word_1_514' title='bbox 882 1960 944 1996; x_wconf 69' lang='grc' dir='ltr'>οὐχὶ</span> 
     </span>
    </p>
   </div>
   <div class='ocr_carea' id='block_1_70' title="bbox 156 2003 944 2040">
    <p class='ocr_par' dir='ltr' id='par_1_70' title="bbox 156 2003 944 2040">
     <span class='ocr_line' id='line_1_70' title="bbox 156 2003 944 2040; baseline 0.003 -10"><span class='ocrx_word' id='word_1_515' title='bbox 156 2003 304 2039; x_wconf 82' lang='grc' dir='ltr'>πενθήσω;</span> <span class='ocrx_word' id='word_1_516' title='bbox 334 2004 395 2036; x_wconf 81' lang='grc' dir='ltr'><strong>Πῶς</strong></span> <span class='ocrx_word' id='word_1_517' title='bbox 418 2004 447 2030; x_wconf 81' lang='grc' dir='ltr'>δὲ</span> <span class='ocrx_word' id='word_1_518' title='bbox 465 2005 496 2030; x_wconf 80' lang='grc' dir='ltr'>οὐ</span> <span class='ocrx_word' id='word_1_519' title='bbox 512 2004 641 2039; x_wconf 81' lang='grc' dir='ltr'>δακρύσω</span> <span class='ocrx_word' id='word_1_520' title='bbox 661 2005 708 2032; x_wconf 80' lang='grc' dir='ltr'><strong>καὶ</strong></span> <span class='ocrx_word' id='word_1_521' title='bbox 728 2005 848 2040; x_wconf 76' lang='grc' dir='ltr'>κόψομαι</span> <span class='ocrx_word' id='word_1_522' title='bbox 867 2006 882 2032; x_wconf 84' lang='grc' dir='ltr'><strong>δ</strong></span> <span class='ocrx_word' id='word_1_523' title='bbox 894 2014 944 2032; x_wconf 84' lang='grc' dir='ltr'>τα-</span> 
     </span>
    </p>
   </div>
   <div class='ocr_carea' id='block_1_71' title="bbox 155 2049 942 2086">
    <p class='ocr_par' dir='ltr' id='par_1_71' title="bbox 155 2049 942 2086">
     <span class='ocr_line' id='line_1_71' title="bbox 155 2049 942 2086; baseline 0.001 -10"><span class='ocrx_word' id='word_1_524' title='bbox 155 2049 248 2080; x_wconf 74' lang='grc' dir='ltr'>πεινὸς</span> <span class='ocrx_word' id='word_1_525' title='bbox 264 2049 331 2082; x_wconf 71' lang='grc' dir='ltr'><strong>ἐγὼ.</strong></span> <span class='ocrx_word' id='word_1_526' title='bbox 357 2049 404 2076; x_wconf 76' lang='grc' dir='ltr'>καὶ</span> <span class='ocrx_word' id='word_1_527' title='bbox 427 2050 635 2084; x_wconf 81' lang='grc' dir='ltr'>ἀρχιερατεύειν</span> <span class='ocrx_word' id='word_1_528' title='bbox 650 2050 709 2085; x_wconf 87' lang='grc' dir='ltr'><strong>Θεῴ</strong></span> <span class='ocrx_word' id='word_1_529' title='bbox 725 2050 758 2077; x_wconf 78' lang='grc' dir='ltr'>δι’</span> <span class='ocrx_word' id='word_1_530' title='bbox 774 2051 822 2082; x_wconf 83' lang='grc' dir='ltr'>οὓς</span> <span class='ocrx_word' id='word_1_531' title='bbox 839 2053 942 2086; x_wconf 77' lang='grc' dir='ltr'>οἰκτιρ-</span> 
     </span>
    </p>
   </div>
   <div class='ocr_carea' id='block_1_72' title="bbox 157 2093 943 2130">
    <p class='ocr_par' dir='ltr' id='par_1_72' title="bbox 157 2093 943 2130">
     <span class='ocr_line' id='line_1_72' title="bbox 157 2093 943 2130; baseline 0.003 -9"><span class='ocrx_word' id='word_1_532' title='bbox 157 2095 224 2130; x_wconf 75' lang='lat' dir='ltr'><strong>pob;</strong></span> <span class='ocrx_word' id='word_1_533' title='bbox 248 2095 352 2126; x_wconf 80' lang='grc' dir='ltr'>ἐκεῖνος</span> <span class='ocrx_word' id='word_1_534' title='bbox 381 2093 436 2122; x_wconf 74' lang='grc' dir='ltr'>οἵδε</span> <span class='ocrx_word' id='word_1_535' title='bbox 463 2096 654 2128; x_wconf 75' lang='grc' dir='ltr'>καταξιωοεὶς,</span> <span class='ocrx_word' id='word_1_536' title='bbox 686 2097 768 2124; x_wconf 81' lang='grc' dir='ltr'>ὁπότε</span> <span class='ocrx_word' id='word_1_537' title='bbox 794 2097 841 2123; x_wconf 83' lang='grc' dir='ltr'>καὶ</span> <span class='ocrx_word' id='word_1_538' title='bbox 863 2097 943 2128; x_wconf 80' lang='grc' dir='ltr'>ἄλλος</span> 
     </span>
    </p>
   </div>
   <div class='ocr_carea' id='block_1_73' title="bbox 154 2140 942 2177">
    <p class='ocr_par' dir='ltr' id='par_1_73' title="bbox 154 2140 942 2177">
     <span class='ocr_line' id='line_1_73' title="bbox 154 2140 942 2177; baseline 0.004 -10"><span class='ocrx_word' id='word_1_539' title='bbox 154 2140 281 2168; x_wconf 79' lang='grc' dir='ltr'>ὁστισοῦν</span> <span class='ocrx_word' id='word_1_540' title='bbox 311 2141 349 2177; x_wconf 82' lang='grc' dir='ltr'><strong>μὴ</strong></span> <span class='ocrx_word' id='word_1_541' title='bbox 376 2142 458 2176; x_wconf 74' lang='grc' dir='ltr'>μόνον</span> <span class='ocrx_word' id='word_1_542' title='bbox 485 2144 515 2169; x_wconf 78' lang='grc' dir='ltr'>ὲν</span> <span class='ocrx_word' id='word_1_543' title='bbox 537 2143 613 2169; x_wconf 82' lang='grc' dir='ltr'>πόλει</span> <span class='ocrx_word' id='word_1_544' title='bbox 633 2143 791 2177; x_wconf 77' lang='grc' dir='ltr'>διατρίϐων,</span> <span class='ocrx_word' id='word_1_545' title='bbox 808 2143 879 2170; x_wconf 78' lang='grc' dir='ltr'>ἀλλὰ</span> <span class='ocrx_word' id='word_1_546' title='bbox 894 2143 942 2170; x_wconf 74' lang='grc' dir='ltr'>καὶ</span> 
     </span>
    </p>
   </div>
   <div class='ocr_carea' id='block_1_74' title="bbox 154 2185 941 2222">
    <p class='ocr_par' dir='ltr' id='par_1_74' title="bbox 154 2185 941 2222">
     <span class='ocr_line' id='line_1_74' title="bbox 154 2185 941 2222; baseline 0 -9"><span class='ocrx_word' id='word_1_547' title='bbox 154 2186 209 2213; x_wconf 84' lang='grc' dir='ltr'>τῶν</span> <span class='ocrx_word' id='word_1_548' title='bbox 236 2185 389 2221; x_wconf 78' lang='grc' dir='ltr'>ἀνθρώπων</span> <span class='ocrx_word' id='word_1_549' title='bbox 407 2187 621 2222; x_wconf 79' lang='grc' dir='ltr'>κεχωρισμένος,</span> <span class='ocrx_word' id='word_1_550' title='bbox 648 2187 696 2214; x_wconf 74' lang='grc' dir='ltr'><strong>καὶ</strong></span> <span class='ocrx_word' id='word_1_551' title='bbox 721 2189 749 2214; x_wconf 80' lang='grc' dir='ltr'><strong>ὲν</strong></span> <span class='ocrx_word' id='word_1_552' title='bbox 765 2187 822 2222; x_wconf 74' lang='grc' dir='ltr'>δρει</span> <span class='ocrx_word' id='word_1_553' title='bbox 837 2187 941 2214; x_wconf 72' lang='grc' dir='ltr'>δίαιταν</span> 
     </span>
    </p>
   </div>
   <div class='ocr_carea' id='block_1_75' title="bbox 155 2231 941 2268">
    <p class='ocr_par' dir='ltr' id='par_1_75' title="bbox 155 2231 941 2268">
     <span class='ocr_line' id='line_1_75' title="bbox 155 2231 941 2268; baseline 0.003 -11"><span class='ocrx_word' id='word_1_554' title='bbox 155 2231 224 2266; x_wconf 70' lang='grc' dir='ltr'>ἔχων</span> <span class='ocrx_word' id='word_1_555' title='bbox 240 2232 288 2258; x_wconf 80' lang='grc' dir='ltr'>καὶ</span> <span class='ocrx_word' id='word_1_556' title='bbox 299 2232 412 2267; x_wconf 63' lang='grc' dir='ltr'>ἐρημίᾳ,</span> <span class='ocrx_word' id='word_1_557' title='bbox 430 2231 542 2258; x_wconf 81' lang='grc' dir='ltr'>τοιαῦτα</span> <span class='ocrx_word' id='word_1_558' title='bbox 568 2234 719 2268; x_wconf 86' lang='grc' dir='ltr'>πράγματα</span> <span class='ocrx_word' id='word_1_559' title='bbox 737 2232 881 2266; x_wconf 82' lang='grc' dir='ltr'>διακούων,</span> <span class='ocrx_word' id='word_1_560' title='bbox 897 2231 941 2260; x_wconf 74' lang='grc' dir='ltr'>οἷα</span> 
     </span>
    </p>
   </div>
   <div class='ocr_carea' id='block_1_76' title="bbox 1251 1806 1529 1837">
    <p class='ocr_par' dir='ltr' id='par_1_76' title="bbox 1251 1806 1529 1837">
     <span class='ocr_line' id='line_1_76' title="bbox 1251 1806 1529 1837; baseline 0.007 -2"><span class='ocrx_word' id='word_1_561' title='bbox 1251 1806 1321 1836; x_wconf 77' lang='lat' dir='ltr'>VIII.</span> <span class='ocrx_word' id='word_1_562' title='bbox 1343 1807 1384 1835; x_wconf 85' lang='grc' dir='ltr'>Αιί</span> <span class='ocrx_word' id='word_1_563' title='bbox 1399 1809 1529 1837; x_wconf 81' lang='lat' dir='ltr'><strong>eumdem.</strong></span> 
     </span>
    </p>
   </div>
   <div class='ocr_carea' id='block_1_77' title="bbox 1031 1876 1786 1912">
    <p class='ocr_par' dir='ltr' id='par_1_77' title="bbox 1031 1876 1786 1912">
     <span class='ocr_line' id='line_1_77' title="bbox 1031 1876 1786 1912; baseline 0.001 -8"><span class='ocrx_word' id='word_1_564' title='bbox 1031 1876 1097 1910; x_wconf 83' lang='lat' dir='ltr'><strong>Quae</strong></span> <span class='ocrx_word' id='word_1_565' title='bbox 1112 1877 1222 1912; x_wconf 69' lang='lat' dir='ltr'><strong>smptus,</strong></span> <span class='ocrx_word' id='word_1_566' title='bbox 1238 1877 1275 1905; x_wconf 80' lang='lat' dir='ltr'><strong>illi</strong></span> <span class='ocrx_word' id='word_1_567' title='bbox 1292 1878 1341 1910; x_wconf 90' lang='lat' dir='ltr'><strong>mi,</strong></span> <span class='ocrx_word' id='word_1_568' title='bbox 1361 1886 1424 1905; x_wconf 83' lang='lat' dir='ltr'><strong>cum</strong></span> <span class='ocrx_word' id='word_1_569' title='bbox 1442 1878 1534 1906; x_wconf 87' lang='lat' dir='ltr'><strong>cordis</strong></span> <span class='ocrx_word' id='word_1_570' title='bbox 1548 1878 1704 1910; x_wconf 82' lang='lat' dir='ltr'><strong>afﬂictione.</strong></span> <span class='ocrx_word' id='word_1_571' title='bbox 1723 1886 1786 1906; x_wconf 90' lang='lat' dir='ltr'><strong>cum</strong></span> 
     </span>
    </p>
   </div>
   <div class='ocr_carea' id='block_1_78' title="bbox 995 1922 1788 1960">
    <p class='ocr_par' dir='ltr' id='par_1_78' title="bbox 995 1922 1788 1960">
     <span class='ocr_line' id='line_1_78' title="bbox 995 1922 1788 1960; baseline 0.001 -11"><span class='ocrx_word' id='word_1_572' title='bbox 995 1922 1124 1958; x_wconf 80' lang='lat' dir='ltr'><strong>lacryniis</strong></span> <span class='ocrx_word' id='word_1_573' title='bbox 1141 1924 1314 1958; x_wconf 88' lang='lat' dir='ltr'><strong>scripsimus,</strong></span> <span class='ocrx_word' id='word_1_574' title='bbox 1330 1924 1375 1952; x_wconf 91' lang='lat' dir='ltr'><strong>illa</strong></span> <span class='ocrx_word' id='word_1_575' title='bbox 1395 1925 1475 1952; x_wconf 86' lang='lat' dir='ltr'><strong>hodie</strong></span> <span class='ocrx_word' id='word_1_576' title='bbox 1495 1929 1635 1960; x_wconf 75' lang='lat' dir='ltr'><strong>gementes</strong></span> <span class='ocrx_word' id='word_1_577' title='bbox 1649 1930 1677 1952; x_wconf 89' lang='lat' dir='ltr'><strong>et</strong></span> <span class='ocrx_word' id='word_1_578' title='bbox 1692 1924 1788 1951; x_wconf 83' lang='lat' dir='ltr'><strong>ﬂentes</strong></span> 
     </span>
    </p>
   </div>
   <div class='ocr_carea' id='block_1_79' title="bbox 996 1969 1788 2005">
    <p class='ocr_par' dir='ltr' id='par_1_79' title="bbox 996 1969 1788 2005">
     <span class='ocr_line' id='line_1_79' title="bbox 996 1969 1788 2005; baseline 0 -9"><span class='ocrx_word' id='word_1_579' title='bbox 996 1969 1086 1996; x_wconf 88' lang='lat' dir='ltr'><strong>denuo</strong></span> <span class='ocrx_word' id='word_1_580' title='bbox 1102 1970 1260 1998; x_wconf 79' lang='lat' dir='ltr'><strong>scribimus.</strong></span> <span class='ocrx_word' id='word_1_581' title='bbox 1286 1970 1429 2003; x_wconf 78' lang='lat' dir='ltr'><strong>Quornodo</strong></span> <span class='ocrx_word' id='word_1_582' title='bbox 1453 1978 1573 2005; x_wconf 89' lang='lat' dir='ltr'><strong>namque</strong></span> <span class='ocrx_word' id='word_1_583' title='bbox 1593 1978 1646 1998; x_wconf 93' lang='lat' dir='ltr'><strong>non</strong></span> <span class='ocrx_word' id='word_1_584' title='bbox 1673 1970 1788 2005; x_wconf 77' lang='lat' dir='ltr'><strong>lugebo?</strong></span> 
     </span>
    </p>
   </div>
   <div class='ocr_carea' id='block_1_80' title="bbox 997 2015 1788 2052">
    <p class='ocr_par' dir='ltr' id='par_1_80' title="bbox 997 2015 1788 2052">
     <span class='ocr_line' id='line_1_80' title="bbox 997 2015 1788 2052; baseline 0.003 -10"><span class='ocrx_word' id='word_1_585' title='bbox 997 2015 1138 2048; x_wconf 87' lang='lat' dir='ltr'><strong>Quomodo</strong></span> <span class='ocrx_word' id='word_1_586' title='bbox 1153 2023 1207 2044; x_wconf 94' lang='lat' dir='ltr'><strong>non</strong></span> <span class='ocrx_word' id='word_1_587' title='bbox 1220 2016 1390 2052; x_wconf 81' lang='lat' dir='ltr'><strong>lacrymabor</strong></span> <span class='ocrx_word' id='word_1_588' title='bbox 1406 2024 1457 2044; x_wconf 91' lang='lat' dir='ltr'><strong>nec</strong></span> <span class='ocrx_word' id='word_1_589' title='bbox 1470 2016 1586 2051; x_wconf 83' lang='lat' dir='ltr'><strong>afﬂigar,</strong></span> <span class='ocrx_word' id='word_1_590' title='bbox 1605 2016 1716 2044; x_wconf 83' lang='lat' dir='ltr'><strong>humilis</strong></span> <span class='ocrx_word' id='word_1_591' title='bbox 1742 2016 1788 2044; x_wconf 85' lang='lat' dir='ltr'><strong>ille</strong></span> 
     </span>
    </p>
   </div>
   <div class='ocr_carea' id='block_1_81' title="bbox 996 2059 1786 2095">
    <p class='ocr_par' dir='ltr' id='par_1_81' title="bbox 996 2059 1786 2095">
     <span class='ocr_line' id='line_1_81' title="bbox 996 2059 1786 2095; baseline 0.001 -9"><span class='ocrx_word' id='word_1_592' title='bbox 996 2067 1046 2094; x_wconf 77' lang='lat' dir='ltr'><strong>ego</strong></span> <span class='ocrx_word' id='word_1_593' title='bbox 1060 2060 1106 2095; x_wconf 86' lang='lat' dir='ltr'><strong>qui</strong></span> <span class='ocrx_word' id='word_1_594' title='bbox 1125 2059 1180 2087; x_wconf 88' lang='lat' dir='ltr'><strong>Deo</strong></span> <span class='ocrx_word' id='word_1_595' title='bbox 1196 2060 1364 2092; x_wconf 85' lang='lat' dir='ltr'><strong>ministrare,</strong></span> <span class='ocrx_word' id='word_1_596' title='bbox 1381 2068 1429 2095; x_wconf 88' lang='lat' dir='ltr'><strong>per</strong></span> <span class='ocrx_word' id='word_1_597' title='bbox 1449 2065 1515 2095; x_wconf 91' lang='lat' dir='ltr'><strong>quot</strong></span> <span class='ocrx_word' id='word_1_598' title='bbox 1530 2061 1648 2095; x_wconf 76' lang='lat' dir='ltr'><strong>gemitus</strong></span> <span class='ocrx_word' id='word_1_599' title='bbox 1663 2062 1715 2088; x_wconf 83' lang='lat' dir='ltr'><strong>scit</strong></span> <span class='ocrx_word' id='word_1_600' title='bbox 1731 2061 1786 2093; x_wconf 81' lang='lat' dir='ltr'><strong>ille,</strong></span> 
     </span>
    </p>
   </div>
   <div class='ocr_carea' id='block_1_82' title="bbox 995 2105 1785 2140">
    <p class='ocr_par' dir='ltr' id='par_1_82' title="bbox 995 2105 1785 2140">
     <span class='ocr_line' id='line_1_82' title="bbox 995 2105 1785 2140; baseline 0.003 -8"><span class='ocrx_word' id='word_1_601' title='bbox 995 2105 1093 2140; x_wconf 76' lang='lat' dir='ltr'><strong>dignus</strong></span> <span class='ocrx_word' id='word_1_602' title='bbox 1107 2112 1167 2132; x_wconf 84' lang='lat' dir='ltr'><strong>sum</strong></span> <span class='ocrx_word' id='word_1_603' title='bbox 1184 2106 1303 2138; x_wconf 85' lang='lat' dir='ltr'><strong>habitus,</strong></span> <span class='ocrx_word' id='word_1_604' title='bbox 1320 2114 1383 2133; x_wconf 86' lang='lat' dir='ltr'><strong>cum</strong></span> <span class='ocrx_word' id='word_1_605' title='bbox 1399 2106 1490 2134; x_wconf 88' lang='lat' dir='ltr'><strong>nullus</strong></span> <span class='ocrx_word' id='word_1_606' title='bbox 1510 2107 1590 2140; x_wconf 82' lang='lat' dir='ltr'><strong>alius,</strong></span> <span class='ocrx_word' id='word_1_607' title='bbox 1615 2115 1669 2134; x_wconf 91' lang='lat' dir='ltr'><strong>non</strong></span> <span class='ocrx_word' id='word_1_608' title='bbox 1696 2108 1785 2135; x_wconf 88' lang='lat' dir='ltr'><strong>solum</strong></span> 
     </span>
    </p>
   </div>
   <div class='ocr_carea' id='block_1_83' title="bbox 997 2150 1786 2183">
    <p class='ocr_par' dir='ltr' id='par_1_83' title="bbox 997 2150 1786 2183">
     <span class='ocr_line' id='line_1_83' title="bbox 997 2150 1786 2183; baseline 0.005 -7"><span class='ocrx_word' id='word_1_609' title='bbox 997 2150 1024 2177; x_wconf 94' lang='lat' dir='ltr'><strong>in</strong></span> <span class='ocrx_word' id='word_1_610' title='bbox 1038 2151 1104 2177; x_wconf 85' lang='lat' dir='ltr'><strong>urbe</strong></span> <span class='ocrx_word' id='word_1_611' title='bbox 1117 2156 1314 2183; x_wconf 74' lang='lat' dir='ltr'><strong>conmoratus,</strong></span> <span class='ocrx_word' id='word_1_612' title='bbox 1330 2151 1378 2179; x_wconf 78' lang='lat' dir='ltr'><strong>sed</strong></span> <span class='ocrx_word' id='word_1_613' title='bbox 1390 2152 1471 2179; x_wconf 86' lang='lat' dir='ltr'><strong>etiam</strong></span> <span class='ocrx_word' id='word_1_614' title='bbox 1483 2153 1517 2180; x_wconf 84' lang='lat' dir='ltr'><strong>ab</strong></span> <span class='ocrx_word' id='word_1_615' title='bbox 1539 2153 1682 2180; x_wconf 86' lang='lat' dir='ltr'><strong>hominum</strong></span> <span class='ocrx_word' id='word_1_616' title='bbox 1696 2154 1786 2180; x_wconf 79' lang='lat' dir='ltr'><strong>socie-</strong></span> 
     </span>
    </p>
   </div>
   <div class='ocr_carea' id='block_1_84' title="bbox 997 2196 1784 2234">
    <p class='ocr_par' dir='ltr' id='par_1_84' title="bbox 997 2196 1784 2234">
     <span class='ocr_line' id='line_1_84' title="bbox 997 2196 1784 2234; baseline 0.003 -11"><span class='ocrx_word' id='word_1_617' title='bbox 997 2201 1051 2223; x_wconf 85' lang='lat' dir='ltr'><strong>tate</strong></span> <span class='ocrx_word' id='word_1_618' title='bbox 1062 2196 1231 2224; x_wconf 83' lang='lat' dir='ltr'><strong>discretuset</strong></span> <span class='ocrx_word' id='word_1_619' title='bbox 1255 2197 1281 2224; x_wconf 85' lang='lat' dir='ltr'><strong>ili</strong></span> <span class='ocrx_word' id='word_1_620' title='bbox 1305 2203 1396 2225; x_wconf 88' lang='lat' dir='ltr'><strong>monte</strong></span> <span class='ocrx_word' id='word_1_621' title='bbox 1416 2203 1462 2225; x_wconf 90' lang='lat' dir='ltr'><strong>aut</strong></span> <span class='ocrx_word' id='word_1_622' title='bbox 1487 2198 1513 2226; x_wconf 89' lang='lat' dir='ltr'><strong>in</strong></span> <span class='ocrx_word' id='word_1_623' title='bbox 1539 2199 1647 2227; x_wconf 85' lang='lat' dir='ltr'><strong>deserto</strong></span> <span class='ocrx_word' id='word_1_624' title='bbox 1672 2199 1784 2234; x_wconf 67' lang='lat' dir='ltr'><strong>degens,</strong></span> 
     </span>
    </p>
   </div>
   <div class='ocr_carea' id='block_1_85' title="bbox 997 2243 1784 2280">
    <p class='ocr_par' dir='ltr' id='par_1_85' title="bbox 997 2243 1784 2280">
     <span class='ocr_line' id='line_1_85' title="bbox 997 2243 1784 2280; baseline 0.005 -12"><span class='ocrx_word' id='word_1_625' title='bbox 997 2243 1100 2269; x_wconf 89' lang='lat' dir='ltr'><strong>auditis</strong></span> <span class='ocrx_word' id='word_1_626' title='bbox 1112 2250 1172 2277; x_wconf 79' lang='lat' dir='ltr'><strong>qua:</strong></span> <span class='ocrx_word' id='word_1_627' title='bbox 1182 2243 1258 2270; x_wconf 86' lang='lat' dir='ltr'><strong>hisce</strong></span> <span class='ocrx_word' id='word_1_628' title='bbox 1267 2244 1436 2279; x_wconf 85' lang='lat' dir='ltr'><strong>temporibus</strong></span> <span class='ocrx_word' id='word_1_629' title='bbox 1450 2245 1617 2278; x_wconf 84' lang='lat' dir='ltr'><strong>acciderunt,</strong></span> <span class='ocrx_word' id='word_1_630' title='bbox 1633 2253 1687 2272; x_wconf 88' lang='lat' dir='ltr'><strong>non</strong></span> <span class='ocrx_word' id='word_1_631' title='bbox 1703 2245 1784 2280; x_wconf 88' lang='lat' dir='ltr'><strong>pollet</strong></span> 
     </span>
    </p>
   </div>
   <div class='ocr_carea' id='block_1_86' title="bbox 155 2277 947 2325">
    <p class='ocr_par' dir='ltr' id='par_1_86' title="bbox 155 2277 941 2314">
     <span class='ocr_line' id='line_1_86' title="bbox 155 2277 941 2314; baseline 0.004 -11"><span class='ocrx_word' id='word_1_632' title='bbox 155 2279 184 2303; x_wconf 72' lang='grc' dir='ltr'>ἑν</span> <span class='ocrx_word' id='word_1_633' title='bbox 211 2278 268 2308; x_wconf 87' lang='grc' dir='ltr'>τοῖς</span> <span class='ocrx_word' id='word_1_634' title='bbox 291 2277 410 2312; x_wconf 82' lang='grc' dir='ltr'>παροῦσι</span> <span class='ocrx_word' id='word_1_635' title='bbox 436 2278 622 2312; x_wconf 78' lang='grc' dir='ltr'>συμπέπτωκε</span> <span class='ocrx_word' id='word_1_636' title='bbox 648 2280 764 2314; x_wconf 81' lang='grc' dir='ltr'>καιροῖς,</span> <span class='ocrx_word' id='word_1_637' title='bbox 787 2279 817 2305; x_wconf 77' lang='grc' dir='ltr'>οὺ</span> <span class='ocrx_word' id='word_1_638' title='bbox 830 2279 941 2306; x_wconf 80' lang='grc' dir='ltr'>δύναται</span> 
     </span>
    </p>
   </div>
   <div class='ocr_carea' id='block_1_87' title="bbox 999 2277 1784 2325">
    <p class='ocr_par' dir='ltr' id='par_1_87' title="bbox 999 2287 1784 2325">
     <span class='ocr_line' id='line_1_87' title="bbox 999 2287 1784 2325; baseline 0.004 -11"><span class='ocrx_word' id='word_1_639' title='bbox 999 2287 1054 2315; x_wconf 75' lang='lat' dir='ltr'><strong>sine</strong></span> <span class='ocrx_word' id='word_1_640' title='bbox 1068 2287 1196 2324; x_wconf 85' lang='lat' dir='ltr'><strong>lacrymis</strong></span> <span class='ocrx_word' id='word_1_641' title='bbox 1211 2289 1366 2317; x_wconf 83' lang='lat' dir='ltr'><strong>istiusmodi</strong></span> <span class='ocrx_word' id='word_1_642' title='bbox 1378 2290 1477 2318; x_wconf 84' lang='lat' dir='ltr'><strong>famam</strong></span> <span class='ocrx_word' id='word_1_643' title='bbox 1492 2291 1635 2325; x_wconf 76' lang='lat' dir='ltr'><strong>accipere?</strong></span> <span class='ocrx_word' id='word_1_644' title='bbox 1646 2292 1784 2325; x_wconf 88' lang='lat' dir='ltr'><strong>quomodo</strong></span> 
     </span>
    </p>
   </div>
   <div class='ocr_carea' id='block_1_88' title="bbox 156 2322 940 2360">
    <p class='ocr_par' dir='ltr' id='par_1_88' title="bbox 156 2322 940 2360">
     <span class='ocr_line' id='line_1_88' title="bbox 156 2322 940 2360; baseline 0.004 -12"><span class='ocrx_word' id='word_1_645' title='bbox 156 2323 239 2358; x_wconf 78' lang='grc' dir='ltr'>χωρὶς</span> <span class='ocrx_word' id='word_1_646' title='bbox 270 2322 398 2358; x_wconf 82' lang='grc' dir='ltr'>δακρύων</span> <span class='ocrx_word' id='word_1_647' title='bbox 422 2323 473 2357; x_wconf 82' lang='grc' dir='ltr'>τὴν</span> <span class='ocrx_word' id='word_1_648' title='bbox 501 2324 587 2360; x_wconf 77' lang='grc' dir='ltr'>ἀκοὴν</span> <span class='ocrx_word' id='word_1_649' title='bbox 607 2325 810 2357; x_wconf 77' lang='grc' dir='ltr'>ὑποδέξασθαι;</span> <span class='ocrx_word' id='word_1_650' title='bbox 832 2325 890 2356; x_wconf 81' lang='grc' dir='ltr'>πῶς</span> <span class='ocrx_word' id='word_1_651' title='bbox 910 2326 940 2351; x_wconf 81' lang='grc' dir='ltr'>οὐ</span> 
     </span>
    </p>
   </div>
   <div class='ocr_carea' id='block_1_89' title="bbox 154 2368 942 2406">
    <p class='ocr_par' dir='ltr' id='par_1_89' title="bbox 154 2368 942 2406">
     <span class='ocr_line' id='line_1_89' title="bbox 154 2368 942 2406; baseline 0.004 -11"><span class='ocrx_word' id='word_1_652' title='bbox 154 2368 292 2404; x_wconf 82' lang='grc' dir='ltr'>δακρύσω,</span> <span class='ocrx_word' id='word_1_653' title='bbox 315 2370 379 2396; x_wconf 82' lang='grc' dir='ltr'>ὅταν</span> <span class='ocrx_word' id='word_1_654' title='bbox 410 2370 482 2406; x_wconf 79' lang='grc' dir='ltr'>λυπῇ</span> <span class='ocrx_word' id='word_1_655' title='bbox 505 2370 554 2406; x_wconf 79' lang='grc' dir='ltr'>μὲν</span> <span class='ocrx_word' id='word_1_656' title='bbox 581 2371 615 2397; x_wconf 76' lang='grc' dir='ltr'><strong>τὰ</strong></span> <span class='ocrx_word' id='word_1_657' title='bbox 636 2370 790 2406; x_wconf 75' lang='grc' dir='ltr'>πράγματα</span> <span class='ocrx_word' id='word_1_658' title='bbox 813 2371 879 2398; x_wconf 81' lang='grc' dir='ltr'>Θεὸν</span> <span class='ocrx_word' id='word_1_659' title='bbox 895 2371 942 2398; x_wconf 70' lang='grc' dir='ltr'><strong>τὸν</strong></span> 
     </span>
    </p>
   </div>
   <div class='ocr_carea' id='block_1_90' title="bbox 154 2415 943 2453">
    <p class='ocr_par' dir='ltr' id='par_1_90' title="bbox 154 2415 943 2453">
     <span class='ocr_line' id='line_1_90' title="bbox 154 2415 943 2453; baseline 0.004 -12"><span class='ocrx_word' id='word_1_660' title='bbox 154 2415 208 2442; x_wconf 77' lang='grc' dir='ltr'>τῶν</span> <span class='ocrx_word' id='word_1_661' title='bbox 218 2415 309 2442; x_wconf 86' lang='grc' dir='ltr'>καλῶν</span> <span class='ocrx_word' id='word_1_662' title='bbox 322 2416 420 2448; x_wconf 78' lang='grc' dir='ltr'>αἴτιον,</span> <span class='ocrx_word' id='word_1_663' title='bbox 435 2417 570 2453; x_wconf 80' lang='grc' dir='ltr'>εὐφραίνῃ</span> <span class='ocrx_word' id='word_1_664' title='bbox 585 2417 613 2443; x_wconf 78' lang='grc' dir='ltr'>δὲ</span> <span class='ocrx_word' id='word_1_665' title='bbox 629 2417 674 2443; x_wconf 79' lang='grc' dir='ltr'><strong>τὸν</strong></span> <span class='ocrx_word' id='word_1_666' title='bbox 691 2417 799 2452; x_wconf 74' lang='grc' dir='ltr'>πατέρα</span> <span class='ocrx_word' id='word_1_667' title='bbox 815 2419 866 2452; x_wconf 84' lang='grc' dir='ltr'>τῆς</span> <span class='ocrx_word' id='word_1_668' title='bbox 893 2426 943 2444; x_wconf 73' lang='grc' dir='ltr'>κα-</span> 
     </span>
    </p>
   </div>
   <div class='ocr_carea' id='block_1_91' title="bbox 155 2461 940 2498">
    <p class='ocr_par' dir='ltr' id='par_1_91' title="bbox 155 2461 940 2498">
     <span class='ocr_line' id='line_1_91' title="bbox 155 2461 940 2498; baseline 0.003 -10"><span class='ocrx_word' id='word_1_669' title='bbox 155 2461 227 2493; x_wconf 71' lang='grc' dir='ltr'>κίας,</span> <span class='ocrx_word' id='word_1_670' title='bbox 248 2461 295 2488; x_wconf 79' lang='grc' dir='ltr'>καὶ</span> <span class='ocrx_word' id='word_1_671' title='bbox 306 2462 351 2488; x_wconf 81' lang='grc' dir='ltr'><strong>τὸν</strong></span> <span class='ocrx_word' id='word_1_672' title='bbox 365 2462 534 2498; x_wconf 78' lang='grc' dir='ltr'>δημιουργδν</span> <span class='ocrx_word' id='word_1_673' title='bbox 549 2463 603 2490; x_wconf 81' lang='grc' dir='ltr'>τῶν</span> <span class='ocrx_word' id='word_1_674' title='bbox 620 2464 779 2491; x_wconf 75' lang='grc' dir='ltr'>σκανδάλων</span> <span class='ocrx_word' id='word_1_675' title='bbox 793 2463 918 2491; x_wconf 78' lang='grc' dir='ltr'>διάϐολον</span> <span class='ocrx_word' id='word_1_676' title='bbox 933 2472 940 2496; x_wconf 83' lang='grc'><strong>;</strong></span> 
     </span>
    </p>
   </div>
   <div class='ocr_carea' id='block_1_92' title="bbox 155 2507 941 2546">
    <p class='ocr_par' dir='ltr' id='par_1_92' title="bbox 155 2507 941 2546">
     <span class='ocr_line' id='line_1_92' title="bbox 155 2507 941 2546; baseline 0.006 -13"><span class='ocrx_word' id='word_1_677' title='bbox 155 2507 191 2533; x_wconf 82' lang='grc' dir='ltr'><strong>Ἦ</strong></span> <span class='ocrx_word' id='word_1_678' title='bbox 206 2508 257 2534; x_wconf 79' lang='grc' dir='ltr'>οὐκ</span> <span class='ocrx_word' id='word_1_679' title='bbox 274 2507 343 2540; x_wconf 71' lang='grc' dir='ltr'>ἔστι,</span> <span class='ocrx_word' id='word_1_680' title='bbox 366 2509 460 2535; x_wconf 81' lang='grc' dir='ltr'>τέκνον</span> <span class='ocrx_word' id='word_1_681' title='bbox 481 2509 558 2544; x_wconf 70' lang='grc' dir='ltr'>ὲμδν,</span> <span class='ocrx_word' id='word_1_682' title='bbox 578 2510 728 2537; x_wconf 83' lang='grc' dir='ltr'>σκάνδαλον</span> <span class='ocrx_word' id='word_1_683' title='bbox 748 2511 941 2546; x_wconf 76' lang='grc' dir='ltr'>χαλεπώτατον</span> 
     </span>
    </p>
   </div>
   <div class='ocr_carea' id='block_1_93' title="bbox 154 2553 940 2593">
    <p class='ocr_par' dir='ltr' id='par_1_93' title="bbox 154 2553 940 2593">
     <span class='ocr_line' id='line_1_93' title="bbox 154 2553 940 2593; baseline 0.008 -14"><span class='ocrx_word' id='word_1_684' title='bbox 154 2554 170 2588; x_wconf 85' lang='grc' dir='ltr'>ἠ</span> <span class='ocrx_word' id='word_1_685' title='bbox 183 2553 231 2580; x_wconf 89' lang='grc' dir='ltr'><strong>νῦν</strong></span> <span class='ocrx_word' id='word_1_686' title='bbox 245 2555 418 2590; x_wconf 80' lang='grc' dir='ltr'>γεγενημένη</span> <span class='ocrx_word' id='word_1_687' title='bbox 438 2555 539 2590; x_wconf 77' lang='grc' dir='ltr'>μεταξῦ</span> <span class='ocrx_word' id='word_1_688' title='bbox 557 2556 702 2591; x_wconf 75' lang='grc' dir='ltr'>Ῥωμαίων</span> <span class='ocrx_word' id='word_1_689' title='bbox 716 2558 764 2584; x_wconf 73' lang='grc' dir='ltr'>καὶ</span> <span class='ocrx_word' id='word_1_690' title='bbox 775 2557 940 2593; x_wconf 78' lang='grc' dir='ltr'>Βουλγάρων</span> 
     </span>
    </p>
   </div>
   <div class='ocr_carea' id='block_1_94' title="bbox 153 2599 940 2639">
    <p class='ocr_par' dir='ltr' id='par_1_94' title="bbox 153 2599 940 2639">
     <span class='ocr_line' id='line_1_94' title="bbox 153 2599 940 2639; baseline 0.005 -13"><span class='ocrx_word' id='word_1_691' title='bbox 153 2600 214 2627; x_wconf 81' lang='grc' dir='ltr'>ἀντὶ</span> <span class='ocrx_word' id='word_1_692' title='bbox 229 2601 278 2634; x_wconf 85' lang='grc' dir='ltr'>τῆς</span> <span class='ocrx_word' id='word_1_693' title='bbox 294 2599 397 2634; x_wconf 84' lang='grc' dir='ltr'>φιλίας,</span> <span class='ocrx_word' id='word_1_694' title='bbox 414 2601 474 2627; x_wconf 78' lang='grc' dir='ltr'>ἀντὶ</span> <span class='ocrx_word' id='word_1_695' title='bbox 486 2602 535 2636; x_wconf 81' lang='grc' dir='ltr'><strong>τῆς</strong></span> <span class='ocrx_word' id='word_1_696' title='bbox 550 2603 671 2637; x_wconf 76' lang='grc' dir='ltr'>εἰρήνης,</span> <span class='ocrx_word' id='word_1_697' title='bbox 684 2604 744 2630; x_wconf 69' lang='grc' dir='ltr'>ἀντὶ</span> <span class='ocrx_word' id='word_1_698' title='bbox 755 2603 803 2639; x_wconf 80' lang='grc' dir='ltr'>τῆς</span> <span class='ocrx_word' id='word_1_699' title='bbox 816 2603 940 2635; x_wconf 81' lang='grc' dir='ltr'>ἐνώσεως</span> 
     </span>
    </p>
   </div>
   <div class='ocr_carea' id='block_1_95' title="bbox 155 2645 940 2683">
    <p class='ocr_par' dir='ltr' id='par_1_95' title="bbox 155 2645 940 2683">
     <span class='ocr_line' id='line_1_95' title="bbox 155 2645 940 2683; baseline 0.008 -12"><span class='ocrx_word' id='word_1_700' title='bbox 155 2645 239 2680; x_wconf 75' lang='grc' dir='ltr'>ἔχθρα</span> <span class='ocrx_word' id='word_1_701' title='bbox 254 2645 303 2672; x_wconf 76' lang='grc' dir='ltr'><strong>καὶ</strong></span> <span class='ocrx_word' id='word_1_702' title='bbox 315 2645 456 2676; x_wconf 82' lang='grc' dir='ltr'>διάστασις</span> <span class='ocrx_word' id='word_1_703' title='bbox 475 2648 521 2674; x_wconf 75' lang='grc' dir='ltr'>καὶ</span> <span class='ocrx_word' id='word_1_704' title='bbox 537 2647 704 2683; x_wconf 74' lang='grc' dir='ltr'>δυσμένεια;</span> <span class='ocrx_word' id='word_1_705' title='bbox 725 2648 780 2675; x_wconf 74' lang='grc' dir='ltr'><strong>Ἶιν</strong></span> <span class='ocrx_word' id='word_1_706' title='bbox 796 2659 861 2676; x_wconf 83' lang='grc' dir='ltr'>ποτε</span> <span class='ocrx_word' id='word_1_707' title='bbox 878 2659 940 2678; x_wconf 82' lang='grc' dir='ltr'>και-</span> 
     </span>
    </p>
   </div>
   <div class='ocr_carea' id='block_1_96' title="bbox 153 2691 939 2732">
    <p class='ocr_par' dir='ltr' id='par_1_96' title="bbox 153 2691 939 2732">
     <span class='ocr_line' id='line_1_96' title="bbox 153 2691 939 2732; baseline 0.01 -16"><span class='ocrx_word' id='word_1_708' title='bbox 153 2691 199 2726; x_wconf 52' lang='lat' dir='ltr'><strong>(Ib;</strong></span> <span class='ocrx_word' id='word_1_709' title='bbox 215 2691 260 2718; x_wconf 77' lang='grc' dir='ltr'>ὅτε</span> <span class='ocrx_word' id='word_1_710' title='bbox 275 2691 410 2718; x_wconf 81' lang='grc' dir='ltr'>διίσταντο</span> <span class='ocrx_word' id='word_1_711' title='bbox 435 2692 566 2727; x_wconf 82' lang='grc' dir='ltr'>Ῥωμαῖοι</span> <span class='ocrx_word' id='word_1_712' title='bbox 577 2695 622 2720; x_wconf 77' lang='grc' dir='ltr'>καὶ</span> <span class='ocrx_word' id='word_1_713' title='bbox 635 2694 796 2730; x_wconf 70' lang='grc' dir='ltr'>Βούλγαροι,</span> <span class='ocrx_word' id='word_1_714' title='bbox 810 2697 854 2723; x_wconf 82' lang='grc' dir='ltr'>ὅτε</span> <span class='ocrx_word' id='word_1_715' title='bbox 872 2697 939 2732; x_wconf 83' lang='grc' dir='ltr'>πρὸς</span> 
     </span>
    </p>
   </div>
   <div class='ocr_carea' id='block_1_97' title="bbox 152 2736 939 2776">
    <p class='ocr_par' dir='ltr' id='par_1_97' title="bbox 152 2736 939 2776">
     <span class='ocr_line' id='line_1_97' title="bbox 152 2736 939 2776; baseline 0.009 -14"><span class='ocrx_word' id='word_1_716' title='bbox 152 2736 284 2772; x_wconf 76' lang='grc' dir='ltr'>ἀλλήλους</span> <span class='ocrx_word' id='word_1_717' title='bbox 292 2737 353 2772; x_wconf 83' lang='grc' dir='ltr'>μεθ’</span> <span class='ocrx_word' id='word_1_718' title='bbox 366 2737 455 2764; x_wconf 81' lang='grc' dir='ltr'>ὅπλων</span> <span class='ocrx_word' id='word_1_719' title='bbox 468 2739 600 2774; x_wconf 74' lang='grc' dir='ltr'>ἐπῄεσαν,</span> <span class='ocrx_word' id='word_1_720' title='bbox 613 2739 823 2776; x_wconf 76' lang='grc' dir='ltr'>διατειχίζοντος</span> <span class='ocrx_word' id='word_1_721' title='bbox 841 2743 939 2774; x_wconf 66' lang='grc' dir='ltr'>αὐτοὺς</span> 
     </span>
    </p>
   </div>
   <div class='ocr_carea' id='block_1_98' title="bbox 152 2781 938 2823">
    <p class='ocr_par' dir='ltr' id='par_1_98' title="bbox 152 2781 938 2823">
     <span class='ocr_line' id='line_1_98' title="bbox 152 2781 938 2823; baseline 0.01 -16"><span class='ocrx_word' id='word_1_722' title='bbox 152 2781 198 2808; x_wconf 70' lang='grc' dir='ltr'>τοῦ</span> <span class='ocrx_word' id='word_1_723' title='bbox 225 2785 384 2818; x_wconf 87' lang='grc' dir='ltr'>μεσοτοίχου</span> <span class='ocrx_word' id='word_1_724' title='bbox 407 2784 457 2818; x_wconf 57' lang='lat' dir='ltr'><strong>ei;</strong></span> <span class='ocrx_word' id='word_1_725' title='bbox 479 2784 591 2821; x_wconf 76' lang='grc' dir='ltr'>ἔχθρας,</span> <span class='ocrx_word' id='word_1_726' title='bbox 617 2786 630 2812; x_wconf 82' lang='grc' dir='ltr'><strong>ὃ</strong></span> <span class='ocrx_word' id='word_1_727' title='bbox 652 2787 667 2821; x_wconf 82' lang='grc' dir='ltr'>ἡ</span> <span class='ocrx_word' id='word_1_728' title='bbox 689 2788 841 2823; x_wconf 80' lang='grc' dir='ltr'>κατέχουσα</span> <span class='ocrx_word' id='word_1_729' title='bbox 867 2789 938 2823; x_wconf 82' lang='grc' dir='ltr'>ὑμᾶς</span> 
     </span>
    </p>
   </div>
   <div class='ocr_carea' id='block_1_99' title="bbox 152 2827 938 2869">
    <p class='ocr_par' dir='ltr' id='par_1_99' title="bbox 152 2827 938 2869">
     <span class='ocr_line' id='line_1_99' title="bbox 152 2827 938 2869; baseline 0.009 -16"><span class='ocrx_word' id='word_1_730' title='bbox 152 2827 263 2854; x_wconf 77' lang='grc' dir='ltr'>ἀσέϐεια</span> <span class='ocrx_word' id='word_1_731' title='bbox 281 2828 416 2856; x_wconf 71' lang='grc' dir='ltr'>ὑπέϐαλεν</span> <span class='ocrx_word' id='word_1_732' title='bbox 429 2837 435 2845; x_wconf 72' lang='grc'><strong><em>⁸</em></strong></span> <span class='ocrx_word' id='word_1_733' title='bbox 454 2830 521 2857; x_wconf 86' lang='grc' dir='ltr'>Θεοῦ</span> <span class='ocrx_word' id='word_1_734' title='bbox 543 2830 571 2857; x_wconf 70' lang='grc' dir='ltr'>δὲ</span> <span class='ocrx_word' id='word_1_735' title='bbox 584 2831 630 2858; x_wconf 78' lang='grc' dir='ltr'><strong>τοῦ</strong></span> <span class='ocrx_word' id='word_1_736' title='bbox 645 2832 691 2858; x_wconf 81' lang='grc' dir='ltr'><strong>τὸν</strong></span> <span class='ocrx_word' id='word_1_737' title='bbox 712 2833 815 2867; x_wconf 78' lang='grc' dir='ltr'>κόσμον</span> <span class='ocrx_word' id='word_1_738' title='bbox 830 2834 938 2869; x_wconf 81' lang='grc' dir='ltr'><strong>ἁγαπὴ-</strong></span> 
     </span>
    </p>
   </div>
   <div class='ocr_carea' id='block_1_100' title="bbox 155 2874 938 2914">
    <p class='ocr_par' dir='ltr' id='par_1_100' title="bbox 155 2874 938 2914">
     <span class='ocr_line' id='line_1_100' title="bbox 155 2874 938 2914; baseline 0.009 -15"><span class='ocrx_word' id='word_1_739' title='bbox 155 2881 260 2907; x_wconf 82' lang='grc' dir='ltr'>σάντος,</span> <span class='ocrx_word' id='word_1_740' title='bbox 276 2874 322 2901; x_wconf 84' lang='grc' dir='ltr'><strong>τοῦ</strong></span> <span class='ocrx_word' id='word_1_741' title='bbox 337 2875 367 2902; x_wconf 75' lang='grc' dir='ltr'>τὸ</span> <span class='ocrx_word' id='word_1_742' title='bbox 382 2876 481 2902; x_wconf 74' lang='grc' dir='ltr'>οῑκεῖον</span> <span class='ocrx_word' id='word_1_743' title='bbox 497 2877 611 2912; x_wconf 83' lang='grc' dir='ltr'>πλάσμα</span> <span class='ocrx_word' id='word_1_744' title='bbox 633 2878 676 2904; x_wconf 78' lang='grc' dir='ltr'>διὰ</span> <span class='ocrx_word' id='word_1_745' title='bbox 694 2878 741 2904; x_wconf 82' lang='grc' dir='ltr'><strong>τοῦ</strong></span> <span class='ocrx_word' id='word_1_746' title='bbox 757 2879 873 2914; x_wconf 73' lang='grc' dir='ltr'>σταυροῦ</span> <span class='ocrx_word' id='word_1_747' title='bbox 891 2879 938 2906; x_wconf 68' lang='grc' dir='ltr'><strong>καὶ</strong></span> 
     </span>
    </p>
   </div>
   <div class='ocr_carea' id='block_1_101' title="bbox 153 2918 938 2961">
    <p class='ocr_par' dir='ltr' id='par_1_101' title="bbox 153 2918 938 2961">
     <span class='ocr_line' id='line_1_101' title="bbox 153 2918 938 2961; baseline 0.01 -16"><span class='ocrx_word' id='word_1_748' title='bbox 153 2918 199 2945; x_wconf 84' lang='grc' dir='ltr'><strong>τοῦ</strong></span> <span class='ocrx_word' id='word_1_749' title='bbox 221 2919 337 2948; x_wconf 81' lang='grc' dir='ltr'>θανάτου</span> <span class='ocrx_word' id='word_1_750' title='bbox 352 2922 397 2948; x_wconf 83' lang='grc' dir='ltr'><strong>τοῦ</strong></span> <span class='ocrx_word' id='word_1_751' title='bbox 415 2922 479 2950; x_wconf 80' lang='grc' dir='ltr'><strong>Υῐοῦ</strong></span> <span class='ocrx_word' id='word_1_752' title='bbox 497 2924 580 2950; x_wconf 76' lang='grc' dir='ltr'>αὑτοῦ</span> <span class='ocrx_word' id='word_1_753' title='bbox 606 2924 673 2958; x_wconf 69' lang='grc' dir='ltr'>πρὸς</span> <span class='ocrx_word' id='word_1_754' title='bbox 698 2925 793 2952; x_wconf 61' lang='grc' dir='ltr'>ἑαυτῦν</span> <span class='ocrx_word' id='word_1_755' title='bbox 810 2927 938 2961; x_wconf 66' lang='grc' dir='ltr'>ὶπιπτρέ-</span> 
     </span>
    </p>
   </div>
   <div class='ocr_carea' id='block_1_102' title="bbox 994 2333 1782 2370">
    <p class='ocr_par' dir='ltr' id='par_1_102' title="bbox 994 2333 1782 2370">
     <span class='ocr_line' id='line_1_102' title="bbox 994 2333 1782 2370; baseline 0.003 -10"><span class='ocrx_word' id='word_1_756' title='bbox 994 2341 1048 2360; x_wconf 83' lang='grc' dir='ltr'><strong>ιιοη</strong></span> <span class='ocrx_word' id='word_1_757' title='bbox 1074 2333 1165 2366; x_wconf 85' lang='lat' dir='ltr'><strong>ﬂebo,</strong></span> <span class='ocrx_word' id='word_1_758' title='bbox 1200 2342 1262 2362; x_wconf 89' lang='lat' dir='ltr'><strong>cum</strong></span> <span class='ocrx_word' id='word_1_759' title='bbox 1302 2343 1362 2369; x_wconf 82' lang='lat' dir='ltr'><strong>qua-</strong></span> <span class='ocrx_word' id='word_1_760' title='bbox 1386 2341 1503 2370; x_wconf 77' lang='lat' dir='ltr'><strong>aguntur</strong></span> <span class='ocrx_word' id='word_1_761' title='bbox 1529 2336 1614 2363; x_wconf 83' lang='lat' dir='ltr'><strong>Deum</strong></span> <span class='ocrx_word' id='word_1_762' title='bbox 1651 2337 1782 2363; x_wconf 87' lang='lat' dir='ltr'><strong>bonorum</strong></span> 
     </span>
    </p>
   </div>
   <div class='ocr_carea' id='block_1_103' title="bbox 994 2379 1783 2415">
    <p class='ocr_par' dir='ltr' id='par_1_103' title="bbox 994 2379 1783 2415">
     <span class='ocr_line' id='line_1_103' title="bbox 994 2379 1783 2415; baseline 0.004 -11"><span class='ocrx_word' id='word_1_763' title='bbox 994 2379 1116 2406; x_wconf 86' lang='lat' dir='ltr'><strong>omnium</strong></span> <span class='ocrx_word' id='word_1_764' title='bbox 1132 2387 1244 2407; x_wconf 76' lang='lat' dir='ltr'><strong>causanti</strong></span> <span class='ocrx_word' id='word_1_765' title='bbox 1265 2381 1439 2414; x_wconf 79' lang='lat' dir='ltr'><strong>eontristant,</strong></span> <span class='ocrx_word' id='word_1_766' title='bbox 1457 2388 1561 2415; x_wconf 86' lang='lat' dir='ltr'><strong>patrem</strong></span> <span class='ocrx_word' id='word_1_767' title='bbox 1590 2386 1681 2408; x_wconf 87' lang='lat' dir='ltr'><strong>autem</strong></span> <span class='ocrx_word' id='word_1_768' title='bbox 1703 2381 1783 2408; x_wconf 84' lang='lat' dir='ltr'><strong>mali-</strong></span> 
     </span>
    </p>
   </div>
   <div class='ocr_carea' id='block_1_104' title="bbox 993 2425 1783 2461">
    <p class='ocr_par' dir='ltr' id='par_1_104' title="bbox 993 2425 1783 2461">
     <span class='ocr_line' id='line_1_104' title="bbox 993 2425 1783 2461; baseline 0.001 -10"><span class='ocrx_word' id='word_1_769' title='bbox 993 2425 1047 2453; x_wconf 64' lang='lat' dir='ltr'><strong>tia‘.</strong></span> <span class='ocrx_word' id='word_1_770' title='bbox 1059 2425 1306 2461; x_wconf 83' lang='lat' dir='ltr'><strong>scandalorumque</strong></span> <span class='ocrx_word' id='word_1_771' title='bbox 1320 2427 1452 2454; x_wconf 81' lang='lat' dir='ltr'><strong>artiﬁcem</strong></span> <span class='ocrx_word' id='word_1_772' title='bbox 1469 2427 1608 2454; x_wconf 87' lang='lat' dir='ltr'><strong>diabolum</strong></span> <span class='ocrx_word' id='word_1_773' title='bbox 1626 2427 1783 2453; x_wconf 71' lang='lat' dir='ltr'><strong>delectant?</strong></span> 
     </span>
    </p>
   </div>
   <div class='ocr_carea' id='block_1_105' title="bbox 994 2469 1782 2506">
    <p class='ocr_par' dir='ltr' id='par_1_105' title="bbox 994 2469 1782 2506">
     <span class='ocr_line' id='line_1_105' title="bbox 994 2469 1782 2506; baseline 0 -10"><span class='ocrx_word' id='word_1_774' title='bbox 994 2469 1101 2502; x_wconf 78' lang='lat' dir='ltr'><strong>Nonne,</strong></span> <span class='ocrx_word' id='word_1_775' title='bbox 1130 2478 1235 2505; x_wconf 61' lang='lat' dir='ltr'><strong>quaeso,</strong></span> <span class='ocrx_word' id='word_1_776' title='bbox 1264 2472 1322 2504; x_wconf 85' lang='lat' dir='ltr'><strong>lili,</strong></span> <span class='ocrx_word' id='word_1_777' title='bbox 1348 2472 1540 2499; x_wconf 84' lang='lat' dir='ltr'><strong>scandalorum</strong></span> <span class='ocrx_word' id='word_1_778' title='bbox 1567 2472 1717 2506; x_wconf 87' lang='lat' dir='ltr'><strong>pessimum</strong></span> <span class='ocrx_word' id='word_1_779' title='bbox 1741 2476 1782 2498; x_wconf 82' lang='lat' dir='ltr'><strong>est</strong></span> 
     </span>
    </p>
   </div>
   <div class='ocr_carea' id='block_1_106' title="bbox 991 2516 1781 2552">
    <p class='ocr_par' dir='ltr' id='par_1_106' title="bbox 991 2516 1781 2552">
     <span class='ocr_line' id='line_1_106' title="bbox 991 2516 1781 2552; baseline 0 -10"><span class='ocrx_word' id='word_1_780' title='bbox 991 2521 1086 2543; x_wconf 70' lang='lat' dir='ltr'><strong>exorta</strong></span> <span class='ocrx_word' id='word_1_781' title='bbox 1108 2516 1178 2544; x_wconf 90' lang='lat' dir='ltr'><strong>inter</strong></span> <span class='ocrx_word' id='word_1_782' title='bbox 1199 2516 1338 2545; x_wconf 79' lang='lat' dir='ltr'><strong>Romanos</strong></span> <span class='ocrx_word' id='word_1_783' title='bbox 1353 2522 1380 2545; x_wconf 89' lang='lat' dir='ltr'><strong>et</strong></span> <span class='ocrx_word' id='word_1_784' title='bbox 1396 2517 1539 2552; x_wconf 71' lang='lat' dir='ltr'><strong>Bulgaros,</strong></span> <span class='ocrx_word' id='word_1_785' title='bbox 1567 2517 1628 2544; x_wconf 87' lang='lat' dir='ltr'><strong>loco</strong></span> <span class='ocrx_word' id='word_1_786' title='bbox 1642 2516 1781 2547; x_wconf 71' lang='lat' dir='ltr'><strong>amiciti-.r,</strong></span> 
     </span>
    </p>
   </div>
   <div class='ocr_carea' id='block_1_107' title="bbox 993 2561 1781 2597">
    <p class='ocr_par' dir='ltr' id='par_1_107' title="bbox 993 2561 1781 2597">
     <span class='ocr_line' id='line_1_107' title="bbox 993 2561 1781 2597; baseline 0.001 -10"><span class='ocrx_word' id='word_1_787' title='bbox 993 2561 1052 2587; x_wconf 89' lang='lat' dir='ltr'><strong>loco</strong></span> <span class='ocrx_word' id='word_1_788' title='bbox 1064 2561 1150 2596; x_wconf 84' lang='lat' dir='ltr'><strong>pacis,</strong></span> <span class='ocrx_word' id='word_1_789' title='bbox 1168 2561 1229 2589; x_wconf 89' lang='lat' dir='ltr'><strong>loco</strong></span> <span class='ocrx_word' id='word_1_790' title='bbox 1244 2562 1366 2595; x_wconf 85' lang='lat' dir='ltr'><strong>unionis,</strong></span> <span class='ocrx_word' id='word_1_791' title='bbox 1380 2563 1535 2594; x_wconf 88' lang='lat' dir='ltr'><strong>inimicitia,</strong></span> <span class='ocrx_word' id='word_1_792' title='bbox 1549 2562 1686 2590; x_wconf 88' lang='lat' dir='ltr'><strong>discordia</strong></span> <span class='ocrx_word' id='word_1_793' title='bbox 1698 2567 1781 2597; x_wconf 80' lang='lat' dir='ltr'><strong>atque</strong></span> 
     </span>
    </p>
   </div>
   <div class='ocr_carea' id='block_1_108' title="bbox 990 2607 1782 2644">
    <p class='ocr_par' dir='ltr' id='par_1_108' title="bbox 990 2607 1782 2644">
     <span class='ocr_line' id='line_1_108' title="bbox 990 2607 1782 2644; baseline 0 -10"><span class='ocrx_word' id='word_1_794' title='bbox 990 2607 1105 2634; x_wconf 77' lang='lat' dir='ltr'><strong>odium?</strong></span> <span class='ocrx_word' id='word_1_795' title='bbox 1136 2607 1255 2643; x_wconf 88' lang='lat' dir='ltr'><strong>Tempus</strong></span> <span class='ocrx_word' id='word_1_796' title='bbox 1291 2609 1355 2636; x_wconf 89' lang='lat' dir='ltr'><strong>olim</strong></span> <span class='ocrx_word' id='word_1_797' title='bbox 1386 2609 1438 2636; x_wconf 86' lang='lat' dir='ltr'><strong>fuit</strong></span> <span class='ocrx_word' id='word_1_798' title='bbox 1464 2617 1526 2636; x_wconf 82' lang='lat' dir='ltr'><strong>eum</strong></span> <span class='ocrx_word' id='word_1_799' title='bbox 1561 2609 1782 2644; x_wconf 80' lang='lat' dir='ltr'><strong>disjungerenlur</strong></span> 
     </span>
    </p>
   </div>
   <div class='ocr_carea' id='block_1_109' title="bbox 990 2653 1780 2690">
    <p class='ocr_par' dir='ltr' id='par_1_109' title="bbox 990 2653 1780 2690">
     <span class='ocr_line' id='line_1_109' title="bbox 990 2653 1780 2690; baseline 0.001 -10"><span class='ocrx_word' id='word_1_800' title='bbox 990 2653 1107 2681; x_wconf 73' lang='lat' dir='ltr'><strong>Romani</strong></span> <span class='ocrx_word' id='word_1_801' title='bbox 1122 2661 1153 2680; x_wconf 86' lang='lat' dir='ltr'><strong>ae</strong></span> <span class='ocrx_word' id='word_1_802' title='bbox 1165 2653 1284 2689; x_wconf 76' lang='lat' dir='ltr'><strong>Bulgari,</strong></span> <span class='ocrx_word' id='word_1_803' title='bbox 1312 2662 1428 2689; x_wconf 81' lang='lat' dir='ltr'><strong>cumque</strong></span> <span class='ocrx_word' id='word_1_804' title='bbox 1440 2656 1525 2683; x_wconf 88' lang='lat' dir='ltr'><strong>armis</strong></span> <span class='ocrx_word' id='word_1_805' title='bbox 1536 2655 1780 2690; x_wconf 74' lang='lat' dir='ltr'><strong>congrederentur,</strong></span> 
     </span>
    </p>
   </div>
   <div class='ocr_carea' id='block_1_110' title="bbox 991 2699 1780 2736">
    <p class='ocr_par' dir='ltr' id='par_1_110' title="bbox 991 2699 1780 2736">
     <span class='ocr_line' id='line_1_110' title="bbox 991 2699 1780 2736; baseline 0.004 -10"><span class='ocrx_word' id='word_1_806' title='bbox 991 2699 1052 2727; x_wconf 81' lang='lat' dir='ltr'><strong>illos</strong></span> <span class='ocrx_word' id='word_1_807' title='bbox 1072 2705 1216 2734; x_wconf 86' lang='lat' dir='ltr'><strong>separante</strong></span> <span class='ocrx_word' id='word_1_808' title='bbox 1227 2701 1330 2734; x_wconf 80' lang='lat' dir='ltr'><strong>pariete</strong></span> <span class='ocrx_word' id='word_1_809' title='bbox 1351 2701 1501 2728; x_wconf 72' lang='lat' dir='ltr'><strong>inimicitia:</strong></span> <span class='ocrx_word' id='word_1_810' title='bbox 1529 2709 1611 2736; x_wconf 89' lang='lat' dir='ltr'><strong>quem</strong></span> <span class='ocrx_word' id='word_1_811' title='bbox 1635 2701 1780 2736; x_wconf 79' lang='lat' dir='ltr'><strong>inter-jece-</strong></span> 
     </span>
    </p>
   </div>
   <div class='ocr_carea' id='block_1_111' title="bbox 991 2742 1778 2781">
    <p class='ocr_par' dir='ltr' id='par_1_111' title="bbox 991 2742 1778 2781">
     <span class='ocr_line' id='line_1_111' title="bbox 991 2742 1778 2781; baseline 0.004 -11"><span class='ocrx_word' id='word_1_812' title='bbox 991 2747 1034 2770; x_wconf 82' lang='lat' dir='ltr'><strong>rat</strong></span> <span class='ocrx_word' id='word_1_813' title='bbox 1057 2742 1181 2777; x_wconf 86' lang='lat' dir='ltr'><strong>impietas</strong></span> <span class='ocrx_word' id='word_1_814' title='bbox 1208 2751 1262 2778; x_wconf 86' lang='lat' dir='ltr'><strong>qua</strong></span> <span class='ocrx_word' id='word_1_815' title='bbox 1287 2744 1498 2778; x_wconf 81' lang='lat' dir='ltr'><strong>detinebamini;</strong></span> <span class='ocrx_word' id='word_1_816' title='bbox 1521 2750 1665 2781; x_wconf 85' lang='lat' dir='ltr'><strong>postquam</strong></span> <span class='ocrx_word' id='word_1_817' title='bbox 1688 2751 1778 2773; x_wconf 75' lang='lat' dir='ltr'><strong>autem</strong></span> 
     </span>
    </p>
   </div>
   <div class='ocr_carea' id='block_1_112' title="bbox 991 2788 1779 2826">
    <p class='ocr_par' dir='ltr' id='par_1_112' title="bbox 991 2788 1779 2826">
     <span class='ocr_line' id='line_1_112' title="bbox 991 2788 1779 2826; baseline 0.006 -12"><span class='ocrx_word' id='word_1_818' title='bbox 991 2788 1063 2815; x_wconf 87' lang='lat' dir='ltr'><strong>Deus</strong></span> <span class='ocrx_word' id='word_1_819' title='bbox 1075 2789 1207 2815; x_wconf 90' lang='lat' dir='ltr'><strong>mundum</strong></span> <span class='ocrx_word' id='word_1_820' title='bbox 1226 2789 1362 2822; x_wconf 81' lang='lat' dir='ltr'><strong>dilexerit,</strong></span> <span class='ocrx_word' id='word_1_821' title='bbox 1376 2796 1586 2826; x_wconf 86' lang='lat' dir='ltr'><strong>creaturamque</strong></span> <span class='ocrx_word' id='word_1_822' title='bbox 1605 2799 1681 2819; x_wconf 85' lang='lat' dir='ltr'><strong>suam</strong></span> <span class='ocrx_word' id='word_1_823' title='bbox 1697 2799 1779 2818; x_wconf 77' lang='lat' dir='ltr'><strong>cruce</strong></span> 
     </span>
    </p>
   </div>
   <div class='ocr_carea' id='block_1_113' title="bbox 990 2834 1779 2872">
    <p class='ocr_par' dir='ltr' id='par_1_113' title="bbox 990 2834 1779 2872">
     <span class='ocr_line' id='line_1_113' title="bbox 990 2834 1779 2872; baseline 0.003 -11"><span class='ocrx_word' id='word_1_824' title='bbox 990 2840 1016 2862; x_wconf 90' lang='lat' dir='ltr'><strong>et</strong></span> <span class='ocrx_word' id='word_1_825' title='bbox 1036 2841 1123 2862; x_wconf 86' lang='lat' dir='ltr'><strong>morte</strong></span> <span class='ocrx_word' id='word_1_826' title='bbox 1151 2834 1210 2861; x_wconf 85' lang='lat' dir='ltr'><strong>Filii</strong></span> <span class='ocrx_word' id='word_1_827' title='bbox 1235 2835 1278 2863; x_wconf 90' lang='lat' dir='ltr'><strong>sui</strong></span> <span class='ocrx_word' id='word_1_828' title='bbox 1307 2836 1358 2863; x_wconf 82' lang='lat' dir='ltr'><strong>sibi</strong></span> <span class='ocrx_word' id='word_1_829' title='bbox 1384 2837 1611 2871; x_wconf 83' lang='lat' dir='ltr'><strong>reconciliaveril,</strong></span> <span class='ocrx_word' id='word_1_830' title='bbox 1630 2843 1713 2872; x_wconf 84' lang='lat' dir='ltr'><strong>atque</strong></span> <span class='ocrx_word' id='word_1_831' title='bbox 1732 2844 1779 2864; x_wconf 82' lang='lat' dir='ltr'><strong>\os</strong></span> 
     </span>
    </p>
   </div>
   <div class='ocr_carea' id='block_1_114' title="bbox 991 2881 1777 2918">
    <p class='ocr_par' dir='ltr' id='par_1_114' title="bbox 991 2881 1777 2918">
     <span class='ocr_line' id='line_1_114' title="bbox 991 2881 1777 2918; baseline 0.001 -10"><span class='ocrx_word' id='word_1_832' title='bbox 991 2882 1146 2909; x_wconf 82' lang='lat' dir='ltr'><strong>illuminare</strong></span> <span class='ocrx_word' id='word_1_833' title='bbox 1163 2881 1264 2909; x_wconf 83' lang='lat' dir='ltr'><strong>Iutninc</strong></span> <span class='ocrx_word' id='word_1_834' title='bbox 1278 2883 1444 2918; x_wconf 80' lang='lat' dir='ltr'><strong>cognitionis</strong></span> <span class='ocrx_word' id='word_1_835' title='bbox 1458 2891 1514 2911; x_wconf 69' lang='lat' dir='ltr'><strong>sua:</strong></span> <span class='ocrx_word' id='word_1_836' title='bbox 1539 2884 1620 2912; x_wconf 84' lang='lat' dir='ltr'><strong>fuerit</strong></span> <span class='ocrx_word' id='word_1_837' title='bbox 1639 2883 1777 2918; x_wconf 56' lang='lat' dir='ltr'><strong>dignatus,</strong></span> 
     </span>
    </p>
   </div>
   <div class='ocr_carea' id='block_1_115' title="bbox 991 2928 1777 2964">
    <p class='ocr_par' dir='ltr' id='par_1_115' title="bbox 991 2928 1777 2964">
     <span class='ocr_line' id='line_1_115' title="bbox 991 2928 1777 2964; baseline -0.001 -8"><span class='ocrx_word' id='word_1_838' title='bbox 991 2929 1134 2963; x_wconf 82' lang='lat' dir='ltr'><strong>solutoquo</strong></span> <span class='ocrx_word' id='word_1_839' title='bbox 1161 2928 1311 2956; x_wconf 70' lang='lat' dir='ltr'><strong>inimicitia:</strong></span> <span class='ocrx_word' id='word_1_840' title='bbox 1327 2929 1450 2964; x_wconf 78' lang='lat' dir='ltr'><strong>pariete,</strong></span> <span class='ocrx_word' id='word_1_841' title='bbox 1472 2937 1520 2958; x_wconf 70' lang='lat' dir='ltr'><strong>vos</strong></span> <span class='ocrx_word' id='word_1_842' title='bbox 1548 2930 1580 2958; x_wconf 87' lang='lat' dir='ltr'><strong>ad</strong></span> <span class='ocrx_word' id='word_1_843' title='bbox 1608 2930 1699 2964; x_wconf 75' lang='lat' dir='ltr'><strong>gloriae</strong></span> <span class='ocrx_word' id='word_1_844' title='bbox 1721 2936 1777 2957; x_wconf 81' lang='lat' dir='ltr'><strong>suae</strong></span> 
     </span>
    </p>
   </div>
  </div>
