2000 3070
129 68 163 99 CS
854 67 877 95 Ε
887 67 1059 96 PISTOLE.
1726 69 1760 100 (35

130 125 204 159 γείου
219 125 297 160 δόξης
311 125 396 161 όρέγῃ
410 124 460 158 τῆς
473 123 519 150 νῦν
541 124 590 159 μὲν
609 123 691 150 civile-3
698 132 756 158 της,
785 123 881 158 αὔριον
893 123 921 150 δὲ

983 132 1036 150 ‘ras
1065 128 1154 150 autem
1184 130 1399 152 marcescentem
1427 126 1524 161 cupis,
1554 126 1641 153 multo
1676 127 1762 162 magis

131 171 347 206 μαραινομένης,
381 170 473 205 πολλῷ
496 169 577 196 πλέον
599 169 648 206 τῆς
677 170 839 205 ἐπουρανίου
875 169 922 196 καὶ

130 218 144 242 ὰ
150 216 301 251 μαράντου.

171 261 387 296 Ἀναγκάζομαι,
412 262 509 288 τέκνον
536 261 614 296 ἐμὸν,
640 261 689 288 καὶ
707 260 760 286 ὑπὸ
784 260 834 295 τῆς
861 268 923 286 συν-

109 302 112 308 ’
130 307 246 342 εχούσης
272 317 306 343 με
336 308 455 342 ἀθυμίας
470 309 518 334 καὶ
548 307 600 334 ὑπὸ
621 307 671 341 τῆς
693 307 757 342 περὶ
779 306 809 333 σὲ
832 307 923 342 φιλίας

132 354 261 380 ἐπιπλὲον
276 354 322 380 τὸν
339 354 418 387 λόγον
431 354 564 380 ἐκτείνειν
576 362 582 367 ·
596 352 644 379 καὶ
655 353 818 387 ἀνεπαχθῶς
825 353 921 379 ἄκουε.

135 399 231 426 Ἔθετο
246 399 355 432 ἑκάστῳ
369 399 439 425 ἔθνει
456 401 470 426 ό
489 399 555 430 Θεὸς
570 399 663 433 ὥσπερ
681 399 755 434 ὅριον
772 397 858 429 οὕτως
875 399 923 424 καὶ

132 446 215 479 τιμὰς
240 446 288 472 καὶ
313 446 442 480 κλήσεις⁸
466 446 514 471 καὶ
545 445 603 471 ὅσοι
627 445 676 480 μὲν
704 445 848 478 ἐνέμειναν
863 445 924 475 ταῖς

133 492 199 525 παρ’
215 491 297 517 αὐτοῦ
310 491 468 525 δεδομέναις
481 492 584 524 τιμαῖς,
599 488 673 516 οἶτοι
689 491 735 516 καὶ
753 490 902 524 διήρκεσαν
914 497 921 503 ·

134 536 192 562 ὅσοι
223 536 252 562 δὲ
273 536 328 562 τῶν
359 538 409 571 μὲν
430 537 510 563 οείων
537 536 647 571 δωρεῶν
662 537 710 562 καὶ
725 536 814 570 τιμῶν
828 535 924 570 ὥσπερ

134 581 283 616 ἡλόγησαν,
310 582 519 617 ἐφιλονείκησαν
543 582 572 608 δὲ
599 581 680 608 πλέον
701 589 727 607 τι
740 581 805 617 παρ’
819 581 924 607 ἑαυτῶν

135 627 308 662 προσλαϐεῖν,
323 625 408 661 οὗτοι,
421 629 472 655 κᾶν
481 628 526 654 ἐπὶ
537 627 634 662 μικρὸν
647 627 739 660 ἔδοξαν
756 628 796 657 εἰς
809 626 924 660 αῠξησιν

137 672 292 708 προελθεῖν,
314 673 371 700 ἀλλ’
397 674 428 700 οὑ
455 673 522 700 πολὺ
550 672 580 699 τὺ
604 673 633 699 ὲν
652 673 728 708 μέσῳ
745 673 792 699 καὶ
813 672 925 698 πάντων

136 718 274 750 ἐξέπεσον.
293 719 359 752 Καὶ,
377 720 402 746 εί
419 719 520 754 βούλει,
534 719 638 751 ἔξεστιν
653 719 719 754 ἡμῖν
732 717 812 744 τοῦτο
828 718 860 744 ὲκ
870 717 925 744 τῶν

136 766 244 793 οἰκείων
261 767 377 802 συνορᾷν
397 766 587 801 πραγμάτων
611 766 658 792 καὶ
679 765 776 791 σκόπει
804 764 818 790 ὃ
841 763 924 798 λέγω.

974 169 1111 196 ccelcstem
1125 174 1152 196 et
1169 169 1411 204 incorruptibilem.

1004 261 1116 296 Cogunt
1137 268 1189 292 me,
1207 261 1243 288 lili
1267 261 1315 293 mi,
1329 261 1376 296 qui
1405 267 1484 298 urget
1509 269 1552 289 me
1584 262 1663 290 dolor
1683 267 1765 296 atque

975 313 1040 339 erga
1069 311 1094 333 te
1115 307 1224 334 dilectio
1251 314 1403 335 sermonem
1443 308 1551 343 longius
1583 309 1765 344 protrahere;

974 352 1079 386 placide
1094 353 1191 380 audias
1219 361 1335 388 quasso:
1363 354 1515 389 unicuique
1535 355 1608 390 genti
1638 355 1765 382 attribuit.

975 396 1046 424 Deus
1058 398 1129 425 sicut
1143 399 1286 430 terminos,
1301 399 1337 426 ita
1354 399 1471 427 honores
1483 406 1509 427 et
1521 400 1628 434 oflicia;
1644 401 1690 436 qui
1702 408 1766 435 ergo

975 443 1126 471 honoribus
1136 451 1151 470 a
1167 444 1222 471 Deo
1240 445 1379 472 concessis
1391 450 1454 472 sunt
1467 446 1588 473 contenti
1599 447 1764 482 perdurant;

974 489 1020 524 qui
1053 494 1144 517 autem
1178 490 1299 517 caelestia
1323 490 1394 518 dona
1421 491 1596 526 honoresque
1628 492 1763 526 aspernati

975 534 1123 568 cupiditate
1160 535 1264 569 majora
1308 535 1359 562 sibi
1402 537 1578 571 comparandi
1621 542 1764 569 tenentur.

975 580 1082 608 etiamsi
1099 580 1299 616 aliquantisper
1321 581 1465 608 rideantur
1481 583 1586 617 augeri,
1605 590 1660 610 non
1681 583 1767 610 multo

975 625 1069 661 elapso
1082 631 1204 662 tempore
1218 628 1311 654 omnia
1328 628 1471 662 amittunt;
1486 629 1558 664 quod
1571 629 1661 661 nobis,
1678 630 1699 657 si
1715 630 1766 661 vis,

976 673 1040 701 licet
1083 673 1202 709 propriis
1246 673 1328 701 rebus
1361 675 1533 709 perspicere;
1563 675 1672 702 attende
1702 675 1766 710 quid

974 719 1064 746 dicam
1081 728 1088 746 :
1108 719 1212 755 Siquis
1228 724 1387 746 nostrorum
1406 721 1617 755 mancipiorum,
1638 729 1768 748 conceSso

977 772 992 791 ει
1007 765 1087 792 nobis
1106 765 1210 792 honore
1225 772 1279 791 non
1305 769 1376 792 esset
1405 770 1568 798 contentus,
1591 767 1638 794 sed
1661 767 1768 802 quidvis

139 812 172 839 Εί
181 821 221 844 τις
234 812 288 839 τῶν
306 813 450 848 ἡμετέρων
470 812 646 848 ὑποχειρίων,
662 811 745 847 τιμῆς
760 819 831 842 τινος
844 811 927 844 ἀξιω-

983 811 1095 846 implius
1123 812 1237 847 adipisci
1260 812 1351 848 vellet,
1374 820 1464 840 nonne
1491 813 1600 848 indigne
1624 813 1768 843 ferremus,

136 859 192 891 θεὶς
210 858 380 894 παρ’ἡμῶν,
404 860 442 894 μὴ
456 859 560 894 ταύτην
585 859 681 894 ἀγαπᾷ
710 858 778 893 μηδὲ
803 857 924 892 στέργει,

136 903 203 930 ἀλλὰ
223 905 269 930 καὶ
284 904 435 938 φιλονεικεῖ
449 904 530 931 πλέον
545 913 572 930 τι
586 903 675 938 ἑαυτῷ
686 902 856 937 περιθέσθαι,
877 901 927 928 οὐκ

135 950 378 984 ἀγανακτήσομεν,
396 950 426 976 οὐ
445 951 614 985 μισήσομεν,
627 949 677 976 οὐκ
687 949 856 984 ὁργιούμεθα
868 948 927 975 κατ’

136 995 239 1027 αὐτοῦς
255 993 319 1021 Εἶτα
334 996 415 1030 ἡμεῖς
432 996 492 1030 μὲν,
515 995 655 1030 ἄνθρωποι
670 995 747 1026 ὅντες
763 995 857 1029 θνητοὶ
880 995 928 1021 καὶ

137 1040 279 1075 ὲπίκηρςι,
295 1040 329 1075 ἥν
357 1041 391 1067 ἂν
416 1041 499 1077 τιμὴν
524 1042 637 1077 δοίημεν
653 1041 791 1076 ἀνθρώπῳ
811 1040 862 1074 ῐσῳ
878 1040 928 1075 τὴν

138 1086 232 1121 φύσιν,
249 1087 296 1114 ἐὰν
318 1087 355 1122 μὴ
383 1088 484 1122 ταύτην
511 1088 655 1123 ἀγαπήσῃ,
674 1087 745 1122 μηδὲ
759 1086 929 1122 εὐχαρίστως

139 1133 257 1168 ἑμμείνῃ
274 1135 306 1168 τῇ
325 1133 425 1168 δωρεᾷ,
446 1133 513 1160 ἀλλὰ
539 1134 604 1168 παρ’
624 1132 723 1159 ἑαυτοῦ
741 1133 930 1168 προσφιλονει-

138 1179 220 1213 κήσῃ,
239 1178 286 1204 καὶ
306 1179 524 1213 περιεργάσηται
552 1179 709 1214 καινότερός
730 1187 771 1211 τις
797 1179 929 1205 εἶναικαὶ

139 1224 248 1257 δοκεῖν,
281 1225 510 1260 ἁγανακτήσομεν
538 1225 680 1258 παντελῶς
702 1225 752 1260 τὴν
782 1225 929 1260 δεδομένην

138 1270 213 1305 αὺτῷ
233 1270 298 1305 παρ’
310 1271 494 1306 ήμῶντιμὴν,
517 1271 566 1298 καὶ
586 1271 683 1306 ἄτιμον
697 1270 798 1306 μᾶλλον
816 1271 929 1306 ποιήσο-

139 1325 206 1352 μεν·
223 1318 282 1344 ἀνθ’
300 1315 338 1345 ὧν
364 1318 490 1353 ἐνόμισεν
506 1319 597 1354 οἰκείᾳ
623 1318 750 1354 περινοίᾳ
772 1317 854 1344 πλέον
881 1317 928 1344 τοῦ

137 1364 241 1395 δέοντος
258 1364 354 1390 ἑαυτὸν
375 1365 478 1399 τιμᾷν·
495 1365 541 1392 τὸν
555 1364 583 1390 δὲ
611 1364 677 1390 Θεὸν
692 1364 742 1399 οὐχ
754 1363 841 1394 οὕτως
861 1364 929 1390 ὑπο-

138 1409 283 1444 ληψόμεθα
311 1412 367 1441 τοῖς
397 1410 435 1444 μὴ
459 1410 634 1444 βουλομένοις
651 1410 782 1444 ἐμμένειν
807 1410 841 1444 τῇ
863 1408 930 1444 παρ’

139 1455 222 1482 αὑτοῦ
237 1455 368 1491 δεδομένῃ
383 1455 488 1488 τούτοις
503 1457 570 1490 τιμῇ
585 1455 674 1487 ἓξεινς
696 1455 750 1481 οὐδ’
774 1455 927 1489 ὀργιείσοαι

138 1500 172 1527 ἂν
183 1502 246 1533 τοὺς
261 1502 341 1536 ὄρους
358 1501 536 1537 ὑπερῦαίνειν
556 1500 713 1535 βουληθεῖεν
726 1499 776 1534 τῆς
790 1500 869 1534 δόξης
883 1501 930 1526 καὶ

138 1547 189 1582 τῆς
217 1549 311 1582 τιμῆς,
341 1548 388 1580 οὓς
419 1548 500 1579 αὐτὸς
514 1548 694 1582 ἐδωρήσατο,
720 1547 767 1580 Μὴ
791 1546 930 1580 ὑπολάὸῃς

139 1593 228 1620 ταῦτα
243 1593 408 1628 σοφιστικῶς
419 1594 537 1628 γράφειν
548 1593 640 1627 ἡμᾶς’
652 1591 714 1618 οὕτε
727 1592 782 1627 γὰρ
800 1593 931 1626 σοφιστὴς

138 1637 196 1672 ἐγὼ
221 1638 284 1666 οὔτε
309 1639 498 1673 πιθανολόγος,
533 1637 591 1664 ἀλλ’
617 1638 641 1664 ει
671 1638 719 1664 καὶ
748 1637 859 1669 ἀνάξιος
882 1637 930 1663 τοῦ

976 863 1067 883 nonne
1082 856 1145 883 odio
1153 857 1230 885 nobis
1245 863 1326 891 esset,
1339 867 1429 886 nonne
1447 859 1474 885 in
1487 865 1549 886 eum
1566 858 1768 885 irasceremur?

976 909 1027 929 nos
1039 902 1160 937 quidem,
1174 903 1298 932 homines
1312 905 1452 935 mortales.
1465 909 1546 940 atque
1560 904 1748 939 corruptibles
1759 924 1767 937 ,

979 948 1002 975 si
1020 950 1081 983 quis
1094 959 1108 976 a
1124 950 1203 978 nobis
1217 951 1281 979 dato
1298 952 1411 984 honore.
1434 952 1515 980 homo
1529 951 1642 987 aequalis
1658 957 1766 984 natura,

978 1002 1033 1022 non
1062 996 1097 1023 sit
1126 1002 1270 1024 contentus
1302 1005 1390 1033 neque
1412 1006 1475 1026 cum
1498 999 1646 1034 gratiarum
1662 998 1770 1026 actione

979 1046 1074 1068 nostro
1086 1042 1156 1068 dono
1173 1042 1284 1074 insistit,
1301 1043 1347 1070 sed
1363 1043 1509 1071 ambitione
1525 1048 1664 1076 correptus
1687 1044 1769 1070 homo

980 1094 1067 1114 novus
1083 1092 1110 1114 et
1127 1088 1184 1115 ﬁeri
1201 1092 1229 1116 et
1243 1089 1326 1116 videri
1352 1090 1451 1124 satagit
1465 1090 1541 1117 illum
1553 1090 1684 1117 honorem
1701 1097 1768 1117 ceu-

979 1133 1098 1160 cessisse
1112 1133 1236 1161 dolemus
1257 1135 1356 1170 illoque
1381 1136 1519 1162 hominem
1534 1137 1679 1169 nudamus,
1705 1143 1768 1170 pro-

980 1183 1071 1212 pterea
1087 1178 1161 1212 quod
1186 1179 1299 1214 proprio
1319 1186 1402 1206 sensu
1429 1180 1548 1214 seipsum
1569 1180 1685 1207 voluerit
1708 1180 1770 1214 plus

979 1231 1056 1258 a‘quo
1071 1224 1226 1258 honorare;
1246 1225 1330 1251 L‘eum
1346 1233 1411 1252 vcro
1428 1233 1518 1252 nonne
1531 1233 1716 1261 supponemus
1735 1225 1770 1252 ita

979 1268 1037 1296 fore
1054 1269 1181 1296 ail‘eclum
1201 1271 1227 1296 in
1251 1277 1298 1297 eos
1317 1271 1362 1304 qui
1381 1272 1484 1298 honore
1503 1272 1537 1298 ab
1558 1271 1617 1306 ipso
1640 1279 1770 1299 concessu

980 1314 1100 1341 contenti
1115 1322 1176 1342 esse
1192 1315 1312 1342 nolunt?
1327 1323 1417 1343 nonne
1432 1316 1560 1343 irascitur
1577 1316 1601 1343 si
1618 1317 1680 1352 quis
1707 1317 1771 1344 \‘L'lil

980 1360 1048 1388 ﬁnes
1063 1361 1181 1388 transire
1196 1361 1287 1396 gloria:
1301 1366 1328 1389 et
1343 1362 1456 1390 honoris
1469 1369 1537 1397 quos
1551 1363 1608 1397 ipse
1625 1363 1771 1390 statuerit?

980 1405 1019 1433 Ne
1034 1414 1147 1434 censeas
1163 1414 1214 1434 nos
1240 1407 1389 1441 scphistice
1414 1408 1451 1434 ita
1469 1409 1606 1441 scribere;
1626 1415 1680 1435 non
1700 1408 1771 1435 enim

980 1459 1030 1486 ego
1038 1452 1184 1486 sophistes,
1196 1459 1249 1478 non
1259 1452 1404 1479 verborum
1418 1452 1515 1479 artifex
1528 1451 1750 1487 persuasibiliutn
1763 1472 1770 1482 ,

984 1497 1043 1527 sed,
1066 1498 1128 1524 licet
1150 1498 1290 1532 indignus,
1321 1498 1409 1525 sancti
1436 1498 1530 1526 altaris
1559 1499 1695 1530 minister,
1724 1506 1774 1533 pro

985 1542 1175 1570 universorum
1206 1543 1297 1570 salute
1326 1544 1509 1577 intercessor;
1540 1544 1660 1571 arbitror
1683 1549 1772 1570 autem

985 1596 1030 1616 me
1052 1589 1136 1624 probe
1153 1597 1265 1616 censere
1287 1589 1343 1616 Deo
1366 1597 1422 1618 non
1448 1597 1508 1618 esse
1534 1589 1669 1626 placentia
1694 1591 1774 1618 istius

990 1637 1063 1664 modi
1081 1636 1206 1664 coasilia.

139 1686 219 1721 ἁγίου
235 1686 431 1721 θυσιαστηρίου
451 1685 619 1720 λειτουργὸς,
632 1685 741 1720 καὶτῆς
771 1685 878 1712 πάντων
895 1685 1033 1719 σωτηρίας
1068 1685 1286 1719 ὑπερευχόμενος
1303 1693 1311 1700 ·
1345 1685 1394 1712 καὶ
1417 1685 1602 1722 ὑπολαμϐάνω
1617 1685 1666 1721 ὡς,
1690 1686 1775 1721 ἐμαυ-

141 1732 186 1759 τὸν
199 1732 287 1759 πείθω
303 1732 421 1767 ἀληθῶς,
439 1732 481 1758 ὅτι
499 1732 536 1767 μὴ
565 1733 621 1764 τοῖς
635 1732 768 1764 τοιούτοις
785 1731 1002 1767 ἐπιχειρήμασιν
1021 1732 1170 1767 ἀρέσκεται
1188 1733 1202 1758 ὁ
1221 1732 1297 1764 Θεός.

175 1778 268 1814 Χωρὶς
283 1779 311 1804 δὲ
326 1777 430 1804 τούτων
444 1779 558 1804 κάκεῖνό
574 1787 603 1804 σε
631 1779 680 1811 δεῖ,
707 1778 804 1805 τέκνον
836 1778 929 1813 ἡμῶν,

141 1824 352 1859 διενθυμεῖσοαι,
366 1825 407 1851 ὅτι
425 1824 553 1858 πέρυσιν,
568 1825 608 1856 εις
623 1824 685 1859 ὄψιν
702 1824 825 1859 ἀλλήλων
844 1832 930 1850 κατα-

144 1871 265 1898 στάντων
286 1871 378 1905 ήμῶν,
396 1871 554 1906 έπηγγείλω
580 1871 670 1898 πάντα
686 1871 824 1906 εἰρηνικὰ,
842 1872 932 1898 πάντα

143 1917 233 1951 φιλίας
245 1917 378 1952 καθαρᾶς·
394 1917 441 1942 καὶ
449 1917 487 1948 ὡς
499 1916 552 1943 ἀπό
562 1925 595 1951 γε
608 1916 656 1943 τοῦ
669 1917 716 1944 νῦν
725 1917 870 1952 λυθήσεται
883 1917 933 1952 μὲν

143 1965 218 1990 πᾶσα
233 1963 301 1999 ἔρις,
323 1964 398 1990 πᾶσα
413 1963 550 1998 πρόφασις
565 1963 733 1996 σκανδάλων,
758 1963 893 1989 παύσεται
905 1964 934 1989 δὲ

142 2011 218 2038 πᾶσα
241 2011 347 2042 στάσις,
364 2010 413 2036 καὶ
429 2010 651 2045 βραϐευθήσεται
681 2010 729 2036 σὺν
756 2009 816 2044 Θεῴ
832 2009 934 2044 μεταξὺ

147 2054 292 2091 Ῥωμαίων
305 2057 351 2082 καὶ
361 2057 525 2091 Βουλγὰρων
535 2056 631 2090 εἰρήνη
646 2055 729 2086 ὁντως
741 2055 874 2090 σταοηρόι,
888 2055 935 2081 καὶ

142 2103 188 2129 οἶα
213 2102 290 2128 οΰπω
305 2103 440 2137 πρότερον
458 2102 585 2135 γέγονεν,
610 2100 666 2126 οὐδ’
696 2100 884 2135 ἐπειράθησαν
909 2100 934 2125 οἰ

1019 1777 1153 1805 Praeterea
1171 1777 1236 1804 illud
1251 1783 1287 1810 te,
1308 1778 1345 1805 illi
1364 1778 1411 1812 mi,
1427 1782 1536 1814 oportet
1556 1777 1733 1806 considerare
1749 1784 1774 1806 te

982 1823 1118 1858 superiori
1132 1830 1215 1856 anno,
1232 1830 1294 1850 cum
1310 1824 1392 1850 ambo
1414 1825 1651 1857 convenissemus,
1666 1824 1774 1851 nonnisi

985 1870 1097 1904 paciﬁca
1108 1873 1134 1897 et
1149 1869 1316 1897 amicissima
1330 1877 1392 1897 esse
1403 1870 1525 1897 locutum
1539 1890 1547 1903 ,
1561 1870 1774 1904 promisisseqtte

985 1914 1114 1949 deinceps
1138 1915 1272 1943 sedandae
1296 1923 1357 1943 esse
1381 1924 1477 1944 omnes
1500 1916 1664 1948 discordias,
1685 1923 1775 1942 remo-

987 1960 1090 1986 vcndas
1115 1960 1305 1987 scandalorum
1321 1961 1492 1992 occasiones,
1512 1965 1651 1987 cessatura
1676 1964 1774 1986 cuncta

989 2001 1114 2034 dissidia,
1127 2001 1272 2034 jurandam
1286 2009 1379 2029 coram
1402 2001 1458 2029 Deo
1475 2009 1537 2028 vero
1553 2004 1656 2028 lirmam
1673 2001 1774 2028 lloma-

989 2053 1040 2072 nos
1056 2047 1126 2073 inter
1135 2047 1300 2082 etlinlgaros
1317 2055 1423 2082 pacem,
1441 2046 1590 2080 futuraque
1604 2047 1694 2081 qualia
1707 2054 1775 2073 non-

989 2091 1053 2117 dum
1073 2090 1189 2119 fuissent
1205 2099 1327 2126 unquam
1339 2112 1346 2124 ,
1366 2100 1417 2119 nec
1437 2092 1556 2127 majores
1573 2093 1660 2119 nostri
1675 2099 1775 2126 cogno-

142 2149 197 2183 πρὸ
212 2147 291 2182 ἡμῶν
307 2136 337 2173 ἐν
356 2147 407 2182 βίῳ
422 2146 576 2183 γεγονότες.
595 2145 651 2173 Ποῦ
669 2154 726 2181 μοι,
738 2146 834 2172 τέκνον
850 2145 928 2180 ἐμὸν,

988 2136 1111 2165 vissent:
1127 2138 1172 2165 ubi
1190 2146 1273 2170 nunc,
1287 2138 1322 2165 ﬁli
1341 2138 1389 2172 mi,
1401 2138 1490 2165 dulcis
1504 2138 1548 2165 ille
1563 2138 1695 2166 ali‘ectus?
1706 2138 1776 2171 Quid

105 2185 112 2192 ’
144 2194 160 2227 ἡ
176 2193 236 2219 τότε
258 2193 371 2227 γλυκεῖα
391 2192 536 2225 διάθεσιςς
556 2192 588 2219 Τί
613 2193 726 2226 γέγονεν
744 2193 760 2227 ἡ
782 2192 832 2228 τῆς
854 2193 934 2228 είρή-

143 2248 191 2275 νης
206 2240 372 2274 ὑπόσχεσις;
391 2238 447 2266 Ποῦ
473 2240 565 2265 ἐκεῖνα
589 2239 624 2266 τὰ
654 2239 766 2274 ῥήματα
784 2237 824 2270 οἷς
841 2238 935 2275 ἔχαιρε

146 2287 195 2322 μὲν
208 2286 285 2319 Θεὸς,
306 2287 416 2322 ἔχαιρον
439 2286 468 2312 δὲ
491 2286 516 2312 οἱ
534 2285 682 2318 ἀκούοντες
705 2284 862 2320 ἄνθρωποι,
879 2285 934 2312 Ποῦ

144 2332 289 2368 ἐχώρησαν
315 2334 344 2359 αι
371 2333 491 2368 χρησταὶ
510 2332 617 2364 ἐλπίδες
634 2332 668 2364 ἃς
697 2332 808 2367 εἴχομεν
824 2332 936 2359 ἅδιστὰ-

144 2386 228 2409 κτως,
245 2377 283 2409 ὡς
297 2378 391 2404 οὐκέτι
409 2377 512 2413 μεταξὺ
541 2377 689 2412 Ῥωμαίων
703 2377 752 2404 καὶ
769 2376 934 2412 Βουλγάρων

147 2425 253 2458 ἰσχύσει
276 2425 290 2450 ό
316 2423 436 2459 πονηρὸς
462 2424 567 2458 δαίμων
593 2423 742 2449 ὑποὸαλεῑν
773 2421 934 2454 σκάνδαλον,

145 2471 206 2495 ουόὲ
221 2469 384 2505 συνταράξει
402 2470 450 2504 τὴν
467 2469 593 2504 καθαρὰν
612 2469 706 2495 αὐτῶν
715 2468 848 2504 ἁγάπην;
869 2468 936 2494 Σκό-

147 2523 192 2540 πει
209 2515 341 2550 φρόνιμος
354 2514 393 2541 ὢν
409 2515 503 2550 χάριτι
520 2515 600 2547 Θεοῦ,
616 2516 664 2542 καὶ
675 2514 739 2546 ὀξὺς
763 2513 882 2540 συνιδεῖν
905 2514 936 2540 τὸ

147 2560 239 2593 καλὸν,
254 2562 303 2593 τὰς
318 2560 459 2596 μεθοδείας
476 2560 522 2588 τοῦ
539 2560 670 2595 πονηροῦ·
688 2559 860 2595 πολύτροπός
875 2560 936 2586 ἔστι

149 2608 196 2633 καὶ
220 2608 295 2643 πάσῃ
314 2607 427 2642 μηχανῆ
449 2606 521 2633 κατὰ
543 2607 593 2641 τῆς
623 2605 761 2640 σωτηρίας
784 2604 832 2632 τοῦ
862 2605 936 2631 Θείου

147 2653 308 2688 πλάσματος
326 2652 501 2687 ἀγωνίζεται·
518 2652 613 2686 φθονεῖ
627 2651 676 2686 μὲν
687 2652 769 2678 παντὶ
788 2650 935 2686 ἀνθρώπῳ,

147 2699 229 2726 πλέον
245 2698 272 2726 δὲ
289 2699 345 2729 τοῖς
365 2698 498 2733 μειζόνως
518 2697 598 2733 χάριν
620 2697 735 2723 λαϐοῦσι
762 2697 839 2732 παρὰ
856 2696 934 2724 Θεοῦ.

149 2743 227 2770 Ε’ὗεν
241 2741 288 2770 οὖν
302 2743 350 2770 καὶ
377 2743 418 2775 σὲ,
435 2743 531 2769 τέκνον
548 2742 624 2777 ὲμὸν,
651 2742 794 2777 φρονήσει,
816 2741 934 2774 συνέσει,

150 2790 326 2825 χρηστότητι,
347 2789 494 2824 ἐπιεικείᾳ,
513 2789 561 2816 καὶ
578 2788 669 2820 ἄλλοις
685 2788 823 2820 πλείστοις
843 2788 935 2820 καλοῖς

987 2182 1032 2209 illa
1051 2184 1126 2217 pacis
1156 2184 1324 2218 promissio?
1349 2185 1395 2211 ubi
1413 2185 1495 2212 verba
1521 2185 1567 2212 illa
1591 2186 1690 2220 quibus
1706 2185 1778 2213 Deus

987 2230 1132 2265 gaudebat,
1159 2231 1259 2266 quibus
1281 2231 1423 2260 audientes
1450 2232 1576 2260 homines
1606 2232 1775 2267 gaudebant?

987 2276 1047 2309 Quo
1064 2276 1134 2312 fugit
1148 2284 1210 2312 spes
1224 2277 1268 2305 illa
1287 2278 1445 2306 felicissima
1460 2284 1540 2314 atque
1553 2279 1706 2306 indubitata
1722 2287 1775 2313 qua

987 2323 1166 2358 sperabamus
1187 2331 1242 2351 non
1256 2324 1312 2358 jam
1338 2325 1454 2360 amplius
1472 2325 1607 2353 nefarium
1626 2325 1776 2352 daemonem

987 2369 1057 2398 inter
1072 2369 1210 2398 Romanos
1220 2379 1250 2398 ac
1259 2371 1389 2406 Bulgaros
1403 2372 1532 2399 scandala
1543 2379 1606 2400 esse
1617 2375 1780 2407 provocatu-

986 2424 1046 2444 l'um
1057 2423 1145 2451 neque
1154 2417 1327 2451 purissitnam
1338 2425 1432 2444 eorum
1443 2418 1617 2444 dilectionem
1634 2417 1778 2452 perturba-

988 2463 1097 2489 turum?
1125 2461 1286 2496 Considera,
1314 2465 1436 2498 prudens
1467 2471 1529 2490 cum
1561 2462 1608 2490 Dei
1631 2462 1719 2498 gratia
1740 2463 1779 2491 sis

987 2513 1084 2543 satque
1093 2508 1126 2535 ad
1137 2509 1236 2536 bonum
1248 2510 1468 2545 perspiciendum
1477 2510 1601 2543 idoneus,
1617 2508 1780 2544 maligniin-

987 2554 1087 2588 sidias;
1105 2560 1232 2583 versutus
1243 2548 1360 2591 namque
1369 2560 1410 2584 est
1426 2561 1452 2585 et
1470 2556 1623 2584 innumeris
1639 2555 1779 2583 machina-

987 2601 1109 2630 tionibus
1120 2602 1253 2631 adversus
1270 2603 1316 2630 Dei
1328 2607 1517 2630 creaturarum
1533 2602 1649 2630 salutem
1664 2606 1778 2637 pugnat;

987 2648 1074 2675 cuivis
1086 2648 1190 2676 homini
1206 2648 1319 2681 inridet,
1338 2649 1424 2684 magis
1438 2654 1529 2676 autem
1543 2649 1576 2676 iis
1588 2649 1634 2684 qui
1648 2650 1779 2683 majorem

987 2703 1003 2722 a
1019 2695 1072 2723 Deo
1092 2697 1208 2730 gratiam
1235 2696 1400 2731 acceperint;
1430 2697 1482 2724 scit
1509 2697 1592 2731 igitur
1610 2701 1646 2727 te,
1673 2696 1711 2723 illi
1732 2697 1778 2727 mi,

989 2741 1144 2775 prudentia,
1164 2741 1294 2773 bonitate.
1312 2742 1444 2770 modestia
1458 2743 1636 2777 plurimisque
1653 2741 1714 2769 aliis
1730 2741 1780 2769 do-

989 2786 1061 2814 tibus
1079 2787 1216 2822 praeclaris
1238 2795 1252 2814 a
1270 2787 1325 2815 Deo
1342 2795 1402 2816 esse
1421 2789 1563 2818 donatum.
1584 2787 1698 2816 idcoriue
1722 2795 1779 2814 ma-
