2000 3070
194 142 231 175 τε,
757 132 911 164 NICOLAI
931 132 985 163 CP.
1006 131 1263 163 PATRIARCH/B
1788 129 1822 162 76

193 204 368 227 exteret-um.
395 195 476 223 Hunc
502 193 581 220 nobis
602 192 728 219 dixerunt
749 188 834 217 fuisse
865 195 980 222 scopum

1049 187 1252 219 ηποσταλέντων,
1281 186 1393 222 προσέτι
1414 185 1527 212 καὶτῶν
1547 185 1636 213 ἄλλων
1662 187 1823 222 στρατηγῶν

193 243 333 271 exercitus
361 238 592 274 congregationis,
619 239 688 262 hanc
704 241 813 269 quoque
839 240 901 260 esse
915 240 981 260 cau-

194 295 254 316 sam
276 284 459 320 expeditionis
485 283 518 310 ad
538 280 726 309 Patzenacitas
749 279 861 311 missae;
878 277 981 312 quibus

195 336 255 369 ipse
270 331 388 364 credidi,
413 330 440 357 id
456 329 525 364 apud
545 335 588 354 me
614 329 742 360 reputans
757 346 764 358 ,
791 331 890 358 nempe
915 323 980 350 talia

194 387 256 407 esse
284 377 444 406 hominibus
467 373 569 402 sentire
594 376 771 402 consttetum,
789 369 863 405 quod
882 376 934 396 nec
953 372 982 395 tu

195 426 255 461 ipse
275 424 397 459 ignoras,
426 420 471 447 tili.
498 419 565 446 Cum
594 417 667 444 enim
686 415 763 444 liberi
784 415 916 443 adversus
936 421 985 449 pa-

195 475 289 498 rentes
308 470 464 502 insurgunt,
479 468 662 500 parentesque
675 469 723 498 per
738 461 845 496 seipsos
864 468 917 488 non
935 468 984 487 va-

197 515 406 544 lcntliberorum
423 510 541 547 propriis
557 509 701 537 conatibus
721 507 897 535 rebellionem
909 514 984 534 com-

202 562 333 596 primere,
364 564 429 586 tunc
457 560 594 592 coguntur
626 562 677 582 suo
709 561 772 589 erga
805 553 866 581 illos
891 559 985 579 amore

198 607 331 642 quosdam
351 605 455 632 alienos
485 604 512 630 in
539 602 670 630 auxilium
690 607 840 633 arcessere,
854 607 902 635 per
916 607 986 634 quos

199 658 305 680 terrore
329 651 442 678 incusso
458 650 492 676 ad
506 656 537 676 se
560 648 643 675 ctiam
660 647 762 674 invitos
788 646 888 673 liberos
908 652 987 672 revo-

200 702 278 730 cent;
295 703 357 731 quae
370 702 422 730 ego
439 689 501 729 erga
527 701 576 720 vos
594 693 742 719 arbitratus
773 698 833 718 sum
864 690 925 717 illos
940 697 986 717 cx-

198 743 345 779 cogitasse.
365 741 432 768 Orto
452 739 587 774 siquidem
608 745 656 773 per
673 736 808 764 nefarium
833 735 985 762 daemonem

196 790 267 816 inter
291 787 431 814 liomanos
449 791 476 812 et
498 785 631 819 llulgaros
662 781 790 814 dissidio,
817 788 902 816 quum
931 787 986 806 non

199 835 340 870 potuerint
368 840 415 868 per
434 831 540 866 seipsos
556 831 588 857 ad
611 837 641 857 se
665 835 714 856 vos
730 834 859 855 revocare
876 826 922 861 qui
937 833 986 861 pa-

1033 234 1059 260 o!
1091 233 1167 267 λόγοι
1189 233 1284 264 αὐτοῖς
1312 233 1406 259 πίστιν
1426 232 1597 267 παρείχοντο.
1623 233 1725 259 Τοῦτον
1745 230 1824 259 εἷπον

1033 280 1101 314 ἡμῖν
1117 278 1245 313 γενέσθαι
1256 278 1359 305 σκοπὶιν
1377 279 1469 310 αὐτοῖς
1485 279 1535 313 τῆς
1549 278 1596 305 τοῦ
1620 279 1738 314 στρατοῦ
1760 287 1822 305 συν-

1033 324 1183 360 αθροίσεως
1203 333 1211 340 ·
1238 324 1342 360 ταύτην
1365 325 1456 351 αἰτίαν
1492 321 1563 351 εἶναι
1590 325 1640 360 τῆς
1664 325 1733 360 πρὸς
1763 326 1826 356 τοὺς

1034 371 1245 407 Πατζηνακίτας
1265 371 1455 406 διαπέμψεως·
1476 372 1524 398 καὶ
1545 371 1602 406 ἐγὼ
1621 371 1728 403 τούτοις
1749 372 1826 399 ἐπει-

1036 417 1135 453 θόμην,
1147 417 1234 444 ἐκεῖνο
1248 417 1422 452 ἐνθυμηθεὶς,
1438 418 1479 444 ὅτι
1506 417 1565 444 ἔστι
1581 426 1624 448 τις
1641 417 1689 444 καὶ
1713 417 1826 453 τοιαύτη

1035 462 1190 498 ἀνθρώποις
1210 462 1327 489 ἐπίνοια·
1352 462 1388 497 ἢν
1412 463 1472 489 οὐδὲ
1491 463 1583 495 αὐτὸς,
1607 463 1705 490 τέκνον
1732 463 1824 499 ἡμῶν,

1037 508 1157 542 ἀγνοεῖς,
1169 508 1208 539 ὼς
1220 508 1332 535 ἐπειδὰν
1344 509 1427 536 τέκνα
1440 508 1509 544 πρὸς
1519 509 1583 540 τοὺς
1607 510 1696 543 γονεῖς
1715 510 1826 536 διαστα-

1038 557 1179 590 σιάςωσιν,
1198 555 1258 583 εἶτα
1273 558 1297 583 οἱ
1308 557 1428 592 πατέρες
1447 558 1537 584 πάντα
1558 557 1592 584 δι’
1620 558 1725 585 ἑαυτῶν
1741 559 1828 593 πράτ-

1037 612 1139 636 τοντες,
1159 604 1197 639 μὴ
1210 603 1338 630 δύνανται
1354 605 1414 634 ταῖς
1430 604 1547 636 οἰκείαις
1563 604 1692 636 σπουδαῖς
1707 604 1829 631 καταλῦ-

1040 657 1085 676 σαι
1099 649 1149 684 τὴν
1165 649 1261 676 στάσιν
1279 649 1334 676 τῶν
1349 649 1462 682 τέκνων,
1484 649 1688 683 ἀναγκάζονται
1704 650 1744 684 τῷ
1758 649 1827 684 προς

1038 696 1137 727 αὐτοὺς
1155 695 1239 722 ἐνίοτε
1260 695 1347 731 πόθῳ,
1364 697 1411 722 καὶ
1428 695 1526 728 ἔξωθεν
1541 696 1637 724 ἄλλους
1653 696 1730 728 τινὰς
1746 703 1830 731 προσ-

1045 741 1233 777 λαμϐάνεσθαι
1259 743 1300 773 εἰς
1317 741 1455 777 βοήθειαν,
1472 741 1543 768 ὥστε
1560 741 1595 768 δι’
1616 742 1729 769 ἐκείνων
1745 742 1830 776 $061”)-

1040 796 1094 820 σαι,
1116 787 1164 814 καὶ
1178 787 1246 822 πρὸς
1262 788 1378 818 ἑαυτοὺς
1395 787 1601 814 ἐπισπάσασθαι
1616 788 1665 814 καὶ
1679 788 1780 815 ἄκοντα
1795 787 1829 814 τὰ

1038 832 1132 864 τέκνα,
1147 833 1216 867 ὅπερ
1240 831 1319 866 κάγὼ
1333 832 1468 859 ὑπέλαϐον
1480 832 1527 858 καὶ
1542 833 1652 864 τούτους
1670 832 1740 867 πρὸς
1757 832 1830 867 ὑμᾶς

198 885 291 908 rentes
323 879 404 906 vestri
429 877 494 904 facti
523 877 644 909 fuerant,
675 875 737 902 ideo
763 873 988 907 excogitaverunt

1049 879 1195 913 ,ntvoﬁcat.
1210 878 1322 913 Ἐπειδὴ
1339 880 1371 906 ἐκ
1385 879 1432 905 τοῦ
1446 879 1564 914 πονηροῦ
1580 879 1707 913 δαίμονος
1719 879 1832 905 διαστὰ-

199 926 318 961 speciem
337 927 444 952 tantum
463 922 611 958 quamdaut
628 920 689 948 belli
704 919 835 949 excitare,
861 917 986 944 volentes

198 980 257 1005 vos,
275 976 304 998 ut
319 971 407 1003 aiunt,
423 969 571 997 conciliare
582 972 608 994 et
621 967 648 994 in
669 965 749 993 ulnas
773 964 912 999 excipere,
937 963 988 989 mi<

202 1018 275 1045 nime
290 1024 355 1045 vero
377 1015 478 1043 bcllutn
505 1021 599 1049 gerere
614 1020 722 1044 verum,
744 1017 832 1045 neque
851 1009 885 1037 ad
902 1009 990 1037 caedes

199 1069 228 1091 ct
257 1063 417 1097 sanguinem
445 1060 592 1092 devenire,
621 1059 659 1086 uti
689 1056 849 1084 affirmant:
870 1055 917 1083 sed
935 1063 989 1081 non

199 1112 345 1137 senserunt
362 1115 391 1135 se
414 1107 588 1134 occasionem
606 1104 711 1132 nefario
735 1102 853 1130 dzcmoni
869 1101 991 1135 prarbere

201 1160 241 1182 tot
256 1154 340 1186 mala,
351 1158 391 1180 tot
414 1152 528 1179 acerbos
545 1151 657 1177 dolores
679 1148 808 1176 omnibus
823 1145 992 1174 Christianis

203 1200 358 1230 inferendi;
376 1205 439 1224 cum
458 1197 503 1223 ille
530 1195 652 1229 smpius,
675 1193 750 1220 nulla
776 1192 814 1219 ab
833 1191 993 1218 hominibus

204 1248 268 1274 data
294 1244 450 1273 occasione,
468 1249 501 1268 ex
525 1241 616 1274 seipse
633 1239 729 1266 omnia
749 1238 822 1265 mala
838 1237 924 1268 elicit,
942 1243 994 1263 sa:-

209 1292 270 1326 nius
286 1296 408 1324 quoque,
430 1287 472 1314 vcl
496 1286 607 1313 minima
625 1288 735 1318 accepta
758 1283 914 1316 occasione,
938 1289 996 1308 ma—

208 1338 280 1364 xima
297 1335 408 1369 propria
427 1333 531 1361 malitia
556 1332 626 1358 mala
653 1331 729 1362 facit,
744 1337 774 1356 ex
793 1336 846 1364 quo
867 1336 995 1364 magnum

208 1383 281 1410 istud
297 1381 400 1408 malum
417 1388 473 1414 quo
487 1379 578 1413 majus
590 1385 644 1404 non
659 1381 712 1408 est,
734 1377 804 1403 inter
821 1374 952 1410 Bulgaros
967 1379 995 1402 et

209 1429 357 1459 Romanos,
386 1426 455 1461 proh
472 1432 531 1452 mea
553 1423 680 1459 peccata!
712 1425 805 1449 natum
837 1425 891 1455 est,
915 1421 996 1456 cujus

207 1473 367 1509 perﬁciendi
383 1473 473 1499 locum
486 1470 599 1497 invenit.

1042 932 1110 956 σεως
1138 924 1329 958 γεγενημένης
1354 924 1518 959 Βουλγάρων
1543 925 1591 951 καὶ
1614 924 1758 959 Ῥωμαίων
1783 924 1833 950 οὐκ

1040 968 1170 1003 ἠδύναντο
1190 968 1272 995 πάλιν
1283 968 1308 994 δι
1330 969 1435 995 ἐαυτῶν
1458 968 1572 996 ἑλκύσαι
1596 969 1664 1004 πρὸς
1679 969 1791 1001 ἑαυτοὺς
1808 970 1832 995 οἱ

1042 1013 1187 1048 γεγονότες
1200 1013 1330 1048 πατέρες,
1347 1014 1407 1041 ἀλλ’
1423 1014 1448 1041 σί
1475 1014 1526 1050 μιν
1540 1014 1627 1046 οὕτως
1657 1014 1834 1050 διενοήθησαν

1043 1059 1137 1094 σχῆμα
1171 1059 1291 1094 πολέμου
1320 1060 1385 1093 ὑμῖν
1401 1060 1481 1095 μόνον
1495 1061 1642 1092 ἐπισεῖσαι,
1662 1059 1832 1095 βουλόμενοι.

1044 1104 1081 1136 ὡς
1098 1105 1192 1139 φασὶν,
1209 1104 1303 1131 ἕνεκεν
1319 1105 1367 1131 τοῦ
1384 1104 1585 1140 προσλαϐέσθαι
1606 1105 1654 1132 καὶ
1687 1106 1835 1139 ἐναγκαλί-

1048 1151 1158 1183 σασθαι,
1183 1151 1240 1177 ἀλλ’
1259 1151 1320 1186 οὐχὶ
1336 1151 1455 1186 πόλεμον
1478 1153 1641 1187 περιστῆσαι
1655 1152 1754 1186 ἀληθῆ,
1776 1151 1836 1178 οὐδὲ

1050 1195 1131 1230 μέχρι
1154 1196 1266 1230 σφαγῶν
1287 1197 1334 1223 καὶ
1347 1197 1472 1232 αίμάτων
1487 1197 1622 1232 χωρῆσαι,
1639 1197 1676 1228 ὡς
1689 1197 1837 1223 διατείνον-

1046 1247 1102 1268 ται·
1117 1241 1211 1269 ἔλαθον
1226 1242 1254 1269 δὲ
1268 1242 1322 1278 ἄρα
1336 1242 1375 1278 τῷ
1392 1243 1502 1278 πονηρῷ
1512 1243 1618 1278 δαίμονι
1635 1243 1770 1278 πρόφασιν
1788 1251 1837 1269 πα-

1049 1289 1193 1324 ρασχόντες
1209 1289 1324 1316 τοιαῦτα
1347 1290 1423 1325 πάθη
1444 1291 1490 1316 καὶ
1509 1288 1639 1321 τοιαύτας
1656 1290 1759 1324 πικρὰς
1777 1290 1836 1316 ὀδύ-

1049 1343 1097 1366 νας
1119 1335 1187 1362 πᾶσι
1212 1337 1380 1371 χριστιανοῖς
1404 1335 1626 1371 άπεργάσασϐαιο
1652 1335 1681 1366 ὃς
1708 1334 1838 1366 πολλάκις

1053 1380 1115 1415 μὲν,
1131 1381 1179 1407 καὶ
1195 1381 1332 1416 μηδεμιᾶς
1348 1382 1510 1418 προφάσεως
1532 1381 1562 1414 ἐξ
1577 1381 1728 1416 ἀνθρώπων
1745 1381 1838 1415 οὒσης,

1048 1426 1130 1458 αὐτὸς
1150 1428 1315 1463 παγχάλεπα
1337 1428 1546 1462 κατεργάζεται·
1561 1427 1692 1458 πολλάκις
1722 1427 1763 1460 δὲ,
1793 1426 1840 1452 καὶ

1051 1474 1154 1507 μικρᾶς
1183 1481 1256 1506 τινος
1279 1473 1449 1509 δραξάμενος
1465 1474 1593 1508 ἀφορμῆς
1612 1475 1645 1509 τῇ
1661 1474 1725 1508 παρ’
1741 1471 1840 1499 ἑαυτοῦ

206 1520 325 1554 ἐπινοίᾳ,
343 1518 459 1554 μέγιστα
474 1516 546 1543 κακὰ
573 1515 688 1548 ἐκτελεῖ,
711 1512 742 1542 οὗ
767 1515 815 1541 καὶ
828 1514 876 1542 νῦν
889 1516 919 1542 τδ
935 1516 1007 1551 μέγα
1026 1518 1106 1545 τοῦτο
1121 1519 1205 1546 κακὸν
1225 1520 1272 1547 καὶ
1286 1520 1336 1547 οὐκ
1351 1520 1412 1554 ἔχον
1426 1520 1578 1556 ὑπερῦολῆν
1609 1520 1711 1554 μεταξὺ
1725 1519 1841 1554 Βουλγά-

205 1576 261 1604 ρων
290 1567 336 1592 καὶ
362 1564 517 1598 Ῥωμαίων,
539 1562 562 1589 ὢ
583 1562 638 1588 τῶν
664 1561 740 1596 ἐμῶν
766 1562 992 1598 ἀμαρτημάτωνί
1014 1564 1106 1600 χώραν
1122 1562 1201 1601 εὗρεν
1215 1567 1255 1598 εἰς
1273 1565 1445 1602 ἐξεργασίαν,

242 1612 306 1639 Scio
322 1609 388 1645 quid
413 1610 453 1636 sis
470 1609 605 1639 dicturus,
631 1613 657 1634 ct
680 1607 743 1641 jure
765 1608 849 1640 dices,
867 1608 921 1634 nisi
945 1608 995 1634 alia

1087 1610 1154 1638 Οἶδα
1170 1613 1212 1639 ὅτι
1235 1614 1320 1647 ἐρεῖς,
1336 1614 1384 1639 καὶ
1402 1613 1497 1640 δίκαια
1516 1613 1625 1645 πάντως
1645 1614 1729 1648 ἐρεῖς,
1750 1616 1774 1640 εί
1804 1613 1841 1648 μὴ

207 1658 300 1692 aliqua
312 1657 357 1683 via
372 1662 552 1683 occurramus
572 1662 579 1680 :
595 1654 617 1681 si
634 1658 739 1680 tantum
758 1654 922 1681 simularent
939 1654 999 1681 bel-

208 1706 277 1736 lum,
297 1702 417 1737 inquies,
444 1708 533 1735 neque
556 1700 628 1727 alius
650 1707 746 1726 eorum
782 1705 855 1727 esset
886 1707 997 1734 scopns.

210 1757 297 1785 quare
323 1747 432 1775 tandem
455 1747 482 1773 in
502 1751 602 1773 terram
622 1745 800 1780 Bulgarorum
822 1746 1000 1772 irrueruntet

211 1800 277 1823 ante
292 1795 392 1822 bellum
416 1793 537 1820 hostium
550 1799 627 1819 more
650 1798 679 1819 se
699 1792 860 1826 gesserunt?
876 1791 912 1818 Ea
931 1791 999 1826 ipsa,

213 1842 251 1869 lili
277 1841 333 1874 mi,
358 1839 391 1867 ad
409 1846 457 1866 eos
483 1838 551 1870 dixi,
577 1842 641 1864 ante
666 1841 741 1863 tuam
759 1837 949 1871 objectiouem,
975 1843 1001 1865 et

211 1886 373 1923 exprobrari
385 1907 393 1919 ,
415 1889 443 1913 et
461 1884 622 1919 obiurgavi;
648 1882 695 1910 sed
723 1882 756 1909 ad
772 1882 830 1910 lum:
847 1883 930 1909 etiam
947 1891 1000 1910 non

211 1933 366 1962 defuitillis
378 1931 526 1959 defensio:
545 1937 606 1964 qua:
632 1932 724 1955 utrum
739 1935 803 1955 vera
830 1928 877 1960 sit,
906 1932 934 1954 tu
962 1929 1002 1955 vi-

210 1982 287 2009 deas.
305 1979 437 2006 Dixerunt
456 1977 549 2012 igitur,
562 1975 689 2010 Bulgaris
705 1978 800 2001 contra
817 1973 1001 2002 Romanorum

210 2027 238 2053 in
264 2023 447 2059 Dyrrachium
481 2025 509 2049 ct
545 2021 572 2048 in
598 2019 823 2047 'l‘hessalouiwm
861 2021 1001 2056 regionem

210 2077 287 2098 litore
300 2069 392 2096 hostili
413 2066 555 2102 ingressis,
576 2069 605 2092 et
620 2065 674 2092 sibi
688 2064 780 2092 datam
793 2071 854 2092 esse
871 2066 998 2092 occasio~

211 2123 274 2144 nem
302 2115 440 2142 Romanos
472 2113 611 2140 exercitus
639 2111 667 2138 in
696 2110 877 2146 Bulgarorum
900 2116 1001 2139 terram

212 2161 387 2192 immittendi,
403 2167 433 2186 se
444 2163 538 2186 autent
555 2157 617 2184 illas
635 2164 689 2183 non
702 2157 803 2184 fecisse
827 2158 1002 2186 incursiones

214 2209 242 2236 in
259 2207 329 2235 bello
342 2206 400 2233 lieri
424 2205 538 2237 solitas;
555 2211 618 2239 quae
639 2204 662 2230 I't
679 2203 716 2230 ita
731 2208 807 2238 gesta
822 2203 935 2236 fuerint,
952 2212 1003 2239 ego

214 2254 324 2285 nescio;
344 2251 381 2278 illi
399 2253 568 2282 asseverant,
592 2254 674 2284 atque
707 2254 783 2276 tuum
805 2255 848 2277 est
881 2250 952 2277 scire
977 2255 1004 2277 et

1053 1656 1121 1692 ἄλλη
1140 1665 1182 1689 τις
1196 1660 1243 1684 καὶ
1272 1658 1337 1693 παρ’
1353 1658 1432 1693 ἡμῶν
1447 1659 1560 1694 ἀφορμὴ
1587 1658 1626 1691 τῷ
1642 1659 1739 1694 δικαίῳ
1754 1659 1841 1693 τούτῳ

1053 1705 1213 1739 ἐνστήσεται
1226 1713 1234 1721 ·
1245 1706 1341 1740 φήσεις
1353 1705 1406 1740 γὰρ
1421 1705 1543 1737 πάντως,
1554 1706 1596 1732 ὅτι
1611 1714 1678 1740 περ,
1693 1707 1718 1732 εἰ
1732 1706 1779 1733 τὶν
1794 1706 1843 1732 πό-

1053 1750 1136 1785 λεμον
1151 1751 1346 1786 ἐσχημάτιζον,
1365 1752 1413 1778 καὶ
1426 1753 1496 1786 πρὸς
1523 1751 1601 1778 τοῦτο
1618 1752 1733 1778 εὸλεπεν
1748 1753 1842 1783 αὐτοῖς

1054 1796 1067 1822 ὁ
1083 1797 1195 1828 σκοπὸς,
1207 1797 1234 1822 τί
1247 1796 1347 1830 δήποτε
1363 1798 1403 1829 εἰς
1430 1798 1480 1832 τὴν
1503 1798 1667 1833 Βουλγάρων
1697 1798 1843 1832 εἰσήλασαν

1054 1842 1117 1876 γῆν,
1135 1843 1183 1869 καὶ
1196 1843 1249 1878 πρὸ
1261 1843 1308 1869 τοῦ
1317 1843 1439 1878 πολέμου
1453 1844 1486 1870 τὰ
1500 1843 1554 1870 τῶν
1567 1843 1704 1878 πολεμίοιν
1718 1843 1844 1878 διεπράτ-

1054 1897 1146 1922 τοντο;
1163 1888 1247 1916 Εἶπον
1262 1890 1354 1921 αὐτοῖς
1369 1890 1416 1916 καὶ
1436 1890 1502 1924 ἐγὼ,
1532 1891 1629 1917 τέκνον
1645 1891 1735 1925 ήμῶν,
1758 1890 1844 1916 ταῦτα

1055 1935 1103 1961 καὶ
1118 1935 1171 1970 πρὸ
1182 1937 1232 1970 τῆς
1248 1935 1302 1961 τῶν
1315 1935 1369 1961 σῶν
1387 1935 1475 1966 λόγων
1488 1935 1681 1971 ἀπαντήσεως,
1693 1936 1741 1962 καὶ
1756 1936 1844 1970 ἐμεμ-

1056 1981 1152 2016 ψάμην
1168 1980 1215 2008 καὶ
1237 1980 1390 2016 ἐπέπληξα.
1415 1981 1495 2008 am
1524 1983 1572 2008 καὶ
1595 1982 1663 2016 πρὸς
1687 1981 1775 2008 ταῦτα
1794 1982 1844 2007 οὐκ

1056 2028 1200 2062 ἠπόρησαν
1217 2026 1382 2060 ἀπολογίας·
1417 2028 1441 2053 εί
1458 2027 1486 2053 δὲ
1511 2027 1615 2062 ἀληθὴς
1630 2029 1646 2063 ἡ
1661 2028 1795 2062 ἀπολογία
1811 2029 1843 2054 σὺ

1057 2072 1091 2100 ἂν
1100 2072 1214 2108 είδείης.
1230 2073 1355 2108 Ἔφησαν
1365 2073 1419 2108 γὰρ
1433 2073 1474 2099 ὅτι
1493 2073 1547 2099 τῶν
1572 2073 1737 2107 Βουλγάρων
1761 2073 1835 2100 πολέ-

1058 2127 1109 2154 μου
1124 2119 1208 2154 νόμου
1224 2118 1411 2150 ἐξελασάντων
1421 2117 1492 2145 κατὰ
1500 2117 1555 2145 τῶν
1569 2119 1598 2145 ἐν
1616 2119 1760 2154 Δυρραχίῳ
1779 2118 1846 2145 Ῥω.

1058 2165 1165 2200 μαῖκῶν
1185 2165 1290 2197 τόπων,
1307 2165 1354 2191 καὶ
1382 2164 1454 2191 κατὰ
1467 2164 1522 2191 τῶν
1535 2165 1565 2190 ἐν
1587 2163 1784 2200 Θεσσαλονίκῃ,
1800 2165 1845 2199 γὲ-

1058 2219 1137 2245 γονεν
1155 2210 1269 2245 ἀφορμὴ
1281 2209 1329 2236 τοῦ
1342 2210 1412 2245 πρὸς
1430 2210 1480 2246 τὴν
1495 2210 1547 2245 γῆν
1562 2209 1618 2236 τῶν
1634 2210 1799 2246 Βουλγάρων
1811 2211 1846 2238 τὰ

1063 2256 1209 2289 Ῥωμαϊκὰ
1232 2255 1425 2290 στρατεύματα
1449 2255 1598 2282 εἰσελθεῖν·
1617 2256 1667 2283 καὶ
1679 2256 1736 2283 οὐδ’
1754 2257 1844 2289 οὓτως

216 2305 268 2328 tua;
294 2297 437 2333 prudentis
459 2297 635 2323 conscientiae
664 2303 719 2323 non
743 2303 842 2331 negare
871 2296 974 2323 factum

1058 2303 1220 2337 ἐπιδρομὰς,
1233 2302 1293 2333 οἵας
1313 2299 1385 2328 οἶδεν
1399 2302 1414 2328 ὁ
1430 2302 1560 2337 πόλεμος,
1576 2301 1701 2336 ἔγνωσαν
1726 2303 1846 2338 διαπρά-

214 2346 422 2382 qualescunque
453 2341 575 2374 fuerint,
601 2341 637 2368 tili
664 2341 712 2375 nti,
738 2349 835 2369 eorum
860 2343 1003 2377 apologim,

214 2399 261 2419 eas
276 2391 364 2418 bonas
380 2396 437 2416 non
452 2387 559 2419 censui,
589 2386 706 2421 ideoque
720 2394 768 2415 eos
790 2388 1002 2422 vituperationi-

214 2437 289 2469 bus,
317 2433 556 2469 objurgationibus
589 2432 907 2468 reprehensionibusque
937 2441 1005 2461 one-

214 2483 286 2514 ravi,
302 2488 353 2508 nec
378 2478 471 2506 facere
486 2478 637 2511 desistam;
658 2483 682 2506 te
698 2483 788 2506 autem
811 2487 844 2506 ea
863 2487 925 2514 qua:
939 2487 1006 2514 pra:-

214 2534 280 2554 sens
292 2530 321 2553 et
344 2524 472 2559 amplexo
486 2525 585 2558 capite,
602 2531 674 2551 nunc
699 2524 846 2558 deprecor;
865 2525 910 2552 hic
934 2530 1006 2553 stent

215 2573 304 2603 mata;
323 2570 510 2604 nosmetipsos
539 2576 700 2602 noscamus,
720 2576 772 2596 nos
787 2567 890 2597 Christi
916 2570 1003 2599 hare-

214 2617 264 2644 des
276 2623 337 2643 esse
348 2621 505 2651 reputemus
525 2623 532 2642 :
550 2616 573 2642 si
592 2622 692 2650 genere
719 2615 832 2650 diversi,
848 2623 898 2650 per
923 2616 1002 2645 ﬁdem

215 2666 307 2689 tamen
322 2669 404 2689 unum
418 2669 520 2696 corpus
541 2668 650 2693 sumus,
665 2668 805 2696 unumque
821 2667 904 2697 caput
917 2663 1003 2691 liabe-

214 2715 288 2740 mus,
302 2707 454 2740 Christum,
478 2709 546 2735 alter
566 2707 680 2735 alterius
695 2715 793 2735 sumus
809 2709 942 2742 membra,
956 2710 1004 2738 sed

215 2754 337 2782 membra
358 2755 386 2782 in
409 2762 440 2782 se
467 2754 586 2782 invicem
611 2762 758 2790 assurgere
783 2763 838 2782 non
863 2757 1004 2790 assolent;

213 2801 272 2834 sed,
290 2801 441 2828 secundum
453 2801 563 2828 beatum
580 2802 746 2835 apOstolum,
759 2810 767 2826 ι
786 2801 814 2828 Si
829 2802 903 2836 quod
919 2810 1007 2829 mem-

210 2855 294 2878 brum
311 2851 424 2886 patitur,
451 2855 552 2879 cuncta
569 2851 794 2885 compatiuntur;
823 2861 832 2876 ν
855 2851 1005 2880 Christiani

1057 2347 1169 2381 ξασθαι·
1189 2347 1276 2374 ταῦτα
1299 2348 1323 2373 εί
1338 2346 1410 2373 οὕτω
1436 2348 1559 2381 γέγονεν,
1582 2347 1638 2381 ἐγὼ
1654 2347 1704 2382 μὲν
1720 2348 1770 2374 οὐκ
1784 2349 1846 2374 ἐπί-

1059 2402 1163 2428 σταμαι
1175 2402 1182 2408 ”
1195 2391 1268 2420 οὗτοι
1284 2394 1312 2420 δὲ
1330 2393 1557 2429 διισχυρίξονται,
1572 2394 1619 2420 σὺν
1641 2394 1670 2420 δέ
1693 2395 1766 2421 ἐστιν
1780 2394 1848 2421 είδέ-

1058 2448 1103 2466 ναι
1117 2440 1165 2466 καὶ
1177 2439 1227 2474 τῆς
1244 2439 1293 2474 σῆς
1305 2440 1442 2474 ἔμφρονος
1461 2440 1644 2475 συνειδήσεως
1656 2440 1687 2466 τὸ
1702 2440 1740 2475 μὴ
1756 2440 1847 2475 ἀπαρ-

1058 2485 1164 2512 νεῖσθαι
1177 2486 1206 2512 τὸ
1220 2487 1343 2520 γεγονός.
1364 2486 1456 2518 una,
1473 2487 1569 2513 τέκνον
1582 2486 1672 2521 ἡμῶν,
1684 2486 1775 2513 ὀποῖαί
1788 2487 1847 2513 ποτ’

1057 2531 1092 2558 ἂν
1111 2532 1138 2557 αι
1155 2530 1302 2566 ἀπολογίαι
1321 2531 1375 2557 τῶν
1389 2531 1508 2558 ἐνταῦθα
1535 2532 1692 2566 γεγόνασιν,
1704 2533 1753 2558 οὐκ
1769 2531 1848 2559 εἰλό-

1060 2585 1125 2612 γους
1140 2577 1225 2608 αὐτὰς
1253 2578 1414 2612 ἡγησάμην.
1439 2578 1487 2604 καὶ
1508 2578 1552 2604 διὰ
1581 2577 1660 2604 τοῦτο
1693 2579 1738 2605 καὶ
1755 2579 1849 2605 ὀνειδι-

1061 2623 1151 2657 σμοῖς,
1167 2623 1212 2648 καὶ
1229 2622 1377 2657 μέμψεσιν,
1396 2623 1444 2650 καὶ
1467 2624 1660 2659 ἐπιτιμήσεσιν
1686 2624 1844 2659 ιιἰ;.ι.υνὰμ·ην,

1058 2668 1106 2695 καὶ
1127 2668 1166 2694 ἐτι
1190 2668 1220 2694 οὐ
1237 2668 1412 2703 διαλείψομαι
1429 2669 1611 2704 ἀμυνόμενος.
1641 2670 1675 2696 Σὲ
1695 2669 1723 2696 δὲ
1737 2667 1780 2696 οἷα
1796 2677 1849 2696 πα·

1059 2713 1114 2749 ρὼν
1129 2715 1176 2740 καὶ
1195 2714 1233 2745 τῷ
1251 2714 1291 2750 σῷ
1306 2715 1436 2750 τραχήλῳ
1452 2715 1622 2750 περιχυθεὶς,
1643 2715 1734 2742 ταῦτα
1754 2724 1848 2750 παρα-

1054 2761 1151 2788 ηκαλῶ·
1166 2761 1317 2788 παυσάσθω
1331 2762 1384 2793 tu);
1404 2761 1499 2788 τούτου
1516 2762 1551 2788 τὰ
1566 2761 1692 2797 χαλεπά·
1708 2763 1850 2797 γνωρίσω-

1061 2815 1112 2840 μεν
1138 2807 1266 2839 ἐαυτοὺς,
1291 2807 1519 2842 ἀναλογιζώμεθα
1543 2809 1585 2834 ὅτι
1617 2807 1737 2841 Χριστοῦ
1763 2808 1849 2842 ἐσμεν

1060 2853 1225 2888 κληρονόμοι
1236 2861 1242 2868 ·
1258 2853 1306 2880 καὶ
1319 2853 1343 2879 εί
1358 2855 1405 2880 καὶ
1420 2855 1477 2885 τοῖς
1497 2854 1559 2888 γένε’
1566 2863 1591 2880 τι
1609 2853 1778 2890 διῃρήμεθα,
1792 2853 1850 2880 ἀλλ’
