2000 3070
951 181 1157 212 EPtSTOL/E.
1822 183 1858 215 82

230 183 262 214 81
951 183 1010 212 ΕΡΙ

229 239 264 265 ἄν
279 246 308 264 τε
328 237 365 272 μὴ
381 236 475 273 βούλῃ,
493 236 642 268 ἐπίσκοπος
667 236 692 263 εί
718 236 765 263 καὶ
783 236 927 271 ἐλάχιστος
942 236 956 262 ὁ
970 236 1010 270 τὴπ

1063 183 1157 212 ΟΙΑΕ.
1822 183 1857 215 82

1071 239 1123 267 est,
1143 234 1209 263 velis
1225 234 1306 268 nolis,
1320 234 1476 271 episcopus,
1490 243 1647 271 quanquam
1660 236 1800 270 minimus,
1811 239 1857 273 qui

229 285 270 316 εἰς
283 284 349 310 Θεὸν
362 283 400 319 μὴ
414 283 609 319 ἀπηρνημένος
624 282 778 310 εὐσέϐειαν.
792 282 848 309 Καὶ
862 281 917 318 γὰρ
932 283 956 308 εί
973 282 1020 309 καὶ

231 329 402 364 ἁμαρτωλοὶ,
415 328 473 355 ἀλλ’
485 329 535 363 οὐχ
556 329 628 364 ὑμᾶς
645 328 793 356 ἐπίσκοποι
821 328 918 363 κριτὰς
941 327 1021 363 ἔχου-

199 397 209 411 η
233 384 292 402 σιν·
316 375 393 411 ὑμῶν
406 375 435 403 δὲ
464 375 557 411 κριταὶ
580 375 760 410 τυγχάνουσιν
780 375 805 401 οι
822 374 977 406 ἐπίσκοποι,
996 375 1024 401 εί

207 414 217 425 ¹
236 430 261 454 τε
279 422 328 456 τῆς
341 421 462 457 Χριστοῦ
487 421 590 457 ἀγέλης
609 421 682 453 ἐστὶ,
703 421 752 448 καὶ
778 420 816 456 μὴ
841 421 892 456 τῆς
913 420 1019 447 ἐκείνου

231 468 349 502 ποίμνης
372 467 562 503 πλανώμενοι·
590 466 649 495 ἀλλ’
675 466 886 502 ἑμωράνοημεν,
903 467 940 498 ὡς
952 467 1020 501 ἔφης

218 503 243 540 ίό
258 515 390 548 φρόνιμος
403 513 454 540 σύ·
479 513 697 548 εὐχαριστοῦμεν
721 513 760 548 τῷ
791 513 851 548 Θεῷ
878 513 958 549 ἡμῶν
980 513 1019 548 τῷ

229 559 310 594 χάριν
320 559 374 586 τῶν
399 559 543 594 ἁμαρτιῶν
556 560 636 594 ἡμῶν
660 560 701 592 είς
721 559 751 586 τὸ
765 559 865 594 ἔδαφος
885 560 957 595 ἡμᾶς
969 561 1019 596 τῆς

230 603 335 638 ὕϐρεως
346 603 466 639 ρίψαντι,
485 602 557 630 Ἀλλ’
565 604 626 631 εἰπέ
639 612 694 639 μοι,
706 605 721 631 δ
732 604 814 639 σοφὸς
824 605 856 631 σὺ
864 605 912 632 καὶ
924 614 1018 641 φρονι-

230 648 365 684 μώτατος,
377 649 401 675 εί
411 649 465 683 ἐγὼ
476 649 567 684 μωρὸς
575 650 711 685 ὀγηραιὺς
720 651 821 685 πατὴρ,
830 651 876 677 καὶ
885 651 1017 678 δυσωπῶν

228 694 310 721 παῖδα
320 695 429 722 νεανίαν
438 695 509 731 ὑπὲρ
516 695 641 730 εἰρήνης,
651 695 722 732 ὑπὲρ
730 696 906 731 διαλλαγῆςλὺ
912 697 962 732 πὲρ
971 697 1016 724 τοῦ

227 740 307 776 λῆξαι
336 741 490 777 κενούμενα
524 742 698 777 Χριστιανῶν
724 742 841 778 αἵματα,
864 742 906 774 τίς
919 743 951 770 ἂν
972 744 1016 778 εἴη

226 787 338 819 νεανίας
364 787 421 819 υίὸς
446 788 521 814 debv
549 790 658 824 πατέρα
685 789 812 824 εἰρηνικὰ
839 789 1015 816 δυσωποῦντα

228 833 319 868 μωρὸν
333 833 501 867 ἀποκαλῶν;
517 834 638 870 Πρόσχες
654 832 699 861 υἷα
719 835 839 869 φρονεῖς,
854 832 898 861 οἷα
912 835 1012 869 λέγεις,

226 875 270 904 στα
285 878 414 913 γράφεις.
428 888 437 905 ι
457 876 544 912 Εἶδον,
556 879 650 913 ἔλεγεν
669 881 683 906 6
694 881 850 916 προφήτης,
863 881 1016 915 ὑπερυψού-

1074 281 1101 307 in
1115 280 1198 308 Deum
1214 281 1342 316 pietatem
1357 289 1411 310 non
1422 282 1539 317 negavit.
1560 282 1674 310 Etiamsi
1687 282 1786 311 etenim
1794 290 1859 318 pec-

1072 327 1205 360 caverint,
1221 334 1270 355 vos
1288 326 1392 360 judices
1419 335 1473 355 non
1489 328 1589 356 habent
1603 328 1737 363 episcopi;
1752 328 1859 362 iudices

1070 379 1086 399 e
1095 377 1188 399 contra
1201 373 1283 400 vestri
1293 378 1357 401 sunt
1365 373 1496 409 episcopi,
1507 373 1530 402 si
1541 378 1629 401 tamen
1640 382 1656 402 e
1665 374 1767 401 Cbristi
1778 382 1859 410 grege

1070 418 1148 450 estis,
1162 425 1215 445 non
1229 423 1320 445 autem
1336 418 1415 453 longe
1435 419 1470 446 ab
1488 419 1549 454 ejus
1569 419 1634 446 ovili
1654 425 1795 452 errantes;
1811 421 1858 447 sed

1069 463 1234 497 insanimus,
1249 469 1278 492 ut
1293 464 1361 493 dicis
1374 469 1401 492 tu
1415 465 1524 500 sapiens
1537 471 1546 491 :
1563 464 1618 493 Deo
1629 465 1732 500 gratias
1740 465 1857 501 agimus,

1069 511 1115 545 qui
1134 516 1245 546 propter
1260 517 1370 546 peccata
1386 517 1490 545 nostra,
1506 511 1540 539 ad
1559 512 1641 539 imam
1657 512 1784 547 injuriam
1799 520 1860 547 pri;-

1069 557 1176 584 szravit.
1195 557 1246 585 Sed
1258 559 1303 585 die
1320 558 1398 591 mibi,
1421 563 1448 585 tu
1461 558 1570 593 sapiens
1583 563 1609 585 ct
1617 557 1858 593 prudentissimus,

1069 603 1092 630 si
1106 611 1156 638 ego
1175 604 1289 632 insanus
1312 604 1404 631 senior
1429 609 1516 640 pater,
1533 603 1670 639 juniorem
1698 603 1783 631 lilium
1812 612 1860 638 pro

1068 657 1134 684 pace
1150 650 1307 682 obsecrans,
1330 658 1378 685 pro
1391 650 1520 683 induciis,
1538 657 1588 685 pro
1608 650 1758 678 cessatione
1779 649 1860 677 Chri-

1068 695 1149 722 stiani
1162 696 1303 731 sanguinis
1316 696 1467 728 ell‘usionis,
1483 696 1548 731 quid
1560 700 1602 723 est
1615 695 1708 730 iunior
1720 695 1792 722 lilius
1808 702 1859 730 pa-

1070 745 1137 768 trem
1152 749 1200 776 pro
1212 749 1278 776 pace
1295 741 1483 769 obsecrantem
1495 741 1636 776 appellans
1651 741 1797 768 insanum?
1812 741 1858 768 At-

1067 786 1190 813 tendisne
1201 794 1261 821 qua:
1271 787 1384 820 sentias,
1399 794 1460 821 qua:
1467 787 1553 819 dicas,
1567 794 1628 822 quae
1642 786 1779 814 scribaslr
1787 785 1858 817 Vidi,

1067 832 1157 866 inquit
1170 832 1311 867 propheta,
1326 833 1558 867 superexallatum
1572 837 1599 860 et
1617 832 1753 860 elevatum
1775 831 1859 868 (quod

1065 879 1221 911 omisimus,
1238 878 1274 905 ob
1291 878 1330 905 tui
1348 879 1527 905 reverentiam
1537 882 1578 905 est
1592 878 1736 911 omissum,
1752 885 1858 905 nouaua

229 933 310 958 μενον
327 926 372 951 καὶ
388 925 571 959 ἐπαιρόμενον
596 924 637 961 (re
651 914 840 960 παραλειφθὲν
868 914 934 961 ἡμῖν
947 927 1010 953 αἰδοῖ

1068 928 1119 950 lem
1135 924 1309 959 tuiguoras),
1325 924 1451 958 transivi,
1459 929 1486 951 et
1506 931 1570 952 ecce
1584 931 1637 952 non
1653 928 1730 958 erat;
1747 924 1859 959 qumsivi

226 971 259 1004 τῇ
274 970 342 1004 πρὸς
359 970 388 996 σὲ
404 970 635 1005 παραλέλειπται·
652 971 684 998 σὺ
696 971 724 998 δὲ
737 972 787 998 οὐκ
800 972 959 1006 ὴγνὸηκας),
971 973 1017 999 καὶ

225 1016 376 1051 παρῆλθον,
391 1018 439 1043 καὶ
453 1016 507 1044 ἰδοὺ
519 1017 569 1043 οὒκ
583 1015 628 1052 ἧν,
641 1017 689 1044 καὶ
708 1018 830 1053 ἐζήτησα
856 1019 948 1052 αὑτὸν,
970 1020 1018 1049 καὶ

224 1062 273 1097 οὺχ
293 1062 391 1099 εὑρέθη
409 1064 423 1090 ὁ
435 1063 517 1094 τόπος
532 1063 626 1090 αὑτοῦ.
649 1073 658 1090 ι
677 1064 760 1091 Ἀλλὰ
785 1064 865 1091 τοῦτο
877 1065 908 1092 τὸ
934 1066 1017 1101 μέρος

224 1108 353 1135 τοσοῦτον
382 1108 470 1144 ἐχέτω
489 1109 525 1144 ,τὸ
545 1109 682 1144 γράμμα·
712 1110 746 1136 τὰ
766 1110 795 1136 δὲ
808 1109 908 1145 ἐφεξῆς
919 1110 1015 1138 ἄκουε.

225 1155 271 1190 Μὴ
287 1154 382 1189 νόμιζε
397 1156 447 1190 τὴν
461 1155 650 1190 γεγενημένην
658 1153 743 1191 ἧτταν
753 1156 808 1183 τῶν
821 1156 876 1183 σῶν
892 1156 1016 1190 ματαίων

223 1201 360 1236 λογισμῶν
373 1202 419 1228 ἐπὶ
438 1201 577 1229 τελειώσει
603 1202 778 1238 γεγενῆσθαι,
796 1202 834 1238 μὴ
850 1202 930 1229 τοῦτο
950 1203 1015 1229 ὑπο-

223 1247 359 1282 λάμϐανε·
373 1248 428 1275 είδ¹
448 1247 664 1283 ὐπολαμὸάνεις,
675 1249 712 1281 ὼς
726 1248 862 1284 φλυαρίαν
876 1250 1015 1285 ἀποστρά-

223 1294 290 1329 ᾳηθι
302 1294 350 1330 τὴν
365 1294 512 1329 ὑπόληψιν.
533 1294 616 1321 ’Δλλά
642 1296 782 1330 νενίκηται
795 1295 809 1320 ὁ
823 1294 892 1330 πρὸς
906 1295 935 1322 σὲ
949 1295 1014 1328 λαὸς

222 1340 437 1376 ἐκστρατεύσας,
450 1340 559 1376 πρῶτον
573 1341 623 1376 μὲν
640 1341 773 1376 κρίμασιν
786 1341 955 1377 ἀπορρήτοις
967 1341 1012 1368 τοῦ

223 1386 252 1419 ἐξ
277 1386 448 1422 ἀποκρύφων
475 1387 597 1422 ταμείων
625 1387 673 1419 τὰς
685 1387 784 1414 ἑαυτοῦ
801 1387 907 1422 κρίσεις
931 1388 1012 1414 ὁπότε

222 1432 344 1466 βούλοιτο
356 1432 524 1467 προάγοντος
534 1441 540 1447 ·
560 1432 686 1468 δεύτερον
698 1432 737 1465 δὲ,
753 1433 816 1459 ὅσον
827 1432 886 1459 ἔστι
903 1433 950 1459 καὶ
966 1433 1012 1459 ἀν-

222 1476 341 1510 θρώποις
369 1476 481 1508 ειδέναι,
510 1476 566 1503 τῶν
583 1476 693 1502 οἰκείων
714 1476 807 1503 ἕνεκεν
833 1475 1010 1510 σφαλμάτων.

221 1522 321 1553 Κακῶς
347 1523 433 1553 ποιεῖς
454 1521 501 1548 καὶ
530 1522 560 1548 οὺ
587 1522 832 1556 περιεσκεμμένως
859 1521 910 1556 τὴν
932 1521 1012 1555 νίκην

222 1569 289 1602 πρδς
300 1568 349 1603 τὴν
363 1568 430 1595 ίδῖαν
446 1568 577 1603 ἁρπάζων
605 1567 767 1602 ἐπιθυμίαν,
790 1567 838 1594 καὶ
852 1567 1012 1601 ὑπολογιζὸς

1069 976 1141 999 euut,
1156 974 1183 996 et
1198 977 1252 996 non
1267 974 1308 996 cst
1319 969 1445 997 inventus
1457 969 1532 997 locus
1547 969 1606 1005 ejus
1616 969 1637 999 ⁸.
1650 978 1660 996 ι
1676 969 1730 997 Sed
1747 969 1792 998 hic
1808 975 1861 997 stet

1069 1015 1289 1042 hmulittcrarum
1304 1023 1389 1050 pars;
1410 1016 1482 1050 quod
1503 1017 1626 1051 sequitur
1647 1016 1723 1044 audi.
1741 1015 1780 1043 Ne
1801 1016 1860 1043 exi-

1068 1060 1162 1087 stimes
1178 1068 1237 1088 eam
1253 1069 1314 1096 qua:
1327 1062 1427 1089 accidit
1453 1062 1557 1089 cladem
1585 1062 1758 1096 perﬁciendis
1783 1063 1860 1090 vanis

1067 1105 1189 1133 consiliis
1205 1107 1259 1133 tuis
1274 1114 1334 1134 esse
1344 1107 1539 1142 profecturam,
1551 1107 1603 1135 boc
1617 1107 1672 1135 noli
1686 1115 1858 1143 supponere;

1065 1156 1091 1178 et
1106 1152 1129 1179 si
1145 1153 1287 1187 supponis,
1306 1158 1437 1188 tauquam
1448 1161 1536 1189 nugas
1553 1154 1769 1189 suppositionem
1784 1159 1858 1182 tuam

1066 1197 1162 1230 abj‘cc.
1186 1196 1281 1226 Victus
1309 1201 1350 1225 est
1371 1199 1488 1233 populus
1517 1200 1563 1234 qui
1588 1204 1678 1227 tecum
1708 1199 1858 1232 dimicavit,

1066 1244 1154 1278 ptimo
1167 1243 1276 1278 quidem
1286 1243 1469 1280 investigabili
1480 1245 1595 1273 consilio
1604 1246 1664 1280 ejus
1675 1246 1734 1281 qui,
1749 1246 1862 1281 quando

1064 1289 1132 1321 vult,
1149 1297 1164 1317 e
1181 1294 1287 1317 secreto
1302 1291 1490 1326 promptuario
1512 1299 1561 1319 sua
1577 1291 1678 1327 judicia
1693 1292 1800 1325 educit;
1815 1299 1860 1320 sco

1064 1336 1153 1362 cumlo
1168 1341 1270 1368 autem,
1283 1336 1309 1363 in
1326 1342 1458 1372 quantum
1470 1337 1629 1365 hominibus
1638 1338 1709 1366 scire
1719 1339 1810 1371 datur,
1824 1339 1858 1364 ob

1063 1382 1171 1417 propria
1185 1382 1292 1410 delicta.
1312 1382 1394 1410 Erras
1421 1384 1627 1418 inconsulteque
1645 1385 1741 1418 sentis,
1773 1385 1859 1412 victo-

1063 1429 1131 1455 riam
1147 1429 1179 1455 ad
1198 1429 1330 1463 privatam
1349 1434 1423 1456 tuam
1440 1431 1616 1464 cupiditatem
1631 1431 1753 1460 referens
1769 1436 1796 1459 et
1807 1439 1859 1466 pu-

1064 1480 1123 1501 tans
1139 1482 1239 1502 cursum
1255 1482 1317 1502 esse
1331 1475 1391 1502 ideo
1405 1477 1534 1511 populum
1549 1477 1703 1505 Romanum
1720 1482 1751 1505 ut
1771 1478 1859 1513 impe-

1064 1521 1103 1546 rio
1121 1527 1217 1546 eorum
1236 1521 1374 1555 potireris.
1393 1520 1491 1548 Junior
1506 1530 1555 1554 es;
1579 1523 1682 1558 itaque,
1698 1523 1720 1550 si
1735 1523 1790 1558 jam
1803 1532 1857 1551 non

1062 1566 1184 1597 audiisti,
1203 1566 1294 1599 disce;
1313 1567 1348 1599 si,
1365 1570 1511 1602 postquam
1530 1568 1679 1602 audiveris,
1696 1570 1772 1598 luisti
1784 1571 1857 1598 obli-

221 1623 300 1649 μενος
319 1615 357 1647 ὡς
382 1615 476 1642 ἕνεκεν
493 1615 540 1642 τοῦ
567 1615 597 1641 σὲ
619 1615 674 1642 τῶν
697 1614 840 1650 Ῥωμαίων
863 1613 1010 1647 κατασχεῖν

1065 1617 1120 1645 tus,
1138 1612 1291 1640 recordare.

218 1662 355 1694 ἐξουσίαν,
373 1663 403 1689 τδ
430 1662 542 1696 γεγονὸς
576 1662 729 1697 ἁμάρτημα
763 1661 802 1697 τῷ
833 1660 982 1696 Ῥωμαῖκῷ
1013 1660 1114 1695 συνέὸη
1128 1659 1196 1694 λαῷ.
1225 1660 1294 1692 Νέος
1309 1658 1350 1687 εἴ·
1380 1660 1427 1687 καὶ
1443 1662 1467 1687 εί
1483 1661 1532 1697 μὲν
1556 1662 1607 1689 οὐκ
1639 1662 1770 1697 ἤκουσας,
1789 1664 1858 1699 μάν-

219 1708 298 1735 θανε·
315 1709 340 1735 εί
353 1709 380 1735 δὲ
393 1708 512 1740 ἀκούσας
528 1708 698 1743 ἐπιλέλησαι,
713 1708 913 1743 ἀναμνήσθητι.

255 1755 342 1782 Πάλαι
367 1755 467 1790 ποτὲή
495 1755 616 1790 Περσικὴ
643 1757 757 1791 στρατιὰ
782 1755 863 1791 μέχρι
883 1754 937 1781 τῶν
963 1756 1006 1781 ὲν-

216 1802 304 1829 mssa
319 1802 459 1837 ηὐλίσατο,
472 1803 521 1829 καὶ
535 1802 568 1834 ἀς
589 1802 713 1834 ἀπειλεῖς
732 1802 871 1837 πυρκαϊὰς
896 1801 944 1828 καὶ
965 1801 1006 1828 ol-

217 1847 420 1883 κοδομημάτων
447 1848 642 1883 καταστροφάς
666 1847 844 1884 διεπράξατο.
880 1847 951 1875 Ἀλλ’
982 1848 1008 1874 οἱ

218 1893 267 1928 μὲν
283 1893 435 1925 ἀπώλοντο,
454 1894 500 1921 καὶ
511 1893 574 1920 ὅσον
591 1894 631 1924 εἰς
649 1894 761 1928 μνήμην
776 1894 908 1926 ὀνόματος
931 1902 1009 1928 περι-

216 1938 365 1965 λείπονται·
381 1940 398 1974 ἡ
414 1939 442 1965 δὲ
465 1938 607 1974 Ῥωμαῖκὴ
625 1938 751 1973 βασιλεία
777 1938 822 1965 ἐπὶ
836 1939 887 1972 τῆς
902 1939 1008 1970 οἰκείας

216 1984 316 2019 ἕστηκε
330 1985 472 2019 κρηπίδος.
495 1985 576 2013 Ἀλλὰ
593 1985 640 2011 καὶ
658 1985 714 2012 ἀνω
724 1986 828 2012 τούτων
841 1986 874 2012 τὰ
885 1985 940 2012 τῶν
966 1986 1009 2012 'A-

218 2030 310 2065 Εάρων
321 2031 399 2066 γένη,
419 2028 456 2057 ὧν
482 2032 561 2066 ὑμεῖς
583 2031 742 2062 ἀποσπάδες
767 2031 825 2066 (καὶ
851 2031 936 2066 μηδέν
966 2040 1007 2058 σοι

217 2076 285 2111 πρὸς
303 2076 387 2111 βάρος
404 2078 417 2103 ὁ
431 2076 532 2112 λόγος),
552 2079 599 2104 καὶ
614 2076 703 2104 δοῦλοι
734 2077 781 2103 καὶ
804 2077 939 2112 δραπέται
957 2085 1005 2111 γε-

217 2123 325 2156 γόνατε,
343 2122 389 2148 ἐπὶ
408 2123 535 2150 πλεῖστον
554 2123 604 2158 τὴν
620 2123 744 2158 μεγάλην
762 2123 867 2159 ταύτην
891 2122 939 2151 καὶ
953 2123 1006 2150 ὑπὸ

215 2169 247 2203 τῇ
264 2167 375 2194 πάντων
385 2167 514 2204 δεσποίνῃ
523 2168 569 2195 καὶ
580 2168 665 2204 κυρίᾳ
676 2168 904 2204 στρατηγουμένη
917 2168 1007 2201 πόλει,

216 2215 298 2250 μέχρι
314 2214 361 2241 καὶ
384 2213 439 2241 τῶν
453 2214 551 2249 τειχῶν
565 2215 721 2250 ἐπέδραμον
734 2224 740 2230 ·
769 2215 837 2242 ἀλλά
861 2216 908 2242 καὶ
931 2211 1006 2242 οὗτοι

1091 1751 1218 1780 Persicus
1231 1752 1297 1780 olim
1318 1753 1453 1781 exercitus
1464 1753 1517 1782 huc
1529 1762 1616 1790 usque
1630 1757 1813 1792 pernoctavit,
1830 1762 1858 1786 et

1053 1805 1115 1832 qua:
1124 1798 1237 1826 minaris
1247 1798 1371 1826 incendia
1382 1800 1614 1835 aedificiorumque
1626 1803 1783 1831 eversiones
1796 1811 1856 1838 per-

1056 1845 1129 1879 egit;
1148 1844 1194 1872 sed
1210 1845 1360 1880 perierunt,
1392 1850 1420 1873 et
1435 1847 1544 1874 nonnisi
1565 1847 1592 1874 iu
1610 1849 1729 1877 nominis
1747 1858 1853 1878 memo-

1058 1891 1098 1917 ria
1122 1896 1293 1926 supersunt;
1312 1891 1435 1919 Romana
1467 1901 1531 1920 vero
1547 1899 1666 1928 potestas
1680 1895 1739 1923 suis
1755 1896 1854 1924 funda—

1060 1937 1161 1963 mentis
1172 1936 1304 1964 coustitit.
1319 1936 1372 1964 Sed
1387 1942 1450 1964 ante
1465 1938 1683 1966 illosAvarorum
1696 1948 1773 1975 gens.
1788 1950 1856 1976 quo-

1061 1989 1121 2008 rum
1137 1990 1186 2010 vos
1206 1990 1300 2011 ramus
1313 1983 1380 2011 estis
1391 1984 1504 2011 avulsus
1517 1989 1543 2011 et
1558 1985 1604 2019 (ne
1628 1986 1719 2020 gravis
1745 1987 1793 2015 tibi
1819 1989 1856 2016 sit

1060 2035 1151 2055 sermo
1168 2029 1256 2062 meus)
1272 2030 1344 2056 servi
1359 2033 1386 2057 et
1404 2029 1509 2063 fugitivi
1525 2035 1620 2058 contra
1632 2032 1712 2059 istam
1727 2040 1854 2068 magnam

1059 2073 1166 2106 urbem,
1183 2074 1223 2100 illi
1236 2074 1357 2101 omnium
1380 2075 1500 2103 domina:
1517 2083 1550 2104 ac
1566 2077 1668 2112 regina
1682 2078 1742 2106 urbi
1761 2080 1856 2115 subje-

1056 2122 1139 2151 ctam,
1169 2119 1387 2148 numerosissimi
1416 2121 1539 2157 adusque
1562 2124 1664 2152 moenia
1689 2124 1853 2154 iuuerunt:

1056 2169 1083 2191 at
1097 2164 1238 2198 perierunt
1247 2165 1274 2192 bi
1287 2172 1408 2202 quoque,
1420 2175 1469 2195 nec
1480 2168 1536 2203 jam
1551 2176 1700 2205 supersunt
1712 2173 1800 2206 gentis
1811 2181 1854 2201 re-

1057 2210 1165 2244 liquiae;
1183 2212 1241 2240 haec
1257 2220 1322 2240 vero
1337 2213 1423 2249 gloria
1439 2219 1520 2250 atque
1531 2217 1651 2252 potentia
1666 2219 1718 2246 sibi
1729 2220 1854 2254 aprinci-

214 2260 366 2293 ἀπώλοντο,
384 2261 431 2287 καὶ
444 2260 505 2286 οὐῆὲ
518 2260 645 2295 λείψανον
659 2261 706 2288 τοῦ
729 2260 826 2295 γένους
843 2261 1003 2296 ὑφίσταται,

1062 2257 1104 2292 pio
1112 2258 1184 2286 datis
1194 2258 1328 2294 splendet.
1340 2259 1423 2288 Visne
1431 2262 1514 2289 alium
1524 2271 1633 2298 quoque
1640 2265 1687 2292 tibi
1698 2266 1853 2295 scribamus

213 2305 284 2340 αὕτη
301 2306 330 2333 δὲ
344 2305 392 2332 σὺν
403 2307 436 2340 τῇ
452 2305 572 2341 λαχούσῃ
585 2306 656 2341 αὐτῇ
670 2305 700 2338 ἐξ
712 2306 800 2341 ἀρχῆς
813 2307 859 2333 καὶ
872 2306 935 2342 δόξῃ
957 2307 1005 2334 καὶ

213 2352 336 2388 βασιλείᾳ
347 2351 534 2387 φαιδρύνεται.
546 2351 642 2379 Βούλει
653 2361 693 2379 σοι
703 2355 749 2379 καὶ
758 2352 843 2388 ἄλλην
853 2353 1004 2388 γράψωμεν

214 2398 382 2433 τυραννικὴν
400 2398 506 2433 ἔφοδον,
521 2398 567 2425 καὶ
589 2398 645 2425 οὐδ’
660 2399 722 2426 ὅσον
737 2400 784 2426 καὶ
796 2398 876 2431 ἀξίαν
892 2399 1004 2434 συγκρί-

213 2443 305 2470 νεσθαι
317 2445 350 2479 τῇ
365 2444 486 2479 ὑμετέρᾳ
501 2444 589 2480 ἐφόδῳ
599 2452 607 2478 ;
619 2443 656 2471 To
667 2444 836 2480 Σαρακηνῶν
852 2445 931 2479 γένος
943 2453 1005 2471 ναυ-

213 2489 240 2515 σὶ
259 2489 310 2523 μὲν
327 2489 468 2525 μυριάσιν,
494 2490 598 2526 ἱππότῃ
612 2490 641 2517 δὲ
671 2491 718 2518 καὶ
737 2491 811 2526 πεζῷ
834 2491 892 2527 λαῷ
917 2491 1003 2527 ὑπερ-

213 2534 350 2567 ϐάλλοντι,
367 2534 417 2570 τὴν
431 2535 556 2570 μεγάλην
570 2536 675 2570 ταύτην
693 2536 741 2563 καὶ
758 2535 796 2568 ὡς
815 2535 927 2572 ἀληθῶς
954 2536 1001 2564 τοῦ

212 2580 281 2607 Θεοῦ
301 2580 379 2607 πόλιν
393 2582 439 2607 ἐπὶ
455 2582 562 2616 χρόνοις
594 2583 664 2609 ἑπτὰ
692 2583 932 2619 περιεκύκλωσαν,
955 2584 1004 2611 καὶ

215 2627 320 2658 πάντας
348 2625 418 2654 εῐδεν
434 2628 569 2661 ἀπώλεια,
595 2629 643 2656 καὶ
667 2630 809 2662 παντελῶς
827 2631 913 2665 ὀλίγοι
933 2631 1002 2666 πρδς

212 2672 261 2707 τὴν
290 2672 359 2699 ἰδίαν
374 2673 494 2709 πατρίδα
524 2674 711 2710 ὑπέστρεψαν·
729 2675 800 2712 αὕτη
826 2676 854 2703 δὲ
878 2676 1001 2712 διαμένει

211 2718 258 2745 καὶ
272 2717 433 2750 διασώζεται
445 2719 494 2754 τῆς
507 2720 536 2753 ἐξ
550 2720 638 2756 ἀρχῆς
658 2720 783 2754 εὐδοκίας
803 2723 1000 2759 φρουρουμένη

211 2766 272 2795 ταῖς
301 2765 443 2800 πτέρυξιν.
472 2766 616 2801 Ἦγάπησα
641 2767 689 2794 καὶ
715 2768 816 2802 ἀγαπῶ
844 2777 885 2803 σε,
905 2769 1002 2796 τέκνον

210 2811 300 2846 ἡμῶν,
316 2812 329 2838 ό
345 2812 509 2847 μωρλνοεὶς,
522 2813 558 2846 ὡς
573 2814 604 2840 σὺ
628 2814 727 2849 λέγεις,
746 2815 848 2851 πατὴρ,
871 2816 917 2842 καὶ
929 2824 1000 2851 συμ-

246 2889 256 2904 ⁶
272 2889 340 2918 i'sal.
360 2899 450 2925 xxxvi,
467 2891 510 2919 55.

1055 2306 1226 2341 tyranuicum
1248 2307 1390 2336 incursum
1407 2317 1460 2337 non
1475 2311 1548 2346 quod
1564 2311 1665 2347 dignus
1681 2313 1773 2348 sitqui
1788 2322 1852 2342 cum

1056 2358 1148 2380 vestro
1179 2352 1309 2382 incursus
1334 2356 1530 2390 comparetur?
1547 2357 1749 2386 Saracenorum
1772 2367 1851 2395 gens,

1055 2405 1118 2424 cum
1151 2397 1398 2429 innumerabilibus
1425 2402 1554 2436 navibus,
1577 2411 1640 2431 cum
1662 2406 1850 2435 numerosiora

1054 2444 1178 2485 equitatu
1189 2452 1224 2473 ac
1244 2445 1365 2480 peditatu
1382 2454 1430 2481 per
1440 2453 1544 2483 septem
1567 2456 1657 2478 annos
1675 2458 1800 2485 magnam
1818 2452 1848 2480 il-

1055 2481 1108 2517 lam
1118 2495 1144 2518 et
1159 2499 1221 2520 vere
1240 2491 1288 2520 Dei
1303 2493 1397 2521 urbem
1415 2494 1628 2529 cireumcinxit;
1645 2504 1796 2533 omnesque
1804 2506 1849 2532 pe-

1057 2536 1171 2570 rieruut,
1180 2542 1207 2565 et
1216 2538 1375 2574 paucissimi
1385 2544 1490 2568 tantum
1501 2541 1527 2568 in
1537 2542 1653 2577 patriam
1663 2546 1849 2575 suntreversi.

1059 2582 1122 2612 Huic
1140 2592 1203 2612 vero
1225 2585 1350 2614 subsistit
1361 2592 1389 2614 et
1403 2593 1591 2622 conservatur,
1609 2590 1729 2625 antiquae
1744 2591 1791 2620 Dei
1805 2593 1848 2620 be-

1055 2631 1217 2660 nevolentiae
1226 2634 1397 2668 protectione
1410 2635 1558 2663 custodita.
1572 2635 1610 2663 To
1621 2637 1702 2665 dilexi
1720 2642 1802 2673 atque
1810 2640 1851 2667 di-

1054 2677 1119 2712 ligo,
1131 2677 1166 2705 iiii
1181 2678 1229 2711 mi,
1242 2678 1364 2713 insanus,
1379 2684 1409 2708 ut
1423 2681 1476 2714 ais,
1491 2687 1580 2717 pater,
1591 2683 1697 2718 tibique
1707 2685 1810 2712 suadeo
1822 2686 1849 2712 in

1053 2730 1130 2757 sana,
1142 2724 1330 2758 utarbitraris,
1345 2733 1408 2754 vere
1420 2731 1512 2755 autem
1523 2736 1576 2756 non
1593 2729 1689 2758 insana
1703 2739 1710 2758 :
1725 2739 1848 2758 errorem

1054 2769 1177 2805 relinque
1186 2778 1281 2798 eorum
1294 2773 1340 2807 qui
1352 2777 1377 2800 te
1387 2774 1543 2809 decipiunt;
1557 2783 1653 2804 vanam
1663 2785 1737 2812 spem
1749 2778 1848 2812 abjice,

1053 2819 1198 2845 contentus
1227 2817 1265 2844 sis
1282 2825 1312 2845 ea
1327 2823 1459 2853 potestate
1476 2828 1558 2856 quam
1585 2830 1599 2850 ιι
1618 2823 1672 2851 tuis
1697 2823 1849 2859 majoribus
