2000 3070
227 111 263 143 95
791 108 945 139 NICOLAI
967 107 1016 137 ΟΡ.

1067 108 1298 138 ΑΤΒΙᾹΒΟΗΕ
1815 103 1852 135 96

229 167 316 202 μένης
344 168 374 195 τδ
397 168 444 196 τοῦ
472 168 633 204 πράγματος
667 166 843 202 χρεώστημα,
879 163 1108 192 συνεπιλαϐέσθαι
1133 165 1166 199 τῇ
1199 165 1322 200 ἡμετέρᾳ
1347 164 1491 200 πρεσϐείᾳ,
1504 144 1742 198 ἐξευμενίσασθαι.
1779 163 1851 189 καθ-

230 213 371 241 ικετεῦσαι
389 213 435 241 τὸν
451 215 625 250 ἠγαπημένον
637 213 693 240 υίδν
711 213 801 247 ἡμῶν.

266 259 388 289 Plurima
410 267 474 289 sunt
499 270 558 297 quae
584 265 655 289 tuam
684 259 899 288 obsecratimiem
924 258 1059 294 juvareA

232 314 348 342 possunt
368 317 375 335 :
396 309 482 342 primo
505 307 612 342 quidem
636 307 709 341 quod
741 306 816 341 prius
835 306 965 337 diximus.
991 305 1018 332 id

193 387 195 390 ν
233 357 276 380 est
301 353 403 381 Christi
421 357 448 380 et.
469 353 514 380 Dei
531 352 616 379 nostri
637 351 841 380 inconsolabilis
855 351 932 379 dolor
945 350 1019 386 quod

233 398 279 433 qui
301 399 457 433 pra-clarum
484 399 543 432 ejus
560 406 658 425 nomen
674 401 793 432 portant.
808 397 879 432 quod
895 402 924 424 ut
939 395 1018 424 nobis

234 443 348 470 donaret
370 443 439 470 sicut
453 443 512 471 ovis
540 443 574 470 ad
594 443 760 471 occisionem
788 443 886 470 ductus
899 446 940 470 est
951 443 973 474 '.
991 442 1019 469 iu

234 487 349 513 invicem
370 487 486 514 bclluiua
505 487 610 515 feritate
624 486 782 520 eﬂcranlur,
802 492 894 515 sancta
909 493 1020 521 quoque

233 533 331 566 templa
356 533 382 559 in
405 532 505 566 quibus
532 533 614 560 Deum
630 533 754 567 implorat
770 540 820 568 pro
843 540 872 560 se
886 533 954 567 ipso,
971 540 1019 566 pro

231 578 357 612 conjuge.
377 586 427 612 pro
445 579 538 606 liberis
552 583 578 606 et
594 579 720 606 universa
734 583 812 614 gente
823 581 901 613 cujus
917 578 1019 606 consti-

230 626 305 649 tutus
326 627 367 650 est
385 623 523 657 princeps,
547 631 655 651 sacrum
671 623 752 651 etiam
767 628 793 651 et
817 624 1020 652 immaculatum

229 675 329 702 corpus
344 673 371 694 et
381 668 504 703 sanguis,
515 677 574 703 qua:
591 669 758 696 manducans
772 673 799 696 et
809 669 902 697 bibens
914 670 1019 697 ﬁrmam

230 720 310 746 spem
344 713 425 740 habet
452 714 605 741 sanctitatis
628 715 686 742 Iieri
712 723 740 743 se
768 715 1020 751 participem;tuis

229 758 401 786 sermonibus
411 759 446 787 ob
462 759 535 787 illius
547 759 640 788 oculos
655 767 739 795 pone,
755 768 813 796 qua:
827 761 942 796 propriis
956 768 1021 788 ocu-

229 803 264 830 lis
275 808 302 830 et
322 808 384 831 aute
400 809 445 832 tua
465 805 535 832 dicta
550 805 617 833 vidit
637 813 686 834 nec
699 807 824 842 ignorare
845 811 943 841 potest,
959 807 1020 834 uni-

229 855 338 874 versam
358 856 440 883 quam
462 850 617 885 peragravit
633 854 732 878 terram
753 851 865 879 omnino
883 851 1019 878 desertam

229 893 289 920 loco
301 893 410 928 pristini
427 899 552 928 ornatus,
580 903 706 931 agrorum
729 897 912 924 miserandam
926 896 1018 924 defor-

1109 259 1200 295 Ἔχεις
1223 259 1323 291 πολλὰς
1351 260 1481 295 ἀφορμὰς
1506 257 1692 292 συνεργοῡσας
1716 256 1785 292 πρδς
1804 255 1854 290 τὴν

1071 305 1176 332 ἐκείνου
1193 305 1352 340 δυσώπησιν
1362 314 1370 321 ·
1389 305 1498 340 πρῶτον
1524 305 1583 339 μὲν,
1598 304 1648 330 ὅσα
1662 304 1676 330 ὸ
1691 302 1769 336 λόγος
1787 310 1854 336 προ-

1068 350 1160 377 λαϐὼν
1172 349 1244 380 εἶπε.
1261 351 1310 377 τοῦ
1326 349 1446 385 Χριστοῦ
1463 349 1510 377 καὶ
1522 348 1590 375 Θεοῦ
1609 347 1689 383 ήμῶν
1703 347 1734 374 τὸ
1746 348 1855 381 ἀπαρτις

1070 396 1190 432 μύθητον
1206 396 1299 430 ἄλγος,
1316 397 1358 431 ἐφ’
1370 394 1411 427 οἷς
1423 396 1448 422 oi
1461 396 1492 422 τδ
1503 395 1608 422 ἐκείνου
1620 395 1710 429 τίμιον
1723 392 1854 427 φέροντες

1068 443 1155 477 δνομα
1170 442 1208 474 ὡς
1225 442 1361 478 πρόϐατον
1378 442 1424 468 ἐπὶ
1439 440 1545 476 σφαγὴν
1561 440 1701 475 ἀχθέντος,
1717 438 1761 465 ἳνα
1775 437 1853 464 τοῦτο

1068 488 1134 523 ἡμῖν
1153 488 1183 514 τὸ
1198 487 1283 523 ὄνομα
1309 487 1466 523 χαρίσηται,
1491 486 1552 513 κατ’
1567 485 1690 519 ἀλλήλων
1704 483 1853 519 ἐξεθηριὼ-

1069 533 1164 568 Θησαν,
1181 534 1242 564 τοὺς
1271 533 1361 568 ίεροὺς
1382 533 1462 563 ναοὺς
1478 532 1506 558 ἐν
1522 529 1562 563 οἷς
1576 530 1643 565 πρὸς
1665 529 1783 562 ἔντευξιν
1799 530 1855 556 εισ-

1069 579 1178 614 έρχεται
1207 577 1253 604 τοῦ
1279 577 1347 604 Θεοῦ
1368 577 1438 612 ὑπὲρ
1453 576 1569 608 ἑαυτοῦ,
1584 576 1656 611 ὑπὲρ
1672 575 1785 607 παίδων,
1805 573 1854 600 καὶ

1069 624 1131 651 ὅλου
1155 624 1227 659 φημὶ
1253 624 1300 650 τοῦ
1328 623 1433 656 ἔθνους,
1459 619 1490 650 οῦ
1514 622 1656 654 δεσπόζειν
1677 621 1808 652 κατέστη,
1823 619 1854 646 τὸ

1069 669 1146 703 ἅγιον
1161 670 1208 696 καὶ
1233 669 1421 704 πανάχραντον
1445 668 1525 703 σῶμα
1548 668 1594 694 καὶ
1611 666 1692 701 αἷμα,
1705 663 1743 693 ὧν
1755 666 1854 693 ἐσθίων

1070 715 1118 741 καὶ
1133 714 1220 740 πίνων
1241 714 1423 745 ἀδιστάκτους
1444 713 1555 744 ἐλπίδας
1576 712 1633 747 ἔχει
1648 710 1787 746 ἁγιασμοῦ
1803 709 1854 744 μέ-

1071 769 1148 795 τοχος
1162 759 1294 793 γίνεσθαι.
1314 760 1495 795 Παρὰστησον
1519 757 1593 793 αὐτῷ
1608 758 1652 785 διὰ
1672 757 1728 783 τῶν
1740 756 1795 783 σῶν
1809 756 1855 782 λό-

1070 814 1127 840 ¹των
1140 807 1169 833 ἐν
1195 804 1346 840 ὀφθαλμοῖς
1369 806 1419 832 ὅσα
1443 805 1546 836 ἐκεῖνος
1569 803 1684 834 οἰκείαις
1705 802 1784 837 ὂψεσι
1807 803 1856 828 καὶ

1070 852 1123 887 πρὸ
1138 851 1191 877 τῶν
1208 851 1262 877 σῶν
1275 851 1364 885 λόγων
1382 850 1546 885 τεθεαμένος
1559 850 1609 876 οὐκ
1626 849 1727 882 ἀγνοεῖ,
1744 848 1791 883 τῆς
1803 847 1855 882 γῆς

1069 897 1135 932 ὅσην
1163 897 1255 932 διῆλθε
1275 897 1326 931 τὴν
1339 896 1457 931 ἐρημίαν
1479 896 1529 929 τὴν
1555 895 1616 922 ἀντὶ
1639 894 1689 928 τῆς
1713 893 1854 928 όρωμένης

230 939 352 966 mitatem
369 940 404 967 ob
428 945 532 975 segetes
549 941 697 976 vineasque
712 947 738 970 et
751 943 879 975 arbores;
895 950 1016 970 comme-

1069 943 1133 979 ἄχρι
1149 942 1196 970 τοῦ
1216 943 1263 970 νῦν
1291 942 1471 978 ὼραιότητος,
1484 942 1540 968 τῶν
1563 941 1661 976 χωρῶν
1680 940 1729 975 ὅση
1756 940 1788 965 ἐκ
1800 940 1855 965 τῶν

229 992 305 1011 mora
316 992 457 1013 sacrarum
468 986 523 1014 Deo
538 987 635 1015 aedium
645 989 825 1018 eversionem.
838 996 905 1024 quas
912 989 1019 1024 piorum

231 1037 330 1057 manus
346 1031 372 1057 in
384 1030 430 1058 Dei
450 1031 562 1066 gloriam
586 1037 660 1060 tanto
677 1033 770 1061 labore
795 1033 1018 1066 adiﬁcavcruut;

229 1074 298 1102 adde
325 1076 405 1103 etiam
428 1078 534 1105 ruinam
562 1078 758 1106 venerabilium
778 1078 1020 1111 monasteriorum,

229 1120 257 1146 in
272 1120 372 1155 quibus
390 1123 527 1156 monachi,
544 1124 572 1150 in
586 1124 687 1158 quibus
701 1124 822 1159 virgines
833 1123 950 1157 hymnos
964 1123 1020 1150 Deo

230 1166 290 1193 sine
307 1167 511 1196 intermissione
523 1169 667 1202 canebant,
685 1177 799 1204 quaeque
819 1177 891 1196 nunc
900 1169 1018 1204 iacentia

230 1211 431 1246 relinquuntur.
448 1212 524 1240 Adde
539 1221 647 1249 quoque
659 1215 782 1242 diversas
799 1215 938 1242 hominum
962 1222 1015 1242 ca:-

229 1256 287 1289 des,
305 1257 386 1291 proh!
400 1258 484 1286 nimia
499 1259 630 1287 daemonis
641 1260 747 1288 scelesti
759 1261 799 1288 vis
814 1260 912 1287 misera
929 1261 936 1287 l
953 1267 1016 1288 san-

230 1307 337 1329 ctorum
356 1304 705 1341 mouacliorum,virginum
720 1307 918 1342 mulierumque
933 1308 1016 1334 cada-

228 1354 292 1374 vera
306 1348 430 1382 diSpersa
445 1354 527 1385 atque
542 1351 687 1386 insepulta,
698 1352 866 1388 canibusque
882 1357 909 1381 et
920 1352 1016 1380 bestiis

228 1393 347 1428 pra-dam
368 1396 485 1430 objecta.

1072 990 1205 1024 σταχύων,
1223 990 1274 1024 ὅση
1290 989 1319 1022 ἐξ
1334 988 1476 1023 ἀμπέλων,
1492 988 1541 1021 ὅση
1557 987 1589 1014 ὲκ
1601 987 1655 1013 τῶν
1671 986 1759 1014 ἄλλων
1772 985 1854 1020 ἀκρο-

1069 1036 1158 1069 δρύων
1183 1035 1302 1069 ἐλεεινὴν
1328 1034 1479 1068 ἀμορφίαν.
1506 1033 1674 1067 ’Λνάμνησον
1701 1031 1783 1058 αὐτὸν
1805 1031 1855 1066 τῆς

1071 1080 1264 1114 καταστροφῆς
1278 1079 1333 1106 τῶν
1349 1080 1433 1113 ἁγίων
1453 1078 1500 1105 τοῦ
1522 1078 1590 1104 Θεοῦ
1607 1079 1701 1109 οἴκων,
1717 1077 1763 1109 οὓς
1778 1077 1855 1104 εὐσε-

1071 1125 1127 1151 ϐῶν
1143 1125 1233 1160 χεῖρες
1256 1124 1296 1156 είς
1312 1124 1391 1156 δόξαν
1414 1124 1482 1150 Θεοῦ
1506 1123 1575 1157 μετὰ
1594 1123 1699 1149 πολλῶν
1723 1123 1855 1156 καμάτων

1071 1169 1229 1206 ἁνήγειραν.
1244 1169 1364 1204 Πρόσθες
1375 1170 1425 1204 τὴν
1443 1168 1581 1195 ἀπώλειαν
1597 1167 1650 1194 τῶν
1663 1167 1771 1208 σεμχῶν
1787 1168 1855 1194 Bia:-

1067 1216 1208 1250 τημάτων,
1229 1216 1258 1241 έν
1283 1212 1324 1246 οἷς
1345 1213 1519 1250 μονάζοντες,
1543 1215 1573 1240 ἐν
1591 1209 1632 1244 οἷς
1657 1212 1788 1248 παρθένοι
1812 1212 1854 1238 διὰ

1068 1262 1167 1293 παντὸς
1180 1261 1281 1296 ῦμνους
1291 1261 1448 1294 ἀνέπεμπον
1466 1260 1503 1292 τῷ
1520 1259 1590 1294 Θεῷ,
1602 1258 1649 1285 καὶ
1664 1259 1712 1285 νῦν
1731 1258 1760 1284 έν
1775 1258 1849 1293 ἐρει-

1068 1308 1141 1339 πίοις
1155 1307 1296 1334 λέλειπται
1320 1306 1508 1341 κατακείμενα
1519 1314 1527 1322 υ
1545 1305 1663 1340 πρόσθες
1679 1305 1727 1331 ἐπὶ
1747 1304 1852 1334 τούτοις
1866 1314 1868 1317 ·

1067 1355 1118 1384 τὰς
1134 1353 1320 1388 πολυτρόπους
1336 1353 1391 1378 τῶν
1414 1352 1565 1387 ἀνθρώπιον
1578 1351 1696 1385 σφαγὰς,
1716 1351 1788 1384 οἶμοι
1803 1350 1853 1382 τῆς

1067 1399 1201 1435 τοσαύτης
1213 1398 1260 1426 τοῦ
1276 1398 1396 1433 πονηροῦ
1413 1398 1538 1433 δαίμονος
1557 1397 1659 1432 ίσχύος,
1675 1397 1729 1423 τῶν
1745 1396 1852 1431 ἱερέων,

226 1442 282 1469 τῶν
307 1444 480 1479 μοναζόντων
504 1446 620 1481 ἀνδρῶν,
650 1447 788 1481 γυναικῶν
811 1448 944 1484 ὲρῤιμένα
980 1447 1107 1483 σώματα,
1130 1448 1177 1474 καὶ
1216 1447 1278 1484 μηδ’
1298 1447 1364 1473 αὐτὸ
1395 1447 1475 1473 τοῦτο
1495 1445 1584 1480 ταφῆς
1605 1444 1754 1479 ἠξιωμένα,
1784 1442 1853 1470 ἀλλὰ

227 1490 290 1515 κυσὶ
306 1491 352 1517 καὶ
367 1491 473 1527 θηρίοις
485 1492 525 1523 είς
540 1492 644 1528 βρῶσιν
660 1494 871 1529 προτεθειμένα.

260 1536 328 1568 Quid
343 1542 434 1565 autem
446 1546 476 1565 ea
487 1538 569 1566 dico?
585 1538 708 1574 Magnam
718 1539 802 1567 habes
817 1540 1014 1568 etincﬂ'abilem

1106 1538 1160 1566 Καὶ
1179 1538 1206 1565 τί
1217 1538 1289 1573 λέγω
1302 1538 1407 1568 ταῦτα;
1425 1536 1631 1578 ἘχειςΙπολλὴν
1651 1535 1698 1561 καὶ
1714 1533 1852 1568 ἀμύθητον

224 1582 363 1616 copiamin
377 1583 422 1611 illa
438 1592 492 1611 non
508 1585 599 1612 audita
614 1586 745 1619 tragoedia
762 1591 788 1613 et
803 1587 973 1620 potissimum
988 1587 1015 1613 in

1067 1586 1099 1610 ἐκ
1119 1585 1166 1618 τῆς
1182 1585 1359 1619 ἀνιστορήτου
1372 1583 1473 1618 ταύτης
1485 1582 1637 1618 τραγῳδίας
1648 1581 1697 1616 τὴν
1710 1580 1851 1615 εὐπορίαν,

227 1628 436 1656 mansuetudine
453 1636 479 1656 et.
497 1630 691 1664 perfectissima
708 1631 781 1658 illius
796 1639 875 1666 quem
886 1632 1015 1660 obsecra-

227 1672 268 1698 bis
280 1673 432 1706 prudentia,
452 1676 523 1702 unde
537 1675 849 1708 atljuvcturintercessio
861 1685 869 1705 :
884 1678 930 1705 sed
942 1678 1014 1704 enim

227 1717 295 1744 meis
319 1717 428 1753 tuisque
442 1719 523 1746 simul
542 1720 635 1747 dolore
653 1725 679 1748 et
692 1729 741 1755 pro
764 1723 904 1750 communi
928 1723 1016 1750 salute

227 1765 254 1788 ct
265 1769 331 1795 pace
343 1767 484 1796 permotus
501 1764 588 1791 debita
606 1764 801 1798 sollicitudine.
812 1774 842 1793 ea
860 1767 939 1794 etiam
953 1775 1015 1802 quas

227 1805 261 1832 ad
277 1814 338 1833 cum
366 1808 502 1842 pertinent
517 1809 673 1837 demonstra
698 1820 704 1838 :
727 1815 852 1838 nostrum
868 1820 949 1846 porro
967 1821 1015 1847 pro

226 1852 306 1880 nobis
323 1853 440 1882 cilicium
467 1863 499 1882 eo
526 1856 607 1884 modo
623 1856 704 1891 imple
729 1865 783 1891 quo
803 1858 961 1892 nosmetipsi
991 1859 1013 1886 si

225 1898 383 1928 adessemus
402 1909 409 1927 :
425 1908 522 1928 manus
540 1901 613 1929 illius
633 1902 823 1937 complectere,
837 1910 935 1939 genua
952 1912 1015 1938 pre-

224 1944 323 1978 hende,
340 1950 376 1979 et,
393 1946 416 1973 si
434 1953 503 1982 Opus
519 1952 571 1980 est,
586 1947 668 1975 etiam
685 1948 777 1982 pedes,
791 1956 844 1976 uno
859 1949 953 1982 verbo,
971 1950 1014 1977 ni-

223 1990 260 2017 hil
278 1995 324 2018 aut
343 1991 445 2024 dicere,
475 1997 521 2020 aut
538 1992 628 2020 facere
653 1993 774 2027 omittas,
794 1995 944 2030 usquedum
976 1995 1010 2022 ad

223 2037 299 2071 pacis
333 2037 433 2065 bonum
472 2046 591 2074 superna
625 2040 835 2067 mansuetudine
865 2041 1011 2068 inclinetur

222 2081 311 2109 doleis
331 2083 377 2109 ﬁlii
392 2083 477 2110 nostri
492 2084 613 2115 animus,
638 2084 744 2120 virique
763 2085 797 2113 ab
816 2093 849 2113 eo
869 2086 1011 2114 mittantur

223 2134 271 2161 per
284 2134 352 2162 quos
368 2134 533 2157 renoventur
544 2131 621 2165 pacis
633 2129 748 2163 fcedera.
765 2136 928 2159 evanescant
947 2131 1010 2159 belli

223 2173 485 2209 inimicitiarumque
497 2176 578 2208 mala,
599 2177 716 2210 pellatur
728 2177 853 2204 diabolus
867 2177 914 2212 qui
931 2185 1008 2205 com-

223 2219 352 2246 munibus
368 2219 551 2248 Romanorum
567 2222 799 2257 Bulgarorumque
812 2223 890 2250 malis
901 2223 1007 2258 gaudet,

223 2263 336 2292 redeant
363 2265 446 2293 libere
461 2267 625 2294 venerabilis
651 2268 758 2295 dilectio
774 2268 958 2303 przeclaraque
974 2269 1007 2296 il-

222 2311 275 2338 !ius
294 2311 363 2338 bona
378 2319 426 2347 per
434 2320 495 2348 quae
507 2311 597 2339 laatitia
612 2313 800 2348 honorumque
814 2314 891 2348 copia
902 2314 1010 2348 utrique

221 2357 321 2392 populo
336 2357 470 2384 accedent
493 2365 526 2385 ac
541 2357 793 2386 crudelissimorum
811 2366 910 2386 sensus
927 2358 1010 2385 malo-

220 2410 293 2435 rum,
308 2403 399 2431 vultus
413 2403 546 2432 demissio
559 2405 650 2440 :atque
673 2404 805 2432 maestitia
820 2412 836 2432 e
853 2404 943 2432 medio
959 2405 1011 2432 tol-

219 2447 320 2476 Icntur.

1067 1630 1114 1656 καὶ
1127 1630 1172 1656 ἐπὶ
1189 1631 1256 1656 πᾶσι
1274 1630 1323 1665 τὴν
1338 1629 1385 1656 τοῦ
1401 1628 1599 1662 δυσωπημένου
1621 1627 1789 1662 ἡμερότητα,
1805 1627 1852 1652 καὶ

1066 1675 1116 1709 τὴν
1133 1675 1305 1710 τελειοτάτην
1322 1675 1454 1710 φρόνησιν
1469 1675 1508 1704 εἰς
1523 1674 1552 1699 τὸ
1570 1671 1851 1707 συγκαταπράξασθαι

1066 1723 1116 1756 τὴν
1138 1721 1305 1756 πρεσϐείαν·
1330 1721 1399 1749 ἀλλὰ
1421 1722 1475 1756 γὰρ
1495 1720 1654 1754 κινούμενος
1679 1720 1739 1750 ταῖς
1754 1717 1851 1749 κοινῶς

1066 1768 1117 1802 ὲμέ
1132 1776 1162 1793 τε
1178 1768 1224 1794 καὶ
1242 1767 1272 1793 σὲ
1286 1767 1480 1802 ἀπαραιτήτως
1494 1766 1669 1800 συνεχούσαις
1682 1764 1787 1795 ὀδύναις
1803 1764 1851 1790 καὶ

1065 1814 1125 1844 ταῖς
1147 1812 1274 1848 ἐχούσαις
1288 1813 1363 1847 ἡμᾶς
1384 1812 1525 1846 ὀφειλέτας
1548 1812 1695 1846 μερίμναις
1712 1810 1782 1844 ὑπὲρ
1800 1809 1851 1843 τῆς

1067 1859 1159 1893 κοινῆς
1177 1858 1314 1892 σωτηρίας
1336 1857 1382 1884 καὶ
1398 1857 1519 1892 εἰρήνης,
1538 1857 1670 1888 ἐπίδειξαι
1690 1857 1738 1891 μὲν
1754 1856 1801 1881 καὶ
1816 1856 1850 1881 τὰ

1067 1903 1132 1938 παρ’
1150 1902 1248 1929 ἑαυτοῦ
1261 1910 1268 1917 ⁶
1288 1903 1432 1938 πλήρωσον
1449 1902 1477 1928 δὲ
1493 1901 1540 1928 καὶ
1555 1901 1612 1927 ἀνθ’
1631 1901 1710 1935 ἡμῶν
1727 1901 1761 1926 τὰ
1777 1899 1848 1934 ἡμέ-

1065 1957 1132 1984 τερα
1145 1949 1193 1975 ὅσα
1205 1949 1229 1974 εί
1243 1948 1376 1983 παρόντες
1387 1948 1420 1975 ἂν
1432 1947 1510 1974 αὐτοὶ
1521 1946 1726 1982 διεπραξάμεθα
1735 1954 1743 1961 ⁸
1757 1948 1849 1981 χεῖρας

1066 1994 1243 2029 περίπτυξαι,
1260 1994 1344 2020 λαϐοῦ
1364 1994 1496 2028 γονάτων,
1514 1994 1539 2020 εί
1558 1993 1648 2029 δεήσει
1661 1992 1708 2019 καὶ
1724 1993 1778 2018 τῶν
1798 2000 1849 2018 πο-

1063 2041 1126 2072 δῶν,
1141 2041 1189 2067 καὶ
1209 2039 1302 2071 ἁπλῶς
1330 2039 1420 2074 λόγοις
1443 2041 1490 2066 καὶ
1511 2039 1657 2075 πράγμασι
1677 2039 1714 2074 μὴ
1739 2039 1846 2073 ἀπόσχῃ

1063 2087 1153 2114 πάντα.
1173 2085 1268 2119 ποιῶν,
1287 2087 1339 2118 ἕως
1356 2086 1389 2112 ἂν
1404 2087 1436 2121 τῇ
1457 2086 1561 2112 ἄνωθεν
1586 2085 1714 2121 εὐμενείᾳ
1729 2085 1796 2120 προς
1816 2084 1846 2110 τὸ

1062 2133 1110 2167 τῆς
1124 2133 1236 2167 εἰρήνης
1261 2131 1342 2158 καλὸν
1363 2133 1380 2167 ἡ
1398 2132 1512 2166 γλυκεῖα
1527 2131 1574 2158 τοῦ
1595 2131 1731 2165 ἡμετέρου
1748 2131 1845 2156 τέκνου

1063 2178 1179 2214 συνέλθῃ
1194 2177 1278 2213 ψυχὴ,
1293 2178 1342 2203 καὶ
1357 2177 1495 2211 ἄνθρωποι
1516 2176 1580 2210 παρ’
1594 2175 1676 2202 αὑτοῦ
1694 2174 1846 2206 ἐξαποσταα

1062 2223 1139 2254 λῶσι,
1158 2222 1191 2248 δι’
1207 2220 1244 2249 ὧν
1263 2220 1526 2255 ἁνακαινισθήσεται
1540 2219 1590 2254 μὲν
1600 2220 1635 2245 τὰ
1653 2219 1703 2253 τῆς
1723 2219 1844 2253 είρήνης,

1061 2267 1302 2302 καταργηθήσεται
1315 2266 1344 2293 δὲ
1357 2266 1392 2292 τὰ
1403 2265 1456 2291 τῶν
1468 2265 1594 2299 πολέμων
1610 2263 1658 2291 καὶ
1670 2264 1718 2298 τῆς
1734 2264 1844 2298 ἔχθρας,

1059 2312 1264 2347 ἁπελαθήσεται
1278 2312 1307 2339 δὲ
1327 2311 1374 2338 καὶ
1386 2310 1508 2342 διάϐολος
1521 2312 1535 2337 ὀ
1550 2311 1610 2342 ταῖς
1626 2311 1728 2341 κοιναῖς
1741 2318 1846 2344 capso.

1062 2360 1122 2394 ραῖς
1137 2357 1300 2393 Βουλγάρων
1318 2357 1367 2384 καὶ
1389 2356 1533 2391 Ῥωμαίων
1544 2355 1757 2391 ἐπορχούμενος,
1774 2356 1845 2390 παρ-

1060 2405 1222 2440 ρησιάσεται
1241 2404 1269 2431 δὲ
1298 2404 1379 2431 πάλιν
1398 2404 1415 2440 ἡ
1439 2403 1591 2438 τιμιωτάτη
1621 2403 1727 2438 ἀγάπη,
1746 2403 1792 2429 καὶ
1809 2402 1844 2429 τὰ

1059 2451 1169 2486 ἐκείνης
1182 2451 1262 2486 τίμια
1278 2451 1441 2486 πράγματα,
1457 2450 1486 2484 ἐξ
1501 2449 1539 2477 ὢν
1554 2450 1707 2485 εὐφροσύνη
1725 2449 1772 2476 καὶ
1788 2449 1843 2475 τῶν

220 2493 312 2520 καλῶν
330 2493 483 2526 ἀπόλαυσις
505 2495 671 2531 ἀμφοτέροις
693 2497 749 2528 τοῖς
763 2495 838 2527 λαοῖς
869 2496 1098 2531 προσγενήσεται,
1115 2497 1169 2523 τῶν
1203 2496 1405 2532 χαλεπωτάτων
1433 2496 1461 2523 δὲ
1494 2496 1784 2532 πραγμάτωνὴπεῖρα
1795 2495 1843 2521 καὶ

220 2541 237 2574 ἠ
253 2541 390 2576 κατήφεια
403 2542 450 2568 καί
461 2542 477 2577 ή
494 2542 693 2578 σκυθρωπότης
707 2542 760 2569 τῶν
770 2542 923 2578 προσώπων
933 2543 1158 2578 ἀφανισθήσεται.

328 2607 399 2636 XIII.
409 2609 451 2636 Ad
464 2610 578 2644 privtum
597 2609 728 2637 Simeom's
742 2610 885 2637 hominem.

252 2673 429 2702 Maximarum
450 2677 630 2711 potentiarum
645 2677 764 2705 ministri
781 2677 906 2705 maximis
917 2678 1001 2705 virtu-

215 2721 287 2748 tibus
301 2727 327 2749 et.
343 2722 446 2749 meritis
463 2728 606 2757 ornantur,
632 2724 667 2751 Iili
684 2724 731 2757 mi,
749 2731 834 2759 coque
852 2725 936 2759 magis
948 2732 1001 2759 quo

251 2811 262 2829 ⁹
280 2811 332 2839 Isa.
348 2819 405 2843 LIII,
423 2810 448 2836 7.

1147 2609 1195 2637 II".
1215 2609 1258 2642 Τῷ
1272 2611 1376 2645 πρώτῳ
1393 2610 1536 2645 ἀνθρώπῳ
1557 2610 1610 2638 τοῦ
1623 2610 1754 2646 Συμεών.

1094 2678 1154 2704 Τῶν
1181 2679 1307 2713 μεγαλων
1334 2679 1464 2712 ἐξουσιῶν
1489 2679 1514 2706 οἱ
1539 2678 1672 2714 ὑπηρέται
1697 2678 1839 2714 μεγίσταις

1057 2724 1180 2759 ἀρετνίς,
1200 2725 1293 2750 τέκνον
1319 2725 1407 2759 ἡμῶν,
1437 2725 1601 2760 κοσμοῦνται
1626 2724 1673 2751 καὶ
1700 2723 1839 2759 κατορθώ-
