2000 3070
270 118 305 149 99
835 116 988 147 NICOLAI
1009 117 1065 148 (ΖΡ.

1119 115 1344 148 \TRIARCIIE

1848 111 1909 143 100

269 171 358 199 Patris
372 171 418 206 qui
435 174 461 199 te
471 178 486 199 a
499 171 634 207 principio
659 170 789 199 diiexitet
800 171 951 199 etiamnum
967 171 1058 208 diligit

1119 173 1159 200 ιαὶ
1179 172 1257 207 φίλος
1281 173 1393 208 ῥήματα
1417 170 1521 205 πατρὸς
1536 169 1566 202 ἐξ
1581 169 1669 205 ἀρχῆς
1686 177 1715 195 σε
1732 168 1909 203 φιλήσαντος

268 221 294 244 et
311 217 448 251 geminam
475 224 539 251 erga
555 222 581 244 te
605 216 766 244 cltaritatem
796 217 823 244 in
839 217 943 252 Spiritu
964 222 1060 244 sancto

267 265 368 292 servat,
383 261 416 288 iis
426 269 488 294 qua:
500 262 654 293 scribimus.
672 262 790 295 attende,
808 262 863 296 ﬁli;
879 262 906 291 in
922 261 978 290 Deo
987 263 1059 290 enim

269 314 430 341 persuasum
456 307 586 335 habemus
613 307 778 336 oblectantia
806 313 834 336 et
859 309 981 344 jucunda
1010 317 1060 337 nos

269 352 431 387 scripturus,
447 352 526 380 factis
546 353 674 382 amicitiae
696 362 795 382 nomen
822 355 1033 383 corroborantes
1052 365 1059 383 :

270 399 346 431 audi,
374 405 483 425 rursum
509 398 582 431 dico,
601 404 630 426 ut
655 399 698 427 vir
714 399 773 432 Dei,
799 408 833 428 ne
856 401 934 436 plura
959 401 1060 435 dicam.

271 443 363 470 nuntia
372 443 489 470 divinam
499 449 704 473 tuammentem
718 450 847 473 sanatura
864 455 871 473 :
887 447 909 475 si
925 447 997 474 enim
1012 455 1060 483 pro

272 489 413 524 temporali
434 493 578 524 potestate,
590 491 715 519 excitatis
726 499 741 518 a
752 491 860 519 diabolo
871 493 1007 521 scandalis
1013 500 1061 528 per

270 542 317 562 eos
331 535 378 570 qui
396 539 492 563 contra
509 540 584 564 tuum
597 536 664 564 mihi
679 537 806 566 dilectum
822 538 996 567 decertavere
1015 547 1062 567 ca-

272 586 330 616 put,
343 582 387 609 ira
402 586 555 610 commotus
568 583 653 617 fuisti,
669 588 751 619 atque
764 592 819 612 non
835 585 914 620 juxta
927 593 985 614 mea
999 591 1061 615 vota

272 628 370 660 sentis,
387 629 446 655 scio
465 633 555 656 tamen
578 629 718 657 evidenter
727 634 754 658 te
777 630 811 658 de
825 630 956 659 Ecclesia
971 633 1061 665 malis,

271 675 360 707 idest,
388 675 584 713 dilaceratione
612 681 638 704 et
666 677 783 705 ﬁliorum
809 677 870 712 ejus
890 679 1060 713 dissidentia,

270 721 462 748 contristatom
483 729 592 757 quoque
617 730 679 750 esse
691 727 719 750 et
733 728 887 758 nostrarum
901 726 1060 754 acerbarum

271 766 461 793 mmstidarum
478 766 562 794 luisse
576 767 746 803 participem,
760 768 788 797 in
810 769 852 797 bis
877 771 959 798 etiam
981 770 1062 799 Chri-

270 814 344 837 stum
359 811 540 839 lionorantcm
556 813 638 840 Deum
652 818 775 841 nostrum
793 821 807 841 a
818 822 874 850 quo
885 815 932 843 tibi
948 823 1062 851 regnare

269 862 297 883 et
312 857 457 884 incolumis
476 865 537 885 esse
564 858 657 886 datum
679 865 731 893 est,
755 865 782 888 et
798 860 825 888 in
845 860 937 889 futuro
961 863 1061 890 smculo

270 901 379 929 dabitur
395 902 470 930 salus
487 907 514 931 et
529 903 588 931 sine
600 903 651 932 (ine
662 904 758 939 gloria,
775 909 803 933 ut
814 906 934 940 (oramus
956 912 984 934 et
999 914 1061 942 spe-

270 955 374 976 ramus.

308 1086 482 1121 Nuntiamus,
501 1089 537 1116 ﬁli
553 1091 601 1122 mi,
627 1092 723 1119 nuntia
752 1100 814 1127 quae
830 1092 925 1120 audire
939 1093 1063 1120 omnium

269 1133 320 1160 tibi
332 1134 529 1168 gratissimum,
549 1137 684 1171 nobisque
697 1138 824 1164 nuntiare
840 1137 1066 1165 convenientissi-

272 1187 346 1206 tnum
360 1187 392 1206 ac
411 1181 529 1207 maxime
549 1182 706 1215 proprium;
723 1182 798 1208 unita
815 1187 857 1209 est
870 1182 916 1210 Dei
931 1181 1065 1216 Ecclesia,

272 1225 391 1251 cessavit
421 1225 493 1251 illius
512 1225 558 1260 qui
572 1233 587 1252 a
602 1226 736 1260 principio
751 1234 810 1253 eam
825 1227 990 1254 conturbare
1006 1235 1068 1254 ma-

275 1270 347 1303 ligne
364 1275 479 1297 conatus
498 1275 548 1302 est,
566 1272 694 1305 procella,
713 1272 787 1298 unita
802 1277 844 1300 est
864 1273 1066 1308 quodammodo

272 1319 299 1341 et
314 1316 430 1342 cessavit
445 1316 579 1349 proceila:
594 1317 639 1351 qui
652 1317 761 1352 quidem
783 1326 812 1345 se
828 1326 842 1345 τι
861 1319 940 1346 nobis
954 1327 1067 1354 separa-

273 1366 370 1388 vt-rant
381 1366 407 1388 ct
421 1369 468 1388 sna
485 1363 653 1397 separatione
677 1364 775 1391 rationi
803 1364 1003 1398 \‘aledixerant,
1018 1373 1066 1393 eos

272 1414 331 1435 suae
351 1408 509 1436 ambitionis
526 1409 653 1443 pmnituit
669 1415 696 1437 et
712 1410 756 1437 Dei
775 1411 862 1446 gratia
881 1412 915 1439 ad
941 1418 1065 1440 nostrutn

277 1460 388 1480 sensum
406 1460 471 1481 sunt
499 1455 622 1487 reversi;
645 1456 718 1490 quod
748 1457 855 1490 petebat
873 1457 1006 1490 Ecclesia,
1039 1458 1066 1485 id

1110 219 1160 246 καὶ
1177 219 1318 252 φιλοῦντος
1335 217 1382 244 καὶ
1407 216 1541 249 σώζοντος
1564 215 1684 250 στοργὴν
1699 214 1816 249 γνησίαν
1831 214 1910 249 πρὸς

1111 264 1141 290 σὲ
1166 264 1196 290 ὲν
1216 264 1286 298 ἁγίῳ
1311 262 1464 297 Πνεύματι,
1494 262 1625 296 πρόσχες,
1642 260 1738 287 τέκνον
1764 259 1843 294 ὲμδν,
1863 257 1911 290 οἷς

1110 308 1255 344 γράφομεν
1267 314 1274 321 ·
1302 307 1474 342 πεποίθαμεν
1489 306 1544 342 γὰρ
1558 307 1588 333 ὲν
1613 306 1674 342 Θεῷ
1689 306 1732 332 ’ότι
1751 305 1786 332 τὰ
1806 313 1911 331 συνευ-

1112 355 1264 390 φραὶνοντα
1280 355 1329 382 καὶ
1353 354 1503 389 συνήδοντα
1529 354 1685 389 γράφομεν,
1709 352 1758 380 xui.
1781 352 1829 378 ἐπὶ
1846 352 1910 382 τοῖς

1111 400 1203 436 ἔργοις
1229 400 1259 427 τὸ
1273 400 1359 434 ὄνομα
1379 400 1432 434 τῆς
1443 399 1535 434 φιλίας
1563 397 1745 434 βεϐαιοῦντες.
1767 398 1910 424 Ἄκουσον

1112 447 1161 474 καὶ
1183 447 1264 473 πάλιν
1289 446 1361 481 φημὶ
1377 446 1415 477 ὼς
1436 445 1484 472 τοῦ
1498 445 1567 472 Θεοῦ
1589 444 1735 480 ἅνθρωπος
1761 444 1911 478 συντόμως

1112 492 1210 524 είπεῐν,
1227 492 1374 526 εὐαγγέλια
1397 491 1487 527 ψυχὴν
1513 491 1625 526 θεοφιλῆ
1651 490 1859 525 θεραπεύοντα·
1881 490 1909 516 εί

1112 538 1166 572 γὰρ
1182 537 1229 563 καὶ
1245 537 1313 572 πρὸς
1325 537 1376 572 τὴν
1391 537 1529 572 κοσμικὴν
1542 537 1670 570 ἐξουσίαν
1685 536 1733 562 τοῦ
1746 536 1854 562 Σατανᾶ
1870 536 1909 562 τὰ

1113 583 1250 611 σκάνδαλα
1267 583 1448 618 κεκινηκότος
1471 583 1507 609 δι’
1521 580 1558 609 ὧν
1574 582 1646 609 κατὰ
1661 582 1711 616 τῆς
1727 582 1776 617 σῆς
1799 581 1908 616 ἠγωνί-

1113 637 1197 656 σαντο
1205 629 1301 664 τιμίας
1315 629 1378 663 ἐμοὶ
1390 627 1513 663 κεφαλῆς
1530 627 1741 663 ὲξετραχύνθης,
1755 628 1803 654 καὶ
1814 626 1909 658 ἄλλως

1112 676 1129 710 ἦ
1146 675 1184 707 ὥς
1211 675 1287 702 ἐστιν
1312 675 1379 710 εὐχή
1405 683 1450 709 μοι
1474 674 1638 706 διατίθεσαι,
1667 672 1727 700 ἀλλ’
1750 672 1910 706 ἐπίσταμαι

1113 720 1236 755 ἀκριϐῶς
1249 721 1290 747 ὅτι
1307 720 1353 746 ἐπὶ
1372 719 1411 755 τῷ
1426 718 1509 746 πάθει
1520 719 1570 753 τῆς
1593 717 1768 753 Ἑκκλησίας,
1783 716 1859 750 λέγω
1873 716 1910 750 δὴ

1112 766 1152 801 τῷ
1167 766 1327 802 σπαραγμῷ
1344 766 1392 792 καὶ¹
1404 767 1436 800 τῇ
1457 765 1598 792 διαστάσει
1617 764 1672 791 τῶν
1686 763 1791 790 τέκνων
1806 762 1909 796 αὐτῆς,

1113 814 1162 841 καὶ
1175 813 1330 847 συνήλγεις,
1345 812 1392 839 καὶ
1407 811 1532 846 συνεῖχον
1549 811 1609 845 μεθ’
1621 809 1700 845 ἡμῶν
1713 809 1826 844 πικραῖς
1843 809 1910 839 ταῖς

1112 859 1231 892 ὀδύναις,
1262 858 1352 893 τιμῶν
1375 858 1423 884 καὶ
1451 858 1482 884 ὲν
1505 857 1591 892 τούτῳ
1621 855 1740 892 Χριστὸν
1766 856 1812 882 τὸν
1837 855 1911 881 Θεὸν

1113 905 1205 941 ἡμῶν,
1221 905 1286 939 παρ’
1300 901 1331 931 οὗ
1352 913 1393 931 σοι
1420 903 1468 930 καὶ
1487 903 1518 930 τὸ
1535 903 1618 939 ἄρχον
1638 903 1685 929 καὶ
1709 901 1740 928 τδ
1756 900 1910 933 σώζεσθαι,

1113 951 1160 980 καὶ
1175 952 1192 986 ἡ
1206 951 1235 978 ἑν
1255 951 1294 986 τῷ
1315 950 1440 985 μέλλοντι
1464 949 1543 976 αῐῶνι
1565 948 1744 975 ἀποκείσεται
1769 946 1910 981 σωτηρία,

1114 1000 1162 1027 καὶ
1184 997 1253 1033 τιμὴ
1278 996 1469 1032 ἁτελεύτητος,
1494 995 1531 1027 ὥς
1558 1003 1590 1029 γε
1606 993 1744 1030 εὐχόμεθα
1764 993 1812 1020 καὶ
1826 992 1912 1018 ἑλπί-

1115 1045 1208 1080 ζομεν.

1152 1089 1396 1124 Εὗαγγελιζόμεθά
1410 1097 1463 1121 σοι,
1477 1087 1574 1113 τέκνον
1590 1087 1681 1122 ἡμῶν,
1695 1086 1855 1120 εὐαγγέλια,
1870 1081 1911 1112 ὢν

1118 1135 1166 1162 καὶ
1192 1135 1234 1161 σοὶ
1250 1134 1282 1160 τὸ
1296 1134 1413 1160 ἀκοῦσαι
1438 1133 1549 1159 πάντων
1565 1131 1708 1166 ἡδύτατον,
1727 1133 1774 1158 καὶ
1797 1132 1865 1166 ἡμῖν
1880 1132 1913 1157 τι)

1118 1180 1350 1215 εὐαγγελίσασθαι
1371 1179 1599 1214 πρεπωδέστατον
1616 1179 1724 1204 πάντων
1745 1178 1791 1203 καί
1808 1177 1914 1204 οἰκειό-

1117 1236 1209 1254 τατον.
1227 1227 1352 1254 Ἥνωται
1366 1227 1382 1261 ἡ
1399 1225 1446 1252 τοῦ
1463 1224 1531 1252 Θεοῦ
1552 1224 1712 1260 Ἐκκλησία,
1739 1223 1845 1258 ἐπαύθη
1859 1223 1910 1250 τοῦ

1117 1275 1148 1307 ἐξ
1175 1273 1263 1309 ἀρχῆς
1287 1271 1530 1307 πονηρευσαμένου
1556 1271 1659 1305 ταύτην
1687 1270 1870 1304 ἐκταράττειν
1892 1269 1910 1302 ἡ

1119 1321 1258 1354 καταιγὶς,
1279 1320 1383 1354 ἥνωται
1396 1318 1424 1344 δὲ
1440 1318 1499 1349 πᾶς
1514 1317 1561 1344 καὶ
1575 1318 1590 1352 ή
1609 1317 1737 1350 καταιγῖς
1753 1316 1910 1342 πέπαυται.

1117 1367 1150 1393 Οἱ
1167 1367 1217 1401 μὲν
1239 1365 1270 1397 ἐξ
1292 1364 1372 1400 ἡμῶν
1389 1362 1588 1398 κεχωρισμένοι
1612 1363 1661 1388 καὶ
1679 1361 1727 1388 τοῦ
1745 1361 1812 1387 ἰδίου
1829 1360 1912 1386 ἀντει

1119 1414 1227 1448 χόμενοι
1245 1410 1387 1447 χωρισμοῦ
1401 1409 1571 1441 ἁπετάξαντο
1585 1408 1624 1443 τῷ
1635 1407 1728 1440 οἰκείῳ
1741 1407 1911 1442 φρονήματι,

1119 1458 1296 1493 μετέγνωσαν
1314 1456 1357 1490 ἐφ’
1371 1452 1413 1487 οἷς
1436 1453 1633 1489 ἐφιλονείκουν,
1652 1452 1699 1478 καὶ
1714 1451 1845 1483 συνῆλθεν
1859 1451 1913 1485 χά-

272 1499 391 1526 eonfessi
404 1504 487 1531 sunt;
505 1505 541 1538 et,
558 1508 593 1528 ne
606 1500 685 1535 plura
698 1501 798 1534 dicam,
825 1510 905 1530 suum
925 1508 1065 1538 peccatum

1119 1513 1174 1540 ριτι
1202 1502 1271 1530 Θεοῦ
1290 1502 1330 1537 τῷ
1347 1501 1477 1537 ἡμετέρῳ
1505 1499 1677 1534 φρονήματι·
1698 1497 1745 1524 καὶ
1766 1497 1780 1523 δ
1796 1498 1828 1531 τῇ
1851 1497 1914 1523 Ἐκ-

271 1543 430 1571 conﬁtentes
444 1545 470 1571 in
487 1545 616 1573 Ecclesia:
631 1547 711 1574 uittas
727 1547 842 1582 benigne
854 1553 966 1583 apertas
984 1557 1067 1577 vene-

270 1595 352 1623 runt;
370 1591 529 1619 occludebat
539 1594 611 1620 enim
628 1601 714 1628 usque
729 1594 810 1622 modo
825 1603 889 1623 suas
912 1595 991 1623 ulnas
1016 1595 1067 1623 Ee-

270 1636 353 1663 clesia
369 1637 490 1663 humano
512 1645 599 1670 tnore,
614 1639 677 1673 quia
694 1639 733 1665 illi
756 1640 880 1667 hutnano
893 1641 974 1666 etiam
992 1648 1069 1668 more

271 1686 415 1708 senserant
423 1685 449 1708 et
458 1689 511 1716 qua
525 1684 619 1710 nescio
631 1684 662 1710 de
671 1691 752 1712 causa
763 1685 949 1713 contradicere
960 1694 1069 1713 amave-

273 1727 348 1756 rant;
367 1731 508 1760 postquam
518 1729 667 1763 autemgalla
677 1730 768 1757 omnia
781 1731 913 1758 removeri
928 1730 981 1759 Deo
991 1732 1071 1766 placi«

274 1773 330 1796 tum
342 1769 434 1803 fuerit,
444 1771 533 1799 divina
545 1773 742 1802 interveniente
751 1783 828 1810 pace,
839 1781 865 1804 tn
878 1785 959 1804 unutn
967 1778 1070 1806 coalui-

274 1821 336 1841 mus
347 1819 374 1842 et
387 1817 486 1851 recepti
500 1823 565 1845 sunt
583 1823 711 1854 tanquam
728 1823 849 1856 germani
868 1822 914 1849 lilii
939 1823 986 1857 qui
1003 1824 1070 1851 lme-

276 1867 363 1895 usque
395 1869 411 1889 a
444 1863 525 1891 nobis
559 1864 748 1899 discederant,
772 1866 826 1895 illis
846 1868 924 1902 quasi
955 1869 1071 1904 propriis

276 1908 409 1936 membris
435 1910 548 1938 adunati
580 1919 676 1939 sumus
693 1913 847 1941 ettandem
873 1914 994 1943 Ecclesia
1025 1915 1070 1943 Dei

273 1961 357 1980 unum
377 1959 420 1983 est
449 1961 541 1990 caput,
573 1957 662 1992 primo
690 1959 818 1992 pontiﬁce
842 1964 869 1988 et
896 1959 952 1988 Deo
977 1966 1071 1989 nostro

272 2004 299 2026 et
319 2000 397 2028 nobis
414 2001 546 2037 indignis_
563 2004 771 2041 archiepiscopo
792 2011 894 2039 tamen,
917 2015 1070 2043 congruen-

273 2050 314 2073 ter
328 2054 438 2082 quoque
455 2054 644 2084 coagmenlata
658 2056 684 2078 et
696 2059 793 2080 secure
811 2053 963 2088 gubernata
977 2063 984 2081 :
1001 2062 1070 2089 pra:-

273 2096 315 2119 ter
329 2100 439 2127 paucos,
457 2095 515 2129 qui,
532 2102 595 2123 cum
621 2103 734 2131 possent
751 2098 821 2126 bona
844 2099 941 2135 agendi
965 2100 1070 2128 ratione

275 2136 456 2172 innotescere,
492 2148 526 2167 ne
558 2142 642 2169 vitam
669 2143 729 2171 sine
746 2145 857 2172 nomine
876 2146 1069 2184 transigerent,

276 2184 409 2212 suadente
437 2193 485 2213 sua
507 2188 620 2220 malitia,
639 2197 693 2216 non
712 2195 776 2217 sunt
789 2191 877 2223 veriti,
895 2199 944 2219 sua
960 2200 1072 2227 separa-

277 2230 352 2257 tione
365 2231 517 2266 cupientes,
533 2238 666 2267 quantum
686 2237 711 2262 in
731 2236 797 2271 ipsis
809 2241 892 2269 esset,
907 2238 1070 2276 clarescere,

276 2276 543 2306 Ecciesiteunitatem
558 2279 740 2315 labefactare;
755 2287 882 2310 cancrum
893 2291 948 2311 non
959 2284 1073 2311 omnino

277 2322 332 2349 illis
349 2323 417 2350 satis
431 2323 484 2349 erit
503 2328 586 2359 caput
599 2325 699 2353 habere
711 2335 839 2362 magnum
863 2328 946 2356 Deum
961 2334 987 2356 et
996 2336 1072 2356 sum-

275 2375 350 2395 mum
367 2369 526 2403 ponliliccm
544 2375 681 2405 nostrum,
695 2372 743 2399 sed
754 2373 812 2400 sive
827 2373 967 2407 nunc;sive
977 2379 1070 2408 postea

273 2423 325 2442 suo
343 2415 425 2450 capiti
443 2422 473 2443 se
485 2415 649 2450 adiungent;
663 2418 711 2452 qui
729 2418 756 2445 ni
775 2417 887 2451 faciant,
904 2419 973 2447 nihil
985 2420 1048 2448 inde
1064 2429 1071 2448 :

273 2463 325 2498 ipsi
334 2464 408 2491 enim
424 2464 451 2490 in
468 2464 529 2492 loco
539 2465 675 2500 quidema
686 2473 715 2493 se
734 2467 820 2494 electo
839 2467 990 2502 jacebunt;
1009 2477 1074 2497 san-

273 2515 316 2537 eta
335 2518 400 2538 vero
419 2509 466 2538 Dei
482 2511 603 2539 Ecclesia
633 2513 848 2546 perturbationis
865 2521 921 2541 sua:
932 2522 1014 2542 causa
1024 2523 1072 2542 cx-

276 2559 379 2590 empta,
393 2557 503 2591 propria
515 2557 665 2585 stabilitate
679 2558 779 2593 gaudet
792 2558 903 2586 Christo
912 2567 962 2587 suo
969 2567 1072 2595 sponso

277 2601 380 2634 gratias
395 2609 479 2636 agens
495 2603 568 2638 quod
593 2603 730 2631 scandalis
756 2605 792 2631 sit
815 2604 928 2632 liberata
952 2613 1073 2640 suosque

278 2646 383 2673 circum
402 2655 431 2674 se
447 2648 549 2676 liberos
565 2654 670 2677 stantes
687 2650 856 2685 conspiciat,
885 2659 1072 2686 quoscumque

278 2700 333 2719 non
350 2693 491 2729 potuitqui
507 2695 645 2724 hominem
657 2704 672 2724 a
691 2697 825 2732 principio
833 2697 904 2725 felici
915 2699 1075 2734 despoliavit

282 2738 414 2772 amicitia,
428 2747 505 2767 sacra
521 2749 593 2769 nunc
611 2742 779 2777 plenitudine
792 2744 937 2772 abducere.

1119 1550 1220 1585 κλησία
1235 1549 1368 1583 ἐζητεῖτο,
1385 1548 1463 1582 κοινῇ
1484 1545 1590 1576 τούτοις
1613 1543 1843 1579 συνωμολογήθη·
1863 1542 1912 1569 καὶ

1120 1597 1261 1631 συντόμως
1274 1596 1364 1622 εἰπεῖν
1380 1594 1411 1621 τδ
1424 1594 1524 1620 οἰκεῖον
1539 1591 1758 1627 ὁμολογήσαντες
1772 1590 1910 1623 πταῖσμα,

1119 1643 1178 1673 ταῖς
1204 1640 1341 1674 ἀγκάλαις
1374 1638 1528 1673 προσῆλθον
1549 1637 1598 1672 τῆς
1621 1635 1787 1671 Ἑκκλησίας
1815 1635 1912 1669 φιλανο

1121 1687 1240 1722 θρώπως
1260 1684 1472 1718 ὑπανοιγείσαις
1493 1683 1596 1713 αὐτοῖς.
1617 1681 1760 1708 Ἀπέκλειε
1787 1681 1836 1715 μὲν
1856 1679 1910 1715 γὰρ

1123 1734 1206 1768 μέχρι
1225 1732 1272 1759 τοῦ
1290 1731 1426 1766 παρόντος
1446 1731 1464 1765 ἠ
1486 1729 1634 1764 Ἐκκλησία
1656 1728 1705 1759 τὰς
1718 1727 1853 1761 ἀγκάλας,
1866 1724 1910 1752 οἷα

1122 1779 1157 1806 τὰ
1175 1778 1336 1814 ἀνθρώπινα
1359 1776 1494 1803 κάκείνων
1517 1774 1696 1810 ἀνθρωπίνως
1718 1773 1909 1808 διακειμένων,

1123 1826 1170 1853 καὶ
1186 1825 1236 1851 οὐκ
1252 1822 1309 1851 οῖδα
1330 1823 1423 1854 ποίαις
1438 1822 1540 1853 αἰτίαις
1554 1820 1726 1854 ἀγαπώντων
1743 1819 1790 1846 τοῦ
1807 1819 1913 1846 ἀντιλέ-

1123 1881 1193 1907 γειν.
1217 1871 1293 1898 Ἐπεὶ
1308 1870 1337 1897 δὲ
1362 1869 1452 1896 πάντα
1467 1869 1560 1895 ἐκεῖνα
1577 1867 1645 1894 Θεοῦ
1666 1866 1777 1902 εὐδοκία
1801 1866 1911 1906 γέγονεν

1123 1916 1256 1948 ἐκποδὼν,
1275 1916 1324 1950 τῆς
1347 1915 1420 1946 θείας
1445 1913 1650 1949 μεσιτευσάσης
1674 1912 1796 1947 εἰρήνης.
1815 1910 1913 1946 συνήλ-

1123 1963 1207 1997 θομεν
1230 1963 1270 1993 είς
1295 1961 1421 1994 ἑνότητα,
1453 1960 1497 1986 καὶ
1519 1958 1728 1994 προσελάὄομεν
1756 1957 1819 1988 τοὺς
1843 1957 1910 1986 τέως

1122 2007 1152 2040 ἐξ
1168 2006 1247 2042 ἡμῶν
1262 2005 1454 2041 διισταμένους
1474 2004 1511 2036 ὡς
1525 2005 1617 2031 οεκεία
1633 2003 1727 2034 τέκνα,
1746 2002 1794 2029 καὶ
1808 2002 1844 2033 ὡς
1864 2001 1910 2036 μὲ-

1122 2055 1198 2080 λεσιν
1226 2052 1303 2084 ἰδίοις
1329 2051 1521 2087 συνήφθημεν,
1546 2051 1595 2078 καὶ
1624 2050 1718 2077 λοιπὸν
1742 2049 1816 2076 ἔστιν
1831 2049 1846 2084 ἡ
1864 2048 1910 2074 τοῦ

1121 2099 1189 2126 Θεοῦ
1220 2098 1370 2134 Ἐκκλησία
1389 2097 1439 2133 μία
1464 2096 1571 2131 κεφαλὴ
1595 2095 1634 2130 τῷ
1660 2095 1762 2131 πρώτῳ
1789 2093 1912 2129 ἀρχιερεῖ

1124 2146 1170 2172 καὶ
1181 2145 1242 2180 Θεῷ
1257 2145 1350 2180 ἡμῶν,
1371 2144 1418 2170 καὶ
1437 2144 1506 2178 ἡμῖν
1520 2143 1576 2174 τοῖς
1594 2142 1727 2175 ἀναξίοις,
1741 2141 1816 2175 ὅμως
1830 2139 1851 2166 δ’
1866 2137 1910 2166 οὖν

1125 2190 1335 2226 ἀρχιερατεύειν
1359 2189 1536 2224 ἠξιωμένοις,
1554 2187 1602 2214 καὶ
1625 2184 1908 2221 συναρμολογουμένη,

1127 2237 1172 2263 καὶ
1187 2236 1335 2272 ἀταράχως
1349 2234 1558 2269 διευθυνομένη.
1575 2233 1650 2268 Πλὴν
1667 2232 1766 2266 ὀλίγων
1783 2232 1871 2263 τινῶν,
1887 2231 1909 2257 ο³ί

1125 2282 1155 2309 τδ
1170 2281 1356 2318 γνωρίζεσθαι
1378 2280 1486 2315 ἔχοντες
1513 2278 1543 2311 ἐξ
1566 2277 1669 2312 ἀγαθοῦ
1684 2277 1798 2312 τρόπου,
1821 2276 1910 2311 ἵναμὴ

1125 2328 1172 2354 τὸν
1187 2328 1246 2363 βίον
1264 2327 1406 2362 ἀνώνυμον
1423 2325 1606 2360 διαπερῶσιν,
1624 2325 1656 2351 ὲκ
1675 2324 1726 2359 τῆς
1742 2322 1848 2350 ἑαυτῶν
1866 2332 1910 2349 πε-

1128 2374 1299 2409 ρινοούμενοι
1319 2373 1419 2404 κακίας
1438 2371 1469 2399 τὸ
1482 2371 1557 2406 δῆλοι
1571 2369 1718 2405 τυγχάνειν
1735 2369 1798 2395 ὅσον
1813 2368 1854 2394 ἐπ’
1866 2369 1910 2395 αὖ-

1127 2421 1183 2451 τοίς
1199 2420 1237 2454 τῷ
1263 2419 1359 2455 οἰκείῳ
1382 2418 1520 2454 μερισμῷ,
1545 2418 1642 2444 λυπεῖν
1665 2417 1714 2452 τὴν
1741 2415 1856 2451 ἑνότητα
1882 2415 1907 2440 οὐ

1126 2464 1332 2492 διευλαὸοῦνται
1345 2464 1395 2499 τῆς
1403 2463 1579 2498 Ἐκκλησίας·
1589 2462 1658 2498 πλὴν
1669 2462 1717 2488 καὶ
1728 2457 1801 2488 οὗτοι
1811 2461 1909 2490 πάντως

1127 2512 1152 2538 ει
1176 2511 1228 2546 τῆς
1251 2512 1374 2546 κεφαλῆς
1390 2510 1470 2546 ἡμῶν
1487 2511 1540 2537 εἰσι
1567 2509 1614 2536 τοῦ
1643 2508 1762 2544 μεγάλου
1787 2506 1854 2533 Θεοῦ
1867 2506 1909 2532 καὶ

1128 2557 1280 2593 ἀρχιερέως
1295 2557 1386 2592 ἡμῶν,
1399 2557 1574 2592 ἀγαπήσουσι
1597 2555 1677 2590 τυχὸν
1693 2555 1743 2593 μὲν
1765 2554 1823 2585 νῦν,
1837 2554 1907 2587 τυχίιν

1127 2604 1158 2631 δὲ
1172 2604 1243 2640 μετὰ
1256 2603 1336 2631 τοῦτο
1351 2602 1576 2639 συναρμοσθῆναι
1588 2603 1621 2637 τῇ
1637 2601 1744 2629 ἑαυτῶν
1756 2599 1875 2635 κεφαλῇ·
1887 2599 1907 2624 εἰ

1128 2651 1157 2678 δὲ
1172 2651 1221 2687 μὴ,
1243 2651 1361 2686 πρᾶγμα
1375 2650 1452 2676 οὐδέν
1463 2656 1470 2665 ⁸
1488 2650 1511 2675 οἱ
1529 2649 1578 2683 μὲν
1601 2649 1656 2683 γὰρ
1674 2647 1810 2673 κείσονται
1825 2645 1863 2694 είς

1129 2697 1146 2732 ή
1162 2697 1265 2724 τούτων
1280 2696 1396 2723 ἀπόνοια
1413 2695 1555 2729 ἐξελέξατο
1573 2694 1666 2730 χώραν
1678 2702 1686 2709 ι
1703 2693 1720 2728 ἡ
1736 2692 1765 2719 δὲ
1784 2691 1848 2726 ἁγία
1865 2691 1906 2716 τοῦ

1129 2744 1196 2771 Θεοῦ
1228 2743 1379 2779 Ἐκκλησία
1412 2742 1463 2777 τῆς
1494 2741 1684 2776 ταραττούσης
1711 2737 1797 2774 αὐτὴν
1828 2737 1906 2766 αἰτίας

284 2785 493 2821 ἁπηλλαγμένη,
509 2787 565 2822 ἔχει
585 2789 634 2824 τὴν
668 2789 736 2817 ἰδίαν
769 2790 847 2822 τάξιν
872 2790 1002 2825 εὐσταθῆ,
1041 2790 1243 2825 εὐχαριστοῦσα
1269 2789 1380 2824 Χριστῷ
1421 2787 1460 2823 τῷ
1480 2788 1590 2837 νυμφίιμ
1620 2785 1717 2837 αὐτῆς,
1734 2784 1804 2837 ὑπὲρ
1834 2780 1867 2809 ὧν
1882 2791 1904 2837 τίε

285 2832 339 2862 τῶν
355 2833 512 2862 σκανδάλων
527 2836 711 2871 ἀπήλλακται,
731 2837 777 2864 καὶ
794 2838 864 2872 ὑπὲρ
885 2834 921 2863 ὧν
935 2837 968 2864 τὰ
982 2838 1070 2864 οἰκεῖα
1088 2837 1182 2870 κύκλῳ
1217 2835 1304 2872 αὐτῆς
1323 2835 1516 2870 παριστάμενα
1531 2834 1636 2868 καθορᾷ
1673 2831 1767 2864 τέκνα,
1784 2831 1858 2860 δσθυὶ
1873 2831 1905 2864 μὴ
