2000 3070
173 137 222 169 101

878 136 1083 168 ΕΡΙΒΤΟΙΛΞ.

1748 139 1800 174 102

169 195 186 220 6
197 194 226 228 ἐξ
244 195 332 230 ἀρχῆς
345 195 524 231 ἀποσυλήσας
537 195 584 224 τὸν
599 195 745 232 ἄνθρωπον
760 194 810 230 τῆς
825 194 967 230 μακαρίας
983 193 1153 229 οἰκειότητος
1167 193 1213 221 καὶ
1241 194 1288 222 νῦν
1308 195 1480 231 ἁποσυλῆσαι
1511 204 1559 223 του
1576 195 1716 232 ίερατικοῦ
1734 200 1798 234 πλη-

171 243 213 278 ρὼ
219 251 304 276 ματος
317 243 472 279 δεδύνηται.

208 289 301 316 Ταῦτά
320 298 372 322 σοι,
396 290 492 317 τέκνον
506 290 598 326 ἡμῶν,
615 292 650 318 τὰ
673 291 834 326 εὐαγγέλια,
855 289 896 322 οἷς
911 289 954 316 πέ·

1046 287 1108 316 llaec
1122 294 1197 323 sunt,
1213 289 1248 316 liii
1264 290 1311 322 mi,
1329 291 1423 318 nuntia
1440 292 1539 326 quibus
1557 291 1623 319 mihi
1649 294 1799 328 persuadeo

169 344 291 371 πεισμαι
306 336 357 371 τὴν
385 336 435 370 σὴν
450 336 636 371 εὐφρανθῆναι
660 337 750 373 ψυχὴν
772 337 835 363 ὅσον
853 336 898 363 ἐπ’
912 336 959 362 οὑ-

167 380 228 407 δενὶ
257 381 330 416 ἄλλῳ
354 381 408 408 τῶν
430 382 460 408 ἐν
489 382 645 417 ἀνθρώποις
673 383 804 418 παρέχειν
826 382 959 417 εὐφροσύ-

167 434 221 461 νην
247 427 365 454 εἰδότων,
387 427 423 454 Τδ
445 427 469 454 δ’
485 428 539 454 ἀπὸ
562 429 658 454 τούτου
679 428 722 460 τίς
754 437 800 463 μοι
822 427 861 463 τῷ
888 428 959 462 λόγῳ

154 468 408 508 λσυνεπιλήψεταη
439 473 487 504 Τίς
517 473 691 500 συλλαλοῦντί
721 482 767 508 μοι
799 474 832 508 τῇ
867 473 960 508 φιλαν-

170 494 385 507 --,-..-,..,γ--...
400 494 408 505 ,
443 494 486 504 -.ν
518 494 691 500 --.ν-...ωηη
721 494 767 508 ...η
804 494 832 508 ,η
867 494 944 508 την,

151 494 275 552 ίθρώπῳ
291 517 338 544 καὶ
352 518 511 555 γλυκυτάτη
522 518 594 554 ψυχῇ
611 519 804 554 συμπαρέσται
821 518 958 545 κοινωνῶν

166 561 210 596 τῷ
225 561 314 597 λόγῳ;
329 563 384 589 Καὶ
396 563 592 599 ἀναμνήσομέν
608 572 638 590 σε
651 563 720 590 θεοῦ
731 564 849 595 διδόντος
862 563 893 589 οὑ
909 565 958 598 μὲν

166 604 218 632 οὖν
244 607 459 642 ἐπιλελησμένον
485 609 535 642 τῆς
557 609 662 640 οἰκείας
687 609 872 644 ἡμερότητος,
901 609 957 635 ἀλλ’

167 651 223 677 ὑπὸ
237 652 390 687 ἀνθρώπων
407 654 458 680 οὐκ
480 651 540 699 οἰδα
554 654 582 680 τί
598 655 664 689 περὶ
679 654 770 681 αὐτῶν
789 654 868 686 εἴπω,
887 653 958 689 πλὴν

165 697 211 723 ὅτι
226 698 320 729 κακῶς
343 697 539 725 διαθέσθαι-τὰ
561 699 727 735 Βουλγάρων
742 700 789 726 καὶ
810 699 956 734 Ῥωμαίων

166 743 322 778 πράγματα
345 744 563 778 διανοηθέντων,
592 745 648 772 εἴτε
672 745 793 777 οἴκοθεν,
821 745 876 772 είτε
905 746 957 772 ὑπὸ

164 787 296 823 δαίμονος
319 790 439 825 πονηροῦ
468 791 537 826 πρὸς
562 791 643 818 τοῦτο
667 793 868 827 κεκινημένων,
889 793 957 824 τέως

165 834 346 869 παρεξελθεῖν
373 835 560 872 βιασαμένων,
585 838 631 864 καὶ
646 838 687 869 είς
709 839 860 874 πράγματα
874 847 958 865 κατα-

166 879 269 914 στῆσαι
295 881 313 907 ἃ.
336 881 472 916 μηδέποτε
498 881 561 908 οὔτε
586 883 668 914 auri;
691 883 820 918 ἧλπισας,
844 884 885 910 υίέ
905 892 956 918 μου

166 926 421 961 φιλανθρωπότατε,
446 928 508 955 οὔτε
534 930 628 963 ἡμεῖς,
646 929 708 955 οὔτε
727 938 770 961 τις
795 930 874 961 ἄλλος
903 930 957 957 τῶν

165 974 218 1006 τὴν
244 971 294 1007 σὴν
320 973 511 1006 γινωσκόντων
540 974 557 1009 ἢ
582 975 736 1001 ἀκουόντων
764 975 956 1010 φιλάνθρωπον

167 1017 216 1043 καὶ
241 1017 427 1052 ήμερωτάτην
449 1018 551 1054 ψυχήν.
567 1019 615 1050 Τίς
631 1019 685 1055 γὰρ
702 1020 782 1046 τοῦτο
806 1021 872 1048 ποτὲ
891 1023 956 1056 πρὶν

167 1061 299 1095 γενέσθαι
317 1063 528 1098 προσεδόκησεν,
545 1065 585 1091 ὄτι
602 1065 715 1099 Συμεὼν
736 1066 749 1091 6
763 1066 806 1093 διὰ
824 1066 956 1102 φρόνησιν

169 1107 304 1143 μεγάλην,
324 1108 338 1134 6
361 1108 404 1135 διὰ
425 1109 455 1135 τὸ
484 1109 609 1145 Θεοφιλὴς
629 1108 698 1137 είναι
724 1113 763 1142 εἰς
784 1113 855 1146 μέγα
877 1113 956 1148 δόξης

169 1154 199 1180 τὺ
214 1153 378 1189 Βουλγάρων
392 1154 469 1186 ἔθνος
485 1156 608 1190 ἀγαγὼν,
622 1157 636 1183 6
652 1157 784 1193 πονηρίαν
797 1158 873 1190 εττίς
890 1168 955 1186 ποτε

168 1198 322 1233 ἀνθρώπων
338 1199 436 1233 μισῶν,
453 1200 466 1226 6
478 1201 652 1236 δικαιοσύνην
669 1203 767 1237 τιμῶν,
779 1203 793 1229 6
809 1203 955 1238 βδελυσσό-

168 1252 250 1279 μενος
269 1245 409 1276 ἁδικίαν,δ
432 1246 563 1280 κρείττων
589 1247 708 1281 ήδονῶν,
724 1250 738 1275 ὀ
762 1249 811 1284 τὴν
834 1250 954 1284 γαστέρα

168 1291 310 1326 κατάγχων
324 1291 401 1317 οὐδὲν
416 1290 498 1327 ἧττον
520 1291 560 1325 οἷς
581 1294 610 1320 ἐν
623 1294 743 1330 ὕρεσινή
762 1295 829 1331 ζωὴ,
850 1297 864 1323 6
881 1297 954 1324 οἴνου

168 1336 310 1369 ἄγευστος,
329 1338 343 1363 6
364 1338 425 1364 κατ’
439 1339 515 1365 οὐδὲν
538 1341 739 1375 παραλλάσσων
759 1342 815 1369 τῶν
839 1342 892 1376 ἔξω
906 1345 954 1371 τοῦ

167 1382 271 1417 κόσμου
286 1382 336 1418 ζῇν
360 1384 622 1419 ἐπαγγελλομένων,
639 1387 654 1421 ἢ
669 1387 699 1413 ὲν
716 1388 783 1424 μόνῃ
805 1390 838 1423 τῇ
854 1389 955 1426 κυϐερο

168 1429 243 1463 νήσει
259 1429 308 1464 τῆς
332 1431 407 1465 παρα
433 1430 500 1457 Θεοῦ
526 1431 672 1468 δεδομένης
690 1434 765 1468 αὐτῷ
788 1435 888 1470 ἀρχῆς.
905 1437 955 1468 Τίς

168 1474 202 1500 ἂν
225 1474 272 1501 οὖν
297 1475 462 1510 προσδοκίαν
475 1476 555 1511 ἔσχεν
568 1477 605 1507 ὡς
625 1479 638 1504 ὁ
665 1479 786 1510 τοιοῦτος
810 1482 858 1506 καὶ
883 1481 954 1507 οὓτω

167 1520 294 1556 θεοφιλὴς
309 1521 452 1556 ἄνθρωπος
469 1524 508 1554 είς
525 1523 559 1549 τὰ
574 1523 622 1549 νῦν
644 1524 833 1551 καταλαϐόντα
848 1526 954 1560 χαλεπὰ

174 1569 328 1602 Ῥωμαίους
358 1569 519 1604 περιστήσει
550 1569 598 1596 καὶ
618 1570 801 1605 Βουλγάρους,
833 1573 881 1598 καὶ
906 1574 955 1608 τὴν

167 1613 282 1647 ἄπειρον
296 1613 351 1639 τῶν
366 1613 490 1648 αίμάτων
506 1613 586 1649 χύσιν
608 1615 656 1641 καὶ
672 1615 721 1650 τὴν
735 1617 870 1651 τοσαύτην
887 1618 954 1653 ὲρη-
969 1620 991 1648 C

168 1658 243 1692 μίαν,
261 1657 334 1693 οίμοι
356 1658 474 1693 ἐρημίαν
494 1659 649 1694 ἐκκλησιῶν
664 1659 742 1692 Θεοῦ,
769 1660 954 1695 διαιτημάτων

167 1703 322 1738 παρθένων,
346 1705 373 1731 αἳ
399 1704 531 1736 πολλάκις
551 1706 599 1732 καὶ
623 1705 653 1732 τδ
678 1707 810 1733 ἀναπνεῖν
821 1707 868 1733 τὸν
884 1708 954 1744 ἀέρα

165 1749 314 1783 ἐφείδοντο,
334 1750 526 1785 μοναστηρίων
543 1751 661 1785 ἀνδρῶν,
677 1747 707 1777 οὗ
721 1751 806 1778 νύκτα
823 1754 869 1779 καὶ
885 1754 939 1788 ήμέ

167 1804 217 1829 ραν
232 1796 298 1827 Θεὸς
310 1796 488 1831 ὑμνολογείτο
503 1797 550 1823 καὶ
567 1796 717 1829 ἐδοξάζετο.

203 1842 236 1867 Τί
249 1850 282 1876 με
294 1842 335 1868 δεῖ
347 1842 436 1876 λέγειν
451 1842 565 1875 πόλεων,
582 1843 675 1879 χώρας
686 1843 780 1879 ἄλλης,
794 1844 889 1878 οἴκων,
904 1845 953 1872 ὅσα

164 1889 222 1919 τοῖς
247 1887 403 1923 ἀνθρώποις
426 1888 466 1919 εἰς
493 1889 672 1923 παραμυθίαν
700 1889 881 1921 σπουδάζεται
904 1893 953 1925 τῆς

166 1934 250 1969 ζωῆς,
264 1934 312 1968 τὴν
325 1933 408 1967 ἄλλην
421 1935 575 1968 συμφορὰν,
587 1935 637 1968 δση
651 1934 682 1961 τὸ
703 1934 875 1969 ἀνθρώπινον
889 1944 953 1963 συν-

166 1980 241 2014 έσχε,
265 1979 378 2014 χηρείαν
400 1981 482 2013 φημὶ,
507 1979 651 2014 ὀρφανίαν,
677 1980 800 2015 ἀδελφῶν
836 1983 953 2009 ἀποστέ-

167 2033 258 2059 ρησιν,
274 2024 476 2059 αἰχμαλωσίαν,
492 2024 628 2057 δουλείαν,
645 2026 693 2052 καὶ
713 2026 806 2058 ἁπλῶς
820 2027 881 2054 ἀντὶ
903 2029 953 2062 τῆς

166 2070 263 2105 πρώην
279 2069 443 2104 Βουλγάρων
455 2071 502 2097 καὶ
525 2069 668 2104 Ῥωμαίων
692 2071 819 2104 εὐζωίας,
835 2072 884 2108 τὴν
895 2073 953 2099 ἑλε-

164 2115 240 2150 εινὴν
253 2115 356 2150 ταύτην
374 2115 537 2150 μεταὸολὴν,
553 2116 592 2147 είς
604 2115 637 2150 ἠν
652 2116 684 2142 ἐκ
699 2116 753 2143 τῶν
767 2116 814 2143 τοῦ
831 2118 952 2153 πολέμου

165 2162 258 2188 κακῶν
281 2162 482 2198 περιέστησεν;
507 2161 565 2188 Οὐκ
580 2162 686 2198 ἐχθρῶν
700 2162 779 2190 τοῦτο
802 2163 953 2199 διαπραξα-

166 2206 267 2241 μένων,
282 2207 314 2232 οὑ
328 2206 384 2233 τῶν
395 2206 448 2239 ἔξω
460 2206 510 2241 τῆς
526 2206 647 2241 μάνδρας
658 2206 706 2234 τοῦ
717 2207 845 2242 ἀληθινοῦ
855 2209 953 2244 ποιμέ-

165 2259 209 2282 νος
224 2250 345 2286 Χριστοῦ
359 2250 407 2277 τοῦ
427 2251 494 2278 Θεοῦ
511 2251 601 2286 ἡμῶν,
615 2252 644 2278 οὐ
667 2252 722 2278 τῶν
738 2252 888 2289 ἀλλοτρίων
901 2255 952 2289 τῆς

1012 334 1100 368 magis
1114 334 1245 362 oblectavi
1260 340 1334 362 tuam
1351 340 1468 363 mentem
1493 344 1573 371 quam
1592 339 1688 372 quavis
1702 339 1755 366 alia
1771 347 1799 366 re

1012 385 1074 413 quae
1100 379 1170 406 inter
1192 379 1315 406 homines
1338 380 1424 414 possit
1450 382 1657 410 oblectationem
1674 383 1797 418 alferre;

1010 425 1056 452 sed
1067 425 1166 452 exinde
1177 425 1241 460 quis
1251 433 1310 452 meo
1320 427 1438 453 sermoni
1450 427 1558 461 adjutor
1572 429 1643 456 erit?
1652 429 1719 462 Quis
1731 430 1797 457 mihi

1010 475 1084 497 luam
1098 471 1323 499 humanissimam
1339 472 1583 508 suavissimamque
1600 480 1717 502 mentem
1733 477 1799 503 all.»-

1009 517 1102 551 quenti
1110 517 1197 544 aderit
1205 525 1234 544 se
1243 518 1420 545 consocians?
1435 518 1466 545 Et
1479 519 1640 551 te,donante
1651 519 1797 552 Deo,cum-

1011 562 1381 597 monefaciam,noulquidem
1389 563 1500 590 oblitum
1511 569 1562 592 tua,
1570 567 1797 600 mansuetudinis,

1009 606 1056 633 sed
1072 608 1264 635 exacerbatum
1282 609 1316 635 ab
1336 609 1494 637 hominibus
1506 610 1540 637 de
1559 611 1658 645 quibus
1672 611 1738 646 quid
1754 612 1796 640 tli-

1009 659 1068 679 cam
1085 654 1176 680 nescio
1192 653 1243 680 nisi
1271 661 1319 681 eos
1343 655 1476 689 cogitasse
1495 662 1538 683 res
1563 655 1739 691 Bulgarornm
1755 663 1797 684 at-

1008 705 1061 732 que
1084 697 1268 726 Romanorum
1283 699 1353 727 male
1367 707 1540 735 componere,
1551 701 1609 728 sive
1623 709 1656 729 ex
1677 709 1707 729 se
1720 702 1797 737 ipsis,

1008 743 1066 770 sive
1081 750 1096 770 a
1117 744 1234 771 scelesto
1265 747 1388 773 daemone
1404 746 1436 772 ad
1454 746 1480 773 id
1508 751 1606 779 motos,
1626 751 1651 775 te
1664 755 1751 783 usque
1766 756 1798 776 ro

1008 790 1134 824 progredi
1150 791 1275 826 coegisse
1288 791 1359 818 etad
1377 791 1449 820 facta
1465 792 1606 827 impulisse
1620 800 1680 827 qua:
1691 798 1797 820 tunun~

1008 843 1102 870 quam,
1123 835 1321 864 humanissime
1335 837 1382 870 liii,
1403 845 1554 872 sperasses,
1572 846 1660 874 neque
1673 846 1733 871 nos,
1747 846 1797 866 nec

1008 881 1098 916 quivis
1110 883 1180 908 alius
1197 883 1267 909 inter
1281 889 1329 910 eos
1348 884 1392 918 qui
1405 883 1552 911 humanam
1571 889 1597 911 et
1611 884 1796 912 dulcissimam

1010 932 1082 954 ιιι-ιιι]
1108 932 1226 955 mentem
1246 935 1356 962 norunt,
1391 934 1437 956 aut
1453 929 1487 956 de
1507 937 1538 956 ca
1557 922 1701 958 audierunt
1716 939 1723 958 :
1736 931 1799 965 quis

1008 973 1081 1000 enim
1097 981 1237 1008 nunquam
1250 974 1294 1001 illa
1314 979 1445 1002 eventura
1458 982 1519 1002 esse
1538 975 1742 1003 exiSIimasset?
1753 976 1798 1003 Si.

1010 1027 1146 1052 meonem,
1159 1020 1272 1051 scilicet,
1287 1020 1376 1051 illum,
1394 1021 1439 1055 qui
1453 1021 1488 1047 ob
1500 1028 1625 1055 magnam
1639 1029 1717 1048 suam
1731 1030 1798 1057 pru-

1008 1063 1140 1095 dentiam,
1158 1064 1192 1091 ob
1210 1064 1347 1098 pietatem.
1367 1064 1543 1099 Bulgaromm
1557 1070 1662 1100 gentem
1688 1066 1721 1093 ad
1738 1075 1798 1094 ma-

1008 1117 1088 1141 unam
1102 1109 1214 1144 gloriam
1227 1110 1326 1143 evexit,
1338 1110 1384 1144 qui
1401 1110 1544 1144 malitiam,
1563 1115 1592 1138 ut
1607 1112 1653 1146 qui
1669 1115 1798 1146 maxime,

1007 1157 1112 1187 oderat,
1137 1155 1182 1189 qui
1203 1155 1337 1189 justitiam
1354 1155 1470 1188 colebat,
1491 1156 1707 1192 injustitiamque
1716 1165 1798 1186 exse-

1008 1200 1146 1231 crabatur,
1175 1201 1221 1235 qui
1241 1200 1392 1235 voluptates
1423 1202 1578 1235 superabat,
1603 1203 1649 1237 qui
1676 1207 1796 1231 ventrem

1008 1252 1062 1271 non
1079 1245 1169 1272 minus
1182 1244 1324 1272 coercebat
1338 1252 1420 1279 quam
1429 1246 1476 1280 qui
1490 1245 1516 1272 in
1532 1247 1670 1274 montibus
1684 1247 1796 1283 degunt,

1007 1290 1053 1325 qui
1068 1290 1159 1317 vinum
1182 1297 1237 1317 non
1256 1290 1395 1325 gustabat,
1411 1291 1457 1325 qui
1472 1291 1539 1318 nihil
1552 1291 1692 1320 differebat
1704 1294 1739 1321 ab
1756 1295 1798 1322 his

1006 1338 1052 1373 qui
1067 1343 1143 1365 extra
1159 1337 1290 1365 mundum
1309 1338 1400 1365 vivere
1421 1339 1616 1373 praedicantur,
1643 1341 1694 1368 nisi
1707 1341 1736 1370 in
1752 1343 1799 1369 ad-

1007 1382 1209 1410 ministratione
1226 1383 1367 1417 dignitatis
1388 1383 1436 1410 tibi
1454 1392 1470 1410 ει
1489 1384 1544 1412 Deo
1565 1392 1719 1414 concessu:
1737 1387 1798 1421 quis

1006 1436 1070 1462 ergo
1086 1428 1269 1456 existimassu
1286 1429 1366 1455 talem
1384 1430 1474 1456 virum
1505 1436 1558 1457 tam
1584 1431 1658 1462 pium
1683 1432 1710 1458 in
1730 1440 1798 1467 pra:-

1006 1475 1093 1500 sentia
1112 1474 1181 1500 mala
1200 1474 1340 1500 Romanos
1352 1479 1378 1501 et
1393 1474 1525 1508 Bulgaros
1539 1483 1599 1503 esse
1615 1476 1796 1511 dejecturum,

1008 1518 1035 1544 in
1045 1519 1226 1545 cnarrabilem
1243 1519 1385 1553 sanguinis
1400 1519 1573 1553 elfusioncm,
1586 1522 1613 1547 In
1632 1525 1735 1548 tantum
1752 1530 1798 1549 va-

1008 1563 1162 1596 stationem,
1186 1564 1255 1598 proh
1275 1563 1368 1590 dolori
1387 1564 1434 1590 Dei
1457 1564 1645 1597 ecclesiarum,
1661 1571 1798 1594 monaste-

1009 1607 1169 1642 riorumque
1186 1607 1336 1642 virginum,
1357 1615 1473 1642 quarum
1493 1608 1555 1635 vita:
1569 1609 1719 1643 sapissime
1733 1618 1796 1644 par-

1009 1652 1093 1679 citnm
1114 1656 1182 1683 erat,
1210 1652 1439 1679 monasteriorum
1456 1659 1566 1687 quoque
1595 1653 1726 1685 virorum.
1752 1656 1796 1682 ubi

1007 1696 1053 1724 die
1068 1704 1099 1724 ac
1115 1702 1193 1724 nocte
1211 1696 1244 1724 ad
1259 1697 1342 1724 Deum
1359 1697 1453 1732 hymni
1468 1702 1495 1724 et
1508 1697 1603 1726 laudes
1617 1699 1798 1727 decantabun-

1009 1748 1062 1770 tur.

1043 1836 1112 1869 Quid
1132 1843 1174 1862 me
1189 1840 1296 1870 oportet
1307 1835 1399 1863 dicere
1414 1836 1532 1869 urbium,
1548 1844 1684 1872 agrorum,
1700 1837 1798 1866 domo-

1008 1889 1067 1909 rum
1083 1886 1110 1909 et
1124 1882 1245 1909 omnium
1263 1889 1322 1916 quas
1336 1881 1458 1909 homines
1470 1882 1502 1908 ad
1516 1883 1576 1910 vitae
1584 1883 1795 1910 consolationem

1006 1931 1112 1959 curant,
1130 1927 1248 1958 ruinam,
1264 1926 1434 1958 viduitatem,
1451 1926 1566 1957 scilicet,
1580 1926 1728 1953 librrorum
1749 1934 1795 1954 or-

1008 1973 1133 2004 bitatem,
1158 1971 1272 1998 fratrum
1300 1970 1694 2005 privationem,captivitatem,
1709 1973 1797 1998 servi-

1008 2023 1104 2050 tutem,
1120 2024 1175 2044 uno
1191 2016 1285 2047 \erbo,
1307 2023 1357 2050 pro
1373 2016 1485 2050 pristina
1501 2014 1679 2049 Bulgarorum
1695 2019 1721 2042 et
1742 2015 1797 2042 Ro-

1008 2071 1150 2090 manorum
1170 2062 1307 2092 lclicitate,
1324 2061 1396 2087 illam
1412 2059 1593 2087 miserandam
1607 2060 1795 2092 mutationem,

1006 2109 1040 2136 ad
1067 2116 1149 2143 quam
1170 2108 1233 2135 belli
1257 2107 1336 2133 malis
1352 2106 1544 2133 devenerunt?
1570 2105 1628 2133 Non
1644 2111 1734 2133 autem
1762 2107 1797 2133 ab

1008 2154 1130 2182 hostibus
1142 2161 1175 2180 ea
1191 2153 1260 2180 facta
1284 2157 1360 2184 sunt,
1378 2158 1428 2178 nec
1447 2150 1482 2177 ab
1503 2151 1535 2177 iis
1563 2150 1608 2185 qui
1634 2154 1710 2178 extra
1726 2151 1796 2178 ovile

1006 2200 1064 2227 veri
1077 2199 1205 2233 pastoris,
1219 2197 1321 2225 Christi
1338 2197 1384 2224 Dei
1395 2196 1490 2228 nostri,
1510 2200 1584 2227 sunt,
1600 2200 1648 2223 ant
1661 2195 1695 2223 ab
1711 2196 1795 2223 luere-

1007 2247 1091 2275 ditate
1115 2246 1177 2273 ﬁdei
1193 2244 1326 2276 extranei,
1349 2242 1396 2270 sed
1422 2250 1437 2270 a
1456 2242 1576 2278 quibus?
1594 2241 1683 2270 Eheu!
1701 2241 1793 2270 Eheu!

164 2300 349 2336 κληρονομίας
369 2300 419 2335 τῆς
442 2300 573 2332 πίστεως,
591 2301 659 2327 ἀλλὰ
679 2301 779 2334 τίνων;
798 2302 842 2335 Ai‘,
860 2303 888 2329 αἱ
899 2288 954 2331 silv

1007 2291 1181 2328 gravissimos
1199 2297 1274 2317 meos
1289 2289 1415 2316 dolores!
1439 2288 1522 2323 proh!
1555 2288 1712 2315 miserabile
1733 2296 1794 2314 vcr-

163 2347 238 2381 ὲμῶν
256 2346 417 2382 βαρυτάτων
427 2347 540 2373 παοῶνε
558 2346 608 2381 φεῦ
621 2347 668 2373 τοῦ
682 2347 797 2374 ἐλεεινοῦ
815 2349 952 2384 διηγήμα-

161 2393 224 2426 τοςί
244 2394 311 2428 πρὸς
335 2393 400 2424 τοὺς
417 2394 446 2420 ὲν
463 2393 574 2428 Χριστῷ
595 2393 718 2428 πατέρας
737 2394 951 2430 ὶξεδαρὸαρώθη

162 2440 198 2467 τὰ
213 2441 309 2472 τέκνα,
324 2439 373 2467 καὶ
389 2439 424 2466 τὰ
440 2439 567 2474 πρόδατα
581 2438 628 2466 τοῦ
652 2440 770 2474 Χριστοῦ
791 2441 851 2467 κατ’
867 2442 951 2477 ἀλλή-

163 2486 217 2513 λων
232 2485 467 2521 ὲξεοηριώθησαν,
482 2486 506 2512 οί
520 2485 686 2520 κληρονόμοι
705 2486 756 2520 τῆς
770 2488 890 2519 πίστεως
903 2489 951 2514 καὶ

164 2531 382 2566 συγκληρονόμοι
397 2531 446 2566 τῆς
461 2531 542 2566 δόξης
556 2530 604 2559 τοῦ
621 2532 741 2566 Χριστοῦ
755 2532 825 2567 πρὸς
838 2533 952 2565 ἑαυτοὺς

162 2577 419 2613 ἐξεπολεμώθησαν.
432 2577 480 2608 Τίς
495 2576 528 2603 ἀν
541 2584 607 2603 ποτε
620 2577 718 2611 ἤλπισε
730 2577 777 2603 καὶ
801 2577 883 2604 πάλιν
894 2578 951 2612 ἐρῶ

160 2624 275 2653 τοιαῦτα
290 2623 377 2659 πάθη.
399 2623 449 2650 καὶ
467 2622 597 2649 τοιούτων
615 2623 764 2658 συμφορῶν
785 2623 948 2658 πράγματα,

162 2670 216 2705 πρὸ
232 2669 279 2696 τοῦ
300 2669 330 2695 ιν
350 2668 410 2704 ὕψει
424 2667 513 2694 ταῦτα
534 2667 610 2701 ίδεῖν,
627 2667 782 2702 Ῥωμαίους
801 2669 848 2694 καὶ
865 2667 949 2694 Βουλ-

162 2716 266 2752 γάρους
297 2713 483 2746 καταλαϐεἶνς
521 2712 603 2740 Ἀλλὰ
630 2712 698 2747 γὰρ,
730 2712 826 2739 τέκνον
854 2712 949 2747 ἡμῶν,

162 2760 371 2796 θεοφροὺρητον,
388 2761 413 2786 εί
434 2759 481 2786 καὶ
497 2758 630 2786 κατέλαϐε
647 2757 770 2791 τοιαῦτα,
787 2757 825 2789 ὡς
841 2758 896 2784 εἴθε
914 2757 951 2793 μὴ

162 2807 262 2842 ὤφελε,
281 2805 431 2833 κατέλαϐεν
456 2804 487 2838 ὲξ
499 2805 634 2839 ἐπηρείας
649 2803 696 2830 τοῦ
713 2803 833 2839 πονηροῦ
854 2803 946 2838 δαίμο-

163 2862 218 2886 νος,
230 2853 381 2880 κατέλαὸεν
396 2853 428 2879 ὲκ
451 2851 549 2886 φθόνου
570 2850 616 2877 τοῦ
640 2851 709 2878 πᾶσι
727 2849 777 2886 μὲν
796 2848 951 2885 ἀνθρώποις

1002 2338 1086 2367 bum!
1116 2337 1217 2364 Contra
1246 2342 1312 2362 suos
1338 2335 1364 2361 in
1393 2334 1502 2361 Christo
1528 2339 1653 2368 parentes
1686 2333 1794 2360 barbari

1000 2385 1067 2413 facti
1083 2389 1147 2412 sunt
1159 2383 1218 2415 lilii,
1237 2381 1395 2414 Christique
1411 2388 1475 2406 oves
1497 2379 1524 2405 in
1549 2379 1664 2406 invicem
1678 2378 1795 2404 lelluiua

1001 2432 1108 2459 feritate
1117 2429 1220 2457 ell‘erati
1233 2432 1307 2460 sunt,
1314 2426 1378 2454 lldei
1393 2426 1523 2457 haeredes,
1533 2425 1691 2459 Christique
1703 2423 1795 2459 gloriae

1000 2476 1157 2506 collaredes
1171 2475 1205 2502 ad
1223 2474 1338 2502 invicem
1353 2475 1539 2506 pugnaverunt
1558 2479 1565 2497 :
1584 2470 1644 2505 quis
1662 2477 1793 2504 unquam,

1004 2530 1116 2551 rursum
1134 2522 1207 2554 dico,
1224 2524 1265 2547 tot
1282 2518 1352 2546 mala
1371 2521 1518 2552 sperasset,
1539 2520 1634 2550 totque
1652 2515 1794 2542 calamita-

1003 2574 1055 2601 tes,
1081 2573 1228 2602 antequam
1252 2573 1345 2594 coram
1364 2564 1451 2592 oculis
1479 2562 1588 2594 viderit,
1613 2561 1752 2589 Romanos
1767 2566 1794 2587 et

1004 2616 1135 2650 Bulgaros
1145 2621 1206 2641 esse
1220 2607 1649 2647 deprehensurasesistimasset?
1662 2607 1727 2638 Sed,
1744 2607 1793 2639 tili,

1005 2662 1051 2690 Dei
1067 2661 1195 2697 praesidio
1206 2659 1278 2693 fulti,
1290 2659 1313 2686 si
1327 2658 1385 2690 illa,
1403 2664 1464 2692 qua:
1484 2656 1588 2683 utinam
1604 2662 1656 2681 non
1670 2653 1795 2680 accidere

1003 2708 1234 2743 oportuisset,nos
1248 2705 1319 2733 mala
1332 2702 1635 2738 tleprehendernntmon
1645 2698 1791 2732 deprchen-

1003 2755 1112 2785 derunt,
1130 2753 1182 2780 nisi
1194 2751 1296 2779 malitia
1318 2749 1414 2777 nefarii
1431 2746 1574 2778 daemonis,
1597 2745 1649 2772 nisi
1672 2744 1731 2778 ejus
1751 2743 1794 2769 in-

1003 2800 1075 2827 vidia
1086 2799 1132 2833 qui
1147 2798 1274 2826 omnibus
1291 2795 1447 2822 hominibus
1461 2792 1573 2824 invidet,
1594 2791 1710 2817 inaxime
1731 2795 1795 2835 vero

1003 2845 1168 2874 Christianis
1194 2852 1201 2870 :
1225 2847 1320 2870 contra
1351 2839 1523 2869 Christianos
1549 2845 1666 2872 uanique
1693 2834 1794 2862 invidia
