2000 3070
187 125 236 157 151

915 126 1121 157 EPISTOLAE.

1759 124 1810 157 142

187 185 302 219 ρίζεται.
333 180 418 215 Οὗτός
440 183 515 209 ἐστιν
531 183 545 209 ὁ
571 182 658 209 ταῦτα
680 183 727 209 καὶ
742 181 904 217 βουλόμενος
927 183 974 208 καὶ

1031 182 1166 210 Romanos
1186 182 1338 216 suscitata,
1355 182 1462 211 scilicet
1487 186 1567 211 natos
1581 182 1651 211 inter
1667 186 1694 211 et
1710 190 1812 218 paron,

185 230 431 264 διαπραττόμενος,
466 229 571 256 ἐκεῖθεν
600 229 698 261 ταῦτα,
730 230 804 262 οἶμοι
822 228 875 254 τῶν
897 228 971 264 ἐμῶν

186 274 293 305 παθῶν,
326 275 471 309 ἐπεισῆλθε
492 275 524 301 τὲ
556 274 630 301 κακὰ
654 275 736 309 μέσον
758 274 901 308 Ῥωμαίων
926 274 973 300 καὶ

187 320 360 355 Πουλγάρων,
378 320 479 355 μεταξὺ
503 320 556 346 τῶν
570 320 697 355 πατέρων
711 320 759 346 καὶ
773 319 827 346 τῶν
859 321 973 351 τέκνων,

186 365 231 397 οὓς
246 367 295 401 οὐχ
310 363 380 400 αἷμα
403 368 450 392 καὶ
475 366 554 401 σὰρξ,
573 365 640 392 ἀλλὰ
657 365 686 391 τὺ
712 365 847 399 πανάγιον
862 365 973 399 Πνεῦμα

189 413 263 443 uio):
295 412 342 438 καὶ
361 413 482 447 πατέρας
508 411 646 443 ἀπέδειξε.
668 411 789 437 Θάνατον
809 412 863 445 γὰρ
880 413 894 438 ὁ
909 411 974 443 Θεὸς

186 459 238 485 οὐκ
264 459 402 493 ἐποίησεν,
435 457 492 483 ἀλλ’
518 458 611 491 ἀπάτη
628 457 756 492 δαίμονος
779 458 827 484 καὶ
843 456 975 491 ἐπιθυμία

189 503 351 538 παραλόγως
362 504 395 538 τῇ
413 503 504 538 ἀπάτῃ
521 502 772 537 ὲξακολοοθήσασα,
790 501 820 534 ἐξ
831 499 864 537 ἧς
876 503 924 528 καὶ
941 503 975 529 τὰ

187 549 233 574 νῦν
249 549 431 583 συμϐαίνοντα
452 548 558 583 χαλεπὰ
588 548 724 583 προῆλθεν
744 549 784 579 εἰς
806 548 925 582 γένεσιν.
945 549 974 574 Εἰ

189 597 227 630 μὴ
240 597 294 631 γὰρ
308 596 448 631 ἄνθρωποι
464 596 671 631 διεφθαρμένοι.
688 596 736 623 καὶ
750 595 846 623 πλάνοι
860 595 909 631 τὴν
925 596 974 630 σὴν

188 641 324 677 φρονίμην
342 642 432 677 ψυχὴν
445 642 634 677 ἐξηπάτησαν,
645 642 692 668 καὶ
705 641 756 676 τῆς
772 641 804 668 ἐκ
817 641 872 667 τῶν
889 641 976 667 πατέ-

188 694 243 721 ρων
256 685 402 720 συνηθείας
418 686 465 713 τοῦ
483 687 541 721 βίον
560 687 609 713 καὶ
633 687 683 721 τῆς
699 686 839 720 διαγωγῆς
853 686 976 720 ἀπέστη-

188 739 248 764 σαν,
267 732 317 758 οὐκ
332 732 365 760 ἂν
378 732 439 759 οὐδὲ
465 732 596 767 πολεμεῖν
613 732 681 767 πρδς
704 732 888 766 Χριστιανοῦς
904 731 975 766 ἠγά-

187 786 278 812 πησας
304 778 470 811 Χριστιανὸς
502 777 539 804 ὢν
554 786 561 793 '
582 778 644 804 οὐδὲ
659 778 783 804 εὐσεϐεῖν
797 778 890 813 χάριτι
907 777 976 804 Θεοῦ

187 823 339 858 ὁμολογῶν,
350 824 473 855 εὐσεϐεῖς
489 821 581 854 εἷλκες
595 823 787 858 σίλμαλώτους
799 831 805 836 “
822 822 869 849 καὶ
883 821 975 854 ἁπλῶς

1027 233 1077 260 tes,
1094 235 1164 263 quos
1178 235 1267 264 neque
1284 228 1407 264 sanguis,
1427 237 1514 264 neque
1533 236 1610 262 caro,
1626 228 1673 257 sed
1693 229 1811 257 sanctis-

1026 274 1114 301 simus
1130 273 1250 308 Spiritus
1265 273 1303 301 ita
1317 274 1509 309 eonjunxerat.
1526 273 1621 301 Mortis
1641 278 1737 302 auctor
1756 281 1810 301 non

1026 325 1067 347 est
1097 320 1191 352 Deus,
1222 320 1270 348 sed
1298 320 1398 347 diaboli
1429 319 1519 352 dolus,
1553 319 1670 356 doloque
1694 319 1812 349 absurde

1027 366 1180 393 inserviens
1193 365 1310 393 humana
1323 365 1469 400 Cupiditas,
1485 365 1558 393 unde
1569 369 1628 393 orta
1641 373 1812 401 quiscunque

1027 410 1144 444 pessima
1182 411 1298 438 irruunt.
1338 409 1365 437 Si
1388 410 1460 437 enim
1491 409 1616 437 homines
1640 410 1762 444 corrupti
1786 414 1813 438 et

1028 456 1140 483 fallaces
1156 461 1274 484 mentem
1291 461 1364 484 tuam
1381 457 1541 492 prudentem
1561 463 1616 484 non
1630 456 1811 491 decepissent,

1027 506 1053 529 et
1067 509 1082 529 a
1097 505 1218 536 paternae
1234 502 1295 529 vitae
1313 502 1512 529 consuetudine
1526 501 1724 536 disciplinaque
1735 509 1814 529 aver-

1031 547 1143 580 tissent,
1172 554 1224 574 non
1247 547 1355 582 juvaret
1372 547 1558 575 Christianum
1579 549 1711 576 adversus
1733 548 1813 576 Chri-

1037 593 1142 621 stianos
1158 593 1269 624 bellare.
1286 602 1384 629 neque,
1401 595 1459 629 qui,
1476 594 1522 622 Dei
1536 595 1634 630 gratia,
1650 594 1812 623 charilalem

1030 639 1179 674 proﬁteris,
1194 641 1254 675 pios
1273 640 1398 668 homines
1411 640 1437 666 in
1454 640 1638 674 captivitatem
1653 639 1813 669 abduceres.

1029 690 1074 711 aut
1097 688 1220 712 vastares
1243 685 1324 712 urbes
1349 689 1375 712 et
1390 692 1513 719 campos,
1527 686 1554 712 in
1572 685 1672 720 quibus
1692 684 1814 712 divinum

1028 730 1129 758 Christi
1150 738 1250 758 nomen
1272 731 1488 766 gloriﬁeabatur.
1511 731 1563 758 Sed
1588 738 1619 758 ex
1645 738 1689 761 ea,
1704 734 1732 758 ut
1747 730 1816 759 dixi,

1028 777 1130 804 diaboli
1162 777 1393 812 sequentiumque
1425 777 1589 804 diabolicam
1620 777 1816 811 malignitatem

1029 822 1131 849 invidia
1147 823 1207 850 ista:
1226 822 1400 850 calamitates
1419 823 1555 858 irrupere.

186 870 274 896 εἰπεῖν
293 870 343 897 οὐκ
371 870 404 897 ἂν
425 870 465 901 εἰς
487 870 607 905 ἐρημίαν
637 870 810 904 κατέστησας
842 869 934 900 οἰκους
953 870 1000 895 καὶ
1020 870 1131 900 τόπους,
1145 870 1174 896 ὲν
1199 867 1240 901 οἷς
1259 870 1289 896 τὺ
1304 869 1350 897 τοῦ
1389 869 1508 905 Χριστοῦ
1534 870 1606 896 θεῖον
1623 869 1710 904 ὄνομα
1724 867 1819 901 ὲδοεάο

187 915 260 948 ζετο.
274 915 331 942 ἀλλ’
342 915 410 950 ὅπερ
426 915 494 949 ἔφην
511 915 638 941 διαϐόλου
660 915 755 949 cii/uo;
791 915 838 941 καὶ
851 915 906 941 τῶν
937 915 1043 942 ἐκείνου
1074 916 1253 951 μιμουμένων
1289 916 1340 952 τὴν
1371 916 1471 943 κακίαν
1495 915 1649 952 ἀνθρώπων
1667 916 1722 948 τοῖς
1737 913 1819 949 χαλε-

189 961 249 992 ποῖς
271 959 378 991 τούτοις
398 960 502 986 ἑδωκαν
514 960 668 996 προελθεῖν.

232 1027 306 1055 Λλλὰ
321 1028 376 1062 γὰρ
390 1027 437 1054 καὶ
451 1026 531 1053 τοῦτο
558 1027 705 1062 ὲνεφέρετο
719 1027 747 1053 ἰν
767 1027 805 1062 τῷ
818 1027 975 1062 γράμματι,

1064 1026 1184 1061 Epistola
1208 1031 1299 1054 autem
1323 1027 1349 1054 in
1367 1032 1412 1055 tua
1429 1028 1568 1063 scripsisti
1586 1033 1612 1056 te
1629 1029 1699 1057 nihil
1717 1030 1770 1059 nisi
1785 1040 1817 1059 ex

188 1074 227 1105 ὡς
241 1074 357 1108 ἀγαπῶν
385 1073 416 1100 τὸ
431 1073 571 1108 ὁμὰψυχον
596 1074 643 1100 καὶ
658 1075 689 1099 τὸ
709 1073 872 1108 εἰρηνεύειν,
891 1073 979 1100 πάντα

189 1121 320 1154 πράττεις
341 1119 359 1146 ἃ
379 1119 521 1154 πράττεις.
545 1119 600 1146 Καὶ
613 1120 644 1146 τὸ
666 1120 714 1153 μὲν
728 1119 868 1154 ὁμόψυχον
887 1121 933 1146 καὶ
949 1120 979 1146 τὸ

189 1165 340 1201 εἰρηνεύειν
358 1165 438 1200 ἔργον
447 1165 493 1191 τοῦ
505 1165 621 1199 ἀγαθοῦ,
632 1165 662 1192 τὸ
670 1165 698 1191 δὲ
711 1165 841 1201 πράττειν
856 1165 874 1192 ἃ
891 1165 978 1201 πράτ-

190 1211 352 1245 τιι;,-ῑργον
379 1210 426 1236 τοῦ
448 1210 579 1246 πονηροῦ.
600 1211 695 1242 Οὐδεὶς
714 1211 827 1246 εἰρήνην
840 1211 977 1246 ἐπιζητῶν

190 1255 364 1283 ἐπιϐουλεύει
389 1256 495 1282 ἐκείνου
527 1256 586 1291 μεθ’
601 1253 631 1283 οῦ
653 1257 806 1292 εἰρηνεύειν
830 1257 976 1292 ἐπιζητεῖ·

189 1302 276 1333 οὐδεὶς
290 1301 428 1337 ὀμόψυχον
450 1301 522 1336 ἔχειν
550 1303 713 1337 βουλόμενός
736 1311 807 1335 τινα,
833 1305 866 1338 τῇ
886 1304 976 1338 σφαγῇ

188 1348 286 1375 τούτου
304 1348 404 1383 μιαίνει
437 1348 486 1380 τὰς
517 1349 623 1384 χεῖρας,
650 1348 718 1375 ἀλλὰ
741 1348 902 1384 θεραπεύει,
920 1349 977 1376 ἀλλ’

191 1394 296 1430 ἀγαπᾷ,
315 1394 383 1421 ἀλλά
398 1394 482 1420 παντὶ
511 1395 605 1429 τρόπμ
621 1395 655 1421 τὰ
667 1395 718 1429 τῆς
738 1394 842 1420 ἐκείνου
857 1395 978 1427 ἀνέσεως

190 1441 326 1467 ἐπιτελεῖν
350 1440 524 1474 ἀγωνίζεται.
552 1441 592 1467 Τὰ
611 1440 640 1467 δὲ
657 1441 778 1475 ὑλιέτίρα
797 1441 827 1467 οὐ
852 1441 976 1474 τοιαῦτα,

191 1486 290 1513 οὐκοῦν
315 1486 376 1512 οὐδὲ
401 1486 560 1521 ὀμοψυχείν,
573 1486 632 1512 οἰδὲ
653 1486 806 1520 εἰρηνεύειν
820 1486 979 1520 ἐπιζητούν-

192 1540 257 1564 των,
292 1531 362 1558 ἀλλὰ
392 1531 550 1558 τούναντίον
579 1531 678 1566 μᾶλλον
709 1531 906 1565 ἑχϐραινόντων
931 1532 979 1557 καὶ

194 1577 367 1612 μαχομένων,
382 1577 430 1603 καὶ
448 1576 508 1611 μηδ’
534 1577 574 1603 ὅτι
588 1576 614 1602 τί
634 1576 698 1602 ποτέ
718 1578 792 1602 ἐστιν
805 1576 901 1612 εἰρήνη
917 1585 979 1603 συν-

195 1622 301 1650 ιέντων.
319 1623 374 1649 Καὶ
405 1622 492 1648 ταῦτα
521 1623 676 1657 γράφομεν,
693 1622 788 1649 τέκνον
812 1622 902 1657 ἡμῶν,
919 1622 978 1657 οὐχὶ

193 1669 366 1700 διδάσκοντες
379 1667 416 1699 ὡς
442 1669 602 1702 ἀγνοοῦντα,
623 1667 681 1694 an"
703 1669 744 1695 ὅτι
760 1668 804 1695 διὰ
823 1668 877 1694 τῶν
893 1668 981 1695 τοιού-

194 1721 249 1741 των
263 1714 406 1749 ῥημάτων,
416 1713 466 1739 οὒκ
475 1712 535 1740 οἶδα
548 1714 624 1745 τίνας
637 1713 712 1740 δοκεῖ
722 1714 876 1749 τὸγρᾰμμα
890 1723 980 1750 παρα-

193 1759 362 1794 λογίζεσθαι.
385 1759 551 1795 Ἐρωτῶμέν
568 1768 608 1792 σε,
625 1761 673 1786 καὶ
693 1760 870 1795 ἀποκρίθητι.
888 1760 920 1786 El
935 1769 978 1792 τις

193 1804 210 1840 ἢ
231 1804 346 1838 ἁδελφὸς
364 1804 381 1839 ἢ
399 1804 454 1830 τῶν
473 1805 578 1831 τέκνων
608 1805 699 1831 αὐτῶν
712 1804 866 1839 παρελθὼν,
891 1805 980 1832 πάντα

195 1851 310 1885 πράττοι
340 1850 411 1877 ὥοτε
436 1849 528 1876 λαϐεῖν
549 1849 599 1885 τὴν
624 1850 673 1884 σὴν
693 1850 843 1884 κυριότητα
860 1851 908 1877 καὶ
929 1851 979 1886 τὴν

194 1897 281 1932 ἀρχὴν
295 1897 343 1924 τοῦ
354 1897 460 1928 ἔθνους,
479 1894 539 1923 εἶτα
559 1896 635 1930 λέγοι
649 1897 686 1928 ὡς
700 1897 816 1932 Πράττω
829 1897 916 1924 ταῦτα
935 1898 983 1924 καὶ

193 1942 363 1977 ἀγωνίζομαι.
388 1942 469 1977 χάριν
497 1941 544 1968 τοῦ
570 1939 640 1968 εἶναι
656 1942 793 1977 ὸμόψυχός
810 1951 852 1969 σοι
877 1942 981 1970 καὶτοῦ

194 1988 358 2024 εἰρηνεύειν,
371 1986 425 2022 ἄρα
441 1987 536 2014 τοῦτον
549 1988 666 2023 ἀποδέξῃ
678 1988 726 2022 τῆς
740 1987 868 2023 τοιαύτης
885 1996 982 2021 προαι-

195 2035 308 2070 ρέσεως,
328 2034 345 2068 ἢ
363 2034 400 2064 ὡς
414 2033 557 2060 ἐπίϐουλον
573 2034 622 2060 καὶ
638 2033 734 2069 ἐχθρὸν
746 2034 830 2060 παντὶ
839 2034 984 2068 τρόπῳκαὶ

194 2081 244 2115 τῆς
257 2081 321 2114 ὅλης
344 2080 425 2106 αὑτὸν
441 2079 579 2111 ἑκδιὼξεις
592 2078 702 2114 χώρας;
728 2080 784 2105 Καὶ
801 2079 843 2110 τίς
862 2079 934 2105 ἐστιν
955 2080 984 2110 ὃς

195 2126 276 2153 τοῦτο
295 2126 417 2160 ἀγήοχες
439 2126 485 2160 Μὴ
498 2125 586 2151 τοίνυν
602 2125 670 2159 μηδὲ
688 2125 719 2151 σὺ
736 2125 766 2151 ὲκ
777 2125 898 2151 τοιούτου
916 2133 984 2160 φρο-

198 2171 320 2206 νήματος
341 2170 479 2206 ὁμόψυχος
501 2167 583 2201 εἶναι,
605 2169 674 2204 μηδὲ
698 2169 838 2201 ἐπιζητεῖν
858 2170 985 2204 τοιαύτην

196 2218 309 2253 εἰρήνην
322 2225 330 2232 ·
346 2217 376 2242 τὸ
389 2217 444 2252 γὰρ
467 2216 656 2243 ἰὸιοποιεῖεῧαι
677 2216 710 2242 τὰ
726 2216 866 2251 ἀλλότρια,
879 2216 909 2242 τὸ
924 2215 986 2251 βού-

195 2262 290 2290 λεσθαι
303 2262 357 2289 τῶν
375 2262 413 2297 μὴ
435 2261 631 2295 προσηκόντων
653 2260 814 2292 ἐπιϐαίνειν,
829 2261 984 2296 τυραννίδος

1032 1081 1128 1100 amore
1149 1074 1302 1101 concordlzc
1320 1078 1347 1101 et
1359 1075 1436 1109 pacis
1452 1074 1552 1102 facere.
1569 1074 1658 1111 Opera
1673 1076 1736 1104 boni
1758 1076 1819 1114 Spi-

1032 1118 1102 1145 ritus
1125 1124 1191 1146 sunt
1209 1119 1357 1146 concordia
1378 1125 1403 1147 el
1422 1128 1492 1156 pax;
1514 1128 1575 1156 quae
1594 1129 1661 1149 vero
1674 1122 1732 1158 agis
1755 1124 1818 1151 mali

1031 1163 1145 1197 spiritus
1171 1169 1246 1191 sunt.
1274 1163 1359 1191 Nemo
1390 1173 1484 1200 pacem
1512 1173 1639 1200 quarens
1670 1167 1818 1196 insidiatur

1029 1209 1146 1240 homini,
1174 1217 1292 1244 quocum
1317 1211 1343 1237 in
1366 1218 1431 1246 pace
1454 1219 1565 1240 manere
1590 1218 1711 1247 exoptat.
1735 1213 1820 1242 Nemo

1029 1254 1150 1282 hominis
1177 1262 1297 1289 quocum
1324 1257 1350 1283 in
1374 1257 1522 1285 concordia
1538 1258 1596 1285 vult
1619 1259 1721 1291 vivere,
1746 1261 1820 1287 caule

1029 1307 1128 1328 manus
1151 1308 1216 1328 suas
1237 1307 1378 1336 cruentat,
1403 1303 1451 1330 sed
1478 1304 1504 1331 in
1529 1312 1593 1332 eum
1613 1305 1713 1338 ollicia,
1736 1305 1818 1339 bona,

1029 1353 1169 1379 amorem,
1200 1347 1388 1383 gratiamque,
1427 1357 1538 1385 quoquo
1574 1351 1656 1378 modo
1693 1351 1819 1380 conferre

1032 1392 1182 1419 contendit.
1211 1392 1270 1420 Non
1293 1393 1355 1420 talia
1379 1398 1444 1421 sunt
1464 1403 1526 1430 quae
1545 1396 1638 1431 agitis,
1665 1396 1711 1424 sed
1737 1403 1819 1432 opera

1033 1437 1174 1464 hominum
1191 1439 1248 1473 qui,
1277 1440 1377 1466 nedum
1396 1441 1571 1468 concordiam
1589 1447 1615 1468 et
1631 1449 1724 1476 pacem
1745 1449 1821 1476 que-

1034 1486 1105 1514 rant,
1121 1482 1182 1509 odia
1198 1487 1225 1510 et
1241 1483 1312 1510 bella
1330 1490 1545 1518 persequuntur,
1562 1487 1618 1512 imo
1635 1487 1701 1521 quid
1717 1487 1754 1514 sit
1768 1495 1820 1522 pax

1033 1527 1170 1562 ignorant.
1183 1527 1260 1555 Talia
1274 1530 1375 1560 scribo,
1391 1537 1444 1556 non
1463 1535 1493 1557 ut
1507 1531 1678 1565 ignorantem
1694 1531 1820 1565 doceam,

1033 1573 1079 1600 sed
1096 1573 1161 1608 quia
1185 1574 1280 1601 nescio
1299 1582 1369 1609 quos
1393 1574 1508 1609 epistola
1535 1575 1662 1603 videatur
1683 1576 1819 1611 decipere.

1033 1617 1098 1645 Mihi
1125 1623 1218 1646 autem
1244 1619 1424 1655 interroganti
1450 1622 1592 1655 responde.
1621 1621 1651 1649 Si
1675 1622 1749 1656 quis.
1774 1627 1822 1650 aut

1032 1663 1126 1699 frater,
1142 1669 1189 1692 aut
1208 1665 1291 1697 ﬁlius,
1316 1665 1353 1692 ita
1376 1667 1450 1693 omni
1466 1666 1547 1694 modo
1567 1674 1669 1702 ageret,
1686 1673 1714 1695 ut
1731 1668 1821 1695 domi-

1033 1711 1108 1738 nium
1134 1716 1209 1738 tuum
1236 1712 1379 1747 gentisque
1405 1716 1459 1740 tuae
1484 1713 1629 1748 imperium
1657 1715 1820 1749 subriperet,

1032 1757 1126 1785 dixens
1150 1766 1180 1785 se
1199 1758 1268 1784 nihil
1296 1758 1370 1785 aliud
1398 1758 1451 1786 nisi
1475 1767 1570 1793 pacem
1591 1761 1822 1796 concordiamque

1033 1808 1123 1830 tecum
1141 1804 1295 1832 habendam
1324 1805 1402 1837 velle,
1425 1805 1545 1833 istiusne
1574 1811 1677 1841 gratam
1706 1807 1821 1834 haberes

1033 1850 1131 1885 agendi
1151 1851 1304 1878 rationem?
1329 1859 1420 1878 nonne
1443 1852 1535 1886 potius
1556 1853 1638 1879 istum
1653 1852 1732 1887 quasi
1754 1853 1822 1880 insi-
1866 1878 1874 1881 -

1034 1897 1166 1924 diatorem
1196 1897 1359 1931 hostemque
1384 1905 1416 1924 ex
1442 1902 1486 1924 tua
1513 1898 1626 1932 regione
1645 1898 1820 1932 expelleres?

1035 1942 1135 1978 Ecquis
1162 1943 1199 1970 ita
1220 1943 1291 1979 egit?
1315 1942 1374 1969 Non
1399 1947 1426 1970 tu
1452 1951 1519 1970 sane
1545 1951 1578 1970 ex
1607 1944 1655 1970 tali
1680 1944 1822 1978 proposito

1034 1987 1209 2014 concordiam
1228 1991 1255 2014 et
1274 1994 1367 2022 pacem
1392 1986 1461 2014 velis
1477 1994 1610 2021 qumrere.
1628 1987 1724 2014 Aliena
1748 1987 1821 2014 enim

1035 2041 1170 2069 occupare
1189 2037 1237 2060 aut
1260 2034 1331 2060 velle
1353 2033 1481 2060 invadere
1498 2033 1651 2068 tyrannidis
1672 2037 1714 2060 est
1735 2033 1822 2061 hosti-

1035 2080 1124 2114 lisque
1145 2079 1271 2111 rationis,
1287 2086 1342 2106 non
1358 2083 1450 2105 autem
1472 2078 1627 2106 concordia:
1648 2079 1823 2114 pacilleaeque

1036 2125 1233 2152 institutionis.
1259 2124 1359 2152 Nescio
1386 2132 1436 2152 cur
1460 2126 1640 2158 merularum,
1664 2125 1821 2157 simiurum,

1035 2175 1083 2197 aut
1114 2171 1236 2205 picarum
1265 2178 1356 2198 mores
1381 2170 1562 2198 atleclaveris.
1588 2171 1677 2199 Homo
1696 2171 1821 2207 equidem

1037 2217 1127 2251 imago
1152 2216 1209 2249 Dei,
1236 2217 1413 2252 divinumque
1438 2217 1549 2245 imitans
1575 2218 1715 2249 virtutem.
1740 2226 1822 2254 supra

1036 2269 1145 2289 omnem
1174 2261 1304 2288 malitiam
1328 2262 1461 2297 exsurgit,
1486 2263 1609 2297 ipseque,
1631 2268 1764 2298 quantum
1795 2264 1822 2291 in

197 2309 256 2335 ἐστὶ
278 2308 325 2335 καὶ
347 2307 503 2343 μαχομένου
517 2307 633 2341 τρόπον,
658 2305 716 2332 ἀλλ’
740 2306 800 2340 οὐχὶ
820 2305 978 2340 ὸμοψυχίας,

1038 2307 1147 2335 homine
1162 2311 1215 2339 est,
1230 2307 1259 2334 lit
1275 2306 1359 2340 Deus,
1374 2307 1406 2335 ad
1419 2307 1536 2342 idipsum
1551 2313 1675 2341 creatus;
1694 2309 1822 2336 animum

196 2355 258 2382 οὐδὲ
271 2354 413 2389 εἰρηνικῆς
428 2352 635 2384 καταστάσεως.
652 2353 684 2378 'H
699 2352 726 2378 δὲ
741 2352 804 2386 περὶ
816 2351 869 2377 τῶν
886 2351 978 2378 κοσσύ-

1036 2361 1102 2381 vero
1117 2354 1150 2381 de
1166 2353 1267 2388 quibus
1284 2353 1415 2388 loqueris,
1434 2355 1457 2380 si
1473 2353 1540 2388 quid
1553 2354 1587 2381 ad
1601 2354 1740 2382 hominem
1760 2355 1823 2381 imi-

199 2409 257 2435 φων
286 2402 333 2427 καὶ
358 2401 412 2427 τῶν
430 2400 556 2435 πιθήκων
583 2400 630 2425 καὶ
651 2398 706 2425 τῶν
726 2398 829 2424 κισσῶν
844 2398 922 2433 χρεία
934 2398 978 2424 οὖν

1039 2399 1152 2433 talione,
1165 2399 1286 2427 actiones
1298 2403 1388 2426 tamen
1401 2400 1537 2427 humanas
1548 2407 1670 2432 unquam
1683 2399 1823 2427 referunt:

169 2443 174 2447 ’
198 2445 259 2473 οἰδα
274 2447 313 2478 εἰς
334 2446 361 2472 τί
388 2454 429 2472 σοι
459 2445 655 2481 προϐέϐληται.
680 2444 840 2480 Ἀνθρωπος
857 2444 906 2479 μὲν
931 2444 978 2479 γὰρ

1038 2446 1138 2480 quippe
1167 2453 1227 2480 quae
1253 2446 1380 2472 humanae
1404 2445 1498 2473 virtuti
1530 2446 1663 2481 imparia,
1698 2446 1824 2473 homines

197 2494 281 2521 εἰκών
299 2494 357 2520 ἔστι
373 2493 451 2524 Θεοῦ,
468 2493 516 2519 καὶ
531 2494 581 2527 τὴν
597 2493 673 2519 θείαν
690 2492 858 2527 μιμούμενος
874 2491 975 2526 ἀρετὴν

1038 2491 1131 2518 vocari
1155 2491 1228 2518 nulla
1252 2492 1358 2519 ratione
1373 2496 1500 2526 possunt,
1518 2492 1588 2520 sicut
1612 2492 1706 2525 homo,
1727 2492 1774 2528 qui
1790 2493 1824 2519 ab

198 2541 306 2575 γίνεται
325 2540 459 2574 κρείττων
473 2539 565 2574 πάσης
581 2539 690 2570 κακίας,
705 2538 752 2565 καὶ
772 2538 834 2564 ὅσον
850 2537 978 2573 ἀνθρώπη

1039 2538 1097 2572 ipso
1117 2537 1171 2565 Deo
1188 2538 1281 2566 vocari
1299 2538 1371 2566 Deus
1386 2545 1420 2566 ex
1435 2546 1584 2574 progressu
1606 2539 1717 2574 accipit.

197 2586 311 2614 δυνατὸν
333 2585 409 2617 Θεὸς,
425 2585 473 2611 καὶ
487 2584 531 2611 διὰ
548 2584 626 2610 τοῦτο
643 2583 718 2619 παρὰ
733 2583 800 2610 Θεοῦ
817 2583 1067 2618 δεδημιούργηται·
1084 2583 1102 2610 ἃ
1126 2583 1148 2610 δ’
1165 2583 1233 2619 ἔφης
1252 2583 1322 2616 ζῶα,
1342 2585 1366 2611 εἰ
1383 2587 1431 2612 καὶ
1457 2585 1577 2621 μιμηλόν
1589 2594 1614 2612 τι
1634 2586 1703 2622 πρὸς
1720 2585 1825 2620 ἄνθρω-

198 2641 248 2659 πον
269 2631 463 2662 ἐπιδείκνυται,
497 2630 555 2657 ἀλλ’
567 2630 643 2656 οὐδὲν
676 2629 744 2664 πρὸς
765 2629 800 2656 τὰ
822 2629 982 2664 ἀνθρώπινα
1016 2630 1185 2664 πράγματα·
1218 2629 1281 2656 οὔτε
1304 2630 1360 2666 γὰρ
1386 2630 1532 2666 ἀνθρώπου
1556 2631 1656 2667 ἀρετὴν
1677 2631 1825 2658 ἀναλαϐεῖν

199 2681 281 2711 κοινὰ,
301 2678 364 2705 οὔτε
394 2678 539 2712 ἄνθρωπος
564 2676 693 2711 λέγεσθαι
716 2675 940 2711 καθόίονδήποτε
959 2676 1071 2712 τρόπον,
1099 2677 1195 2712 ὥσπερ
1222 2677 1255 2703 ἐκ
1274 2677 1419 2713 προκοπῆς
1442 2679 1456 2704 ὁ
1482 2678 1626 2713 ἄνθρωπος
1648 2678 1724 2713 παρὰ
1755 2677 1824 2704 Θεοῦ

199 2725 334 2761 λαμϐάνει
349 2724 379 2751 τὺ
395 2723 536 2750 καλεῖσθαι
555 2722 633 2754 Θεός.

238 2795 311 2831 Πλὴν
329 2795 377 2824 καὶ
392 2795 483 2826 τοῦτο,
497 2794 594 2822 τέκνον
605 2794 695 2829 ἡμῶν,
711 2793 741 2820 τὸ
759 2792 937 2828 παράδειγμα
961 2801 974 2819 ε

1078 2791 1465 2839 Ιιιηοθᾎοῇἰίἰίηειοιιψίυω,
1487 2793 1510 2839 si
1528 2800 1563 2822 ex
1580 2794 1717 2829 prioribus
1741 2795 1823 2824 dictis
