2009 3078
217 81 266 114 16Ἱ
788 75 941 107 NICOLAI
963 76 1018 106 GP.
1040 73 1296 105 PATRIAHCILE
1797 71 1848 101 163

213 144 312 165 omnes
330 143 384 163 non
402 135 483 163 modo
500 133 646 169 imperium
670 132 793 163 sortitos,
811 132 857 158 sed
873 135 1009 166 quotquot

1065 131 1099 166 μὴ
1116 130 1307 165 γνωριζόντων
1331 128 1551 164 εὖσχημοεῦνην,
1571 128 1628 156 ἀλλ’
1641 127 1701 162 οὐχὶ
1713 127 1766 153 τῶν
1783 129 1849 153 ἁνα-

214 184 334 211 aliormn
351 182 557 211 venerationem
577 179 716 211 affectant,
733 177 915 205 contumelias
927 176 1005 211 quasi

1065 175 1213 211 ἲεὸηκότων
1225 177 1271 202 καὶ
1279 176 1388 204 εἰδότων
1397 174 1500 210 ἑτέρως
1510 175 1683 208 εὐσχήμονας
1692 173 1847 200 ἀποτελεῖν.

216 229 382 265 spurcitiam
404 227 535 264 repellere
557 231 583 253 et
603 224 769 256 abhorrere,
807 227 936 250 curantes
972 229 1006 248 ne

1065 223 1095 248 Ἠ
1111 223 1230 256 ἀγνοεῖς,
1247 222 1342 249 τέκνον
1364 222 1454 257 ἡμῶν,
1472 221 1513 247 ὅτι
1539 221 1578 251 ὼς
1596 221 1698 247 ἐπίπαν
1714 220 1744 246 οὺ
1758 220 1848 253 μόνων

215 276 325 310 linguae,
341 275 499 305 verborum,
514 271 647 306 imprimis
662 269 762 296 mentis
773 268 935 296 munditiam
958 275 1006 302 per

1065 267 1112 294 :th
1139 268 1234 303 ἄρχειν
1261 267 1409 303 λαχόντων,
1440 266 1510 294 ἀλλᾶ
1539 267 1586 292 καὶ
1609 267 1666 292 ὅσοι
1687 266 1741 292 τῶν
1759 266 1848 292 ἄλλων

215 321 363 355 ενυτοίιίαε
382 318 510 348 trahant!

1065 313 1211 348 ινθρώπων
1243 314 1410 349 σεμνότητος
1434 312 1649 343 ἀντιποιοῦνται,
1678 312 1729 343 τὰς
1756 311 1849 346 ῦσρεις

215 364 312 401 ὥσπερ
328 374 354 393 τι
372 365 504 400 ῥύπασμα
519 362 682 389 διωθοῦνται
705 361 754 388 καὶ
791 360 1023 394 ἀποστρέφονται,
1053 361 1100 387 καὶ
1120 360 1257 395 φείδονται
1283 361 1314 386 τὸ
1353 360 1484 394 καθάριον
1511 358 1562 392 τῆς
1583 357 1706 393 γλώττης
1729 359 1775 385 καὶ
1793 358 1850 385 τῶν

215 413 303 446 λόγων
318 411 365 438 καὶ
380 410 432 446 πρό
444 418 476 444 γε
493 408 597 436 τούτων
611 408 662 443 τῆς
676 406 791 442 γνώμης
809 407 838 432 ὲν
853 405 892 440 τῷ
909 405 1070 440 ρυπάσματι
1092 406 1253 441 περισὺρειν
1267 406 1322 432 τῶν
1333 405 1440 441 ὖὸρεων
1453 414 1460 437 ;

253 458 324 492 Quid
336 457 419 485 refert
432 460 537 483 veteres
552 459 580 482 et
593 459 718 482 recentes
733 453 865 488 allegare,
897 452 1006 484 Persas,

216 505 371 539 Agarenos,
388 502 522 537 aliosque,
533 501 635 536 quibus
647 505 726 527 antea
742 499 917 534 magistratus
931 505 1007 525 com-

216 550 310 578 missi?
326 549 388 583 Qui,
410 555 495 584 quum
519 547 588 575 bella
606 547 677 574 inter
693 553 723 574 se
736 550 872 581 gererent.
890 553 932 572 res
951 544 1008 572 hel-

215 596 283 623 lieas
307 595 435 630 agebant,
465 593 639 622 contumeliis
662 598 726 619 vero
752 591 867 626 pulchre
888 598 920 617 ac
935 590 1008 624 regie

216 642 358 677 sapientes
373 639 557 668 abstinebant.
577 638 615 666 lta
639 644 726 673 usque
740 637 774 663 ad
799 644 861 664 nos.
877 635 1008 670 Agat-eui,

215 687 437 722 quotiescunque
462 692 555 712 rerum
588 683 737 711 discrimen
763 682 864 714 turbet,
889 681 1007 708 debitam

215 738 307 760 tamen
324 731 520 762 reverentiam,
536 729 660 758 debitum
676 728 758 764 regia:
773 727 909 763 majestati
922 727 1009 753 hono-

1098 453 1130 479 Τί
1145 461 1178 487 με
1201 453 1243 480 δεῖ
1261 452 1351 486 λέγειν
1371 452 1505 488 ἀρχαίους
1520 460 1550 478 τε
1569 452 1614 478 καὶ
1630 452 1717 484 νέους,
1731 453 1849 487 Πέρσας,

1068 499 1252 534 Ἀγαρηνοὺς,
1281 499 1378 530 ἄλλους
1407 499 1461 534 πρὸ
1476 497 1591 528 τούτων,
1606 498 1664 525 ὅσοι
1686 499 1773 533 ἀρχᾶς
1788 500 1850 525 ὲπι-

1062 545 1230 581 στεύθησαν;
1252 545 1296 576 Ὠς
1309 545 1439 576 πολλάκις
1452 545 1580 581 πολέμων
1589 545 1746 580 ἀναμεταξὺ
1760 553 1851 571 κινου-

1064 592 1164 627 μένων,
1196 592 1231 618 τὰ
1254 591 1304 627 μὲν
1328 590 1375 618 τοῦ
1391 591 1512 626 πολέμου
1534 591 1678 625 ἐνήργουν,
1696 589 1803 625 ὕϐρεων
1820 589 1849 616 δὲ

1062 637 1152 669 καλῶς
1167 637 1345 672 καὶξάρχικῶς
1352 636 1514 672 φρονοῦντες
1526 636 1680 671 ἀπείχοντο.
1697 636 1750 662 Καὶ
1767 636 1849 670 μέχρι

1062 683 1110 710 τοῦ
1131 683 1178 709 νῦν
1193 683 1256 709 οὔτε
1274 684 1372 718 ὁρᾶται
1387 682 1541 716 γινόμενον.
1558 682 1714 717 Γράφουσιν
1731 682 1850 716 Ἀγαρη-

1063 731 1103 756 νοὶ
1118 730 1152 756 τὰ
1165 730 1215 765 μὲν
1242 730 1310 756 ἄλλα
1332 730 1383 756 ὅσα
1402 729 1583 756 ὑποϐάλλουσι
1607 729 1661 755 τῶν
1677 729 1850 763 πραγμάτων

214 785 272 804 rem
288 779 408 803 servant.
421 775 462 802 Tu
475 782 595 810 quoque,
610 781 627 801 ο
650 774 698 806 ﬁli,
721 773 928 800 convenientem
952 779 1009 797 tua-

1065 777 1091 804 αί
1105 777 1262 808 ὑποθέσεις,
1285 777 1334 812 τὴν
1353 776 1534 811 ὀφειλομένην
1555 775 1583 802 δὲ
1600 776 1646 802 καὶ
1663 775 1851 810 προσηγορίαν

215 822 380 857 guilicentia:
394 827 448 847 tua»
469 824 589 847 mentem
615 825 729 846 servans
750 817 855 844 abstine
870 820 1011 843 cautume-

217 868 273 900 liis,
288 875 374 902 quum
395 866 506 898 scribis,
528 873 612 900 qutun
634 864 785 900 praesertim
809 862 842 890 ad
869 869 895 889 te
920 861 1012 888 missa:

217 913 400 949 imperatoriae
412 912 537 947 epistolae
551 910 618 938 nihil
633 910 861 938 contumeliosum
880 907 1010 940 alierum,

217 959 395 992 debitumque
408 957 596 984 tibihonorem
609 955 742 982 tribuunt.
752 953 810 981 Non
823 953 896 980 enim
910 957 935 979 te
944 952 1012 982 {usit

217 1006 278 1033 illos
295 1006 342 1041 qui
355 1006 512 1033 Romanum
528 1004 674 1040 imperium
690 1007 799 1038 regunt,
821 1003 844 1029 si
857 1001 922 1036 quid
935 1000 968 1028 ad
986 1003 1012 1026 te

216 1052 328 1088 gravius
340 1052 514 1087 scripserint,
530 1058 583 1079 non
598 1058 613 1078 a
628 1057 657 1078 se
670 1049 736 1084 ipsis
750 1052 839 1076 motos
852 1047 948 1079 fuisse,
964 1045 1011 1073 scd

217 1108 231 1125 a
255 1103 292 1130 te,
318 1098 366 1133 qui
388 1098 442 1125 illis
468 1104 565 1132 aspere
606 1095 766 1126 scribebas,
794 1099 820 1121 et
839 1093 879 1121 sic
907 1092 1011 1127 asperis

217 1144 327 1179 scriptis
343 1144 397 1171 tuis
414 1150 479 1170 suas
495 1142 625 1177 epistolas
638 1139 849 1168 accommodare
864 1138 950 1165 fuisse
964 1145 1012 1165 co-

218 1194 294 1216 actos
312 1198 319 1216 :
338 1189 375 1216 ita
391 1193 422 1215 ut
444 1195 541 1215 eorum
570 1186 706 1220 asperitas
734 1193 750 1212 e
766 1184 819 1211 tuis
838 1183 1013 1211 contumeliis

219 1234 353 1268 eruperit.
394 1233 596 1267 lmperatorum
628 1235 720 1257 autem
750 1230 878 1262 aninms,
900 1229 1011 1256 sibimet

220 1284 362 1310 constans,
384 1282 409 1304 te
424 1277 538 1304 fratrem
553 1283 585 1303 ac
599 1275 718 1302 amicum
735 1274 863 1310 appellat,
881 1274 1014 1309 quidquid

220 1325 323 1351 amoris
337 1325 392 1351 reri
418 1331 450 1350 ac
474 1322 629 1350 dilectionis
648 1322 808 1355 observans,
823 1326 860 1355 et,
879 1326 909 1348 ut
924 1322 1014 1349 omnia

220 1370 322 1402 dicam,
353 1374 379 1397 te
404 1368 521 1404 benigne
547 1368 625 1403 quasi
654 1373 731 1402 pater
760 1367 845 1394 ﬁlium
874 1367 1014 1402 amplecti-

220 1423 277 1447 tur.

1064 824 1111 850 καὶ
1130 823 1214 858 τιμὴν
1242 823 1429 855 ἀποσώζοντες
1442 824 1475 858 τῇ
1497 822 1630 857 βασιλείᾳ.
1645 821 1723 849 Οὕτω
1740 822 1786 847 καὶ
1804 821 1848 853 σὺ,

1064 868 1158 895 τέκνον
1170 868 1260 903 ἡμῶν,
1281 868 1311 894 τὸ
1327 868 1433 903 πρέπον
1447 869 1480 903 τῇ
1505 869 1538 903 σῇ
1557 866 1782 902 μεγαλοπρεπείᾳ
1799 866 1851 892 σώ-

1064 914 1128 946 ζων,
1148 914 1250 949 ἀπέχου
1270 914 1323 940 τῶν
1347 913 1472 950 ὕϐρεων,
1495 913 1560 939 ὅταν
1583 913 1708 948 γράφῃς”
1733 911 1852 946 μάλιστά

1063 968 1094 994 γε
1112 960 1157 995 ντὶ
1171 960 1217 987 τοῦ
1232 961 1298 996 πρὸς
1318 958 1347 986 σε
1364 959 1543 994 στελλομένου
1561 958 1700 994 βασιλικοῦ
1718 958 1852 993 γράμμα-

1062 1015 1106 1038 τος
1126 1006 1210 1041 μηδὲν
1223 1006 1382 1041 ὑϐριστικὸν
1400 1005 1518 1039 ἔχοντος,
1543 1004 1602 1032 ἀλλ’
1619 1004 1750 1036 ἐπιεικῶς
1767 1011 1850 1039 προσ-

1063 1052 1268 1086 διαλεγομένου.
1283 1052 1329 1078 καὶ
1341 1052 1391 1086 τὴν
1407 1051 1586 1086 ὀφειλομένην
1604 1059 1644 1077 σοι
1657 1050 1739 1086 τιμὴν
1753 1050 1851 1084 διαπρυ-

1063 1095 1218 1128 λάττῑντος.
1246 1097 1302 1123 Καὶ
1323 1095 1378 1130 γὰρ
1408 1094 1481 1127 οἶδας
1498 1096 1536 1127 ὡς
1562 1096 1587 1121 εί
1609 1103 1635 1121 τι
1650 1096 1696 1121 καὶ
1720 1094 1851 1125 πολλάκις

1065 1141 1133 1175 πρὸς
1144 1141 1173 1167 σὲ
1185 1142 1353 1176 τραχύτερον
1369 1142 1392 1167 οἱ
1408 1141 1456 1176 τὴν
1474 1141 1631 1176 Ῥωμαϊκὴν
1644 1141 1781 1175 βασιλείαν
1799 1140 1853 1167 διέ-

1065 1195 1163 1218 ποντες
1180 1187 1227 1213 σὺν
1242 1187 1301 1222 Θεῷ
1325 1187 1459 1222 ἔγραψαν,
1471 1187 1501 1214 οὺ
1523 1188 1588 1222 παρ’
1602 1188 1704 1214 ἐαττῶν
1718 1188 1757 1218 είς
1773 1187 1853 1214 τοῦτο

1066 1233 1238 1268 κεκίνηνται,
1264 1233 1331 1260 ἀλλὰ
1362 1233 1410 1259 σοῦ
1433 1233 1588 1268 γράψαντος
1610 1233 1628 1259 ἃ
1650 1233 1688 1268 μὴ
1712 1233 1852 1269 προσῆκον

1066 1278 1185 1313 ὑπῆρχε,
1199 1278 1245 1305 καὶ
1262 1279 1338 1304 αὐτοὶ
1360 1278 1428 1313 πρὸς
1443 1279 1474 1305 τὸ
1495 1279 1663 1314 τραχύτερον
1683 1278 1853 1305 διατυπῶσαι

1065 1323 1096 1350 τὸ
1109 1323 1228 1357 γράμμα
1242 1322 1441 1358 ὲξεὸιάσθησαν
1452 1331 1458 1338 ·
1478 1323 1548 1350 ὥστε
1566 1324 1583 1359 ἡ
1599 1323 1649 1358 μὲν
1668 1323 1806 1359 τραχύτης
1822 1324 1853 1349 ὲκ

1065 1369 1121 1395 τῶν
1136 1369 1189 1395 σῶν
1203 1368 1308 1404 ὕϐρεων
1320 1367 1455 1404 λαμϐάνει
1470 1370 1664 1405 τὴνάφορμήν.
1691 1369 1723 1396 Ἦ
1735 1370 1763 1399 δὲ
1776 1369 1854 1404 βασι,

1067 1415 1132 1450 λικὴ
1157 1414 1277 1446 διάθεσις
1301 1415 1471 1447 διασώζουσα
1494 1415 1525 1442 τὸ
1553 1417 1664 1447 οἰκεῖον,
1688 1415 1803 1449 ἀδελφόν
1824 1423 1853 1442 σι

219 1461 346 1496 ὀνομάζει
376 1460 423 1487 καὶ
450 1460 528 1495 φίλον
545 1460 735 1495 ἠγαπημένον,
757 1459 804 1487 καὶ
818 1460 868 1486 ὅσα
891 1460 1009 1496 στοργῆς
1025 1462 1072 1487 καὶ
1088 1461 1198 1497 ἀγάπης
1226 1462 1301 1489 ἐστιν
1327 1462 1477 1498 ἀληθινῆς·
1501 1463 1548 1489 καὶ
1573 1463 1617 1489 ἵνα
1642 1463 1672 1489 τὸ
1702 1463 1757 1490 πᾶν
1769 1463 1852 1496 εἴπω,

219 1506 424 1542 ἁγκαλιζομένη
444 1506 615 1541 φιλοφρόνως
635 1503 680 1532 οἵα
698 1506 791 1541 πατὴρ
813 1505 913 1532 οἰκεῖον
935 1505 1004 1532 υίὸν.

255 1554 315 1582 Tibi
344 1555 425 1595 igitur
449 1555 520 1582 idem
549 1554 658 1581 animus
688 1554 860 1581 cxhibendus
890 1558 943 1581 est.
973 1553 1010 1581 De

1096 1554 1157 1589 Χρὴ
1172 1551 1218 1580 οὖν
1234 1554 1280 1580 καὶ
1298 1553 1327 1580 οὶ
1341 1554 1390 1588 τὴν
1402 1553 1626 1589 ὁμοίανδιάθεσιν
1636 1556 1851 1590 ἐπιδείκνυσθαι,

217 1603 289 1630 bello
305 1607 334 1629 ut
351 1602 418 1634 dixi,
436 1609 497 1636 quae
514 1601 634 1629 volueris
648 1603 758 1641 set-ibe;
773 1601 819 1628 sed
835 1600 1012 1628 contumeliis

218 1650 336 1681 abstine,
356 1649 538 1682 cumdemque
565 1648 696 1675 honorent
721 1648 747 1675 in
771 1647 896 1683 epistolis
920 1653 1011 1679 serva,

219 1701 275 1726 quo
289 1699 315 1719 te
330 1693 442 1727 dignum
462 1692 496 1718 ab
515 1691 680 1726 imperatore
700 1692 880 1727 iudicandum
897 1696 1013 1726 praten-

219 1739 273 1766 dis.
290 1737 354 1764 Haec
371 1737 432 1767 tibi.
452 1745 468 1764 0
488 1737 537 1770 ﬁli,
553 1738 689 1770 scribens,
706 1742 801 1764 notum
821 1736 892 1764 l‘acio
908 1736 967 1764 fore
984 1741 1015 1763 ut

220 1791 283 1818 ego,
303 1783 383 1818 quasi
404 1788 481 1817 pater
502 1790 564 1810 vere
590 1791 697 1816 amans,
725 1788 778 1810 tuae
804 1783 897 1818 gloria:
921 1783 1015 1818 tuique

222 1829 336 1857 honoris
353 1829 504 1861 studiosus,
522 1833 611 1856 tacere
626 1829 772 1860 noluerim,
790 1830 812 1856 si
841 1828 906 1863 quid
923 1828 1016 1863 gloriae

221 1881 276 1903 tua:
294 1875 463 1903 contrarium
484 1875 735 1910 inconvenieusque
760 1874 905 1901 audierim.
934 1872 1014 1901 Omni

221 1927 317 1950 contra
338 1921 456 1954 ratione,
476 1926 610 1956 quantum
627 1921 654 1947 in
681 1928 724 1948 me
746 1920 808 1952 erit,
826 1920 925 1947 famam
939 1920 973 1947 de
990 1925 1016 1947 te

220 1969 320 1995 bonam
337 1967 448 1994 ﬁrmare
471 1967 603 1994 conabor.
626 1965 699 1993 Deus
729 1971 819 1993 autem
835 1965 938 2000 gloria‘,
953 1965 1015 1992 vitae

219 2014 362 2049 pra-sentis
375 2018 471 2040 auctor
486 2020 517 2039 ac
540 2012 638 2039 futurte
653 2012 837 2046 quodcunque
855 2011 887 2037 ad
899 2011 1015 2038 dedecus

224 2060 295 2094 rapit
322 2060 462 2094 impediat,
489 2063 517 2085 et
548 2058 698 2093 ignominia
724 2057 823 2084 alliciat
851 2057 1013 2089 daemonem,

221 2109 267 2142 qui
283 2109 316 2134 ab
332 2107 439 2142 origine
453 2114 541 2141 usque
554 2106 645 2133 adhuc
669 2114 724 2133 non
743 2110 833 2133 cessat
853 2106 1013 2132 honoratam

224 2153 271 2179 Dei
285 2158 438 2180 creaturam
461 2152 494 2180 ad
509 2153 685 2187 ignominiam
704 2152 820 2178 trahere.
846 2151 916 2184 Quin
932 2152 1013 2178 etiam

224 2199 355 2224 concedat
386 2199 457 2224 Deus
479 2205 530 2224 nos
556 2204 570 2223 e
599 2202 733 2232 praesente
749 2197 815 2229 vita,
834 2204 895 2223 cum
920 2201 1015 2223 sancto

1064 1600 1111 1626 καὶ
1126 1600 1163 1631 ὡς
1180 1598 1257 1626 εἷπον
1274 1600 1308 1627 τὰ
1323 1600 1372 1635 μὲν
1387 1600 1454 1626 ἄλλα.
1470 1599 1516 1627 τοῦ
1538 1601 1658 1636 πολέμου
1676 1603 1793 1637 γράφειν
1808 1600 1853 1629 οἷα

1065 1644 1167 1679 βούλει,
1182 1644 1230 1676 τὰς
1242 1645 1270 1672 δὲ
1285 1644 1379 1680 ὓὸρεις
1394 1645 1516 1679 ἀφιέναι,
1529 1646 1578 1673 καὶ
1595 1647 1747 1681 προσάγειν
1760 1647 1853 1674 τοιαύ-

1065 1698 1115 1724 την
1133 1690 1218 1725 τιμὴν
1239 1691 1268 1716 ὲν
1298 1690 1338 1724 τῷ
1366 1690 1406 1725 σῷ
1418 1691 1575 1726 γράμματι,
1599 1693 1694 1725 ὁποίας
1715 1694 1759 1720 καὶ
1772 1693 1852 1726 αὐτὸς

1067 1737 1142 1771 παρά
1159 1735 1207 1762 τοῦ
1221 1735 1354 1771 βασιλέως
1370 1736 1531 1771 ἀξιούμενος
1549 1738 1743 1766 διαδείκνυσαι.
1760 1739 1852 1767 Ταῦτά

1067 1789 1107 1807 σοι
1135 1782 1245 1817 γράφω,
1265 1781 1360 1808 τέκνον
1388 1783 1465 1817 ἐμὸν,
1486 1783 1529 1810 ἵνα
1553 1785 1600 1811 καὶ
1619 1785 1664 1812 διὰ
1676 1785 1756 1812 τοῦτο
1767 1786 1851 1820 γνῷς,

1067 1827 1107 1853 ὅτι
1123 1826 1161 1858 ὡς
1176 1827 1268 1862 πατὴρ
1283 1827 1391 1862 ἀληθῶς
1405 1828 1502 1862 φιλῶν,
1522 1831 1569 1856 καὶ
1582 1832 1632 1865 τῆς
1648 1831 1697 1865 σῆς
1711 1831 1790 1866 δόξης
1806 1834 1853 1858 καὶ

1066 1872 1150 1908 τιμῆς
1175 1873 1335 1908 κηδόμενος,
1358 1875 1387 1901 ὲν
1419 1871 1461 1906 οἷς
1479 1883 1505 1901 τι
1531 1877 1659 1902 κατανοῶ
1680 1878 1712 1911 τῇ
1726 1878 1760 1912 σῇ
1791 1877 1854 1913 δόξῃ

1066 1919 1190 1953 ἀπρεπὲς
1205 1920 1251 1945 καὶ
1271 1920 1442 1954 ἀνάρμοστον
1458 1920 1488 1947 οὺ
1504 1920 1636 1956 βούλομαι
1653 1923 1768 1958 σιωπᾷν,
1786 1923 1854 1950 ἀλλὰ

1068 1965 1151 1991 παντὶ
1167 1965 1260 1999 τρόπῳ
1281 1966 1342 1992 ὅσον
1356 1967 1396 1996 είς
1417 1967 1487 2002 ἐμὴν
1503 1965 1571 2002 ἧκεν
1585 1967 1700 2002 δύναμιν
1716 1968 1854 2003 πειρῶμαι

1066 2011 1115 2046 τὴν
1139 2011 1275 2046 ὑμετέραν
1290 2014 1428 2048 ,συνιστᾷν
1458 2014 1593 2046 εὐδοξίαν.
1614 2014 1643 2040 'U
1670 2014 1698 2040 δὲ
1714 2014 1779 2045 Θεὸς
1804 2015 1852 2048 τῆς

1067 2057 1144 2092 δόξης
1165 2059 1179 2084 ὁ
1203 2059 1252 2094 τῆς
1281 2060 1423 2094 παρούσης
1453 2060 1500 2086 καὶ
1524 2061 1573 2095 τῆς
1598 2059 1749 2095 μελλούσης
1782 2060 1854 2094 ζωῆς

1067 2105 1194 2140 χορηγὸς,
1221 2105 1302 2137 αὐτὸς
1329 2107 1420 2132 πᾶσαν
1447 2106 1548 2142 πρᾶξιν
1570 2107 1619 2143 ὅσῃ
1650 2107 1719 2142 πρὸς
1746 2106 1853 2138 ἀδοξίαν

1067 2151 1170 2184 ἀπάγει
1194 2152 1335 2186 ποιήσειεν
1365 2152 1506 2184 ἐκποδὼν,
1533 2153 1579 2179 καὶ
1605 2153 1784 2188 καταισχύνοι
1808 2153 1855 2178 τὶν

1068 2197 1186 2232 πονηρὴν
1211 2198 1338 2231 δαίμονα,
1365 2197 1394 2228 ὅς
1419 2197 1448 2228 ἐξ
1475 2198 1564 2232 ἀρχῆς
1581 2197 1724 2232 καὶμέχρι
1740 2197 1786 2224 τοῦ
1808 2197 1854 2224 νῦν

225 2243 300 2269 illius
324 2243 436 2270 decreto
464 2243 522 2270 dies
553 2243 679 2274 instabit,
713 2243 771 2270 sine
805 2242 1012 2276 reprehensione

1067 2243 1261 2276 καταισχύνειν
1274 2243 1324 2269 οὐκ
1344 2243 1464 2268 ἐλλείπει
1489 2243 1718 2277 διαγωνιζόμενος
1739 2244 1769 2269 τὸ
1782 2252 1856 2270 τετυ-

225 2288 354 2322 migrare,
373 2292 476 2315 etcum
499 2289 626 2316 omnibus
648 2296 717 2323 quos
735 2288 769 2315 ab
791 2287 943 2315 aeternitate
957 2287 1014 2320 glo-

225 2334 314 2362 riﬁcat
327 2336 355 2362 in
368 2334 568 2369 incorruptibili
588 2335 730 2375 sphmdorc
743 2334 876 2361 habitare.

1068 2287 1170 2322 γμένον
1197 2287 1243 2313 τοῦ
1271 2287 1338 2313 Θεοῦ
1356 2287 1468 2321 πλάσμα
1480 2295 1486 2302 ³
1504 2288 1550 2313 καὶ
1570 2288 1626 2322 δοίη
1648 2288 1762 2320 εὐδόξως
1781 2289 1853 2322 ὑμᾶς

1069 2334 1116 2359 καὶ
1133 2333 1183 2367 τῆς
1199 2333 1341 2366 παρούσης
1357 2333 1524 2366 μεταστῆναι
1542 2331 1615 2367 ζωῆς
1628 2333 1674 2359 καὶ
1684 2333 1762 2366 δόξης
1773 2333 1853 2358 ὁπότε

225 2383 264 2418 τῷ
290 2383 362 2418 ἁγίῳ
389 2381 475 2409 αὑτοῦ
499 2382 651 2418 βουλήματι
676 2384 814 2418 παραστῇ,
834 2383 882 2408 καὶ
904 2382 944 2414 εἰς
967 2380 1018 2416 τὴν
1052 2381 1212 2416 ἀμάραντον
1231 2379 1311 2411 δόξαν
1344 2379 1556 2414 κατασκηνῶσαι
1580 2382 1628 2407 σὺν
1651 2382 1717 2407 πᾶσι
1733 2383 1789 2413 τοῖς
1804 2379 1854 2408 ἀπ’

224 2432 323 2464 αἰῶνος
341 2432 388 2458 ὑπ’
402 2430 486 2457 αὐτοῦ
501 2430 702 2466 δοξαζομένοις.

512 2500 608 2528 XXVI.
626 2500 729 2528 Eidem.

261 2557 422 2592 Quanquam
444 2557 607 2592 saepissime,
623 2565 639 2584 ο
656 2557 704 2589 ﬁli,
730 2558 763 2584 de
788 2557 925 2585 communi
948 2564 1014 2592 pace

229 2611 260 2630 ac
275 2603 362 2630 salute
385 2603 505 2630 ﬁliorum
535 2603 640 2631 Christi
666 2603 713 2630 Dei
736 2603 820 2630 nostri
848 2603 1015 2638 scripserim,

229 2649 276 2676 ﬁlii
291 2649 363 2675 enim
382 2649 442 2684 ejus
459 2653 524 2677 sunt
536 2649 654 2676 Romani
673 2655 699 2676 et
715 2649 836 2684 Bulgari,
855 2649 942 2683 pretio
954 2656 1017 2676 san-

230 2694 320 2729 guinis
339 2701 354 2720 e
376 2693 460 2721 latere
482 2695 560 2722 eﬁ'usi
582 2696 734 2730 redempti.
765 2701 878 2730 uterque
900 2695 1017 2730 populus

229 2740 291 2775 ejus
308 2739 458 2766 salvaticne
475 2746 670 2773 consecratus;
692 2748 849 2775 quanquam
868 2740 1017 2774 saepissime

229 2785 267 2814 de
278 2784 419 2813 communi
431 2784 574 2822 utriusque
586 2786 705 2816 nationis
720 2785 835 2814 utilitate
849 2785 1016 2820 scripserim,

1343 2493 1415 2528 κεῖ.
1431 2494 1471 2527 Τῷ
1487 2495 1576 2527 αὐτῷ.

1105 2556 1134 2581 Εἰ
1156 2555 1203 2581 καὶ
1229 2553 1389 2584 πλειστάκις
1416 2553 1534 2588 ἔγραψα,
1560 2554 1656 2582 τέκνον
1673 2557 1762 2590 ἡμῶν,
1781 2559 1852 2593 ὑπὲρ

1067 2601 1116 2636 τῆς
1132 2599 1226 2634 κοινῆς
1250 2601 1361 2634 εἰρήνης
1387 2599 1435 2624 καὶ
1454 2600 1592 2634 σωτηρίας
1607 2601 1660 2628 τῶν
1669 2602 1715 2628 τοῦ
1733 2603 1853 2638 Χριστοῦ

1068 2649 1115 2674 καὶ
1130 2647 1197 2674 Θεοῦ
1211 2647 1289 2682 ἡμῶν
1301 2647 1413 2679 τέκνων,
1432 2647 1514 2673 τέκνα
1530 2649 1584 2683 γὰρ
1597 2650 1702 2676 ἐκείνου
1722 2650 1854 2685 Ῥωμαῖοι

1067 2694 1116 2720 καὶ
1134 2694 1293 2729 Βούλγαροι,
1325 2695 1372 2720 καὶ
1400 2693 1438 2728 τῷ
1458 2694 1542 2729 τιμίῳ
1554 2695 1611 2730 ,τῆς
1632 2696 1751 2731 πλευρᾶς
1769 2697 1852 2723 αὑτοῦ

1068 2739 1166 2774 αἵματι
1193 2739 1419 2775 ἑξηγορασμένοι,
1447 2739 1493 2765 καὶ
1515 2739 1580 2771 λαὸς
1602 2741 1676 2775 αὑτῴ
1696 2742 1853 2778 περιούσιος

1068 2785 1277 2821 ἀνατεθειμένοι
1287 2794 1293 2801 ·
1305 2785 1374 2813 ἀλλὰ
1388 2785 1443 2819 γὰρ
1467 2786 1492 2812 εί
1507 2785 1553 2812 καὶ
1565 2785 1725 2819 πλειστάκις
1744 2787 1852 2821 ἔγραψα
