2009 3078
216 136 267 170 17⁵1

209 241 282 273 σίαν,
301 242 350 276 τὴν
372 245 522 278 πυρκαϊὰν,
538 246 588 280 τὴν
604 247 744 276 ἀπώλειαν
757 258 811 277 των
830 252 994 286 ἐκκλησιῶν,

208 284 257 319 τὴν
268 285 422 332 ,διαφθορὰν
443 289 497 315 τῶν
513 291 667 326 παρθένων,
679 293 728 328 τὴν
743 295 866 329 χηρείαν,
889 284 938 331 τῆν
949 297 996 332 ὀρ-

208 331 319 377 φανίαν,
343 333 380 367 μὴ
395 334 564 370 θεασάμενος
579 338 679 369 ταῦτα,
700 339 758 365 ἀλλ’
775 341 830 367 ἀπὸ
849 342 933 376 μόνης
946 343 995 377 τῆς

207 376 293 423 ἀκοῆς
305 377 396 410 ὀξεῖαν
420 380 511 414 φέρων
528 382 557 408 ἐν
572 384 606 417 τῇ
627 384 727 420 καρδία
740 385 791 420 τὴν
810 387 929 423 πληγὴν,
946 376 994 415 καὶ

209 421 246 456 μὴ
260 422 410 458 δυνάμενος
422 425 471 457 τὰς
485 426 612 462 δριμείας
637 429 786 465 ὑποφέρειν
799 421 906 466 ὀδύνας,
926 434 994 460 ἀπέ-

209 467 313 493 στειλεν
340 469 430 503 ἱεροὺς
452 471 536 498 αὐτοῦ
568 473 730 508 ἀνθρώπους
759 475 898 512 ἀρχιερεῖς
925 478 996 505 κατὰ

209 512 299 539 πάντα
313 512 372 548 Θεῷ
387 514 565 549 εὐαρέστους,
584 517 629 543 τὸν
646 518 696 552 μὲν
711 520 819 555 πρῶτον
835 522 995 557 ὑπάρχοντα

209 557 264 583 τῶν
279 559 377 586 ἑαυτοῦ
389 561 558 590 ἐπισκόπων.
572 563 760 598 Θεοφύλακτος
777 567 804 593 δὲ
816 564 894 599 οὗτος
905 569 996 596 καλεῖ-

206 611 265 629 ται’
282 604 376 640 ἕτερον
405 606 433 632 δὲ
461 608 507 633 καὶ
535 609 619 635 αὑτὸν
641 611 793 638 ἐπίσκοπον
806 613 838 639 οὑ
859 614 927 640 πολὺ
945 615 994 650 τῆς

206 649 312 676 ἐκείνου
327 650 488 687 λειπόμενον
503 654 616 687 τάξεως,
632 657 722 691 Κάρος
741 658 788 684 καὶ
805 656 885 691 οὗτος
903 660 994 687 καλεῖ-

205 702 262 722 ται.
291 696 372 723 ’Δλλά
387 697 442 731 γὰρ
457 698 570 732 τούτους
593 701 732 728 ἐπέστειλε
750 704 818 738 προς
833 704 862 730 σὲ
875 705 992 740 γράμμα

206 740 381 784 κομίζοντας.
408 740 438 770 οὗ
458 744 472 770 ὁ
491 745 594 777 σκοπὸς
609 747 655 773 καὶ
676 748 805 783 ἡσπουδὴ
826 749 859 775 τὰ
885 750 991 784 χαλεπὴ

205 782 291 810 ταῦτα
305 785 338 811 τὰ
354 786 457 820 μεταξὺ
479 787 644 824 Βουλγάρων
659 791 706 816 καὶ
740 782 928 826 Ῥωμαίων-ἔκ
942 794 991 828 μέ-

205 836 252 854 σου
262 830 396 864 γενέσθαι,
408 833 455 860 καὶ
465 833 510 860 τὸν
520 835 625 870 πατέρα
631 836 685 862 τῶν
693 838 786 864 κακῶν
796 838 918 866 διάϐολον
929 849 995 866 κατ-

204 875 395 910 αισχυνθῆναι,
409 879 521 914 εἰρήνην
545 880 574 905 δὲ
595 880 792 917 βραδευθῆναι,
807 883 841 917 ῆν
854 884 998 919 ἐχαρίσατο
1015 884 1038 913 Β

205 921 264 951 τοῖς
281 921 510 958 ὲπικεκλημένοις
533 925 571 960 τῷ
586 926 632 952 τοῦ
643 927 762 961 Χριστοῦ
779 928 894 963 ὀνόματι
918 930 999 962 αὐτὸς·

205 967 220 991 ὸ
243 966 360 1000 Χριστὸς
392 968 491 1003 ἡμῶν,
513 970 530 1004 ἡ
559 971 733 1007 ὑπερέχουσα
760 974 848 1000 πάντα
870 974 932 1001 νοῦν
959 976 999 1002 εί-

207 1011 276 1046 ρήνη
288 1032 295 1044 ,
310 1013 324 1038 ό
351 1014 400 1048 τῆς
418 1014 520 1050 ἔχθρας
541 1016 708 1053 καθαιρὲτης
734 1020 782 1046 καὶ
802 1019 842 1054 τῷ
859 1020 999 1057 συνδέσμῳ

206 1057 255 1091 τῆς
291 1058 402 1094 ἀγάπης
441 1061 651 1096 συνδεδεμένους
699 1062 770 1090 εἶναι
815 1065 997 1101 βουλόμενος,

205 1102 269 1134 τοὺς
297 1104 400 1131 ἐκεῖνον
425 1105 624 1140 ὁμολογοῦντας
649 1109 787 1144 Δεσπότην
814 1111 859 1136 καὶ
885 1111 997 1145 Κύριον.

213 1147 284 1173 Ἀλλ’
309 1149 377 1184 ὅπερ
404 1148 481 1176 εῐπον
502 1151 591 1183 οὕτως
613 1152 645 1178 ὲκ
669 1153 752 1187 μόνης
775 1154 825 1188 τῆς
848 1154 935 1190 ἀκοῆς
948 1164 998 1181 πε-

207 1192 364 1227 πληγμένος
389 1195 439 1229 τὴν
467 1196 592 1231 καρδίαν,
608 1198 622 1223 6
638 1197 692 1224 τῶν
712 1198 858 1233 Ῥωμαίων
876 1199 997 1234 ἀγιὼτα-

207 1246 252 1269 τος
264 1239 421 1274 ἀρχιερεὺς,
443 1242 490 1267 καὶ
517 1242 618 1274 πάντες
640 1244 664 1270 οἱ
687 1244 830 1276 τελοῦντες
846 1245 892 1271 ὑπ’
914 1246 996 1272 αὐτὸν

208 1283 371 1320 ὑποχείριοι,
400 1286 567 1314 ἀπέστειλαν
588 1289 657 1324 προς
685 1290 760 1325 ἡμᾶς
775 1290 933 1326 γράψαντες
949 1292 996 1318 καὶ

208 1329 274 1362 ἡμῖν
299 1330 410 1363 τούτους
430 1333 512 1359 παντὶ
540 1335 634 1370 τρόπῳ
652 1335 686 1361 δι’
708 1335 787 1370 ἡμῶν
803 1336 996 1371 ἐκπεμφθῆναι

209 1373 277 1408 πρὸς
302 1375 482 1412 Βουλγαρίαν,
506 1378 661 1411 ἐλπίζοντες
672 1380 709 1411 ὡς
731 1381 841 1412 πάντως
859 1381 997 1418 πεισθήσῃ

207 1418 223 1453 ἢ
239 1420 271 1453 τῇ
286 1420 399 1448 ἐκείνων
412 1423 585 1457 παραινέσει,
608 1424 623 1460 ἢ
649 1425 687 1457 τῷ
701 1425 803 1460 δεσμῷ.
823 1426 996 1461 Παρεκελεύ-

209 1472 274 1490 σατο
284 1466 337 1501 γὰρ
351 1467 398 1493 καὶ
412 1467 493 1494 τοῦτο
508 1470 565 1500 τοϊς
586 1469 684 1495 ἑαυτοῦ
710 1470 871 1502 ἀποστόλοις
883 1471 897 1497 ό
908 1471 995 1506 ἁγιώ-

207 1518 286 1541 τιτις
318 1512 492 1544 11ἀπας,ἴνα
519 1515 566 1541 ἐάν
594 1523 646 1550 περ
673 1514 742 1550 πρὸς
766 1514 815 1551 τὴν
835 1516 995 1550 παραίνεσιν

942 152 1146 186 EPISTOL/E.

209 195 359 230 ὀφθαλμοῖς
377 197 425 233 τὴν
452 200 586 235 τοσαύτην
616 203 768 238 συμφορὰν,
795 205 843 240 τὴν
856 206 996 241 αἰχμαλω-
1008 210 1034 240 Α
1049 210 1110 238 Dem

1112 220 1156 246 lue
1173 219 1310 248 acceptos,
1329 217 1399 244 inter
1413 225 1483 253 quos
1501 219 1691 257 episcoporum
1719 231 1831 254 suorum

1049 257 1208 293 principem,
1225 260 1456 297 Tlieopltylaetum
1482 265 1600 298 nomine,
1624 273 1651 295 ct
1671 267 1768 297 Carum
1794 271 1832 298 illi

1046 311 1189 338 supparem
1217 307 1306 341 quoad
1323 308 1490 343 dignitatem,
1508 310 1542 337 ad
1559 312 1627 339 mala
1646 313 1768 342 lenienda
1782 316 1833 343 nli-

1046 331 1106 376 sit...
1118 351 1150 378 Et
1163 331 1294 388 delegavit
1309 331 1418 388 quidem
1433 331 1490 383 hos.
1508 331 1633 385 virosus-(ll

1047 395 1083 422 ris
1099 397 1232 425 suasoriis
1256 403 1285 425 ut
1301 399 1421 427 dissidiis
1438 401 1569 435 Bulgaros
1589 403 1662 431 inter
1676 408 1703 432 et
1729 406 1831 433 Roma-

1046 449 1096 469 nos
1120 441 1182 470 linis
1214 443 1416 479 imponeretur;
1446 447 1567 474 omnium
1600 455 1683 482 porro
1698 449 1832 478 malorum

1045 492 1133 521 pater,
1152 487 1277 516 diabolus
1288 489 1520 525 confunderetur;
1541 500 1592 527 pax
1606 493 1724 529 denique
1751 497 1832 524 resti-

1046 538 1184 567 tueretur,
1201 543 1283 570 quam
1297 536 1421 565 Christus
1441 538 1499 572 ipse
1517 539 1648 574 impertiit
1665 548 1764 569 nomen
1778 543 1831 570 sibi

1045 581 1192 615 dantibus;
1211 590 1316 617 pacem,
1335 584 1457 618 inquam,
1485 592 1546 620 qua
1561 594 1670 614 omnem
1698 589 1830 616 rationem

1045 634 1165 664 superat.
1191 630 1320 659 Christus
1348 639 1465 668 namque
1481 633 1639 662 inimicitias
1662 635 1829 663 destruendo

1045 683 1091 703 cos
1108 676 1154 710 qui
1175 676 1263 711 ipsum
1289 677 1432 705 Dominum
1456 679 1620 707 conﬁtentur
1642 681 1745 708 amoris
1761 681 1833 709 inter

1045 729 1074 748 sc
1090 722 1200 749 \‘inculo
1213 730 1299 757 usque
1315 723 1429 751 adunari
1451 725 1558 759 satagit.
1578 724 1641 758 Sed,
1661 729 1690 752 ut
1703 726 1832 760 diximus,

1045 767 1234 795 sanctissimus
1266 766 1453 795 Romanorum
1481 769 1625 803 episcopus
1640 774 1666 796 et
1685 769 1711 796 ei
1732 769 1832 797 subditi

1045 810 1195 845 presbyteri
1213 811 1293 839 rebus
1309 812 1384 840 hisce
1402 820 1450 848 per
1465 812 1550 840 solam
1567 813 1668 841 famam
1686 815 1831 850 perceptis,

1051 863 1113 882 cum
1130 856 1213 884 animi
1231 858 1338 886 tristitia
1353 859 1385 886 ad
1398 866 1447 886 nos
1463 859 1632 894 scripserunt
1649 865 1790 889 monentes
1802 866 1833 888 ut

1051 902 1089 929 iiii
1111 903 1161 929 viri
1192 904 1225 931 ad
1254 903 1381 939 Bulgaros
1401 905 1581 937 mitterentur,
1597 904 1623 932 id
1639 910 1790 940 sperantes.
1807 911 1833 934 te

1050 953 1107 975 tum
1125 948 1244 983 ipsorum
1253 950 1445 984 exhortationi,
1454 955 1511 978 tum
1524 950 1651 978 amicitia:
1663 950 1832 978 interceden-

1050 995 1084 1022 tis
1113 995 1172 1022 roei
1189 996 1342 1023 audientem
1362 995 1431 1023 fore.
1445 995 1473 1023 ld
1481 996 1552 1023 enim
1562 996 1751 1024 sanctissimus
1759 995 1832 1031 Papa

1050 1040 1145 1075 legatis
1180 1041 1237 1068 suis
1269 1041 1430 1076 impertivit,
1459 1046 1490 1069 ut
1512 1046 1549 1074 te,
1577 1041 1623 1069 ubi
1655 1041 1832 1069 insinuationi

1049 1091 1130 1111 aures
1161 1091 1215 1111 non
1236 1085 1395 1120 praebueris,
1423 1085 1540 1120 Spiritus
1563 1086 1650 1113 sancti
1683 1085 1831 1113 indissolu-

1049 1128 1096 1156 biii
1129 1129 1238 1156 vinculo
1268 1130 1494 1165 perstringerent.
1523 1129 1579 1158 Hos
1603 1131 1714 1158 eosdem
1739 1131 1831 1166 itaque

1049 1173 1122 1200 viros
1156 1174 1188 1200 ad
1216 1178 1242 1201 te
1267 1182 1375 1209 quoque
1394 1176 1501 1202 mittere
1529 1175 1609 1203 nobis
1625 1176 1653 1202 in
1671 1176 1763 1203 animo
1780 1175 1832 1202 fuit

1047 1219 1173 1253 quamvis
1187 1224 1381 1254 :metueremus
1407 1227 1451 1253 ne,
1477 1220 1558 1248 rebus
1587 1227 1728 1255 perperam
1748 1220 1832 1255 'judi-

1047 1262 1126 1293 catis.
1156 1263 1349 1297 apocrisiarius
1365 1263 1456 1291 minus
1479 1263 1547 1303 bene
1573 1268 1683 1297 tractes,
1704 1265 1730 1291 id
1757 1265 1830 1299 quod

1046 1315 1089 1336 est
1122 1309 1200 1343 plane
1230 1309 1392 1343 contraius
1432 1311 1553 1345 gentium
1585 1310 1629 1337 vel
1669 1309 1830 1337 iniidelium.

1047 1353 1132 1388 Egre
1161 1355 1233 1382 enim
1251 1362 1364 1389 prorsus
1383 1354 1530 1388 ferremus,
1547 1355 1571 1383 si
1591 1355 1681 1390 dignis
1694 1355 1748 1383 illis
1765 1355 1831 1384 viris

1046 1405 1108 1435 post
1136 1401 1188 1428 iter
1219 1400 1365 1428 difﬁculter
1395 1399 1521 1428 etl‘ectum
1545 1421 1552 1435 ,
1583 1408 1673 1428 rerum
1704 1401 1829 1436 angustia

1046 1446 1149 1480 pressis
1167 1446 1304 1474 cruciatus
1319 1446 1454 1474 subeundi
1472 1445 1572 1474 forent.
1587 1445 1661 1474 lianc
1685 1447 1766 1474 etiam
1795 1447 1830 1474 ob

1047 1509 1156 1530 causam
1169 1502 1281 1536 epistola
1301 1503 1349 1529 tibi
1363 1502 1397 1529 ab
1414 1502 1472 1537 ipso
1485 1503 1557 1537 Papa
1574 1506 1656 1531 missa
1672 1503 1740 1537 fuit;
1758 1503 1831 1531 viros

208 1555 319 1591 κλείσῃς
335 1558 369 1584 τὰ
383 1566 451 1589 ωτα,
462 1558 557 1594 δεσμῷ
573 1548 665 1594 ἀλύτῳ
688 1548 717 1586 σε
735 1561 783 1586 τοῦ
794 1548 800 1551 ”
811 1548 890 1594 ἀγίον
911 1561 994 1587 Πνεύ-

1048 1548 1122 1582 ipsos
1138 1548 1209 1582 apud
1219 1555 1268 1575 nos
1277 1548 1439 1574 retinuimus
1450 1552 1602 1575 metuentes
1612 1555 1645 1575 ne
1657 1548 1830 1582 iniuriarum,

211 1611 294 1636 ματος
312 1604 530 1640 συνδεσμήσωσι.
545 1606 663 1638 Τούτους
674 1604 720 1634 οὖν
730 1607 776 1634 ἐπὶ
785 1608 873 1643 τούτῳ
886 1608 954 1643 πρὸς
968 1607 998 1634 σὲ

207 1648 326 1675 ἁπεσταλ
332 1650 438 1684 μένους,
457 1652 645 1688 ἐϐουλήθημεν
664 1653 710 1679 καὶ
719 1654 800 1688 ἡμεῖς
811 1654 878 1688 προς
889 1653 919 1680 σὲ
929 1655 998 1680 ἁπο-

208 1694 326 1720 στεῖλαιο
356 1695 413 1722 ἀλλ’
441 1697 530 1723 ἐκεῖνο
561 1697 773 1733 ἐνθυμηθέντες,
797 1698 836 1729 ὡς
864 1698 914 1725 οὐκ
940 1697 997 1726 οῖδα

207 1739 300 1771 πόθεν,
328 1742 423 1768 τέκνον
447 1743 637 1778 ἠγαπημένον,
669 1746 738 1779 μετά
755 1744 810 1771 τῶν
838 1744 989 1772 ᾶλλωνκαὶ

208 1785 288 1812 τοῦτο
300 1789 386 1814 ποιεῖν
402 1788 516 1822 διέγνως
535 1791 564 1816 οὐ
582 1791 685 1823 καλῶς,
699 1791 729 1817 τὸ
743 1792 809 1823 τοὺς
831 1792 996 1827 ἀποκρισια-

209 1832 284 1865 pios;
296 1834 433 1868 κατέχειν,
445 1835 514 1871 ὅπερ
535 1837 564 1862 ἐν
579 1836 666 1863 οὐδενὶ
678 1836 732 1863 τῶν
741 1837 829 1863 ἄλλων
840 1837 925 1864 ἐθνῶν
941 1837 995 1864 οὐδ’

207 1879 237 1904 ἐν
247 1881 301 1910 τοῖς
310 1880 434 1912 ἀπίστοις
442 1882 536 1915 ὁρᾶται
558 1883 710 1918 γινόμενον,
722 1883 860 1918 ὑπεστάλη
866 1892 914 1918 μεν
925 1883 996 1910 ὥστε

209 1925 245 1960 μὴ
268 1925 331 1956 τοὺς
355 1926 456 1961 ἄνδρας
483 1928 552 1962 μετὰ
565 1928 616 1964 τῆς
629 1929 712 1964 ἄλλης
738 1929 939 1965 ταλαιπωρίας,
956 1931 990 1965 ῆν

209 1971 365 2006 ὑπέστησαν
379 1973 508 2000 τοσοῦτον
531 1975 616 2009 μῆκος
639 1975 700 2002 ὁδοῦ
718 1976 931 2010 ἐκπονήσαντες,
948 1976 995 2003 καὶ

205 2016 247 2046 είς
257 2016 306 2051 τὴν
339 2017 416 2052 παρὰ
431 2018 477 2044 σοῦ
503 2020 686 2055 στενοχωρίαν
715 2021 762 2047 καὶ
789 2021 912 2048 κάκωσιν
947 2021 996 2056 €51.-

207 2063 313 2089 πεσξϊν.
330 2062 380 2088 Διὰ
401 2063 481 2090 τοῦτο
497 2063 526 2090 τὺ
539 2064 588 2099 μὲν
608 2065 714 2100 γραφὲν
729 2066 797 2101 πρὸς
824 2066 854 2092 σὲ
878 2066 996 2101 γράμμα

209 2106 286 2141 παρὰ
317 2107 364 2133 τοῦ
385 2107 538 2142 ἀγιωτάτου
569 2110 650 2136 Πὰπα
680 2110 856 2145 ἐξεπέμφθη·
889 2111 943 2137 τῶν
966 2112 994 2138 δὲ

208 2150 360 2186 ἀνθρώπων
382 2153 541 2187 φεισάμενοι
567 2154 617 2188 τῆς
631 2155 791 2187 κακώσεως,
810 2155 854 2182 ἵνα
871 2156 908 2191 μὴ
924 2156 995 2190 λέγω

208 2196 255 2222 τοῦ
268 2197 395 2231 θανάτου,
415 2200 464 2234 τῆς
484 2199 553 2233 πρὸς
575 2199 605 2226 σὲ
632 2199 751 2234 ἀφίξεως
777 2201 932 2236 ἐπέσχομεν
947 2201 996 2228 αὑ·
1011 2213 1035 2243 D

208 2242 281 2274 τούς.
295 2243 328 2270 Τί
348 2243 395 2271 οὖν
422 2253 506 2280 φημι,
529 2245 623 2272 ’τέκνον
647 2245 743 2280 ήμῶν;
762 2245 862 2272 Σκόπει
887 2246 934 2273 καὶ
958 2246 995 2282 μὴ

209 2287 341 2324 βουληθῇς
358 2289 452 2324 ὥσπερ
472 2290 550 2325 ήμῶν
561 2290 780 2326 καταφρονῆσαι,
804 2291 875 2318 οὕτω
890 2291 936 2317 καὶ
949 2291 997 2318 τοῦ

209 2332 255 2359 νῦν
271 2334 339 2368 πρὸς
359 2334 389 2360 σὲ
414 2334 570 2369 γράψαντος
595 2335 642 2362 τοῦ
665 2334 810 2370 Ῥωμαίων
833 2335 996 2370 ἀρχιερέως.

217 2379 285 2406 Ἀλλ’
297 2381 321 2406 εί
337 2380 384 2406 καὶ
398 2381 471 2415 ἡμᾶς
483 2381 513 2407 ἐν
528 2380 618 2407 οὐδενὶ
644 2380 708 2407 Εθου
723 2380 770 2406 καὶ
794 2382 843 2412 τὰς
857 2380 996 2415 ἡμετέρας

211 2426 402 2460 παραινέσεις,
421 2427 538 2462 τίμησον
567 2426 672 2453 ἐκείνου
700 2427 750 2461 τὴν
781 2426 931 2458 νουθεσίαν,
957 2426 994 2461 μή

177 2488 196 2506 ,ί
214 2479 276 2497 ποτε
302 2471 502 2506 ἁτιμαζομένου
537 2472 620 2498 αὐτοῦ
635 2492 643 2505 ,
675 2471 780 2498 οἰκείαν
800 2472 824 2498 οι
850 2472 995 2506 κορυφαῖοι

188 2509 189 2513 Ἴ
212 2517 356 2543 ἀπόστολοι
370 2518 420 2553 τὴν
433 2518 545 2552 ἀτιμίαν
560 2519 752 2554 ποιησάμενοι,
767 2517 804 2548 ὡς
814 2518 844 2543 ὲν
857 2517 934 2543 νυκτὶ
948 2517 997 2544 καὶ

213 2562 305 2597 ᾑμέρᾳ.
322 2562 427 2594 τούτοις
443 2563 712 2598 ὲξυπηρετουμένου,
732 2562 816 2598 δριμὺ
844 2561 996 2596 ὲπιδλέψω-

213 2616 256 2634 σιν
272 2608 317 2634 ἐπὶ
344 2609 388 2634 az"
409 2609 456 2635 καὶ
474 2608 524 2634 οὐκ
549 2607 611 2635 οἶδα
632 2609 656 2635 εἰ
670 2608 805 2643 δυνηθήσῃ
825 2607 875 2641 τὴν
900 2605 999 2642 δριμύ-

212 2662 281 2687 τητα
299 2653 459 2688 ὑποστῆναι.
494 2653 666 2687 Ἀναλόγισαι
691 2653 804 2687 Πέτρον,
821 2653 894 2682 ὅπως
920 2651 999 2678 ’Δνα-

214 2698 273 2725 νίαν
285 2700 332 2725 καὶ
344 2699 392 2734 τὴν
407 2699 512 2725 ἐκείνου
524 2699 640 2733 σύζυγον
655 2698 693 2733 τῷ
708 2698 816 2732 θανάτῳ
842 2695 1000 2732 παρέδωκεν

214 2745 245 2771 ὲκ
262 2746 346 2781 μόνης
354 2745 566 2780 ἀγανακτήσεως
577 2753 585 2761 σ
602 2744 768 2780 ἐνθυμήθητι
781 2742 897 2775 Παῦλον,
927 2743 1002 2773 ὅπως

255 2847 263 2862 ¹
284 2847 343 2876 Act.
367 2853 392 2872 ν.
432 2846 440 2861 ¹
461 2844 522 2872 Act.
539 2851 604 2870 xvu.

1050 1592 1105 1620 imo
1119 1592 1215 1621 mortis
1230 1592 1316 1627 ipsius
1335 1591 1482 1620 discrimen
1497 1591 1630 1619 subirent.
1645 1592 1714 1625 Quid
1730 1593 1807 1626 plura
1820 1592 1832 1618 t

1049 1637 1076 1665 id
1093 1645 1152 1673 age,
1169 1638 1206 1664 mi
1231 1637 1281 1670 illi,
1307 1644 1341 1665 ne
1366 1636 1479 1672 Papam,
1500 1641 1530 1664 ut
1554 1644 1615 1669 nos,
1637 1636 1714 1664 ﬂocci
1734 1636 1830 1665 facias.

1048 1683 1126 1717 Quod
1153 1683 1175 1711 si
1195 1691 1244 1711 nos
1259 1683 1334 1719 ipsos
1348 1689 1401 1718 pro
1417 1682 1502 1710 nibiio
1521 1681 1606 1710 babes
1620 1687 1647 1710 et
1663 1682 1832 1710 exhortatio-

1048 1737 1097 1759 nes
1110 1734 1218 1757 nostras
1234 1729 1432 1765 tergiversaris,
1457 1732 1484 1755 at
1499 1728 1573 1756 illius
1589 1728 1684 1756 saltem
1706 1728 1831 1756 consiliis

1048 1775 1167 1803 attende.
1184 1775 1236 1803 Ubi
1254 1776 1324 1802 enim
1340 1774 1418 1813 Papae
1432 1774 1581 1802 auctoritas
1605 1775 1755 1809 spernitur,
1773 1781 1831 1801 me-

1048 1820 1176 1848 tuendum
1193 1825 1234 1848 est
1246 1827 1280 1848 ne
1294 1820 1394 1847 sumnti
1414 1819 1539 1854 apostoli,
1555 1817 1635 1853 Papa:
1648 1819 1758 1846 nomine
1770 1825 1831 1845 sese

1047 1865 1166 1893 oll‘ensos
1178 1865 1350 1898 arbitrantes,
1363 1864 1464 1899 iniquis
1483 1868 1509 1892 te
1526 1863 1612 1891 oculis
1627 1863 1773 1898 aspiciant,
1786 1865 1830 1889 tu-

1047 1919 1100 1945 que
1125 1911 1182 1945 ipse
1209 1911 1322 1946 turpiter
1349 1909 1506 1937 occumbas.
1533 1908 1604 1935 Ante
1624 1908 1718 1935 oculos
1737 1907 1831 1942 posito

1047 1958 1157 1986 Petrum
1174 1958 1221 1993 qui
1243 1956 1377 1984 Ananiam
1404 1955 1518 1990 ejusque
1546 1960 1670 1986 uxorem,
1695 1953 1736 1980 ira
1764 1960 1832 1980 con-

1047 2005 1128 2038 citus,
1154 2008 1242 2031 morte
1265 2001 1398 2030 multavit.
1433 1999 1463 2027 lu
1490 2004 1609 2027 mentem
1635 2005 1733 2026 revoca
1758 1997 1831 2025 Pau-

1047 2051 1103 2078 lutn
1120 2051 1165 2085 qui
1177 2050 1277 2084 Elymre
1293 2048 1364 2083 magi
1378 2046 1473 2074 oculos
1484 2044 1639 2082 occaecavit.
1655 2044 1726 2079 quod
1743 2043 1832 2078 Apos-

1049 2095 1104 2124 lolo
1124 2095 1248 2123 infensus
1267 2101 1327 2122 esse
1344 2092 1495 2120 videbatur.
1513 2089 1577 2118 Haec
1599 2089 1709 2125 quidem
1740 2089 1832 2116 animo

1048 2140 1200 2171 considera,
1218 2138 1254 2166 mi
1281 2137 1329 2171 liii,
1357 2143 1447 2171 neque
1470 2134 1498 2162 id
1524 2133 1691 2166 committas,
1707 2131 1831 2168 utPapre

1048 2192 1125 2220 aeque
1138 2193 1170 2212 ac
1184 2189 1293 2212 nostras
1303 2181 1512 2213 iadmonitiones
1527 2179 1614 2207 ventis
1630 2179 1739 2212 tradas;
1758 2177 1831 2213 quod

1049 2239 1081 2260 eo
1099 2231 1190 2258 minus
1209 2229 1304 2262 facies,
1321 2228 1384 2263 quia
1403 2231 1434 2255 ut
1462 2225 1620 2259 didicimus,
1644 2225 1735 2260 magni
1762 2223 1830 2251 facis

1047 2276 1182 2313 principes
1196 2279 1303 2303 sanctos
1313 2273 1505 2309 Apostolorum
1521 2280 1531 2304 ;
1546 2278 1615 2307 quos
1636 2270 1660 2298 si
1674 2277 1769 2304 reapse
1784 2276 1832 2296 re-

1047 2322 1164 2355 ncraris,
1181 2329 1243 2349 eum
1262 2321 1355 2355 utique
1370 2318 1556 2350 veneraberis,
1575 2317 1623 2352 qui
1651 2317 1767 2344 istorum
1786 2322 1830 2342 se-

1048 2371 1109 2397 dem
1141 2372 1266 2403 occupat.
1299 2365 1362 2393 Haec
1389 2369 1480 2392 autem
1512 2362 1671 2394 scribimus,
1689 2366 1717 2388 et
1738 2360 1833 2387 Roma

1052 2415 1217 2443 mentionem
1250 2412 1365 2440 iacimus
1393 2411 1427 2438 ob
1443 2410 1547 2445 legatos
1561 2407 1596 2435 ad
1619 2411 1646 2435 te
1676 2406 1833 2433 mittendos.

1052 2461 1139 2489 Probe
1152 2461 1234 2488 etiam
1246 2458 1349 2486 scimus
1366 2463 1416 2492 per
1442 2455 1490 2483 Dei
1513 2453 1641 2490 gratiam,
1657 2451 1728 2487 quod
1747 2451 1771 2478 si
1798 2450 1835 2478 ob

1051 2513 1164 2545 quartas
1177 2507 1285 2542 nuptias
1303 2504 1462 2534 scandalum
1477 2504 1505 2530 in
1526 2501 1648 2530 Ecclesia
1673 2499 1835 2545 surrexerit,

1051 2544 1100 2583 tiri
1116 2554 1204 2582 sancti
1235 2554 1262 2580 in
1276 2551 1350 2580 omni
1366 2549 1521 2578 humilitate
1535 2546 1710 2575 anathemate
1725 2544 1752 2572 id
1771 2551 1856 2579 pro.

1049 2602 1203 2637 pulsarunt.
1217 2599 1405 2632 Quodcunque
1418 2595 1491 2624 enim
1508 2592 1653 2623 sanatione
1666 2598 1735 2626 opus
1752 2591 1834 2618 baba-

1050 2648 1107 2678 bat,
1120 2649 1246 2674 sanatum
1262 2644 1323 2672 fuit.
1352 2643 1487 2671 Caeterum
1507 2639 1595 2668 sacris
1613 2645 1723 2673 operam
1739 2637 1835 2664 damus

1051 2692 1198 2728 mysteriis,
1221 2695 1248 2718 et
1275 2687 1476 2718 communionis
1503 2692 1600 2714 eorum
1623 2692 1659 2712 ac
1681 2682 1835 2728 sanctifica-

1052 2727 1135 2766 tionis
1148 2736 1355 2772 participamus,
1381 2734 1454 2763 unde
1466 2733 1596 2762 Romanae
1611 2737 1718 2768 quoque
1731 2732 1757 2758 et
1768 2727 1835 2755 Con-
