2009 3078
178 165 226 203 181

902 182 963 212 ΕΡΙ
967 183 1105 214 ΒΤΟΙυἘ.

1753 185 1805 218 182

175 229 300 263 τοιαῦτα,
318 230 387 266 μήτε
418 232 480 259 ἀντὶ
496 233 694 268 ματαιολογίας
713 235 778 270 παρ’
803 235 881 271 ὑμῶν
899 246 961 273 γρα-

1019 240 1106 274 magis
1123 242 1261 275 extendat,
1288 243 1466 271 succurrendi
1482 251 1577 275 causa.
1602 251 1726 276 manum,
1749 251 1804 279 quo

176 274 308 310 φ’μένηε,
321 277 538 313 ἁντιγράφεσθαί
553 288 595 306 σοι.
605 281 802 314 ματαιολογίας
817 283 967 317 ἐπιζητεῖν.

176 317 216 343 Ti
231 317 254 343 δ’
267 319 334 345 ἄλλα
348 321 504 356 ὲρρωμένον
522 331 550 349 σε
567 323 727 358 διαφυλάξοι
739 326 858 361 Χριστὸς
876 329 890 355 ὁ
901 329 968 360 Θεὸς

176 363 265 397 ἡμῶν.
287 365 369 392 πλέον
387 367 551 395 ἑπεκτείνων
566 370 615 404 τὴν
633 372 711 405 χεῖρα
723 372 764 403 είς
779 372 905 407 βοήθειαν
919 374 966 401 τοῦ

176 409 268 455 καλῶς
297 411 343 437 τὸν
372 412 429 446 βίον
454 414 572 449 περάσαι
602 417 650 442 καὶ
676 418 878 451 ἀκατακρίτως,
910 420 965 455 ὅσῳ

177 452 258 479 πλέον
287 454 352 490 ὑμῖν
375 457 405 482 τὸ
423 459 535 492 φορτίον
553 460 609 486 τῶν
632 462 774 495 κοσμιγῶν
792 452 965 498 πραγμάτων

1018 286 1130 321 gravius
1144 288 1343 315 mundanorum
1368 289 1539 324 negotiorum
1565 297 1637 317 onus
1661 289 1803 324 imposuit.

1020 338 1110 365 neque
1130 333 1269 366 permittat
1294 333 1349 361 vim
1377 334 1416 361 tui
1438 335 1522 361 animi
1544 335 1598 363 isto
1614 342 1698 362 onere
1722 334 1805 367 ﬂecti,

1019 376 1113 412 sicque
1139 378 1172 405 ad
1199 379 1327 407 indecora
1344 379 1454 412 deferri,
1482 380 1555 415 quod
1574 381 1674 415 saepius
1706 380 1806 407 accidit
1828 416 1832 419 1

1014 422 1069 449 illis
1083 422 1130 457 qui
1145 422 1267 458 imperiis
1290 430 1419 459 praesunt,
1432 426 1573 460 et'quibus
1590 426 1618 452 in
1634 426 1686 453 hoc
1703 425 1823 461 mundor

1018 472 1141 502 potestas
1158 470 1363 506 auctoritasque
1377 471 1454 499 fuere
1468 471 1633 498 commissae.
1814 469 1831 501 ίῗ

176 499 304 552 ἐπέθηκε,
316 502 412 554 καὶ-μὴ
430 507 603 554 σογχωρήσυι
620 509 659 542 τῷ
669 509 773 537 τούτων
793 511 871 547 βάρει
887 512 936 539 τοῦ
966 499 1203 552 νοῦ-χαλασθῆναι
1218 519 1248 545 τὺ
1261 499 1379 551 ἔντονον,
1392 519 1439 546 καὶ
1454 518 1498 546 διὰ
1515 518 1594 545 τοῦτο
1604 518 1674 554 πρὸς
1693 518 1807 553 ἀπρεπῆ

178 546 532 599 πράγμῗιῗοξέξενεκθῆναιι
553 552 622 588 ὅπερ
643 554 681 587 ὥς
694 556 730 582 τὰ
746 556 831 584 πολλὰ
850 558 995 593 συμϐαίνει
1024 546 1081 594 τοῖς
1094 546 1156 595 τὰς.
1178 564 1268 599 ἀρχὰς
1282 546 1415 598 διέπουσι,
1448 566 1497 593 καὶ
1533 546 1692 593 δυναστείαν
1709 546 1808 598 adopt-

174 592 226 627 κὴν
244 595 291 622 καὶ
306 595 430 628 ἐξουσίαν
446 600 712 637 ὲγκεχειρισμένοις.

449 691 515 720 ΚΘ’.
535 694 578 726 Τῷ
593 695 684 728 αὐτῷ.

214 766 438 803 Ἐσιωπήσαμεν,
447 770 544 798 τέκνον
557 773 638 807 ἡμῶν
648 774 849 810 πεποθημὲνον,
865 777 962 812 χρόνον

174 812 277 843 ἱκανὸν,
299 815 346 841 καὶ
364 816 573 852 συνεστάλημεν
586 819 634 845 τοῦ
651 821 721 855 πρὸς
739 822 812 856 ὑμᾶς
834 824 961 858 γράφειν,

173 857 252 884 τοῦτο
280 858 330 893 μὲν
354 860 454 897 βαρείᾳ
476 863 633 898 πιεζόμενοι
668 865 772 901 θλίψει,
788 868 832 894 δτι
856 857 888 895 ἐκ
907 869 962 896 τῶν

1295 703 1392 731 XXIX.
1408 703 1512 731 Eidem.

1051 779 1125 806 Salis
1142 779 1269 808 siluimus
1280 800 1288 813 ,
1314 788 1331 808 o
1347 781 1385 809 lili
1402 781 1569 815 desiderate,
1588 786 1616 810 et
1629 789 1644 810 a
1660 783 1808 811 scribendo

1016 825 1212 858 abstinuimus,
1244 826 1354 861 gravius
1379 826 1504 856 dolentes
1525 827 1600 863 quod
1617 835 1651 856 ex
1676 827 1806 863 frequen-

1018 869 1091 897 tibus
1134 878 1203 905 quas
1238 870 1272 898 ad
1299 875 1326 899 te
1361 871 1525 907 scripsimus
1567 873 1669 901 litteris
1703 875 1806 902 nullam

174 903 279 954 «ixviiii
310 907 495 940 γραμμάτων,
524 904 561 934 ὦν
593 912 809 947 προεγράψαμεν
835 914 961 949 οὐδεμίαν

1017 903 1164 950 procedere
1186 915 1330 943 utilitatem
1345 903 1519 950 videremus,
1546 918 1683 954 simulque
1703 919 1736 947 ad
1760 919 1806 947 Fi-

173 948 281 984 είδομεν
305 951 442 985 ὠφέλειαν
468 955 678 991 ἁπαντήσασαν,
692 958 771 985 τοῦτο
792 959 819 986 δὲ
835 948 962 997 καὶπρὸς

176 994 221 1019 τὸν
232 995 280 1021 τοῦ
294 996 362 1023 Θεοῦ
379 999 425 1024 τὸν
433 999 484 1034 τῆς
496 1001 610 1035 είρήνης
621 1002 709 1028 αἴτιον
721 1003 766 1029 καὶ
778 1005 897 1039 χορηγὸν
913 994 963 1037 τὰς

173 1041 308 1074 ταπεινὰς
345 1044 426 1078 ἡμῶν
448 1045 556 1081 δεήσεις
588 1047 799 1081 ἀνατεθεικότες
821 1051 869 1076 καὶ
893 1051 963 1086 πρὸς

175 1086 262 1120 μόνην
284 1088 335 1123 τὴν
351 1090 416 1124 παρ’
435 1091 541 1118 ἐκείνου
562 1092 721 1127 ἀφορῶντες
739 1095 894 1130 εὐμένειαν,
915 1096 963 1124 καὶ

173 1131 222 1167 τὴν
241 1135 399 1170 σωτηριώδη
413 1137 553 1170 πρόνοιαν,
565 1138 626 1172 ἥτις
641 1140 686 1166 ἐπ’
699 1140 787 1167 οὐδενὶ
802 1140 886 1176 ἄλλῳ,
900 1142 963 1170 ὅσον

173 1177 222 1203 ἐπὶ
239 1179 270 1213 τῇ
288 1179 336 1205 τοῦ
367 1181 472 1216 κόσμου
494 1182 680 1218 θεραπεύεται
706 1185 813 1222 εἰρήνῃ.
842 1186 899 1214 Νῦν
922 1187 960 1220 δὲ,

173 1222 266 1250 τέκνον
293 1225 383 1260 ήμῶν,
412 1227 507 1263 ἐπειδὴ
532 1229 628 1264 ὥσπερ
640 1230 672 1257 τδ
694 1231 762 1258 πολὺ
778 1231 860 1266 βάρος
874 1233 962 1260 ἐκεῖνο

173 1267 221 1302 τῆς
233 1268 349 1304 θλίψεως
369 1273 401 1299 ἐκ
413 1274 462 1308 τῆς
478 1275 593 1309 καρδίας
611 1276 690 1310 ἡμῶν
714 1278 959 1313 ἁπογεγενημένον

172 1313 323 1349 ᾐσθόμεθα,
340 1318 386 1344 καὶ
417 1320 486 1354 πρὸς
512 1320 623 1352 ἐλπίδας
639 1321 746 1356 ἀγαθὰς
771 1323 959 1358 κατέστημεν,

173 1360 218 1385 καὶ
233 1361 275 1396 εἴη
290 1364 327 1396 μὴ
342 1364 539 1401 διαψευσθῆναι
555 1368 629 1402 ἡμᾶς
644 1368 692 1402 τῆς
710 1368 814 1395 ἄνωθεν
836 1369 960 1399 εὐδοκίας

172 1407 253 1434 τοῦτο
278 1411 522 1448 προμηθουμένης,
547 1413 629 1440 πάλιν
653 1414 700 1440 ἐπὶ
716 1414 746 1441 τὸ
760 1415 877 1449 γράφειν
894 1416 961 1450 πρὸς

173 1453 222 1488 τὴν
234 1454 311 1490 ὑμῶν
323 1458 504 1491 μεγαλόδοξον
515 1459 687 1494 ὡρμήσαμεν
695 1462 851 1495 τιμιότητα.
867 1461 961 1488 τέκνον

173 1499 263 1533 ἡμῶν,
284 1501 326 1527 υξὲ
341 1510 393 1536 μου
411 1503 538 1538 ἀγαπητέ
549 1512 556 1518 ·
573 1505 726 1539 ἀγαπῶμεν
740 1506 794 1539 γάρ
810 1514 851 1536 σε.
866 1505 914 1532 καὶ
928 1505 961 1532 σὺ

172 1544 218 1571 τὸν
248 1546 356 1581 πατέρα
375 1548 424 1574 οὐκ
441 1549 571 1584 ἀγαπᾷς·
590 1551 614 1576 εί
628 1550 684 1584 γὰρ
705 1550 827 1584 ἠγάπας,
841 1551 962 1585 ήκουσας
983 1543 997 1557 ’

1017 959 1084 987 lium
1108 960 1168 995 Dei,
1192 961 1267 996 pacis
1283 966 1423 990 auctorem
1439 968 1467 991 et
1484 963 1644 999 magistrum
1667 965 1808 993 humiliter

1017 1011 1127 1034 nostras
1163 1014 1258 1041 preces
1286 1008 1448 1036 extollentes
1486 1014 1612 1044 respectu
1648 1010 1706 1038 solo
1733 1010 1807 1039 illius

1016 1052 1229 1085 benevolentiae,
1245 1053 1429 1089 salutarisque
1451 1055 1646 1089 providentiae,
1676 1064 1738 1092 quae
1764 1057 1807 1084 ni-

1017 1096 1055 1122 hil
1085 1103 1163 1131 atque
1195 1103 1228 1124 ac
1260 1104 1355 1132 pacem
1373 1098 1468 1126 mundi
1491 1103 1579 1128 curat.
1604 1100 1683 1129 Nunc
1704 1106 1806 1136 autem,

1016 1140 1104 1172 otili,
1128 1141 1258 1176 quoniam
1283 1142 1415 1176 majorem
1451 1144 1541 1178 gravis
1574 1146 1667 1174 oneris
1702 1154 1806 1182 partem

1016 1185 1162 1213 evanuisse
1180 1185 1326 1219 sentimus,
1350 1192 1377 1214 et
1390 1187 1423 1215 ad
1440 1196 1515 1222 spem
1541 1189 1641 1218 bonam
1663 1191 1806 1225 rediimus,

1015 1230 1118 1258 utinam
1145 1231 1172 1258 in
1198 1239 1331 1265 errorem,
1344 1232 1449 1261 cmlesti
1468 1234 1636 1269 benignitate
1648 1237 1805 1272 adjuvante,

1015 1283 1072 1303 non
1097 1276 1186 1304 simus
1209 1277 1333 1306 inductil
1362 1278 1456 1307 Denuo
1478 1280 1512 1308 ad
1530 1282 1704 1316 magniﬁcum
1728 1287 1805 1311 tuum

1015 1322 1148 1350 honorem
1163 1323 1286 1351 scribere
1300 1324 1478 1359 suscipimus,
1493 1334 1509 1354 ο
1523 1326 1571 1360 fili,
1590 1327 1628 1355 ﬂli
1643 1328 1680 1356 mi
1696 1329 1806 1358 dilecte.

1015 1367 1054 1395 Te
1065 1368 1137 1395 enim
1150 1368 1299 1404 diligimus,
1307 1370 1354 1405 qui
1365 1374 1471 1405 patrem
1489 1380 1545 1400 non
1571 1373 1673 1409 diligis.
1686 1373 1715 1402 Si
1731 1375 1805 1403 enim

1015 1413 1155 1448 diligeres,
1177 1418 1306 1449 paternas
1328 1416 1536 1447 adhortationes
1558 1419 1720 1448 audivisses.
1739 1420 1805 1453 Sed.

1015 1459 1034 1486 li
1059 1459 1095 1486 mi
1110 1459 1209 1488 dilecte
1222 1481 1230 1492 ,
1244 1468 1389 1496 quousque
1404 1463 1471 1490 tales
1497 1463 1614 1497 erimus.
1631 1466 1713 1494 Deum
1740 1474 1808 1495 con~

1016 1504 1157 1538 tristantes
1174 1505 1264 1538 malis,
1282 1506 1382 1540 quibus
1397 1508 1558 1541 perniciem.
1571 1517 1633 1538 cum
1645 1515 1740 1538 nostro
1757 1512 1806 1540 de-

1016 1549 1115 1578 decore
1124 1570 1132 1582 ,
1145 1555 1247 1578 sanctae
1256 1551 1316 1585 ejus
1327 1551 1476 1580 haereditati
1486 1553 1625 1583 aﬂ‘erimus
1635 1556 1709 1583 ?Nos
1720 1557 1804 1589 enim,

173 1590 206 1615 ἂν
233 1592 421 1625 παραινέσεως
436 1595 582 1629 πατρικῆς.
607 1595 698 1627 nam,
716 1595 812 1622 τέκνον
827 1604 880 1629 μου
895 1596 961 1630 ἠγα-

1016 1600 1120 1631 quanto
1134 1603 1167 1623 ex
1189 1600 1312 1632 tempore
1335 1597 1487 1626 Christiani
1514 1607 1577 1628 sese
1598 1601 1703 1629 mutuis
1722 1602 1806 1629 caedi-

174 1637 306 1672 πημένον,
327 1640 408 1674 μέχρι
428 1640 499 1671 τίνος
513 1640 585 1667 οὕτω
595 1640 801 1676 διακεισόμεθα,
812 1641 964 1674 λυποῦντες

173 1683 223 1716 μὲν
240 1683 319 1715 Θεὸν,
329 1685 372 1719 ὲφ¹
385 1683 426 1716 οἷς
439 1686 550 1721 ὄλεθρον
568 1687 793 1723 προξενοῦμεντῇ
808 1688 875 1723 ἁγίᾳ
894 1687 961 1715 τού-

1014 1642 1065 1670 bus
1082 1641 1197 1674 fmdant.
1224 1650 1258 1670 ne
1270 1642 1404 1678 judicium
1423 1645 1533 1680 quidem
1560 1646 1606 1674 Dei
1629 1647 1804 1676 metuendum

1013 1688 1239 1724 recogitavimus.

171 1740 219 1758 του
247 1731 428 1769 κληρονομίᾳ,
449 1735 489 1765 εἰς
510 1734 612 1766 tmen;
632 1735 661 1761 δὲ
685 1735 801 1768 ἑαυτῶν,
819 1736 861 1762 ὅτι
884 1736 980 1772 χρόνον
1000 1736 1047 1763 ἐπὶ
1077 1736 1206 1764 τοσοῦτον
1220 1738 1280 1770 ταῖς
1292 1737 1352 1765 κατ’
1365 1737 1488 1774 ἀλλήλων
1509 1740 1628 1777 σφαγαῖς
1643 1741 1804 1778 Χριστιανοὶ

172 1779 344 1813 μολύνονται,
360 1779 409 1807 οὐκ
436 1781 605 1816 ὲννοήσαμεν
627 1782 659 1808 τὸ
677 1782 792 1818 φοϐερὸν
808 1782 953 1818 κριτήριον
972 1783 1019 1811 τοῦ
1033 1782 1120 1816 Θεοῦ;

207 1866 274 1896 υἴδα
301 1870 353 1903 ὃτι,
387 1871 434 1897 ἐὰν
461 1871 555 1908 βούλῃ,
572 1873 680 1906 οὐδενὸς
702 1874 757 1901 τῶν
771 1874 819 1901 ἐπὶ
832 1875 963 1910 φρονήσει

172 1915 366 1951 διαϐοωμένων
377 1917 407 1943 τὸ
425 1917 473 1944 τοῦ
487 1919 600 1953 ιΚριτοῦ
626 1919 774 1954 γινώσκεις
789 1920 963 1956 κατάκριμα.

174 1962 248 1994 Ἕως
282 1964 347 1990 πότε
373 1964 558 2000 προστίθεμεν
583 1966 657 1992 κακὰ
683 1967 740 1997 τοῖς
756 1967 873 1999 κακοῖςς
890 1967 964 2000 Ἕως

173 2009 245 2040 τίνος
283 2011 524 2045 παραχωρήσομεν
560 2012 754 2047 κατορχεῑσθαι
782 2012 821 2047 τῷ
846 2013 964 2047 διαϐόλῳ

173 2057 232 2086 ταῖς
245 2055 299 2082 τῶν
309 2057 482 2091 Χριστιανῶν
497 2057 557 2084 κατ’
573 2058 695 2093 ἀλλήλων
707 2060 826 2093 σφαγαῖς
840 2067 847 2091 ;
869 2059 961 2085 Ἐνθυ-

175 2102 289 2136 μήθητι,
303 2103 399 2128 τέκνον
415 2103 504 2138 ἡμῶν,
520 2104 561 2130 ὅτι
572 2104 644 2138 τάχα
657 2105 705 2130 καὶ
719 2105 770 2139 τῆς
788 2104 862 2139 ζωῆς
879 2105 959 2140 ἡμῶν

172 2149 187 2174 ὁ
203 2150 298 2184 χρόνος
316 2149 469 2184 παρήλασε,
492 2150 540 2176 καὶ
557 2151 623 2182 ἴσως
637 2151 668 2177 οὐ
691 2151 786 2186 μακρὰ
804 2152 960 2186 προθεσμία

172 2191 219 2219 τοῦ
244 2192 403 2228 διαλυθῆναι
427 2193 477 2229 τὴν
501 2194 591 2229 ψυχὴν
609 2195 641 2221 ἐκ
661 2195 708 2222 τοῦ
724 2195 859 2230 σώματος.
891 2193 959 2223 Εἶτα

175 2239 244 2273 μετὰ
263 2239 344 2271 ποίας
368 2240 523 2276 ἀπαίρομεν
538 2241 718 2277 συνειδήσεως
742 2243 775 2268 ἐκ
791 2241 839 2276 τῆς
852 2241 958 2278 παρού-

173 2293 222 2319 σης
237 2285 319 2319 ζωῆς,
334 2286 381 2312 ἐὰν
395 2286 475 2312 τοῦτο
485 2287 575 2322 συμϐῇ
594 2284 639 2313 οἶα
651 2287 685 2314 τὰ
698 2287 859 2322 ἀνθρώπινα
876 2296 883 2320 ;
901 2287 960 2314 Κᾶν

171 2332 279 2364 ἐλπίδες
292 2333 419 2359 ἀπατῶσι
437 2333 568 2365 πολλάκις
590 2334 714 2368 μάταιαι,
730 2335 772 2360 ὅτι
786 2334 959 2369 προσμενοῦ-

175 2389 225 2414 μεν
241 2380 288 2407 ὲπὶ
306 2381 400 2407 πλεῖον
415 2382 448 2416 τῇ
466 2381 594 2417 παρούσῃ
609 2380 665 2416 ζωῇ
679 2388 686 2396 ·
699 2380 724 2406 τί
747 2380 865 2416 ἐροῦμεν
879 2381 958 2414 τότες

172 2426 206 2452 Τί
241 2425 443 2461 διανοηθῶμεν,
467 2427 511 2453 ὅτε
536 2426 629 2458 στενὸς
647 2428 661 2453 ό
677 2427 782 2462 καιρὸς,
805 2428 853 2454 καὶ
864 2428 889 2453 οι
909 2427 960 2463 τὴν

173 2471 262 2506 ψυχὴν
282 2471 463 2503 ἀπαιτοῦντες
492 2472 602 2507 ἄγγελοι
637 2473 833 2508 ἐφεστήκασιν,
862 2473 903 2500 ὅτι
928 2473 959 2500 οὐ

144 2513 160 2538 7⁵
176 2518 255 2550 μόνον
283 2516 385 2548 ζῶντες
414 2518 585 2553 ἐπράξαμεν,
603 2517 648 2546 οἷα
677 2519 855 2554 ἑπράξαμεν;
876 2517 960 2553 Οϊδας

173 2562 202 2589 δὲ
217 2563 325 2593 πάντως
338 2560 382 2589 οἶα
398 2563 535 2599 ἐπράχθη,
566 2565 617 2599 ὅση
639 2565 804 2601 Βουλγάρων
822 2567 868 2593 καὶ¹
889 2567 959 2594 Ῥω-

175 2610 264 2644 μαὲων
301 2610 436 2641 ἀπώλεια,
468 2610 523 2637 τῶν
547 2611 760 2647 υίοθετηοέντων
777 2612 836 2647 Θεῷ
851 2613 896 2640 διὰ
911 2613 958 2640 τοῦ

174 2656 361 2691 βαπτίσματος
374 2665 380 2672 -
396 2657 444 2692 ἣση
461 2657 515 2684 τῶν
535 2657 687 2692 ἐκκλησιῶν
702 2658 749 2685 τοῦ
763 2658 833 2686 Θεοῦ
844 2660 958 2695 ἐρημία,

174 2702 281 2736 καὶτῆς
295 2702 400 2729 ἐκείνου
420 2702 578 2736 δοξολογίας
592 2703 638 2729 καὶ
654 2703 707 2729 τῶν
723 2703 893 2739 τελουμένων
909 2713 960 2739 μυ-

164 2747 294 2792 1στηρίων
305 2750 345 2779 εἰς
356 2747 545 2783 ἀποκάθαρσιν
555 2748 609 2776 τῶν
624 2750 768 2784 ἁμαρτιῶν
782 2750 871 2785 ἡμῶν,
886 2750 959 2785 οἴμοι

175 2793 230 2820 τῶν
247 2794 322 2828 ἐμῶν
340 2793 435 2820 παθῶν
448 2794 478 2820 τὸ
489 2793 652 2829 βαρύτατον,
667 2795 820 2830 ἁφανισμὸς
833 2797 880 2822 καὶ
891 2796 960 2822 ἁπό-

176 2848 287 2870 παυσις.
330 2839 504 2874 ’Δναλογίζου
532 2849 577 2874 μοι
609 2840 664 2867 τῶν
692 2841 882 2876 μοναστηρίων
907 2842 958 2876 τὴν

177 2885 323 2917 ἀπώλειαν,
340 2886 393 2913 τῶν
413 2885 596 2913 ἐπισκοπείων
618 2885 668 2920 τὴν
689 2885 886 2921 ἑξολόθρευσιν,
905 2885 958 2914 τῶν

1049 1873 1188 1907 Concedo,
1206 1875 1229 1902 si
1247 1875 1327 1909 velis,
1344 1879 1370 1903 te
1384 1875 1472 1903 ullum
1482 1883 1515 1904 ex
1525 1877 1650 1906 consiliis
1661 1880 1802 1913 quaeeirea

1013 1919 1209 1947 conscientiam
1237 1924 1314 1948 tuam
1330 1921 1492 1949 volutantur
1515 1929 1530 1949 a
1553 1929 1684 1958 supremo
1707 1924 1803 1959 judice

1013 1963 1163 1999 improbari
1178 1964 1359 2000 ignoravisse.
1385 1965 1439 1994 Sed
1466 1974 1611 2002 quousque
1628 1968 1708 1996 malis
1730 1971 1802 1998 mala

1013 2011 1218 2046 congeremus?
1241 2011 1392 2047 Quousque
1415 2012 1528 2040 diabolo
1542 2014 1669 2042 dabimus
1696 2015 1801 2044 mutuis

1013 2055 1233 2084 Christianorum
1247 2057 1367 2086 aedibus
1386 2058 1544 2086 exsultare?
1564 2059 1705 2096 Recogita,
1721 2068 1739 2089 ο
1753 2061 1801 2094 Ili,

1016 2105 1122 2135 tempus
1140 2102 1202 2130 vita
1219 2107 1319 2130 nostra;
1333 2103 1457 2131 celeriter
1468 2103 1589 2138 efﬂuere,
1617 2113 1648 2134 ac
1666 2114 1719 2134 non
1733 2108 1803 2135 mul~

1015 2150 1072 2172 tum
1086 2146 1185 2174 abesse
1193 2147 1265 2175 diem
1278 2156 1334 2183 quo
1347 2153 1479 2178 statutum
1492 2154 1536 2178 est
1547 2151 1666 2179 animam
1678 2158 1801 2182 nostram

1012 2198 1115 2226 corpus
1144 2192 1310 2228 relinquere.
1335 2210 1370 2215 —
1390 2196 1425 2224 Et
1448 2200 1518 2225 tunc
1539 2197 1614 2233 quali
1634 2200 1802 2228 conscientia

1013 2244 1047 2264 ex
1077 2237 1130 2266 hac
1155 2238 1210 2267 vita
1236 2240 1375 2274 cedemus,
1394 2242 1418 2269 si
1441 2250 1496 2276 res,
1519 2247 1549 2271 ut
1574 2243 1655 2278 solet,
1684 2245 1800 2279 accidat,

1012 2291 1168 2319 quanquam
1196 2292 1264 2313 vana
1291 2293 1340 2321 spe
1362 2287 1520 2322 illudamur,
1535 2296 1585 2317 nos
1616 2289 1675 2317 dies
1705 2291 1801 2326 longos

1012 2329 1076 2357 vitae
1090 2330 1253 2359 habituros?
1275 2331 1347 2364 Quid
1364 2332 1498 2367 dicemus,
1520 2334 1586 2370 quid
1601 2339 1693 2363 mente
1709 2336 1800 2364 volve-

1012 2383 1084 2408 mus,
1099 2383 1161 2404 cum
1179 2384 1230 2405 nos
1253 2377 1319 2405 hora
1351 2378 1485 2414 stringet,
1511 2380 1655 2416 angelique
1680 2381 1799 2410 animam

1011 2427 1187 2456 reposcentes
1222 2423 1288 2458 (non
1315 2423 1398 2451 modo
1421 2432 1482 2459 quae
1501 2425 1625 2454 viventes
1652 2427 1798 2459 fecerimus

1011 2467 1166 2502 exquirant,
1192 2469 1240 2497 sed
1259 2469 1396 2505 qualia‘)?
1422 2469 1477 2498 Sed
1503 2478 1558 2499 non
1576 2477 1602 2500 te
1624 2472 1691 2508 fugit
1705 2474 1797 2509 qualia

1010 2512 1080 2541 facta
1097 2514 1208 2549 fuerint,
1233 2520 1335 2551 quanta
1358 2515 1545 2545 Romanorum
1567 2522 1594 2546 et
1616 2518 1795 2555 Bulgarorum

1012 2558 1199 2595 interemptio,
1216 2568 1285 2596 quos
1300 2561 1373 2589 Deus
1389 2569 1436 2597 per
1451 2562 1586 2598 baptisma
1609 2563 1796 2599 adoptaverat,

1012 2614 1073 2641 quae
1097 2607 1273 2634 ecclesiarum
1308 2608 1444 2641 vastatio,
1470 2609 1563 2644 hymni
1595 2610 1684 2645 ipsum
1716 2611 1798 2645 glori-

1012 2653 1127 2680 llcantes
1141 2653 1292 2688 suppressi,
1311 2654 1497 2689 mysterlaque
1506 2655 1564 2689 jam
1581 2663 1635 2683 non
1651 2656 1677 2683 in
1702 2664 1798 2692 pecca-

1011 2703 1101 2725 torum
1116 2702 1275 2726 nostrorum
1289 2699 1479 2727 remissionem
1497 2700 1645 2729 celebrata.
1673 2701 1796 2738 Supputa

1011 2752 1118 2772 mecum
1142 2744 1309 2772 monasteria
1332 2743 1483 2779 destructa,
1509 2746 1678 2782 episcopales
1701 2748 1798 2776 domoa

1011 2799 1132 2824 eversas,
1148 2791 1340 2826 desolatasque
1356 2791 1436 2824 alias,
1465 2797 1598 2828 quotquot
1629 2793 1656 2821 in
1687 2795 1797 2830 regione

1011 2839 1129 2870 stabant,
1151 2838 1292 2869 ecclesias,
1310 2841 1392 2873 atque
1418 2838 1584 2866 exstinctum
1611 2839 1726 2872 cultum,
1750 2841 1796 2874 qui

1011 2886 1038 2914 in
1054 2885 1108 2914 illis
1124 2885 1156 2913 ad
1171 2885 1285 2920 gloriam
1302 2884 1349 2913 Dei
1367 2884 1457 2914 fuerat
1483 2885 1635 2915 institutus.
1653 2887 1713 2914 Alia
1727 2894 1796 2921 prac-
