2009 3078
232 143 282 177 187

803 148 960 179 NICOLAI
979 150 1034 179 (ΣΡ.
1055 151 1154 180 PATR
1161 151 1195 180 [Α
1203 150 1312 181 KGH}!

1812 153 1864 186 188

229 202 422 237 bellorumque
440 224 447 235 ,
461 208 488 230 et
502 212 670 239 quacunque
694 205 792 232 misera
805 213 835 232 ex
848 205 925 232 bellis
937 207 1026 234 oriun-

1083 207 1130 241 ἀφ’
1143 204 1174 234 οὗ
1185 208 1301 239 ἐθεάσω,
1320 207 1366 235 καὶ
1380 209 1476 243 πεῖραν
1499 208 1548 243 τῆς
1567 209 1673 236 ἐκείνου
1702 209 1873 247 ἆγαθότητος

231 253 286 279 tur,
299 253 381 282 atque
393 250 489 276 iterum
505 250 531 276 in
549 251 665 284 priscam
682 250 837 278 felicitatem
851 252 988 279 ltomanos
999 258 1026 280 et

232 293 363 329 Bulgaros
397 295 630 330 redintcgrandos.
665 295 749 328 lino,l
776 298 935 331 priusquam
961 305 1023 325 cum

233 347 326 368 nosno
354 341 511 368 Christiano
537 342 702 376 imperatore
724 343 900 376 convenires.
917 345 951 372 ad
983 353 1026 372 me

233 387 372 421 indignum
402 395 416 414 e
449 386 574 425 lﬁtlgaria
604 388 756 422 scripseras
785 395 810 417 te
843 389 925 418 rebus
955 398 1025 425 prte-

233 433 355 459 sentibus
374 433 552 465 incumbere,
575 441 670 468 pacem
699 435 756 462 fieri
771 435 877 468 volens,
904 444 1026 464 cessare‘

233 487 296 512 que,
317 479 370 505 Deo
387 479 544 514 adjuvat-te,
571 479 642 507 bella
658 484 685 507 et
699 488 775 508 arma
792 489 853 516 quae
875 481 1025 510 Christiani

233 525 276 551 alii
294 525 319 550 in
336 524 405 551 alios
424 524 581 552 movebant.

1080 253 1189 286 ἔλαϐες,
1216 254 1354 289 ἐπόθησας
1382 255 1429 281 καὶ
1459 255 1561 286 ποθεῖς.
1583 257 1638 283 Καὶ
1653 258 1708 292 γὰρ
1733 259 1782 285 καὶ
1802 260 1872 294 πρὸς

1081 301 1195 332 ἐκεῖνον,
1214 301 1308 327 τέκνον
1321 300 1411 335 ἡμῶν,
1421 302 1588 335 ἐπαγγελίας
1599 304 1738 338 παρέσχες
1747 306 1871 340 εἰρήνης,

1077 346 1123 372 καὶ
1138 346 1179 372 ὅτι
1196 345 1322 380 λήξουσιν
1341 347 1369 372 αἱ
1395 347 1511 381 σφαγαὶ,
1527 347 1574 374 καὶ
1589 349 1612 374 οἱ
1636 349 1762 384 πόλεμοι,
1779 352 1827 377 καὶ
1839 352 1873 378 τά

1075 392 1107 417 ἐκ
1118 391 1220 417 τούτων
1235 392 1354 427 δυστυχῆ
1389 393 1551 427 πράγματα,
1577 395 1626 421 καὶ
1657 395 1739 421 πάλιν
1763 397 1804 427 εις
1822 397 1871 432 τὴν

1076 436 1217 471 προτέραν
1248 436 1425 472 εὐδαιμονίαν
1465 438 1597 473 Ῥωμαῖοι
1632 440 1678 466 καὶ
1720 440 1872 477 Βούλγαροι

1075 483 1308 517 καταστήσονται.
1336 483 1418 510 Ἀλλά
1441 485 1488 510 καὶ
1513 485 1566 519 πρὸ
1588 487 1636 521 τῆς
1660 488 1806 522 συντυχίας
1822 487 1872 522 τῆς

1077 528 1147 562 πρὸς
1159 528 1206 553 τὸν
1217 527 1389 563 φιλόχριστον
1403 529 1482 564 ἡμῶν
1497 529 1622 564 βασιλέα,
1635 532 1703 566 πρὸς
1716 532 1767 566 τὴν
1792 533 1874 567 ἡμῶν

232 570 298 604 ἔφης
317 570 482 596 ταπείνωσιν
508 572 540 597 ὲκ
566 571 737 607 Βουλγαρίας
755 572 790 599 τὰ
805 573 924 600 ἐνταῦθα
956 573 1136 605 καταλαϐεῖν,
1148 573 1262 608 εἰρήνην
1295 574 1422 608 γενέσθαι
1442 574 1632 610 βουλόμενος,
1655 576 1702 603 καὶ
1713 577 1873 604 ἀποπαῦσαι

233 617 280 642 σὺν
295 615 354 650 Θεῷ
369 616 418 652 τὴν
432 617 494 643 κατ’
516 617 641 653 ἀλλήλων
656 619 710 646 τῶν
734 620 910 655 Χριστιανῶν
927 621 1018 656 μάχην
1038 621 1086 648 καὶ
1100 620 1153 646 τῶν
1162 620 1254 646 ὃπλων
1269 621 1320 654 τὴν
1335 621 1454 656 κίνησιν.

266 662 368 691 [larum
399 673 489 693 rerum
521 667 695 696 indelebilem
717 670 879 697 memoriam
902 670 929 697 in
946 670 1029 697 corde

232 710 373 744 habentes,
390 719 591 749 noscentesque
604 719 679 742 tuam
697 715 819 743 veritatis
834 715 1026 747 reverentiam.

231 762 379 790 przesentes
401 759 566 793 scripsimus
591 760 710 792 litteras.
726 765 758 787 ut
780 760 838 796 jam
859 761 1027 796 supplicavi-

232 811 293 830 mus
310 808 337 830 et
354 812 426 832 nunc
442 806 638 840 supplicantes.
656 806 762 840 Praebe,
780 815 796 834 ο
810 807 859 840 fili,
873 809 952 835 linem
965 815 1028 835 ver-

232 849 328 876 bu‘um
346 850 432 884 gloria
460 856 506 878 tua
520 851 657 886 digitum;
677 853 815 887 promissa
839 853 969 889 adimple,
999 858 1031 881 ut.

232 895 303 922 Deus
330 896 518 930 gloi-ilicetnr,
536 905 636 925 nomen
663 903 738 926 tuum
768 899 924 927 immortale
959 900 1032 934 apud

233 946 357 975 posteros
367 942 427 972 fiat;
436 951 557 978 grexque
567 944 670 971 Christi
683 945 794 979 duplex,
808 945 916 981 Bulgari
927 946 1034 974 scilicet

232 996 264 1015 ac
295 987 422 1020 Romani.
443 990 590 1024 perniciem
615 992 786 1025 spiritualem
808 997 835 1019 et
858 992 1030 1027 corporalem

232 1033 367 1068 effugiens
387 1036 555 1069 corporalem
574 1037 694 1071 requiem
709 1045 772 1065 cum
794 1038 930 1071 spiritnaIi
943 1039 1032 1065 salute

233 1081 364 1107 obtineat.
383 1081 494 1109 Minime
518 1083 592 1110 enim
623 1087 651 1110 te
683 1083 751 1119 fugit
784 1084 915 1119 Bulgaros
935 1089 962 1112 et
979 1085 1032 1112 Ro-

233 1134 330 1153 manos
349 1135 401 1154 non
430 1129 510 1156 ηιοείο
543 1130 714 1164 corporalem
737 1130 820 1157 vitam
850 1131 1032 1158 miserrimam

233 1171 344 1206 habere,
361 1173 407 1200 sed
421 1175 515 1206 etiam,
533 1175 576 1202 hei
593 1175 660 1202 mihi
679 1175 850 1203 infortunato
872 1177 877 1202 ί
894 1177 1031 1211 spirituali

234 1219 286 1245 vita
297 1220 406 1252 privari.
419 1221 493 1251 Eam.
506 1221 542 1248 lili
552 1222 601 1253 uti,
611 1222 872 1256 exstinguamusira
881 1223 1031 1257 flatnmam,

233 1272 314 1299 quam
346 1266 403 1293 sive
426 1267 562 1296 scelestus
575 1268 712 1301 diabolus,
730 1269 787 1297 sive
805 1269 931 1297 homines
947 1278 1031 1297 sensu

234 1316 357 1340 carentes
381 1314 664 1348 suscitaverunt.Ego
682 1319 709 1342 et
733 1315 785 1342 vidi
807 1316 957 1343 animantia
984 1317 1033 1343 ali-

233 1358 342 1392 quando
353 1359 391 1386 ira
406 1365 489 1391 mota,
503 1359 556 1386 alia
570 1361 598 1387 in
613 1360 665 1387 alia
679 1360 784 1388 irruere
798 1363 826 1388 et
838 1366 953 1395 certare,
969 1371 1031 1397 quae

232 1404 306 1432 brevi
324 1405 392 1432 iram
420 1405 581 1440 furoresque
596 1406 728 1434 sedabant
744 1411 771 1434 et
788 1407 821 1434 ad
834 1415 925 1442 paceni
939 1416 1029 1436 rever-

234 1451 370 1479 tebantur.
408 1452 476 1479 Cum
504 1457 593 1479 autent
620 1453 750 1480 animalia
777 1455 883 1481 ratione
905 1454 1028 1482 carentia

1119 668 1231 695 Τούτων
1248 669 1356 703 ἔχοντες
1373 669 1422 704 τὴν
1439 669 1567 704 μνήμνην
1585 669 1768 704 ἀνεπίληστον
1787 670 1816 696 ἐν
1840 660 1873 695 τῇ

1083 714 1185 750 καρδίᾳ
1197 715 1289 749 ήμῶν,
1305 716 1354 741 καὶ
1367 714 1551 748 γινώσκοντες
1563 716 1612 750 τὴν
1631 716 1706 751 παρὰ
1726 715 1773 741 σοῦ
1787 723 1875 749 τιμω-

1083 761 1168 796 μένην
1182 761 1324 796 ἀλήθειαν,
1341 761 1371 787 τὸ
1385 762 1472 796 παρὸν
1494 762 1659 797 ἐγράψαμεν
1682 763 1812 797 γράμμα,
1830 759 1874 788 οἵα

1081 808 1214 838 πολλάκις
1230 807 1423 842 ίκετεύσαμεν,
1440 808 1488 834 καὶ
1504 808 1552 833 νῦν
1571 807 1753 839 ἱκετεύοντες.
1768 805 1874 840 Δεῖξον,

1083 853 1180 880 τέκνον
1199 852 1289 888 ἡμῶν,
1314 852 1370 879 τῶν
1383 852 1437 879 σῶν
1462 853 1594 888 ῥημάτων
1619 853 1650 879 τὸ
1665 853 1743 884 τέλος
1763 853 1875 883 ἐπάξιον

1083 899 1134 934 τῆς
1152 898 1349 934 προσηκούσης
1368 906 1411 925 σοι
1423 899 1513 933 δόξης¹
1531 899 1676 934 πλήρωσον
1693 900 1742 930 τὰς
1755 900 1874 934 ὑποσχέ-

1084 954 1153 977 σεις,
1168 945 1214 973 ἵνα
1240 945 1289 972 καὶ
1307 944 1375 976 Θεὸς
1390 944 1524 980 δοξασθῇ,
1540 946 1587 972 καὶ
1601 945 1631 971 τὺ
1657 945 1703 971 σὺν
1718 945 1805 979 ονομα
1829 945 1876 979 γέο

1081 999 1163 1027 νηται
1179 991 1348 1026 ἀείμνηστον
1372 990 1420 1017 καὶ
1445 991 1474 1016 ἐν
1497 991 1557 1022 ταῖς
1572 991 1670 1018 ἔπειτα
1691 993 1809 1025 γενεαῖς,
1828 992 1875 1018 καὶ

1083 1037 1228 1071 ἀμφότερα
1248 1037 1284 1062 τὰ
1301 1035 1414 1071 ποίμνια
1429 1036 1477 1062 τοῦ
1497 1036 1629 1072 Χριστοῦ,
1647 1036 1722 1070 λέγω
1741 1037 1772 1071 δὴ
1796 1037 1826 1063 τό
1845 1045 1875 1063 τε

1082 1081 1247 1117 Βουλγόψων
1263 1081 1340 1112 ἔθνος
1362 1081 1410 1107 καὶ
1425 1081 1456 1108 τὺ
1485 1081 1628 1116 Ῥωμαίων
1644 1082 1732 1115 γένος,
1748 1082 1875 1108 ἀπαλλα-

1083 1128 1152 1162 γῶσι
1181 1127 1299 1162 ψυχικοῦ
1320 1128 1368 1154 καὶ
1396 1127 1555 1160 σωματικοῦ
1581 1127 1709 1160 ὀλέθρου,
1733 1128 1781 1154 καὶ
1805 1127 1876 1153 ἀπο-

1083 1173 1204 1200 λαύσωσι
1226 1174 1274 1199 καὶ
1296 1173 1462 1208 σωματικῆς
1482 1173 1613 1205 ἀνέσεως,
1626 1173 1673 1199 καὶ
1683 1173 1804 1208 ψυχικῆς
1821 1182 1875 1200 σῶς

1083 1220 1193 1255 τηρίας.
1210 1218 1272 1246 Οἵδε
1295 1220 1349 1255 γὰρ
1368 1221 1384 1254 ἠ
1410 1219 1443 1254 σὴ
1465 1219 1571 1254 μεγάλη
1588 1219 1708 1251 σύνεσις,
1722 1221 1763 1246 ὅτι
1781 1221 1812 1246 οὐ
1829 1221 1876 1254 μό-

1082 1275 1128 1293 νον
1141 1266 1190 1301 τὴν
1207 1267 1369 1301 σωματικὴν
1383 1266 1456 1300 ζωὴν
1467 1265 1590 1296 ἐλεεινῶς
1613 1265 1776 1300 ζημιοῦνται
1803 1266 1875 1292 Ῥω-

1084 1313 1159 1347 μαῖοι
1183 1312 1230 1338 καὶ
1250 1312 1403 1347 Βούλγαροι
1420 1311 1554 1347 ἀλλήλους
1569 1311 1788 1346 ἀποσφάζοντες,
1805 1312 1875 1340 ἀλλὰ

1082 1359 1195 1393 καὶτῆς
1209 1358 1310 1393 ψυχῆς,
1331 1358 1404 1393 οἴμοι
1428 1359 1466 1392 τῷ
1497 1358 1592 1391 ἀλθίῳ,
1618 1358 1873 1394 ἀποστερίσκονται·

1082 1405 1148 1437 Ναὶ,
1163 1405 1261 1431 τέκνον
1276 1413 1341 1439 μου,
1355 1404 1500 1439 σϐέσωμεν
1519 1403 1567 1430 τοῦ
1591 1403 1678 1438 θυμοῦ
1693 1404 1743 1438 τὴν
1774 1404 1872 1438 φλόγα,

1081 1451 1114 1486 ἢν
1133 1450 1187 1477 εἴτε
1207 1451 1328 1485 πονηρὸς
1342 1450 1458 1485 δαίμων,
1475 1451 1529 1476 εἴτε
1559 1449 1698 1484 ἄνθρωποι
1724 1450 1873 1484 ἀνέφλεξαν

232 1498 300 1524 iram
316 1498 468 1530 continere,
491 1498 573 1534 eique
589 1499 669 1526 finem
685 1499 824 1534 imponere
842 1501 939 1531 sciant,
955 1505 982 1528 et
993 1502 1026 1528 ad

1080 1497 1211 1532 ἄφρονες.
1234 1496 1306 1531 Ἐγὼ
1332 1498 1380 1524 καὶ
1398 1497 1505 1531 ἀλόγων
1529 1498 1595 1532 γένη
1625 1498 1781 1531 ἐθεασᾶμην
1807 1500 1873 1524 ποτε

231 1550 324 1578 piCetn
338 1550 546 1577 convertantur,
557 1553 621 1572 num
635 1545 772 1578 homines,
785 1554 855 1580 quos
866 1547 935 1574 ratio
945 1547 1023 1582 regit,

231 1590 276 1624 qui
296 1598 379 1617 unum
391 1590 473 1617 Deum
485 1592 660 1622 confitentur.
679 1600 734 1619 uno
753 1592 855 1619 Christi
876 1592 922 1619 Dei
937 1594 1023 1620 nostri

232 1635 344 1662 nomine
360 1636 542 1670 appellantur,
553 1638 682 1669 quoniam
700 1646 775 1664 arma
799 1638 826 1664 in
839 1638 954 1664 invicem
967 1646 1026 1664 mo-

231 1681 332 1712 verint,
346 1687 454 1716 semper
467 1682 626 1713 movebunt,
644 1683 747 1710 mutuis
762 1682 881 1709 caedibus
899 1682 958 1710 sine
973 1683 1026 1710 fine

234 1726 397 1760 gloriantes,
409 1734 549 1760 nunquam
563 1727 669 1754 ratione
682 1729 746 1762 quid
763 1729 798 1755 sit
810 1728 876 1762 ipsis
890 1729 955 1755 utile
966 1729 1026 1756 exi-

235 1772 395 1804 stimabunt,
407 1779 495 1807 neque
513 1772 669 1807 aliquando,
692 1774 754 1801 licet
776 1775 880 1801 tardius
899 1775 1025 1809 sanguini

235 1823 350 1854 parcent
370 1819 500 1846 llsludne
514 1823 609 1846 natura
620 1819 739 1846 humana
752 1821 875 1856 dignum,
885 1821 918 1847 ad
931 1821 1027 1856 imagi-

235 1873 295 1894 nem
310 1865 355 1893 Dei
368 1865 495 1899 formala,
505 1866 548 1893 cui
559 1866 628 1893 ratio
639 1866 775 1898 peculiare
786 1867 889 1895 decus!
899 1867 952 1895 Sed
961 1867 1027 1903 quid

232 1913 384 1948 longiorem
410 1913 553 1948 epistolam
570 1913 675 1945 .facio?
697 1913 769 1941 Satis
785 1915 839 1942 sint
852 1922 913 1949 qua:
926 1915 1027 1949 scripta

232 1963 307 1986 sunt.
338 1958 376 1986 Et
405 1958 460 1985 Deo
483 1958 557 1985 enim
586 1957 695 1985 confido
727 1965 770 1985 res
796 1958 831 1986 ita
854 1958 980 1994 futuras,
1000 1964 1028 1986 ut

231 2003 324 2030 dixisti
338 2003 454 2038 loquens
466 2003 499 2030 ad
516 2003 699 2030 humilitatem
713 2011 801 2030 meam
814 2008 840 2030 et
855 2003 889 2030 ad
902 2008 1026 2031 nostrum

231 2048 424 2082 imperatorem
445 2046 499 2074 Deo
516 2051 646 2079 amatum,
660 2047 828 2083 fratremque
839 2048 886 2075 tibi
896 2048 1027 2077 dilectum

231 2098 258 2120 ct
275 2101 323 2128 pro
349 2094 449 2121 talibus
460 2094 565 2121 meritis
577 2094 672 2128 longos
684 2094 732 2121 tibi
750 2102 764 2121 a
782 2093 836 2121 Deo
851 2095 1028 2130 exposcimus

231 2139 386 2167 felicitatem
402 2140 428 2166 in
442 2139 493 2166 hac
503 2140 566 2172 vita,
579 2140 641 2167 etin
658 2139 749 2167 futura
765 2140 1026 2169 illiusbaereditatem

1080 1545 1132 1570 ὑπὸ
1148 1544 1235 1579 θυμοῦ
1249 1544 1408 1579 κινηθέντα,
1422 1546 1469 1571 καὶ
1481 1545 1541 1571 κατ’
1570 1544 1694 1579 ἀλλήλων
1709 1545 1873 1579 ὁρμήσαντα

1079 1591 1126 1617 καὶ
1144 1591 1299 1625 μαχόμενα.
1319 1590 1378 1618 ἀλλ’
1393 1590 1551 1617 ἐπαύσαντο
1565 1591 1646 1617 πάλιν
1661 1590 1707 1617 τοῦ
1723 1590 1810 1625 θυμοῦ
1826 1591 1873 1618 καὶ

1079 1635 1127 1661 τοῦ
1163 1636 1310 1670 μάχεσθαι,
1339 1636 1386 1661 καὶ
1407 1636 1580 1670 κατέστησαν
1602 1635 1671 1670 πρὸς
1695 1634 1725 1661 τὸ
1756 1635 1871 1670 ἥμερον.

1081 1679 1160 1712 Εἶτα,
1172 1682 1268 1708 τέκνον
1295 1690 1358 1716 μου,
1375 1682 1410 1707 τὰ
1431 1682 1480 1716 μὲν
1496 1681 1581 1715 ἄλογα
1602 1681 1639 1716 μὴ
1655 1681 1812 1716 κεκτημένα
1829 1680 1873 1706 λό-

1080 1734 1128 1760 γον
1139 1727 1271 1761 ἐπέχοντα
1295 1728 1341 1753 τὸν
1357 1726 1454 1761 θυμόν,
1476 1727 1535 1753 ἀλλ’
1547 1727 1599 1752 ὑπὸ
1618 1726 1731 1760 ἀλογίας
1749 1726 1870 1760 ἀγόμενα

1081 1767 1244 1800 ἐπίστανται
1269 1772 1316 1799 τοῦ
1345 1773 1431 1808 θυμοῦ
1453 1773 1622 1805 ἀπόπαυσιν,
1660 1773 1708 1799 καὶ
1731 1773 1781 1807 τῆς
1810 1774 1872 1799 κατ’

1082 1819 1205 1854 ἀλλήλων
1220 1819 1385 1853 ἀφίστανται
1395 1819 1495 1854 μάχης,
1510 1820 1556 1845 καὶ
1574 1818 1787 1853 μεταϐάλλονται
1801 1818 1870 1853 προς

1081 1865 1203 1899 ι’ρήνην·
1221 1864 1362 1899 ἄνθρωποι
1377 1864 1406 1890 δὲ
1423 1864 1495 1899 λόγῳ
1510 1864 1727 1899 κυϐερνώμενα,
1742 1864 1788 1890 ἕνα
1804 1864 1870 1891 Θεὸν

1082 1909 1286 1945 ὁμολογοῦντες,
1306 1910 1345 1936 ἐνὶ
1357 1910 1471 1945 ὀνόματι
1487 1909 1526 1945 τῷ
1544 1910 1591 1936 τοῦ
1605 1910 1725 1946 Χριστοῦ
1739 1910 1786 1936 καὶ
1801 1910 1870 1936 Θεοῦ

1082 1955 1161 1990 ἡμῶν
1188 1955 1413 1990 ἐπικεκλημένοι,
1443 1956 1510 1982 διότι
1532 1956 1654 1991 ἔφθασαν
1669 1955 1730 1982 κατ’
1748 1955 1870 1990 ἀλλήλων

1082 2001 1153 2027 ὅπλα
1170 2002 1293 2036 κινῆσαι.
1316 2002 1422 2034 τούτοις
1444 2004 1593 2037 χρήσονται
1620 2002 1664 2029 διὰ
1684 2001 1797 2033 παντὸς,
1822 2001 1870 2029 καὶ

1081 2049 1142 2079 ταῖς
1160 2049 1219 2074 κατ’
1234 2048 1358 2084 ἀλλήλων
1374 2050 1491 2083 σφαγαῖς
1503 2048 1597 2084 ὥσπερ
1613 2048 1798 2088 ἐντρυφῶντες
1812 2048 1872 2075 διαο

1082 2094 1249 2126 τελέσουσιν,
1259 2095 1317 2122 ἀλλ’
1332 2095 1392 2131 οὐχὶ
1403 2095 1526 2130 λογισμῷ
1533 2095 1656 2131 κρινοῦσι
1671 2096 1706 2122 τὰ
1716 2097 1867 2130 πρέποντα,

1082 2143 1128 2168 καὶ
1143 2141 1192 2177 ὀψέ
1208 2150 1274 2168 ποτε
1286 2142 1335 2176 τῆς
1353 2141 1414 2168 κατ’
1440 2142 1564 2176 ἀλλήλων
1581 2143 1690 2176 σφαγῆς
1705 2142 1867 2176 ἀφέξονται;

231 2185 334 2218 gloria},
351 2193 412 2219 qua:
437 2191 550 2212 cunctos
572 2185 699 2212 homines
728 2185 782 2212 Deo
805 2190 897 2221 gratos
913 2192 1016 2215 manet.

1080 2188 1126 2214 (αἱ
1134 2187 1185 2213 ποῦ
1199 2186 1278 2213 τοῦτο
1293 2187 1367 2219 ἄξιον
1381 2186 1433 2221 τῆς
1447 2186 1620 2222 ἀνθρωπίνης
1627 2186 1733 2220 φύσεως
1740 2188 1788 2221 τῆς
1797 2194 1852 2212 κατ
1861 2185 1869 2193 ³

233 2231 326 2257 εἰκόνα
352 2230 422 2257 Θεοῦ
449 2230 673 2263 διαπλασθείσης,
698 2231 746 2258 καὶ
769 2231 842 2266 λόγῳ
852 2232 1057 2267 τετιμημένηςς
1085 2232 1168 2259 Ἀλλὰ
1183 2232 1210 2258 τί
1225 2232 1359 2267 μακρύνω
1377 2232 1407 2258 τὸ
1425 2233 1562 2267 γράμμα;
1595 2231 1787 2266 ’Δρκεσθῶμεν
1811 2233 1869 2264 τοῖς

231 2277 400 2312 εἰρημένοις·
418 2277 538 2304 πέποιθα
552 2278 607 2312 γὰρ
629 2278 657 2304 ἐν
674 2277 744 2313 Θεῷ,
767 2278 916 2313 ὃτιῶσπερ
929 2279 1026 2313 παρὼν
1045 2279 1180 2313 ἐλάλησας
1196 2279 1264 2313 πρὸς
1282 2278 1330 2313 τὴν
1348 2277 1428 2312 ἡμῶν
1463 2277 1642 2310 ταπείνωσιν,
1660 2278 1707 2304 καὶ
1736 2278 1803 2312 πρὸς
1821 2277 1867 2304 τδν

231 2323 408 2358 φιλόχριστον
422 2323 534 2358 βασιλέα
571 2323 650 2358 ήμῶν
665 2324 711 2350 τὸν
742 2324 783 2350 σοὶ
815 2323 986 2357 ποθούμενον
1015 2323 1141 2358 ἀδελφὸν,
1165 2323 1235 2350 οὕτω
1250 2324 1299 2349 καὶ
1315 2323 1473 2358 γενήσεται·
1495 2322 1554 2348 ἀνθ’
1579 2319 1616 2348 ὦν
1643 2322 1813 2357 ἐπευχόμεθά
1825 2332 1866 2350 σοι

231 2371 395 2406 μακρότητα
410 2370 535 2405 ἡμερῶν,
558 2371 605 2397 καὶ
635 2370 706 2397 κατὰ
722 2371 772 2405 τὴν
793 2370 934 2402 παροῦσαν
970 2370 1043 2406 ζωὴν
1063 2369 1221 2405 εὐετηρίαν,
1241 2370 1289 2396 καὶ
1311 2370 1339 2395 ἐν
1353 2370 1387 2405 τῇ
1412 2368 1547 2404 μελλούση
1586 2368 1767 2404 κληρονομίαν
1787 2368 1865 2404 δόξης

229 2418 277 2453 τῆς
291 2417 479 2452 ἀποκειμένης
499 2418 568 2443 πᾶσι
586 2418 641 2448 τοῖς
662 2416 701 2451 τῷ
717 2416 778 2452 Θεῷ
792 2417 1022 2452 εὑαρεστήσασιν.

530 2462 629 2489 XXXI.
650 2463 756 2490 Eidem.

264 2511 342 2546 Saepe
363 2511 413 2538 tibi
436 2519 498 2546 quae
524 2510 716 2538 existimabant
746 2513 773 2537 et
796 2517 870 2537 nunc
896 2511 1025 2538 existimo

230 2557 308 2583 utilia
324 2561 350 2584 et
365 2557 566 2588 convenientia,
578 2557 688 2591 scripsi.
707 2556 792 2583 llotlie
803 2556 837 2584 de
859 2557 940 2584 rebus
955 2565 1023 2591 quas

230 2602 283 2636 iam
313 2603 436 2637 tractavi}
461 2603 585 2630 ultimam
611 2602 703 2630 scribo
736 2603 898 2637 epistolam,
930 2603 1023 2631 dolore

231 2653 278 2672 eor
295 2654 385 2674 meum
399 2653 513 2682 urgente
529 2653 638 2682 propter
656 2647 813 2675 communia
832 2649 902 2674 mala
923 2649 1022 2682 quibus

232 2691 349 2725 populus
373 2691 435 2723 Dei,
451 2700 498 2720 seu
514 2692 660 2728 Bulgarus,
674 2700 722 2720 seu
737 2692 877 2720 Rullianus
891 2694 1023 2721 exhauri-

233 2741 286 2763 tur.
308 2735 381 2764 Gens
396 2738 468 2765 enim
489 2739 669 2774 Bulgarorum
687 2747 750 2766 vere
763 2740 879 2774 populus
896 2740 942 2768 Dei
957 2745 1000 2768 est
1013 2760 1021 2773 ,

232 2782 278 2816 qui
292 2781 354 2809 illos
370 2784 480 2819 proprio
494 2785 627 2820 sanguine
655 2786 779 2817 redemit,
795 2786 948 2820 fratresque
960 2787 1023 2814 fecit

231 2835 280 2861 per
297 2827 415 2863 Spiritus
428 2831 515 2857 sancti
535 2831 720 2864 adoptionem.
741 2831 803 2858 licet
819 2836 845 2858 tu
873 2832 919 2858 tibi
936 2839 1020 2866 popu-

231 2873 289 2902 ium
307 2883 430 2912 παιδος,
445 2877 503 2912 qui,
519 2876 600 2904 hodie
615 2877 759 2913 imperium
782 2876 884 2905 habens
900 2886 961 2906 cras
975 2878 1020 2906 da-

1337 2462 1400 2489 AA‘.
1423 2460 1465 2494 Τῷ
1492 2460 1582 2494 αὐτῷ.

1114 2509 1242 2544 Ἔγραψα
1255 2508 1396 2540 πολλάκις,
1406 2508 1444 2540 ὡς
1456 2508 1507 2542 μὲν
1520 2507 1574 2542 ἐγὼ
1585 2507 1799 2542 ἐνόμιζον,ἁλλὰ
1816 2508 1864 2534 καὶ

1075 2556 1116 2582 ἔτι
1129 2554 1244 2590 νομίζω,
1255 2555 1303 2581 καὶ
1311 2554 1438 2589 ὠφέλιμα
1453 2554 1499 2580 καὶ
1510 2555 1696 2589 συμφέροντα.
1706 2554 1807 2589 Γράφω
1814 2555 1863 2581 νῦν

1074 2602 1122 2628 ἐπὶ
1132 2602 1224 2632 πᾶσιν.
1236 2598 1276 2632 οἷς
1292 2600 1466 2636 προέγραψα,
1476 2600 1555 2627 τοῦτο
1562 2600 1594 2635 δὴ
1604 2600 1634 2627 τδ
1643 2600 1758 2635 ἔσχατον
1773 2601 1863 2636 γράμ-

1076 2657 1114 2684 μα
1124 2668 1132 2681 ,
1149 2647 1208 2682 ἅμα
1239 2647 1288 2682 μὲν
1306 2647 1467 2682 κινούμενος
1482 2647 1534 2673 ὑπὸ
1546 2647 1595 2682 τῆς
1607 2647 1637 2674 ὲν
1648 2648 1680 2682 τῇ
1694 2647 1746 2682 ἐμῇ
1762 2647 1862 2683 καρδίᾳ

1073 2694 1241 2730 ἐγκειμένης
1277 2694 1323 2720 διὰ
1350 2693 1452 2724 παντὸς
1476 2693 1571 2729 ὀδύνης
1596 2693 1676 2729 χάριν
1690 2693 1744 2719 τῶν
1764 2693 1862 2719 κοινῶν

1073 2741 1168 2768 παθῶν
1186 2740 1248 2767 -τῶν
1283 2739 1541 2767 καταδαπανώντων
1564 2739 1612 2766 τὸν
1639 2739 1705 2766 λαὸν
1726 2739 1774 2766 τοῦ
1793 2739 1860 2765 Θεοῦ

1071 2787 1116 2814 τδν
1131 2787 1160 2813 ἐν
1181 2785 1346 2820 Βουλγάροις
1363 2785 1410 2811 καὶ
1426 2783 1574 2819 Ῥωμαίοις
1594 2785 1860 2820 συναριθμούμενον.

1078 2832 1200 2860 Ἐκεῖνον
1227 2831 1281 2866 γάρ
1295 2831 1354 2857 ἐστι
1369 2831 1434 2863 λαὸς
1448 2830 1556 2865 ἀληθῶς
1575 2830 1622 2857 καὶ
1640 2830 1670 2857 τὸ
1697 2829 1859 2864 Βουλγάρων

1071 2879 1148 2913 γένος
1162 2877 1209 2905 τοῦ
1227 2877 1442 2912 ἐξαγοράσαντος
1456 2877 1554 2910 αὐτοὺς
1572 2877 1664 2911 οἰκείῳ
1685 2877 1795 2911 αἵματι,
1812 2874 1860 2901 τοῦ
