  <div class='ocr_page' id='page_1' title='image "/cluster/home/n/w/nwhite01/storage/ocr_20150623/111/njp.32101077772943/119.png"; bbox 0 0 2009 3078; ppageno 0'>
   <div class='ocr_carea' id='block_1_1' title="bbox 183 161 237 192">
    <p class='ocr_par' dir='ltr' id='par_1_1' title="bbox 183 161 237 192">
     <span class='ocr_line' id='line_1_1' title="bbox 183 161 237 192; baseline 0 0"><span class='ocrx_word' id='word_1_1' title='bbox 183 161 237 192; x_wconf 75' lang='lat' dir='ltr'><strong>2H</strong></span> 
     </span>
    </p>
   </div>
   <div class='ocr_carea' id='block_1_2' title="bbox 751 159 1256 190">
    <p class='ocr_par' dir='ltr' id='par_1_2' title="bbox 751 159 1256 190">
     <span class='ocr_line' id='line_1_2' title="bbox 751 159 1256 190; baseline 0 -1"><span class='ocrx_word' id='word_1_2' title='bbox 751 159 905 190; x_wconf 77' lang='lat' dir='ltr'><strong>NlCOLAI</strong></span> <span class='ocrx_word' id='word_1_3' title='bbox 925 160 978 189; x_wconf 90' lang='lat' dir='ltr'><strong>CP.</strong></span> <span class='ocrx_word' id='word_1_4' title='bbox 1000 160 1256 190; x_wconf 68' lang='lat' dir='ltr'><strong>PATRIARCHJE</strong></span> 
     </span>
    </p>
   </div>
   <div class='ocr_carea' id='block_1_3' title="bbox 1754 160 1807 192">
    <p class='ocr_par' dir='ltr' id='par_1_3' title="bbox 1754 160 1807 192">
     <span class='ocr_line' id='line_1_3' title="bbox 1754 160 1807 192; baseline 0 -1"><span class='ocrx_word' id='word_1_5' title='bbox 1754 160 1807 192; x_wconf 70' lang='grc' dir='ltr'><strong>2ίὲ</strong></span> 
     </span>
    </p>
   </div>
   <div class='ocr_carea' id='block_1_4' title="bbox 185 216 978 253">
    <p class='ocr_par' dir='ltr' id='par_1_4' title="bbox 185 216 970 251">
     <span class='ocr_line' id='line_1_4' title="bbox 185 216 970 251; baseline -0.006 -4"><span class='ocrx_word' id='word_1_6' title='bbox 185 225 243 247; x_wconf 86' lang='lat' dir='ltr'><strong>tur.</strong></span> <span class='ocrx_word' id='word_1_7' title='bbox 262 217 391 244; x_wconf 88' lang='lat' dir='ltr'><strong>Provehit</strong></span> <span class='ocrx_word' id='word_1_8' title='bbox 416 216 489 245; x_wconf 81' lang='lat' dir='ltr'><strong>Deus</strong></span> <span class='ocrx_word' id='word_1_9' title='bbox 513 217 630 251; x_wconf 84' lang='lat' dir='ltr'><strong>aliquem</strong></span> <span class='ocrx_word' id='word_1_10' title='bbox 657 217 689 243; x_wconf 90' lang='lat' dir='ltr'><strong>ad</strong></span> <span class='ocrx_word' id='word_1_11' title='bbox 717 217 919 251; x_wconf 62' lang='lat' dir='ltr'><strong>magistratuum,</strong></span> <span class='ocrx_word' id='word_1_12' title='bbox 937 216 970 242; x_wconf 85' lang='lat' dir='ltr'><strong>ad</strong></span> 
     </span>
    </p>
   </div>
   <div class='ocr_carea' id='block_1_5' title="bbox 1029 216 1807 253">
    <p class='ocr_par' dir='ltr' id='par_1_5' title="bbox 1029 216 1807 253">
     <span class='ocr_line' id='line_1_5' title="bbox 1029 216 1807 253; baseline 0.004 -11"><span class='ocrx_word' id='word_1_13' title='bbox 1029 216 1250 252; x_wconf 67' lang='grc' dir='ltr'>ἱναστελλόμενοι</span> <span class='ocrx_word' id='word_1_14' title='bbox 1282 217 1332 250; x_wconf 79' lang='grc' dir='ltr'>τῆς</span> <span class='ocrx_word' id='word_1_15' title='bbox 1367 218 1489 252; x_wconf 67' lang='grc' dir='ltr'>πονηρᾶς</span> <span class='ocrx_word' id='word_1_16' title='bbox 1522 218 1726 253; x_wconf 68' lang='grc' dir='ltr'>προαιρέσεως,</span> <span class='ocrx_word' id='word_1_17' title='bbox 1759 219 1807 246; x_wconf 82' lang='grc' dir='ltr'>καὶ</span> 
     </span>
    </p>
   </div>
   <div class='ocr_carea' id='block_1_6' title="bbox 185 261 971 298">
    <p class='ocr_par' dir='ltr' id='par_1_6' title="bbox 185 261 971 298">
     <span class='ocr_line' id='line_1_6' title="bbox 185 261 971 298; baseline -0.005 -7"><span class='ocrx_word' id='word_1_18' title='bbox 185 270 313 298; x_wconf 76' lang='lat' dir='ltr'><strong>regnum,</strong></span> <span class='ocrx_word' id='word_1_19' title='bbox 328 261 360 288; x_wconf 85' lang='lat' dir='ltr'><strong>ad</strong></span> <span class='ocrx_word' id='word_1_20' title='bbox 374 262 535 296; x_wconf 79' lang='lat' dir='ltr'><strong>dignitatem</strong></span> <span class='ocrx_word' id='word_1_21' title='bbox 550 261 775 295; x_wconf 82' lang='lat' dir='ltr'><strong>qualemcunque,</strong></span> <span class='ocrx_word' id='word_1_22' title='bbox 788 268 841 288; x_wconf 87' lang='lat' dir='ltr'><strong>non</strong></span> <span class='ocrx_word' id='word_1_23' title='bbox 853 266 893 293; x_wconf 88' lang='lat' dir='ltr'><strong>ut,</strong></span> <span class='ocrx_word' id='word_1_24' title='bbox 907 261 971 295; x_wconf 83' lang='lat' dir='ltr'><strong>quia</strong></span> 
     </span>
    </p>
   </div>
   <div class='ocr_carea' id='block_1_7' title="bbox 185 307 970 345">
    <p class='ocr_par' dir='ltr' id='par_1_7' title="bbox 185 307 970 345">
     <span class='ocr_line' id='line_1_7' title="bbox 185 307 970 345; baseline -0.004 -9"><span class='ocrx_word' id='word_1_25' title='bbox 185 310 275 345; x_wconf 78' lang='lat' dir='ltr'><strong>magis</strong></span> <span class='ocrx_word' id='word_1_26' title='bbox 291 316 371 344; x_wconf 87' lang='lat' dir='ltr'><strong>quam</strong></span> <span class='ocrx_word' id='word_1_27' title='bbox 387 309 479 335; x_wconf 76' lang='lat' dir='ltr'><strong>czcteri</strong></span> <span class='ocrx_word' id='word_1_28' title='bbox 501 315 516 334; x_wconf 87' lang='lat' dir='ltr'><strong>a</strong></span> <span class='ocrx_word' id='word_1_29' title='bbox 539 307 594 334; x_wconf 81' lang='lat' dir='ltr'><strong>Deo</strong></span> <span class='ocrx_word' id='word_1_30' title='bbox 611 307 760 334; x_wconf 88' lang='lat' dir='ltr'><strong>honoratus</strong></span> <span class='ocrx_word' id='word_1_31' title='bbox 781 312 833 339; x_wconf 86' lang='lat' dir='ltr'><strong>est,</strong></span> <span class='ocrx_word' id='word_1_32' title='bbox 850 307 970 341; x_wconf 81' lang='lat' dir='ltr'><strong>scipsum</strong></span> 
     </span>
    </p>
   </div>
   <div class='ocr_carea' id='block_1_8' title="bbox 185 352 973 389">
    <p class='ocr_par' dir='ltr' id='par_1_8' title="bbox 185 352 973 389">
     <span class='ocr_line' id='line_1_8' title="bbox 185 352 973 389; baseline -0.003 -7"><span class='ocrx_word' id='word_1_33' title='bbox 185 359 212 382; x_wconf 80' lang='lat' dir='ltr'><strong>et</strong></span> <span class='ocrx_word' id='word_1_34' title='bbox 227 363 290 382; x_wconf 91' lang='lat' dir='ltr'><strong>eum</strong></span> <span class='ocrx_word' id='word_1_35' title='bbox 309 355 354 389; x_wconf 89' lang='lat' dir='ltr'><strong>qui</strong></span> <span class='ocrx_word' id='word_1_36' title='bbox 372 355 502 382; x_wconf 89' lang='lat' dir='ltr'><strong>honorem</strong></span> <span class='ocrx_word' id='word_1_37' title='bbox 524 353 650 385; x_wconf 75' lang='lat' dir='ltr'><strong>contulit,</strong></span> <span class='ocrx_word' id='word_1_38' title='bbox 667 352 768 387; x_wconf 86' lang='lat' dir='ltr'><strong>probro</strong></span> <span class='ocrx_word' id='word_1_39' title='bbox 785 360 817 379; x_wconf 86' lang='lat' dir='ltr'><strong>ac</strong></span> <span class='ocrx_word' id='word_1_40' title='bbox 838 352 973 380; x_wconf 81' lang='lat' dir='ltr'><strong>dedecore</strong></span> 
     </span>
    </p>
   </div>
   <div class='ocr_carea' id='block_1_9' title="bbox 187 397 970 433">
    <p class='ocr_par' dir='ltr' id='par_1_9' title="bbox 187 397 970 433">
     <span class='ocr_line' id='line_1_9' title="bbox 187 397 970 433; baseline -0.004 -6"><span class='ocrx_word' id='word_1_41' title='bbox 187 401 298 432; x_wconf 67' lang='lat' dir='ltr'><strong>alliciat,</strong></span> <span class='ocrx_word' id='word_1_42' title='bbox 314 405 361 427; x_wconf 88' lang='lat' dir='ltr'><strong>aut</strong></span> <span class='ocrx_word' id='word_1_43' title='bbox 373 400 494 427; x_wconf 87' lang='lat' dir='ltr'><strong>divinum</strong></span> <span class='ocrx_word' id='word_1_44' title='bbox 507 398 541 426; x_wconf 90' lang='lat' dir='ltr'><strong>de</strong></span> <span class='ocrx_word' id='word_1_45' title='bbox 556 399 614 433; x_wconf 89' lang='lat' dir='ltr'><strong>ipso</strong></span> <span class='ocrx_word' id='word_1_46' title='bbox 626 397 760 432; x_wconf 86' lang='lat' dir='ltr'><strong>judicium</strong></span> <span class='ocrx_word' id='word_1_47' title='bbox 777 399 855 433; x_wconf 90' lang='lat' dir='ltr'><strong>quasi</strong></span> <span class='ocrx_word' id='word_1_48' title='bbox 873 398 970 425; x_wconf 80' lang='lat' dir='ltr'><strong>falsum</strong></span> 
     </span>
    </p>
   </div>
   <div class='ocr_carea' id='block_1_10' title="bbox 186 444 972 480">
    <p class='ocr_par' dir='ltr' id='par_1_10' title="bbox 186 444 972 480">
     <span class='ocr_line' id='line_1_10' title="bbox 186 444 972 480; baseline -0.003 -8"><span class='ocrx_word' id='word_1_49' title='bbox 186 452 386 480; x_wconf 79' lang='lat' dir='ltr'><strong>crroneumque</strong></span> <span class='ocrx_word' id='word_1_50' title='bbox 405 444 538 476; x_wconf 75' lang='lat' dir='ltr'><strong>ostendat,</strong></span> <span class='ocrx_word' id='word_1_51' title='bbox 551 445 598 472; x_wconf 85' lang='lat' dir='ltr'><strong>sed</strong></span> <span class='ocrx_word' id='word_1_52' title='bbox 616 449 645 471; x_wconf 93' lang='lat' dir='ltr'><strong>ut</strong></span> <span class='ocrx_word' id='word_1_53' title='bbox 658 445 760 471; x_wconf 89' lang='lat' dir='ltr'><strong>virtute</strong></span> <span class='ocrx_word' id='word_1_54' title='bbox 776 452 825 472; x_wconf 80' lang='lat' dir='ltr'><strong>sua</strong></span> <span class='ocrx_word' id='word_1_55' title='bbox 841 448 972 479; x_wconf 75' lang='lat' dir='ltr'><strong>appareat</strong></span> 
     </span>
    </p>
   </div>
   <div class='ocr_carea' id='block_1_11' title="bbox 187 487 971 525">
    <p class='ocr_par' dir='ltr' id='par_1_11' title="bbox 187 487 971 525">
     <span class='ocr_line' id='line_1_11' title="bbox 187 487 971 525; baseline -0.003 -7"><span class='ocrx_word' id='word_1_56' title='bbox 187 491 285 525; x_wconf 80' lang='lat' dir='ltr'><strong>dignus</strong></span> <span class='ocrx_word' id='word_1_57' title='bbox 298 489 430 518; x_wconf 77' lang='lat' dir='ltr'><strong>sententia</strong></span> <span class='ocrx_word' id='word_1_58' title='bbox 446 489 548 520; x_wconf 84' lang='lat' dir='ltr'><strong>divina,</strong></span> <span class='ocrx_word' id='word_1_59' title='bbox 561 493 589 516; x_wconf 91' lang='lat' dir='ltr'><strong>et</strong></span> <span class='ocrx_word' id='word_1_60' title='bbox 602 489 666 516; x_wconf 91' lang='lat' dir='ltr'><strong>dum</strong></span> <span class='ocrx_word' id='word_1_61' title='bbox 678 487 723 516; x_wconf 87' lang='lat' dir='ltr'><strong>Dei</strong></span> <span class='ocrx_word' id='word_1_62' title='bbox 733 489 845 523; x_wconf 81' lang='lat' dir='ltr'><strong>gloriam</strong></span> <span class='ocrx_word' id='word_1_63' title='bbox 862 496 971 524; x_wconf 82' lang='lat' dir='ltr'><strong>promo-</strong></span> 
     </span>
    </p>
   </div>
   <div class='ocr_carea' id='block_1_12' title="bbox 187 534 971 569">
    <p class='ocr_par' dir='ltr' id='par_1_12' title="bbox 187 534 971 569">
     <span class='ocr_line' id='line_1_12' title="bbox 187 534 971 569; baseline 0 -8"><span class='ocrx_word' id='word_1_64' title='bbox 187 535 300 563; x_wconf 89' lang='lat' dir='ltr'><strong>vendam</strong></span> <span class='ocrx_word' id='word_1_65' title='bbox 311 539 398 566; x_wconf 82' lang='lat' dir='ltr'><strong>curat,</strong></span> <span class='ocrx_word' id='word_1_66' title='bbox 412 535 461 561; x_wconf 85' lang='lat' dir='ltr'><strong>sibi</strong></span> <span class='ocrx_word' id='word_1_67' title='bbox 476 542 586 569; x_wconf 81' lang='lat' dir='ltr'><strong>quoque</strong></span> <span class='ocrx_word' id='word_1_68' title='bbox 598 535 705 562; x_wconf 82' lang='lat' dir='ltr'><strong>laudem</strong></span> <span class='ocrx_word' id='word_1_69' title='bbox 721 535 854 569; x_wconf 74' lang='lat' dir='ltr'><strong>acquirat.</strong></span> <span class='ocrx_word' id='word_1_70' title='bbox 869 534 897 561; x_wconf 79' lang='lat' dir='ltr'><strong>Si</strong></span> <span class='ocrx_word' id='word_1_71' title='bbox 908 542 971 561; x_wconf 74' lang='lat' dir='ltr'><strong>vero</strong></span> 
     </span>
    </p>
   </div>
   <div class='ocr_carea' id='block_1_13' title="bbox 187 579 981 615">
    <p class='ocr_par' dir='ltr' id='par_1_13' title="bbox 187 579 981 615">
     <span class='ocr_line' id='line_1_13' title="bbox 187 579 981 615; baseline -0.003 -7"><span class='ocrx_word' id='word_1_72' title='bbox 187 581 248 615; x_wconf 81' lang='lat' dir='ltr'><strong>quis</strong></span> <span class='ocrx_word' id='word_1_73' title='bbox 261 580 388 615; x_wconf 88' lang='lat' dir='ltr'><strong>quoniam</strong></span> <span class='ocrx_word' id='word_1_74' title='bbox 403 588 416 606; x_wconf 93' lang='lat' dir='ltr'><strong>a</strong></span> <span class='ocrx_word' id='word_1_75' title='bbox 434 579 488 607; x_wconf 84' lang='lat' dir='ltr'><strong>Deo</strong></span> <span class='ocrx_word' id='word_1_76' title='bbox 503 580 635 614; x_wconf 81' lang='lat' dir='ltr'><strong>majorem</strong></span> <span class='ocrx_word' id='word_1_77' title='bbox 649 580 761 614; x_wconf 87' lang='lat' dir='ltr'><strong>adeptus</strong></span> <span class='ocrx_word' id='word_1_78' title='bbox 775 584 814 607; x_wconf 87' lang='lat' dir='ltr'><strong>est</strong></span> <span class='ocrx_word' id='word_1_79' title='bbox 827 580 981 613; x_wconf 62' lang='lat' dir='ltr'><strong>honorem,</strong></span> 
     </span>
    </p>
   </div>
   <div class='ocr_carea' id='block_1_14' title="bbox 186 624 971 663">
    <p class='ocr_par' dir='ltr' id='par_1_14' title="bbox 186 624 971 663">
     <span class='ocr_line' id='line_1_14' title="bbox 186 624 971 663; baseline -0.001 -12"><span class='ocrx_word' id='word_1_80' title='bbox 186 626 246 652; x_wconf 88' lang='lat' dir='ltr'><strong>ideo</strong></span> <span class='ocrx_word' id='word_1_81' title='bbox 262 625 348 659; x_wconf 88' lang='lat' dir='ltr'><strong>magis</strong></span> <span class='ocrx_word' id='word_1_82' title='bbox 369 624 421 663; x_wconf 82' lang='lat' dir='ltr'><strong>sibi</strong></span> <span class='ocrx_word' id='word_1_83' title='bbox 441 625 523 652; x_wconf 88' lang='lat' dir='ltr'><strong>licere</strong></span> <span class='ocrx_word' id='word_1_84' title='bbox 539 629 618 659; x_wconf 88' lang='lat' dir='ltr'><strong>putat</strong></span> <span class='ocrx_word' id='word_1_85' title='bbox 641 625 795 652; x_wconf 87' lang='lat' dir='ltr'><strong>divinarum</strong></span> <span class='ocrx_word' id='word_1_86' title='bbox 812 624 903 659; x_wconf 76' lang='lat' dir='ltr'><strong>legum</strong></span> <span class='ocrx_word' id='word_1_87' title='bbox 921 625 971 651; x_wconf 86' lang='lat' dir='ltr'><strong>ho-</strong></span> 
     </span>
    </p>
   </div>
   <div class='ocr_carea' id='block_1_15' title="bbox 186 670 972 705">
    <p class='ocr_par' dir='ltr' id='par_1_15' title="bbox 186 670 972 705">
     <span class='ocr_line' id='line_1_15' title="bbox 186 670 972 705; baseline -0.003 -7"><span class='ocrx_word' id='word_1_88' title='bbox 186 675 279 698; x_wconf 84' lang='lat' dir='ltr'><strong>norem</strong></span> <span class='ocrx_word' id='word_1_89' title='bbox 294 675 481 703; x_wconf 82' lang='lat' dir='ltr'><strong>contemnere,</strong></span> <span class='ocrx_word' id='word_1_90' title='bbox 495 671 606 698; x_wconf 89' lang='lat' dir='ltr'><strong>nescius</strong></span> <span class='ocrx_word' id='word_1_91' title='bbox 620 670 653 698; x_wconf 88' lang='lat' dir='ltr'><strong>ad</strong></span> <span class='ocrx_word' id='word_1_92' title='bbox 665 671 806 698; x_wconf 92' lang='lat' dir='ltr'><strong>brutorum</strong></span> <span class='ocrx_word' id='word_1_93' title='bbox 828 678 876 705; x_wconf 84' lang='lat' dir='ltr'><strong>per</strong></span> <span class='ocrx_word' id='word_1_94' title='bbox 890 671 972 697; x_wconf 83' lang='lat' dir='ltr'><strong>satie-</strong></span> 
     </span>
    </p>
   </div>
   <div class='ocr_carea' id='block_1_16' title="bbox 185 715 972 744">
    <p class='ocr_par' dir='ltr' id='par_1_16' title="bbox 185 715 972 744">
     <span class='ocr_line' id='line_1_16' title="bbox 185 715 972 744; baseline -0.001 -1"><span class='ocrx_word' id='word_1_95' title='bbox 185 721 267 743; x_wconf 91' lang='lat' dir='ltr'><strong>tatem</strong></span> <span class='ocrx_word' id='word_1_96' title='bbox 284 716 485 744; x_wconf 83' lang='lat' dir='ltr'><strong>lascivientium</strong></span> <span class='ocrx_word' id='word_1_97' title='bbox 513 716 720 744; x_wconf 84' lang='lat' dir='ltr'><strong>similitudinem</strong></span> <span class='ocrx_word' id='word_1_98' title='bbox 742 716 890 743; x_wconf 75' lang='lat' dir='ltr'><strong>delabitur.</strong></span> <span class='ocrx_word' id='word_1_99' title='bbox 906 715 972 743; x_wconf 80' lang='lat' dir='ltr'><strong>Pra-</strong></span> 
     </span>
    </p>
   </div>
   <div class='ocr_carea' id='block_1_17' title="bbox 185 760 971 796">
    <p class='ocr_par' dir='ltr' id='par_1_17' title="bbox 185 760 971 796">
     <span class='ocr_line' id='line_1_17' title="bbox 185 760 971 796; baseline 0.001 -9"><span class='ocrx_word' id='word_1_100' title='bbox 185 768 248 788; x_wconf 79' lang='lat' dir='ltr'><strong>vum</strong></span> <span class='ocrx_word' id='word_1_101' title='bbox 265 761 348 796; x_wconf 65' lang='lat' dir='ltr'><strong>igitur</strong></span> <span class='ocrx_word' id='word_1_102' title='bbox 361 761 480 795; x_wconf 84' lang='lat' dir='ltr'><strong>opinari.</strong></span> <span class='ocrx_word' id='word_1_103' title='bbox 497 761 692 796; x_wconf 89' lang='lat' dir='ltr'><strong>pravissimum</strong></span> <span class='ocrx_word' id='word_1_104' title='bbox 701 768 765 788; x_wconf 84' lang='lat' dir='ltr'><strong>vero</strong></span> <span class='ocrx_word' id='word_1_105' title='bbox 777 761 868 789; x_wconf 88' lang='lat' dir='ltr'><strong>dicere</strong></span> <span class='ocrx_word' id='word_1_106' title='bbox 882 770 889 788; x_wconf 89' lang='lat'><strong>:</strong></span> <span class='ocrx_word' id='word_1_107' title='bbox 901 760 971 794; x_wconf 86' lang='lat' dir='ltr'><strong>Quia</strong></span> 
     </span>
    </p>
   </div>
   <div class='ocr_carea' id='block_1_18' title="bbox 185 806 970 842">
    <p class='ocr_par' dir='ltr' id='par_1_18' title="bbox 185 806 970 842">
     <span class='ocr_line' id='line_1_18' title="bbox 185 806 970 842; baseline 0.001 -9"><span class='ocrx_word' id='word_1_108' title='bbox 185 813 244 840; x_wconf 79' lang='lat' dir='ltr'><strong>rex,</strong></span> <span class='ocrx_word' id='word_1_109' title='bbox 255 806 435 834; x_wconf 85' lang='lat' dir='ltr'><strong>ideolicentia</strong></span> <span class='ocrx_word' id='word_1_110' title='bbox 447 807 546 842; x_wconf 76' lang='lat' dir='ltr'><strong>gaudet</strong></span> <span class='ocrx_word' id='word_1_111' title='bbox 556 807 696 841; x_wconf 86' lang='lat' dir='ltr'><strong>peccandi,</strong></span> <span class='ocrx_word' id='word_1_112' title='bbox 706 807 831 841; x_wconf 77' lang='lat' dir='ltr'><strong>quamvis</strong></span> <span class='ocrx_word' id='word_1_113' title='bbox 843 807 895 835; x_wconf 89' lang='lat' dir='ltr'><strong>hoc</strong></span> <span class='ocrx_word' id='word_1_114' title='bbox 905 807 970 834; x_wconf 86' lang='lat' dir='ltr'><strong>sub-</strong></span> 
     </span>
    </p>
   </div>
   <div class='ocr_carea' id='block_1_19' title="bbox 184 852 972 888">
    <p class='ocr_par' dir='ltr' id='par_1_19' title="bbox 184 852 972 888">
     <span class='ocr_line' id='line_1_19' title="bbox 184 852 972 888; baseline 0.003 -10"><span class='ocrx_word' id='word_1_115' title='bbox 184 853 305 880; x_wconf 89' lang='lat' dir='ltr'><strong>ditorum</strong></span> <span class='ocrx_word' id='word_1_116' title='bbox 323 852 424 880; x_wconf 83' lang='lat' dir='ltr'><strong>nemini</strong></span> <span class='ocrx_word' id='word_1_117' title='bbox 440 853 616 880; x_wconf 75' lang='lat' dir='ltr'><strong>concedatur.</strong></span> <span class='ocrx_word' id='word_1_118' title='bbox 629 852 756 880; x_wconf 82' lang='lat' dir='ltr'><strong>Potentes</strong></span> <span class='ocrx_word' id='word_1_119' title='bbox 772 857 896 888; x_wconf 90' lang='lat' dir='ltr'><strong>potenter</strong></span> <span class='ocrx_word' id='word_1_120' title='bbox 907 860 972 880; x_wconf 77' lang='lat' dir='ltr'><strong>exa-</strong></span> 
     </span>
    </p>
   </div>
   <div class='ocr_carea' id='block_1_20' title="bbox 185 887 1011 933">
    <p class='ocr_par' dir='ltr' id='par_1_20' title="bbox 185 887 1011 933">
     <span class='ocr_line' id='line_1_20' title="bbox 185 887 1011 933; baseline 0.001 -8"><span class='ocrx_word' id='word_1_121' title='bbox 185 897 373 930; x_wconf 86' lang='lat' dir='ltr'><strong>minabuntur,</strong></span> <span class='ocrx_word' id='word_1_122' title='bbox 402 898 567 933; x_wconf 88' lang='lat' dir='ltr'><strong>sapientium</strong></span> <span class='ocrx_word' id='word_1_123' title='bbox 593 899 693 933; x_wconf 87' lang='lat' dir='ltr'><strong>aliquis</strong></span> <span class='ocrx_word' id='word_1_124' title='bbox 710 887 788 926; x_wconf 68' lang='lat' dir='ltr'><strong>dixit.</strong></span> <span class='ocrx_word' id='word_1_125' title='bbox 816 899 844 926; x_wconf 88' lang='lat' dir='ltr'><strong>Si</strong></span> <span class='ocrx_word' id='word_1_126' title='bbox 861 898 912 926; x_wconf 92' lang='lat' dir='ltr'><strong>hoc</strong></span> <span class='ocrx_word' id='word_1_127' title='bbox 936 887 1011 926; x_wconf 81' lang='lat' dir='ltr'><strong>itaB</strong></span> 
     </span>
    </p>
   </div>
   <div class='ocr_carea' id='block_1_21' title="bbox 185 943 975 979">
    <p class='ocr_par' dir='ltr' id='par_1_21' title="bbox 185 943 975 979">
     <span class='ocr_line' id='line_1_21' title="bbox 185 943 975 979; baseline 0.003 -10"><span class='ocrx_word' id='word_1_128' title='bbox 185 947 242 973; x_wconf 68' lang='lat' dir='ltr'><strong>est;</strong></span> <span class='ocrx_word' id='word_1_129' title='bbox 253 943 299 969; x_wconf 89' lang='lat' dir='ltr'><strong>ubi</strong></span> <span class='ocrx_word' id='word_1_130' title='bbox 319 943 408 970; x_wconf 84' lang='lat' dir='ltr'><strong>locum</strong></span> <span class='ocrx_word' id='word_1_131' title='bbox 429 943 538 970; x_wconf 85' lang='lat' dir='ltr'><strong>habebit</strong></span> <span class='ocrx_word' id='word_1_132' title='bbox 553 947 642 970; x_wconf 86' lang='lat' dir='ltr'><strong>vestra</strong></span> <span class='ocrx_word' id='word_1_133' title='bbox 657 943 845 979; x_wconf 78' lang='lat' dir='ltr'><strong>indulgentia?</strong></span> <span class='ocrx_word' id='word_1_134' title='bbox 861 943 907 971; x_wconf 81' lang='lat' dir='ltr'><strong>Vel</strong></span> <span class='ocrx_word' id='word_1_135' title='bbox 924 943 975 970; x_wconf 86' lang='lat' dir='ltr'><strong>mi-</strong></span> 
     </span>
    </p>
   </div>
   <div class='ocr_carea' id='block_1_22' title="bbox 186 988 973 1024">
    <p class='ocr_par' dir='ltr' id='par_1_22' title="bbox 186 988 973 1024">
     <span class='ocr_line' id='line_1_22' title="bbox 186 988 973 1024; baseline 0.003 -10"><span class='ocrx_word' id='word_1_136' title='bbox 186 988 225 1014; x_wconf 89' lang='lat' dir='ltr'><strong>liti</strong></span> <span class='ocrx_word' id='word_1_137' title='bbox 244 988 369 1023; x_wconf 79' lang='lat' dir='ltr'><strong>gregario</strong></span> <span class='ocrx_word' id='word_1_138' title='bbox 385 995 417 1015; x_wconf 87' lang='lat' dir='ltr'><strong>ac</strong></span> <span class='ocrx_word' id='word_1_139' title='bbox 432 988 496 1015; x_wconf 91' lang='lat' dir='ltr'><strong>duci</strong></span> <span class='ocrx_word' id='word_1_140' title='bbox 509 988 555 1022; x_wconf 86' lang='lat' dir='ltr'><strong>qui</strong></span> <span class='ocrx_word' id='word_1_141' title='bbox 572 988 600 1016; x_wconf 92' lang='lat' dir='ltr'><strong>in</strong></span> <span class='ocrx_word' id='word_1_142' title='bbox 617 996 669 1016; x_wconf 88' lang='lat' dir='ltr'><strong>una</strong></span> <span class='ocrx_word' id='word_1_143' title='bbox 684 989 835 1024; x_wconf 86' lang='lat' dir='ltr'><strong>eademque</strong></span> <span class='ocrx_word' id='word_1_144' title='bbox 852 996 882 1016; x_wconf 87' lang='lat' dir='ltr'><strong>re</strong></span> <span class='ocrx_word' id='word_1_145' title='bbox 896 988 973 1016; x_wconf 79' lang='lat' dir='ltr'><strong>defe-</strong></span> 
     </span>
    </p>
   </div>
   <div class='ocr_carea' id='block_1_23' title="bbox 185 1033 974 1069">
    <p class='ocr_par' dir='ltr' id='par_1_23' title="bbox 185 1033 974 1069">
     <span class='ocr_line' id='line_1_23' title="bbox 185 1033 974 1069; baseline 0.001 -9"><span class='ocrx_word' id='word_1_146' title='bbox 185 1039 295 1066; x_wconf 86' lang='lat' dir='ltr'><strong>cerunt,</strong></span> <span class='ocrx_word' id='word_1_147' title='bbox 314 1041 367 1061; x_wconf 86' lang='lat' dir='ltr'><strong>non</strong></span> <span class='ocrx_word' id='word_1_148' title='bbox 393 1034 487 1060; x_wconf 88' lang='lat' dir='ltr'><strong>eadem</strong></span> <span class='ocrx_word' id='word_1_149' title='bbox 511 1033 564 1060; x_wconf 92' lang='lat' dir='ltr'><strong>erit</strong></span> <span class='ocrx_word' id='word_1_150' title='bbox 578 1041 668 1068; x_wconf 56' lang='lat' dir='ltr'><strong>paena,</strong></span> <span class='ocrx_word' id='word_1_151' title='bbox 700 1035 747 1062; x_wconf 85' lang='lat' dir='ltr'><strong>sed</strong></span> <span class='ocrx_word' id='word_1_152' title='bbox 782 1034 838 1061; x_wconf 80' lang='lat' dir='ltr'><strong>dux</strong></span> <span class='ocrx_word' id='word_1_153' title='bbox 863 1034 974 1069; x_wconf 87' lang='lat' dir='ltr'><strong>quidem</strong></span> 
     </span>
    </p>
   </div>
   <div class='ocr_carea' id='block_1_24' title="bbox 186 1079 976 1114">
    <p class='ocr_par' dir='ltr' id='par_1_24' title="bbox 186 1079 976 1114">
     <span class='ocr_line' id='line_1_24' title="bbox 186 1079 976 1114; baseline 0 -8"><span class='ocrx_word' id='word_1_154' title='bbox 186 1080 337 1106; x_wconf 85' lang='lat' dir='ltr'><strong>secundum</strong></span> <span class='ocrx_word' id='word_1_155' title='bbox 356 1079 430 1106; x_wconf 88' lang='lat' dir='ltr'><strong>illum</strong></span> <span class='ocrx_word' id='word_1_156' title='bbox 449 1086 529 1114; x_wconf 89' lang='lat' dir='ltr'><strong>quem</strong></span> <span class='ocrx_word' id='word_1_157' title='bbox 548 1079 666 1106; x_wconf 85' lang='lat' dir='ltr'><strong>obtinuit</strong></span> <span class='ocrx_word' id='word_1_158' title='bbox 682 1080 817 1111; x_wconf 85' lang='lat' dir='ltr'><strong>ordinem,</strong></span> <span class='ocrx_word' id='word_1_159' title='bbox 836 1080 914 1107; x_wconf 68' lang='lat' dir='ltr'><strong>miles</strong></span> <span class='ocrx_word' id='word_1_160' title='bbox 928 1087 976 1106; x_wconf 88' lang='lat' dir='ltr'><strong>au-</strong></span> 
     </span>
    </p>
   </div>
   <div class='ocr_carea' id='block_1_25' title="bbox 188 1124 974 1152">
    <p class='ocr_par' dir='ltr' id='par_1_25' title="bbox 188 1124 974 1152">
     <span class='ocr_line' id='line_1_25' title="bbox 188 1124 974 1152; baseline 0.001 -1"><span class='ocrx_word' id='word_1_161' title='bbox 188 1130 241 1152; x_wconf 87' lang='lat' dir='ltr'><strong>tem</strong></span> <span class='ocrx_word' id='word_1_162' title='bbox 253 1124 377 1152; x_wconf 79' lang='lat' dir='ltr'><strong>inferiori</strong></span> <span class='ocrx_word' id='word_1_163' title='bbox 390 1125 471 1152; x_wconf 89' lang='lat' dir='ltr'><strong>statui</strong></span> <span class='ocrx_word' id='word_1_164' title='bbox 484 1125 679 1152; x_wconf 82' lang='lat' dir='ltr'><strong>convenienter</strong></span> <span class='ocrx_word' id='word_1_165' title='bbox 691 1125 861 1152; x_wconf 81' lang='lat' dir='ltr'><strong>multabitur.</strong></span> <span class='ocrx_word' id='word_1_166' title='bbox 875 1125 974 1152; x_wconf 85' lang='lat' dir='ltr'><strong>Eodem</strong></span> 
     </span>
    </p>
   </div>
   <div class='ocr_carea' id='block_1_26' title="bbox 187 1171 977 1206">
    <p class='ocr_par' dir='ltr' id='par_1_26' title="bbox 187 1171 977 1206">
     <span class='ocr_line' id='line_1_26' title="bbox 187 1171 977 1206; baseline 0.001 -8"><span class='ocrx_word' id='word_1_167' title='bbox 187 1171 270 1198; x_wconf 87' lang='lat' dir='ltr'><strong>modo</strong></span> <span class='ocrx_word' id='word_1_168' title='bbox 284 1171 343 1198; x_wconf 86' lang='lat' dir='ltr'><strong>calo</strong></span> <span class='ocrx_word' id='word_1_169' title='bbox 362 1175 389 1198; x_wconf 87' lang='lat' dir='ltr'><strong>ct</strong></span> <span class='ocrx_word' id='word_1_170' title='bbox 407 1172 589 1206; x_wconf 72' lang='lat' dir='ltr'><strong>gubernator,</strong></span> <span class='ocrx_word' id='word_1_171' title='bbox 613 1175 707 1205; x_wconf 87' lang='lat' dir='ltr'><strong>atque,</strong></span> <span class='ocrx_word' id='word_1_172' title='bbox 720 1171 742 1198; x_wconf 87' lang='lat' dir='ltr'><strong>si</strong></span> <span class='ocrx_word' id='word_1_173' title='bbox 758 1171 812 1203; x_wconf 69' lang='lat' dir='ltr'><strong>vis,</strong></span> <span class='ocrx_word' id='word_1_174' title='bbox 835 1178 930 1198; x_wconf 88' lang='lat' dir='ltr'><strong>servus</strong></span> <span class='ocrx_word' id='word_1_175' title='bbox 945 1179 977 1199; x_wconf 88' lang='lat' dir='ltr'><strong>ac</strong></span> 
     </span>
    </p>
   </div>
   <div class='ocr_carea' id='block_1_27' title="bbox 187 1216 976 1252">
    <p class='ocr_par' dir='ltr' id='par_1_27' title="bbox 187 1216 976 1252">
     <span class='ocr_line' id='line_1_27' title="bbox 187 1216 976 1252; baseline 0 -9"><span class='ocrx_word' id='word_1_176' title='bbox 187 1216 326 1248; x_wconf 83' lang='lat' dir='ltr'><strong>dominus.</strong></span> <span class='ocrx_word' id='word_1_177' title='bbox 345 1216 471 1252; x_wconf 79' lang='lat' dir='ltr'><strong>quamvis</strong></span> <span class='ocrx_word' id='word_1_178' title='bbox 487 1217 512 1243; x_wconf 86' lang='lat' dir='ltr'><strong>in</strong></span> <span class='ocrx_word' id='word_1_179' title='bbox 529 1217 624 1244; x_wconf 87' lang='lat' dir='ltr'><strong>eodem</strong></span> <span class='ocrx_word' id='word_1_180' title='bbox 641 1216 797 1251; x_wconf 87' lang='lat' dir='ltr'><strong>deliquerit,</strong></span> <span class='ocrx_word' id='word_1_181' title='bbox 815 1223 869 1243; x_wconf 92' lang='lat' dir='ltr'><strong>non</strong></span> <span class='ocrx_word' id='word_1_182' title='bbox 888 1216 976 1244; x_wconf 75' lang='lat' dir='ltr'><strong>eidem</strong></span> 
     </span>
    </p>
   </div>
   <div class='ocr_carea' id='block_1_28' title="bbox 188 1261 975 1295">
    <p class='ocr_par' dir='ltr' id='par_1_28' title="bbox 188 1261 975 1295">
     <span class='ocr_line' id='line_1_28' title="bbox 188 1261 975 1295; baseline -0.001 -6"><span class='ocrx_word' id='word_1_183' title='bbox 188 1261 356 1289; x_wconf 75' lang='lat' dir='ltr'><strong>accusationi</strong></span> <span class='ocrx_word' id='word_1_184' title='bbox 370 1266 396 1288; x_wconf 89' lang='lat' dir='ltr'><strong>et</strong></span> <span class='ocrx_word' id='word_1_185' title='bbox 409 1261 630 1288; x_wconf 83' lang='lat' dir='ltr'><strong>condemnatinni</strong></span> <span class='ocrx_word' id='word_1_186' title='bbox 639 1262 750 1289; x_wconf 74' lang='lat' dir='ltr'><strong>obnoxii</strong></span> <span class='ocrx_word' id='word_1_187' title='bbox 762 1266 843 1289; x_wconf 85' lang='lat' dir='ltr'><strong>erunt</strong></span> <span class='ocrx_word' id='word_1_188' title='bbox 855 1270 862 1295; x_wconf 91' lang='lat'><strong>;</strong></span> <span class='ocrx_word' id='word_1_189' title='bbox 875 1261 922 1290; x_wconf 88' lang='lat' dir='ltr'><strong>sed</strong></span> <span class='ocrx_word' id='word_1_190' title='bbox 934 1262 975 1289; x_wconf 89' lang='lat' dir='ltr'><strong>di-</strong></span> 
     </span>
    </p>
   </div>
   <div class='ocr_carea' id='block_1_29' title="bbox 187 1307 559 1344">
    <p class='ocr_par' dir='ltr' id='par_1_29' title="bbox 187 1307 559 1344">
     <span class='ocr_line' id='line_1_29' title="bbox 187 1307 559 1344; baseline -0.003 -9"><span class='ocrx_word' id='word_1_191' title='bbox 187 1308 300 1344; x_wconf 78' lang='lat' dir='ltr'><strong>gnitatis</strong></span> <span class='ocrx_word' id='word_1_192' title='bbox 317 1307 387 1336; x_wconf 84' lang='lat' dir='ltr'><strong>ratio</strong></span> <span class='ocrx_word' id='word_1_193' title='bbox 402 1308 559 1335; x_wconf 84' lang='lat' dir='ltr'><strong>habebitur.</strong></span> 
     </span>
    </p>
   </div>
   <div class='ocr_carea' id='block_1_30' title="bbox 223 1448 978 1486">
    <p class='ocr_par' dir='ltr' id='par_1_30' title="bbox 223 1448 978 1486">
     <span class='ocr_line' id='line_1_30' title="bbox 223 1448 978 1486; baseline -0.005 -8"><span class='ocrx_word' id='word_1_194' title='bbox 223 1451 257 1478; x_wconf 65' lang='lat' dir='ltr'><strong>At</strong></span> <span class='ocrx_word' id='word_1_195' title='bbox 273 1450 504 1486; x_wconf 80' lang='lat' dir='ltr'><strong>dispensationem</strong></span> <span class='ocrx_word' id='word_1_196' title='bbox 523 1450 549 1477; x_wconf 91' lang='lat' dir='ltr'><strong>in</strong></span> <span class='ocrx_word' id='word_1_197' title='bbox 565 1449 617 1477; x_wconf 85' lang='lat' dir='ltr'><strong>hoc</strong></span> <span class='ocrx_word' id='word_1_198' title='bbox 631 1448 773 1477; x_wconf 83' lang='lat' dir='ltr'><strong>Romanus</strong></span> <span class='ocrx_word' id='word_1_199' title='bbox 789 1448 889 1484; x_wconf 68' lang='lat' dir='ltr'><strong>praesul</strong></span> <span class='ocrx_word' id='word_1_200' title='bbox 915 1455 978 1475; x_wconf 86' lang='lat' dir='ltr'><strong>san-</strong></span> 
     </span>
    </p>
   </div>
   <div class='ocr_carea' id='block_1_31' title="bbox 187 1493 976 1530">
    <p class='ocr_par' dir='ltr' id='par_1_31' title="bbox 187 1493 976 1530">
     <span class='ocr_line' id='line_1_31' title="bbox 187 1493 976 1530; baseline -0.006 -5"><span class='ocrx_word' id='word_1_201' title='bbox 187 1498 262 1530; x_wconf 82' lang='lat' dir='ltr'><strong>civit,</strong></span> <span class='ocrx_word' id='word_1_202' title='bbox 281 1505 330 1524; x_wconf 78' lang='lat' dir='ltr'><strong>nec</strong></span> <span class='ocrx_word' id='word_1_203' title='bbox 346 1497 386 1524; x_wconf 73' lang='lat' dir='ltr'><strong>ius</strong></span> <span class='ocrx_word' id='word_1_204' title='bbox 415 1500 457 1524; x_wconf 83' lang='lat' dir='ltr'><strong>est</strong></span> <span class='ocrx_word' id='word_1_205' title='bbox 475 1496 522 1523; x_wconf 79' lang='lat' dir='ltr'><strong>tali</strong></span> <span class='ocrx_word' id='word_1_206' title='bbox 547 1494 746 1530; x_wconf 80' lang='lat' dir='ltr'><strong>dispensationi</strong></span> <span class='ocrx_word' id='word_1_207' title='bbox 767 1493 910 1529; x_wconf 77' lang='lat' dir='ltr'><strong>refragari,</strong></span> <span class='ocrx_word' id='word_1_208' title='bbox 930 1494 976 1521; x_wconf 85' lang='lat' dir='ltr'><strong>sed</strong></span> 
     </span>
    </p>
   </div>
   <div class='ocr_carea' id='block_1_32' title="bbox 1024 262 1808 298">
    <p class='ocr_par' dir='ltr' id='par_1_32' title="bbox 1024 262 1808 298">
     <span class='ocr_line' id='line_1_32' title="bbox 1024 262 1808 298; baseline 0.004 -10"><span class='ocrx_word' id='word_1_209' title='bbox 1024 262 1136 294; x_wconf 72' lang='grc' dir='ltr'>ἄκοντες</span> <span class='ocrx_word' id='word_1_210' title='bbox 1153 263 1222 297; x_wconf 86' lang='grc' dir='ltr'>μετὰ</span> <span class='ocrx_word' id='word_1_211' title='bbox 1238 262 1284 289; x_wconf 88' lang='grc' dir='ltr'><strong>τοῦ</strong></span> <span class='ocrx_word' id='word_1_212' title='bbox 1301 263 1436 298; x_wconf 75' lang='grc' dir='ltr'>βελτίονος</span> <span class='ocrx_word' id='word_1_213' title='bbox 1457 264 1587 296; x_wconf 73' lang='grc' dir='ltr'>γένοιντο.</span> <span class='ocrx_word' id='word_1_214' title='bbox 1613 264 1723 298; x_wconf 75' lang='grc' dir='ltr'>’Λνάγει</span> <span class='ocrx_word' id='word_1_215' title='bbox 1740 264 1808 296; x_wconf 72' lang='grc' dir='ltr'>Θεὸς</span> 
     </span>
    </p>
   </div>
   <div class='ocr_carea' id='block_1_33' title="bbox 1024 308 1806 344">
    <p class='ocr_par' dir='ltr' id='par_1_33' title="bbox 1024 308 1806 344">
     <span class='ocr_line' id='line_1_33' title="bbox 1024 308 1806 344; baseline 0.003 -10"><span class='ocrx_word' id='word_1_216' title='bbox 1024 309 1062 338; x_wconf 85' lang='grc' dir='ltr'><strong>εἰς</strong></span> <span class='ocrx_word' id='word_1_217' title='bbox 1080 308 1177 342; x_wconf 69' lang='grc' dir='ltr'>ἀρχὴν,</span> <span class='ocrx_word' id='word_1_218' title='bbox 1194 309 1284 335; x_wconf 75' lang='grc' dir='ltr'>εῐτουν</span> <span class='ocrx_word' id='word_1_219' title='bbox 1308 308 1349 339; x_wconf 83' lang='grc' dir='ltr'><strong>εἰς</strong></span> <span class='ocrx_word' id='word_1_220' title='bbox 1373 308 1513 342; x_wconf 85' lang='grc' dir='ltr'>βασιλείαν</span> <span class='ocrx_word' id='word_1_221' title='bbox 1529 309 1546 344; x_wconf 78' lang='grc' dir='ltr'><strong>ἢ</strong></span> <span class='ocrx_word' id='word_1_222' title='bbox 1565 308 1673 343; x_wconf 78' lang='grc' dir='ltr'>ἑτέραν,</span> <span class='ocrx_word' id='word_1_223' title='bbox 1690 309 1739 344; x_wconf 81' lang='grc' dir='ltr'><strong>οὐχ</strong></span> <span class='ocrx_word' id='word_1_224' title='bbox 1761 309 1806 337; x_wconf 79' lang='grc' dir='ltr'>ἶνα</span> 
     </span>
    </p>
   </div>
   <div class='ocr_carea' id='block_1_34' title="bbox 1022 352 1806 387">
    <p class='ocr_par' dir='ltr' id='par_1_34' title="bbox 1022 352 1806 387">
     <span class='ocr_line' id='line_1_34' title="bbox 1022 352 1806 387; baseline 0 -7"><span class='ocrx_word' id='word_1_225' title='bbox 1022 353 1089 380; x_wconf 83' lang='grc' dir='ltr'>διότι</span> <span class='ocrx_word' id='word_1_226' title='bbox 1103 353 1184 380; x_wconf 80' lang='grc' dir='ltr'>πλέον</span> <span class='ocrx_word' id='word_1_227' title='bbox 1197 353 1250 380; x_wconf 81' lang='grc' dir='ltr'><strong>τῶν</strong></span> <span class='ocrx_word' id='word_1_228' title='bbox 1264 353 1354 380; x_wconf 74' lang='grc' dir='ltr'>ἄλλων</span> <span class='ocrx_word' id='word_1_229' title='bbox 1366 352 1526 385; x_wconf 77' lang='grc' dir='ltr'><strong>δεδόξασται</strong></span> <span class='ocrx_word' id='word_1_230' title='bbox 1539 353 1616 387; x_wconf 76' lang='grc' dir='ltr'>παρὰ</span> <span class='ocrx_word' id='word_1_231' title='bbox 1629 353 1709 386; x_wconf 77' lang='grc' dir='ltr'>Θεοῦ,</span> <span class='ocrx_word' id='word_1_232' title='bbox 1724 354 1806 386; x_wconf 76' lang='grc' dir='ltr'>αὐτὸς</span> 
     </span>
    </p>
   </div>
   <div class='ocr_carea' id='block_1_35' title="bbox 1023 398 1809 433">
    <p class='ocr_par' dir='ltr' id='par_1_35' title="bbox 1023 398 1809 433">
     <span class='ocr_line' id='line_1_35' title="bbox 1023 398 1809 433; baseline 0.001 -8"><span class='ocrx_word' id='word_1_233' title='bbox 1023 399 1152 433; x_wconf 75' lang='grc' dir='ltr'><strong>ἀτιμάζοι</strong></span> <span class='ocrx_word' id='word_1_234' title='bbox 1164 399 1261 425; x_wconf 79' lang='grc' dir='ltr'>ἑαυτόν</span> <span class='ocrx_word' id='word_1_235' title='bbox 1275 407 1304 425; x_wconf 80' lang='grc' dir='ltr'><strong>τι</strong></span> <span class='ocrx_word' id='word_1_236' title='bbox 1321 398 1369 426; x_wconf 79' lang='grc' dir='ltr'><strong>καὶ</strong></span> <span class='ocrx_word' id='word_1_237' title='bbox 1390 398 1435 425; x_wconf 72' lang='grc' dir='ltr'>τὸν</span> <span class='ocrx_word' id='word_1_238' title='bbox 1457 399 1620 432; x_wconf 71' lang='grc' dir='ltr'>δοξάσαντα,</span> <span class='ocrx_word' id='word_1_239' title='bbox 1631 399 1688 425; x_wconf 83' lang='grc' dir='ltr'>οὐδ’</span> <span class='ocrx_word' id='word_1_240' title='bbox 1700 399 1745 425; x_wconf 75' lang='grc' dir='ltr'><strong>ἴνα</strong></span> <span class='ocrx_word' id='word_1_241' title='bbox 1758 400 1809 433; x_wconf 70' lang='grc' dir='ltr'>τὴν</span> 
     </span>
    </p>
   </div>
   <div class='ocr_carea' id='block_1_36' title="bbox 1023 443 1807 480">
    <p class='ocr_par' dir='ltr' id='par_1_36' title="bbox 1023 443 1807 480">
     <span class='ocr_line' id='line_1_36' title="bbox 1023 443 1807 480; baseline 0 -10"><span class='ocrx_word' id='word_1_242' title='bbox 1023 444 1099 470; x_wconf 81' lang='grc' dir='ltr'>Θείαν</span> <span class='ocrx_word' id='word_1_243' title='bbox 1117 444 1208 479; x_wconf 63' lang='grc' dir='ltr'>κρίσιν</span> <span class='ocrx_word' id='word_1_244' title='bbox 1231 444 1327 480; x_wconf 78' lang='grc' dir='ltr'>ὥσπερ</span> <span class='ocrx_word' id='word_1_245' title='bbox 1351 443 1526 479; x_wconf 69' lang='grc' dir='ltr'>έσφαλμένην</span> <span class='ocrx_word' id='word_1_246' title='bbox 1550 444 1594 478; x_wconf 66' lang='grc' dir='ltr'><strong>ἐφ’</strong></span> <span class='ocrx_word' id='word_1_247' title='bbox 1618 443 1707 478; x_wconf 68' lang='grc' dir='ltr'>ἑαυτῷ</span> <span class='ocrx_word' id='word_1_248' title='bbox 1722 444 1807 480; x_wconf 74' lang='grc' dir='ltr'>δείξῃ,</span> 
     </span>
    </p>
   </div>
   <div class='ocr_carea' id='block_1_37' title="bbox 1022 489 1810 524">
    <p class='ocr_par' dir='ltr' id='par_1_37' title="bbox 1022 489 1810 524">
     <span class='ocr_line' id='line_1_37' title="bbox 1022 489 1810 524; baseline -0.001 -8"><span class='ocrx_word' id='word_1_249' title='bbox 1022 489 1080 516; x_wconf 76' lang='grc' dir='ltr'>ἀλλ’</span> <span class='ocrx_word' id='word_1_250' title='bbox 1105 489 1150 515; x_wconf 79' lang='grc' dir='ltr'>ῐνα</span> <span class='ocrx_word' id='word_1_251' title='bbox 1182 489 1217 516; x_wconf 78' lang='grc' dir='ltr'>δι’</span> <span class='ocrx_word' id='word_1_252' title='bbox 1241 489 1345 521; x_wconf 78' lang='grc' dir='ltr'>οἰκείας</span> <span class='ocrx_word' id='word_1_253' title='bbox 1373 489 1473 524; x_wconf 73' lang='grc' dir='ltr'>ἀρετῆς</span> <span class='ocrx_word' id='word_1_254' title='bbox 1496 489 1571 521; x_wconf 74' lang='grc' dir='ltr'>ἄξιος</span> <span class='ocrx_word' id='word_1_255' title='bbox 1600 489 1670 524; x_wconf 78' lang='grc' dir='ltr'>ὀφθῇ</span> <span class='ocrx_word' id='word_1_256' title='bbox 1690 489 1738 515; x_wconf 72' lang='grc' dir='ltr'>καὶ</span> <span class='ocrx_word' id='word_1_257' title='bbox 1758 489 1810 524; x_wconf 83' lang='grc' dir='ltr'>τῆς</span> 
     </span>
    </p>
   </div>
   <div class='ocr_carea' id='block_1_38' title="bbox 1023 535 1806 570">
    <p class='ocr_par' dir='ltr' id='par_1_38' title="bbox 1023 535 1806 570">
     <span class='ocr_line' id='line_1_38' title="bbox 1023 535 1806 570; baseline 0 -9"><span class='ocrx_word' id='word_1_258' title='bbox 1023 535 1117 570; x_wconf 83' lang='grc' dir='ltr'>θεῖκῆς</span> <span class='ocrx_word' id='word_1_259' title='bbox 1142 535 1270 570; x_wconf 82' lang='grc' dir='ltr'>κρίσεως,</span> <span class='ocrx_word' id='word_1_260' title='bbox 1289 535 1336 562; x_wconf 83' lang='grc' dir='ltr'>καὶ</span> <span class='ocrx_word' id='word_1_261' title='bbox 1360 535 1519 568; x_wconf 74' lang='grc' dir='ltr'><strong>δοξάζεσθαι</strong></span> <span class='ocrx_word' id='word_1_262' title='bbox 1547 535 1597 570; x_wconf 68' lang='grc' dir='ltr'>μὲν</span> <span class='ocrx_word' id='word_1_263' title='bbox 1619 535 1685 562; x_wconf 81' lang='grc' dir='ltr'>Θεὸν</span> <span class='ocrx_word' id='word_1_264' title='bbox 1715 543 1806 570; x_wconf 78' lang='grc' dir='ltr'>παρα‹</span> 
     </span>
    </p>
   </div>
   <div class='ocr_carea' id='block_1_39' title="bbox 1023 580 1814 616">
    <p class='ocr_par' dir='ltr' id='par_1_39' title="bbox 1023 580 1814 616">
     <span class='ocr_line' id='line_1_39' title="bbox 1023 580 1814 616; baseline 0 -9"><span class='ocrx_word' id='word_1_265' title='bbox 1023 580 1155 616; x_wconf 80' lang='grc' dir='ltr'><strong>σκευάσῃ,</strong></span> <span class='ocrx_word' id='word_1_266' title='bbox 1163 580 1323 616; x_wconf 72' lang='grc' dir='ltr'><strong>προσθήκην</strong></span> <span class='ocrx_word' id='word_1_267' title='bbox 1339 580 1367 606; x_wconf 83' lang='grc' dir='ltr'>δὲ</span> <span class='ocrx_word' id='word_1_268' title='bbox 1378 580 1457 615; x_wconf 75' lang='grc' dir='ltr'>δόξης</span> <span class='ocrx_word' id='word_1_269' title='bbox 1468 581 1514 607; x_wconf 82' lang='grc' dir='ltr'>καὶ</span> <span class='ocrx_word' id='word_1_270' title='bbox 1525 580 1614 614; x_wconf 67' lang='grc' dir='ltr'>ἑαυτῷ</span> <span class='ocrx_word' id='word_1_271' title='bbox 1626 582 1814 615; x_wconf 73' lang='grc' dir='ltr'>περιποιήση-</span> 
     </span>
    </p>
   </div>
   <div class='ocr_carea' id='block_1_40' title="bbox 1021 625 1810 662">
    <p class='ocr_par' dir='ltr' id='par_1_40' title="bbox 1021 625 1810 662">
     <span class='ocr_line' id='line_1_40' title="bbox 1021 625 1810 662; baseline -0.004 -7"><span class='ocrx_word' id='word_1_272' title='bbox 1021 636 1078 655; x_wconf 82' lang='grc' dir='ltr'>ται.</span> <span class='ocrx_word' id='word_1_273' title='bbox 1093 628 1124 655; x_wconf 82' lang='grc' dir='ltr'>Εἰ</span> <span class='ocrx_word' id='word_1_274' title='bbox 1139 628 1168 655; x_wconf 74' lang='grc' dir='ltr'><strong>δέ</strong></span> <span class='ocrx_word' id='word_1_275' title='bbox 1180 636 1223 659; x_wconf 82' lang='grc' dir='ltr'><strong>τις</strong></span> <span class='ocrx_word' id='word_1_276' title='bbox 1240 627 1308 654; x_wconf 82' lang='grc' dir='ltr'>διότι</span> <span class='ocrx_word' id='word_1_277' title='bbox 1325 627 1406 654; x_wconf 86' lang='grc' dir='ltr'>πλέον</span> <span class='ocrx_word' id='word_1_278' title='bbox 1421 627 1514 662; x_wconf 73' lang='grc' dir='ltr'>εἴληχε</span> <span class='ocrx_word' id='word_1_279' title='bbox 1532 627 1609 661; x_wconf 76' lang='grc' dir='ltr'>παρὰ</span> <span class='ocrx_word' id='word_1_280' title='bbox 1630 625 1698 652; x_wconf 80' lang='grc' dir='ltr'>Θεοῦ</span> <span class='ocrx_word' id='word_1_281' title='bbox 1713 626 1810 660; x_wconf 77' lang='grc' dir='ltr'>τιμῆς,</span> 
     </span>
    </p>
   </div>
   <div class='ocr_carea' id='block_1_41' title="bbox 1022 672 1810 709">
    <p class='ocr_par' dir='ltr' id='par_1_41' title="bbox 1022 672 1810 709">
     <span class='ocr_line' id='line_1_41' title="bbox 1022 672 1810 709; baseline -0.004 -9"><span class='ocrx_word' id='word_1_282' title='bbox 1022 674 1067 701; x_wconf 75' lang='grc' dir='ltr'><strong>διὰ</strong></span> <span class='ocrx_word' id='word_1_283' title='bbox 1080 674 1160 700; x_wconf 79' lang='grc' dir='ltr'>τοῦτο</span> <span class='ocrx_word' id='word_1_284' title='bbox 1177 673 1280 709; x_wconf 80' lang='grc' dir='ltr'>μᾶλλον</span> <span class='ocrx_word' id='word_1_285' title='bbox 1299 674 1385 700; x_wconf 73' lang='grc' dir='ltr'>οἴεται</span> <span class='ocrx_word' id='word_1_286' title='bbox 1397 673 1429 699; x_wconf 75' lang='grc' dir='ltr'>τδ</span> <span class='ocrx_word' id='word_1_287' title='bbox 1455 673 1556 706; x_wconf 69' lang='grc' dir='ltr'>ἐξεῖναι</span> <span class='ocrx_word' id='word_1_288' title='bbox 1573 672 1648 707; x_wconf 78' lang='grc' dir='ltr'>αὑτῷ</span> <span class='ocrx_word' id='word_1_289' title='bbox 1663 672 1712 706; x_wconf 81' lang='grc' dir='ltr'>τῆς</span> <span class='ocrx_word' id='word_1_290' title='bbox 1726 672 1810 706; x_wconf 82' lang='grc' dir='ltr'>τιμῆς</span> 
     </span>
    </p>
   </div>
   <div class='ocr_carea' id='block_1_42' title="bbox 1022 718 1810 755">
    <p class='ocr_par' dir='ltr' id='par_1_42' title="bbox 1022 718 1810 755">
     <span class='ocr_line' id='line_1_42' title="bbox 1022 718 1810 755; baseline -0.004 -8"><span class='ocrx_word' id='word_1_291' title='bbox 1022 721 1076 747; x_wconf 85' lang='grc' dir='ltr'><strong>τῶν</strong></span> <span class='ocrx_word' id='word_1_292' title='bbox 1095 719 1177 747; x_wconf 82' lang='grc' dir='ltr'>θείων</span> <span class='ocrx_word' id='word_1_293' title='bbox 1189 720 1280 755; x_wconf 91' lang='grc' dir='ltr'>νόμων</span> <span class='ocrx_word' id='word_1_294' title='bbox 1294 720 1489 753; x_wconf 76' lang='grc' dir='ltr'>καταφρονεῖν,</span> <span class='ocrx_word' id='word_1_295' title='bbox 1505 718 1618 753; x_wconf 77' lang='grc' dir='ltr'><strong>λέληθεν</strong></span> <span class='ocrx_word' id='word_1_296' title='bbox 1640 718 1736 745; x_wconf 77' lang='grc' dir='ltr'>ἑαυτὸν</span> <span class='ocrx_word' id='word_1_297' title='bbox 1755 726 1810 744; x_wconf 81' lang='grc' dir='ltr'>πα-</span> 
     </span>
    </p>
   </div>
   <div class='ocr_carea' id='block_1_43' title="bbox 1024 763 1811 801">
    <p class='ocr_par' dir='ltr' id='par_1_43' title="bbox 1024 763 1811 801">
     <span class='ocr_line' id='line_1_43' title="bbox 1024 763 1811 801; baseline -0.003 -9"><span class='ocrx_word' id='word_1_298' title='bbox 1024 766 1114 801; x_wconf 77' lang='grc' dir='ltr'>ραπλή</span> <span class='ocrx_word' id='word_1_299' title='bbox 1120 774 1174 797; x_wconf 69' lang='lat' dir='ltr'><strong>ato;</strong></span> <span class='ocrx_word' id='word_1_300' title='bbox 1182 765 1221 792; x_wconf 83' lang='grc' dir='ltr'>ὢν</span> <span class='ocrx_word' id='word_1_301' title='bbox 1229 765 1286 796; x_wconf 73' lang='grc' dir='ltr'>τοῖς</span> <span class='ocrx_word' id='word_1_302' title='bbox 1293 765 1337 792; x_wconf 72' lang='grc' dir='ltr'>διὰ</span> <span class='ocrx_word' id='word_1_303' title='bbox 1348 764 1429 799; x_wconf 87' lang='grc' dir='ltr'>κόρον</span> <span class='ocrx_word' id='word_1_304' title='bbox 1437 763 1579 799; x_wconf 68' lang='grc' dir='ltr'>ὑϐρίζουσι</span> <span class='ocrx_word' id='word_1_305' title='bbox 1587 765 1707 800; x_wconf 79' lang='grc' dir='ltr'>κτήνεσι.</span> <span class='ocrx_word' id='word_1_306' title='bbox 1718 764 1811 791; x_wconf 64' lang='grc' dir='ltr'>Κακίαν</span> 
     </span>
    </p>
   </div>
   <div class='ocr_carea' id='block_1_44' title="bbox 1023 809 1810 846">
    <p class='ocr_par' dir='ltr' id='par_1_44' title="bbox 1023 809 1810 846">
     <span class='ocr_line' id='line_1_44' title="bbox 1023 809 1810 846; baseline -0.003 -8"><span class='ocrx_word' id='word_1_307' title='bbox 1023 811 1068 838; x_wconf 74' lang='grc' dir='ltr'>οὖν</span> <span class='ocrx_word' id='word_1_308' title='bbox 1082 811 1170 846; x_wconf 82' lang='grc' dir='ltr'>δόγμα</span> <span class='ocrx_word' id='word_1_309' title='bbox 1186 811 1233 838; x_wconf 81' lang='grc' dir='ltr'>καὶ</span> <span class='ocrx_word' id='word_1_310' title='bbox 1252 811 1394 845; x_wconf 86' lang='grc' dir='ltr'>πάγκακον</span> <span class='ocrx_word' id='word_1_311' title='bbox 1417 810 1448 836; x_wconf 67' lang='grc' dir='ltr'><strong>τὸ</strong></span> <span class='ocrx_word' id='word_1_312' title='bbox 1465 809 1566 844; x_wconf 76' lang='grc' dir='ltr'>λέγειν,</span> <span class='ocrx_word' id='word_1_313' title='bbox 1580 809 1649 837; x_wconf 83' lang='grc' dir='ltr'>διότι</span> <span class='ocrx_word' id='word_1_314' title='bbox 1670 810 1810 845; x_wconf 72' lang='grc' dir='ltr'>βασιλεὺς,</span> 
     </span>
    </p>
   </div>
   <div class='ocr_carea' id='block_1_45' title="bbox 1024 856 1811 892">
    <p class='ocr_par' dir='ltr' id='par_1_45' title="bbox 1024 856 1811 892">
     <span class='ocr_line' id='line_1_45' title="bbox 1024 856 1811 892; baseline -0.001 -9"><span class='ocrx_word' id='word_1_315' title='bbox 1024 856 1234 892; x_wconf 57' lang='grc' dir='ltr'>συγκεχώρηται</span> <span class='ocrx_word' id='word_1_316' title='bbox 1255 856 1433 892; x_wconf 74' lang='grc' dir='ltr'>ἁμαρτάνειν,</span> <span class='ocrx_word' id='word_1_317' title='bbox 1448 856 1462 883; x_wconf 80' lang='grc' dir='ltr'><strong>δ</strong></span> <span class='ocrx_word' id='word_1_318' title='bbox 1476 856 1514 892; x_wconf 78' lang='grc' dir='ltr'>μὴ</span> <span class='ocrx_word' id='word_1_319' title='bbox 1535 857 1594 888; x_wconf 75' lang='grc' dir='ltr'>τοῖς</span> <span class='ocrx_word' id='word_1_320' title='bbox 1608 856 1660 882; x_wconf 70' lang='grc' dir='ltr'>ὑπὸ</span> <span class='ocrx_word' id='word_1_321' title='bbox 1674 857 1753 892; x_wconf 75' lang='grc' dir='ltr'>χεῖρά</span> <span class='ocrx_word' id='word_1_322' title='bbox 1767 865 1811 887; x_wconf 79' lang='grc' dir='ltr'><strong>τις</strong></span> 
     </span>
    </p>
   </div>
   <div class='ocr_carea' id='block_1_46' title="bbox 1025 901 1812 937">
    <p class='ocr_par' dir='ltr' id='par_1_46' title="bbox 1025 901 1812 937">
     <span class='ocr_line' id='line_1_46' title="bbox 1025 901 1812 937; baseline 0 -9"><span class='ocrx_word' id='word_1_323' title='bbox 1025 903 1224 937; x_wconf 81' lang='grc' dir='ltr'>συγχωρήσειε.</span> <span class='ocrx_word' id='word_1_324' title='bbox 1248 902 1361 928; x_wconf 76' lang='grc' dir='ltr'>Δυνατοὶ</span> <span class='ocrx_word' id='word_1_325' title='bbox 1387 901 1508 933; x_wconf 78' lang='grc' dir='ltr'>δυνατῶς</span> <span class='ocrx_word' id='word_1_326' title='bbox 1535 901 1745 937; x_wconf 77' lang='grc' dir='ltr'>ἑτασθήσονται,</span> <span class='ocrx_word' id='word_1_327' title='bbox 1765 902 1812 928; x_wconf 77' lang='grc' dir='ltr'>λέ·</span> 
     </span>
    </p>
   </div>
   <div class='ocr_carea' id='block_1_47' title="bbox 1025 947 1810 983">
    <p class='ocr_par' dir='ltr' id='par_1_47' title="bbox 1025 947 1810 983">
     <span class='ocr_line' id='line_1_47' title="bbox 1025 947 1810 983; baseline 0 -8"><span class='ocrx_word' id='word_1_328' title='bbox 1025 957 1070 983; x_wconf 71' lang='grc' dir='ltr'><strong>γει</strong></span> <span class='ocrx_word' id='word_1_329' title='bbox 1096 957 1147 974; x_wconf 83' lang='grc' dir='ltr'><strong>που</strong></span> <span class='ocrx_word' id='word_1_330' title='bbox 1170 948 1224 974; x_wconf 86' lang='grc' dir='ltr'><strong>τῶν</strong></span> <span class='ocrx_word' id='word_1_331' title='bbox 1243 947 1391 983; x_wconf 84' lang='grc' dir='ltr'>σωφρόνων</span> <span class='ocrx_word' id='word_1_332' title='bbox 1405 949 1419 974; x_wconf 88' lang='grc' dir='ltr'><strong>ό</strong></span> <span class='ocrx_word' id='word_1_333' title='bbox 1433 947 1512 981; x_wconf 84' lang='grc' dir='ltr'>λόγος</span> <span class='ocrx_word' id='word_1_334' title='bbox 1524 955 1532 963; x_wconf 89' lang='grc'><strong>·</strong></span> <span class='ocrx_word' id='word_1_335' title='bbox 1550 948 1575 975; x_wconf 89' lang='grc' dir='ltr'><strong>εἰ</strong></span> <span class='ocrx_word' id='word_1_336' title='bbox 1591 947 1620 974; x_wconf 63' lang='grc' dir='ltr'>δὲ</span> <span class='ocrx_word' id='word_1_337' title='bbox 1643 948 1734 980; x_wconf 85' lang='grc' dir='ltr'>τοῦτο,</span> <span class='ocrx_word' id='word_1_338' title='bbox 1756 948 1810 975; x_wconf 81' lang='grc' dir='ltr'><strong>ποῦ</strong></span> 
     </span>
    </p>
   </div>
   <div class='ocr_carea' id='block_1_48' title="bbox 1024 993 1810 1030">
    <p class='ocr_par' dir='ltr' id='par_1_48' title="bbox 1024 993 1810 1030">
     <span class='ocr_line' id='line_1_48' title="bbox 1024 993 1810 1030; baseline 0 -10"><span class='ocrx_word' id='word_1_339' title='bbox 1024 994 1117 1030; x_wconf 82' lang='grc' dir='ltr'>χώραν</span> <span class='ocrx_word' id='word_1_340' title='bbox 1142 994 1198 1027; x_wconf 76' lang='grc' dir='ltr'>ἔξει</span> <span class='ocrx_word' id='word_1_341' title='bbox 1227 994 1257 1020; x_wconf 71' lang='grc' dir='ltr'><strong>τὸ</strong></span> <span class='ocrx_word' id='word_1_342' title='bbox 1284 993 1418 1029; x_wconf 78' lang='grc' dir='ltr'>ὑμέτερον</span> <span class='ocrx_word' id='word_1_343' title='bbox 1445 993 1631 1027; x_wconf 83' lang='grc' dir='ltr'>συγχώρημα;</span> <span class='ocrx_word' id='word_1_344' title='bbox 1663 994 1734 1028; x_wconf 85' lang='grc' dir='ltr'><strong>Ἐγὼ</strong></span> <span class='ocrx_word' id='word_1_345' title='bbox 1762 994 1810 1021; x_wconf 73' lang='grc' dir='ltr'>καὶ</span> 
     </span>
    </p>
   </div>
   <div class='ocr_carea' id='block_1_49' title="bbox 1026 1038 1812 1076">
    <p class='ocr_par' dir='ltr' id='par_1_49' title="bbox 1026 1038 1812 1076">
     <span class='ocr_line' id='line_1_49' title="bbox 1026 1038 1812 1076; baseline -0.001 -9"><span class='ocrx_word' id='word_1_346' title='bbox 1026 1039 1184 1076; x_wconf 82' lang='grc' dir='ltr'><strong>στρατιώτῃ</strong></span> <span class='ocrx_word' id='word_1_347' title='bbox 1208 1040 1256 1066; x_wconf 70' lang='grc' dir='ltr'>καὶ</span> <span class='ocrx_word' id='word_1_348' title='bbox 1281 1038 1428 1074; x_wconf 82' lang='grc' dir='ltr'>στρατηγῷ</span> <span class='ocrx_word' id='word_1_349' title='bbox 1443 1039 1475 1065; x_wconf 86' lang='grc' dir='ltr'><strong>τδ</strong></span> <span class='ocrx_word' id='word_1_350' title='bbox 1497 1040 1565 1066; x_wconf 83' lang='grc' dir='ltr'>αὖτδ</span> <span class='ocrx_word' id='word_1_351' title='bbox 1584 1039 1745 1072; x_wconf 86' lang='grc' dir='ltr'>πταίσασιν,</span> <span class='ocrx_word' id='word_1_352' title='bbox 1760 1041 1812 1066; x_wconf 85' lang='grc' dir='ltr'>οὐκ</span> 
     </span>
    </p>
   </div>
   <div class='ocr_carea' id='block_1_50' title="bbox 1025 1084 1814 1121">
    <p class='ocr_par' dir='ltr' id='par_1_50' title="bbox 1025 1084 1814 1121">
     <span class='ocr_line' id='line_1_50' title="bbox 1025 1084 1814 1121; baseline 0 -9"><span class='ocrx_word' id='word_1_353' title='bbox 1025 1084 1083 1112; x_wconf 73' lang='grc' dir='ltr'>οἴδα</span> <span class='ocrx_word' id='word_1_354' title='bbox 1097 1085 1146 1120; x_wconf 83' lang='grc' dir='ltr'>τὴν</span> <span class='ocrx_word' id='word_1_355' title='bbox 1163 1086 1224 1119; x_wconf 74' lang='grc' dir='ltr'>ῐσην</span> <span class='ocrx_word' id='word_1_356' title='bbox 1238 1085 1414 1119; x_wconf 77' lang='grc' dir='ltr'>ἐπαγομένην</span> <span class='ocrx_word' id='word_1_357' title='bbox 1435 1084 1542 1120; x_wconf 79' lang='grc' dir='ltr'>ποινὴν,</span> <span class='ocrx_word' id='word_1_358' title='bbox 1560 1084 1618 1111; x_wconf 76' lang='grc' dir='ltr'>ἀλλ’</span> <span class='ocrx_word' id='word_1_359' title='bbox 1630 1086 1645 1112; x_wconf 84' lang='grc' dir='ltr'><strong>ό</strong></span> <span class='ocrx_word' id='word_1_360' title='bbox 1662 1085 1710 1120; x_wconf 75' lang='grc' dir='ltr'>μὲν</span> <span class='ocrx_word' id='word_1_361' title='bbox 1727 1092 1814 1121; x_wconf 85' lang='grc' dir='ltr'>στρα-</span> 
     </span>
    </p>
   </div>
   <div class='ocr_carea' id='block_1_51' title="bbox 1025 1129 1814 1166">
    <p class='ocr_par' dir='ltr' id='par_1_51' title="bbox 1025 1129 1814 1166">
     <span class='ocr_line' id='line_1_51' title="bbox 1025 1129 1814 1166; baseline -0.004 -8"><span class='ocrx_word' id='word_1_362' title='bbox 1025 1132 1110 1166; x_wconf 70' lang='grc' dir='ltr'>τηγδς</span> <span class='ocrx_word' id='word_1_363' title='bbox 1130 1130 1320 1164; x_wconf 72' lang='grc' dir='ltr'>ἀναλογοῦσαν</span> <span class='ocrx_word' id='word_1_364' title='bbox 1335 1130 1391 1162; x_wconf 74' lang='grc' dir='ltr'>ἕξει</span> <span class='ocrx_word' id='word_1_365' title='bbox 1415 1129 1454 1164; x_wconf 80' lang='grc' dir='ltr'>τῷ</span> <span class='ocrx_word' id='word_1_366' title='bbox 1475 1130 1586 1165; x_wconf 77' lang='grc' dir='ltr'>μεγέθει</span> <span class='ocrx_word' id='word_1_367' title='bbox 1601 1131 1650 1164; x_wconf 82' lang='grc' dir='ltr'><strong>τῆς</strong></span> <span class='ocrx_word' id='word_1_368' title='bbox 1661 1131 1744 1166; x_wconf 80' lang='grc' dir='ltr'>τιμῆς</span> <span class='ocrx_word' id='word_1_369' title='bbox 1763 1131 1814 1165; x_wconf 76' lang='grc' dir='ltr'><strong>τὴν</strong></span> 
     </span>
    </p>
   </div>
   <div class='ocr_carea' id='block_1_52' title="bbox 1026 1175 1812 1212">
    <p class='ocr_par' dir='ltr' id='par_1_52' title="bbox 1026 1175 1812 1212">
     <span class='ocr_line' id='line_1_52' title="bbox 1026 1175 1812 1212; baseline -0.003 -9"><span class='ocrx_word' id='word_1_370' title='bbox 1026 1177 1198 1212; x_wconf 83' lang='grc' dir='ltr'>τιμωρίαν,6</span> <span class='ocrx_word' id='word_1_371' title='bbox 1227 1176 1256 1202; x_wconf 80' lang='grc' dir='ltr'>δὲ</span> <span class='ocrx_word' id='word_1_372' title='bbox 1282 1175 1454 1210; x_wconf 73' lang='grc' dir='ltr'>στρατιώτης</span> <span class='ocrx_word' id='word_1_373' title='bbox 1477 1177 1549 1202; x_wconf 75' lang='grc' dir='ltr'>κατὰ</span> <span class='ocrx_word' id='word_1_374' title='bbox 1577 1175 1607 1202; x_wconf 74' lang='grc' dir='ltr'>τὸ</span> <span class='ocrx_word' id='word_1_375' title='bbox 1637 1176 1735 1211; x_wconf 85' lang='grc' dir='ltr'>μέτρον</span> <span class='ocrx_word' id='word_1_376' title='bbox 1763 1175 1812 1210; x_wconf 78' lang='grc' dir='ltr'>τῆς</span> 
     </span>
    </p>
   </div>
   <div class='ocr_carea' id='block_1_53' title="bbox 1027 1220 1815 1256">
    <p class='ocr_par' dir='ltr' id='par_1_53' title="bbox 1027 1220 1815 1256">
     <span class='ocr_line' id='line_1_53' title="bbox 1027 1220 1815 1256; baseline -0.004 -7"><span class='ocrx_word' id='word_1_377' title='bbox 1027 1222 1142 1252; x_wconf 80' lang='grc' dir='ltr'>τάξεως.</span> <span class='ocrx_word' id='word_1_378' title='bbox 1164 1221 1246 1248; x_wconf 76' lang='grc' dir='ltr'>Ἀλλὰ</span> <span class='ocrx_word' id='word_1_379' title='bbox 1271 1221 1319 1247; x_wconf 74' lang='grc' dir='ltr'>καὶ</span> <span class='ocrx_word' id='word_1_380' title='bbox 1334 1221 1420 1255; x_wconf 79' lang='grc' dir='ltr'>ναύτῃ</span> <span class='ocrx_word' id='word_1_381' title='bbox 1436 1221 1483 1246; x_wconf 76' lang='grc' dir='ltr'>καὶ</span> <span class='ocrx_word' id='word_1_382' title='bbox 1497 1220 1665 1256; x_wconf 71' lang='grc' dir='ltr'>κυϐερνήτῃ.</span> <span class='ocrx_word' id='word_1_383' title='bbox 1681 1221 1706 1246; x_wconf 81' lang='grc' dir='ltr'><strong>εἰ</strong></span> <span class='ocrx_word' id='word_1_384' title='bbox 1722 1221 1815 1255; x_wconf 80' lang='grc' dir='ltr'>βούλει</span> 
     </span>
    </p>
   </div>
   <div class='ocr_carea' id='block_1_54' title="bbox 1026 1264 1812 1302">
    <p class='ocr_par' dir='ltr' id='par_1_54' title="bbox 1026 1264 1812 1302">
     <span class='ocr_line' id='line_1_54' title="bbox 1026 1264 1812 1302; baseline -0.005 -8"><span class='ocrx_word' id='word_1_385' title='bbox 1026 1267 1055 1295; x_wconf 70' lang='grc' dir='ltr'>δὲ</span> <span class='ocrx_word' id='word_1_386' title='bbox 1080 1267 1128 1293; x_wconf 80' lang='grc' dir='ltr'>καὶ</span> <span class='ocrx_word' id='word_1_387' title='bbox 1151 1267 1270 1302; x_wconf 82' lang='grc' dir='ltr'>δεσπότῃ</span> <span class='ocrx_word' id='word_1_388' title='bbox 1306 1266 1354 1292; x_wconf 75' lang='grc' dir='ltr'>καὶ</span> <span class='ocrx_word' id='word_1_389' title='bbox 1377 1265 1471 1301; x_wconf 81' lang='grc' dir='ltr'>οἰκέτῃ</span> <span class='ocrx_word' id='word_1_390' title='bbox 1501 1265 1540 1300; x_wconf 88' lang='grc' dir='ltr'>τῷ</span> <span class='ocrx_word' id='word_1_391' title='bbox 1571 1264 1645 1299; x_wconf 81' lang='grc' dir='ltr'>αὐτῷ</span> <span class='ocrx_word' id='word_1_392' title='bbox 1671 1266 1812 1299; x_wconf 75' lang='grc' dir='ltr'>σφάλματι</span> 
     </span>
    </p>
   </div>
   <div class='ocr_carea' id='block_1_55' title="bbox 1029 1310 1815 1348">
    <p class='ocr_par' dir='ltr' id='par_1_55' title="bbox 1029 1310 1815 1348">
     <span class='ocr_line' id='line_1_55' title="bbox 1029 1310 1815 1348; baseline -0.006 -8"><span class='ocrx_word' id='word_1_393' title='bbox 1029 1313 1272 1348; x_wconf 82' lang='grc' dir='ltr'>περιπεπτωκόσιν</span> <span class='ocrx_word' id='word_1_394' title='bbox 1296 1311 1345 1346; x_wconf 83' lang='grc' dir='ltr'><strong>οὐχ</strong></span> <span class='ocrx_word' id='word_1_395' title='bbox 1359 1313 1376 1346; x_wconf 81' lang='grc' dir='ltr'>ἡ</span> <span class='ocrx_word' id='word_1_396' title='bbox 1396 1311 1466 1345; x_wconf 74' lang='grc' dir='ltr'>αὑτὴ</span> <span class='ocrx_word' id='word_1_397' title='bbox 1486 1311 1641 1344; x_wconf 82' lang='grc' dir='ltr'>ἀπαντήσει</span> <span class='ocrx_word' id='word_1_398' title='bbox 1661 1310 1815 1345; x_wconf 70' lang='grc' dir='ltr'>κατηγορία</span> 
     </span>
    </p>
   </div>
   <div class='ocr_carea' id='block_1_56' title="bbox 1028 1355 1818 1394">
    <p class='ocr_par' dir='ltr' id='par_1_56' title="bbox 1028 1355 1818 1394">
     <span class='ocr_line' id='line_1_56' title="bbox 1028 1355 1818 1394; baseline -0.006 -7"><span class='ocrx_word' id='word_1_399' title='bbox 1028 1360 1089 1387; x_wconf 71' lang='grc' dir='ltr'>οὐδὲ</span> <span class='ocrx_word' id='word_1_400' title='bbox 1108 1359 1283 1394; x_wconf 83' lang='grc' dir='ltr'>κατάκρισις,</span> <span class='ocrx_word' id='word_1_401' title='bbox 1299 1357 1368 1385; x_wconf 77' lang='grc' dir='ltr'>ἀλλὰ</span> <span class='ocrx_word' id='word_1_402' title='bbox 1384 1359 1418 1393; x_wconf 78' lang='grc' dir='ltr'>τῇ</span> <span class='ocrx_word' id='word_1_403' title='bbox 1445 1357 1565 1391; x_wconf 72' lang='grc' dir='ltr'>διαφορᾷ</span> <span class='ocrx_word' id='word_1_404' title='bbox 1583 1357 1638 1383; x_wconf 88' lang='grc' dir='ltr'><strong>τῶν</strong></span> <span class='ocrx_word' id='word_1_405' title='bbox 1659 1355 1818 1390; x_wconf 77' lang='grc' dir='ltr'>προσώπων</span> 
     </span>
    </p>
   </div>
   <div class='ocr_carea' id='block_1_57' title="bbox 1029 1404 1265 1440">
    <p class='ocr_par' dir='ltr' id='par_1_57' title="bbox 1029 1404 1265 1440">
     <span class='ocr_line' id='line_1_57' title="bbox 1029 1404 1265 1440; baseline -0.004 -9"><span class='ocrx_word' id='word_1_406' title='bbox 1029 1404 1265 1440; x_wconf 69' lang='grc' dir='ltr'>συνδεατιθεμένη.</span> 
     </span>
    </p>
   </div>
   <div class='ocr_carea' id='block_1_58' title="bbox 1071 1447 1814 1484">
    <p class='ocr_par' dir='ltr' id='par_1_58' title="bbox 1071 1447 1814 1484">
     <span class='ocr_line' id='line_1_58' title="bbox 1071 1447 1814 1484; baseline -0.004 -7"><span class='ocrx_word' id='word_1_407' title='bbox 1071 1450 1141 1477; x_wconf 84' lang='grc' dir='ltr'>Ἀλλ’</span> <span class='ocrx_word' id='word_1_408' title='bbox 1155 1449 1314 1484; x_wconf 79' lang='grc' dir='ltr'>οἰκονομίαν</span> <span class='ocrx_word' id='word_1_409' title='bbox 1339 1449 1384 1475; x_wconf 79' lang='grc' dir='ltr'><strong>ἐπ’</strong></span> <span class='ocrx_word' id='word_1_410' title='bbox 1405 1447 1517 1483; x_wconf 56' lang='lat' dir='ltr'><strong>uocor;</strong></span> <span class='ocrx_word' id='word_1_411' title='bbox 1542 1447 1687 1482; x_wconf 79' lang='grc' dir='ltr'>Ῥωμαϊκὴ</span> <span class='ocrx_word' id='word_1_412' title='bbox 1703 1447 1814 1479; x_wconf 67' lang='grc' dir='ltr'>ἰξουσία</span> 
     </span>
    </p>
   </div>
   <div class='ocr_carea' id='block_1_59' title="bbox 1029 1493 1815 1532">
    <p class='ocr_par' dir='ltr' id='par_1_59' title="bbox 1029 1493 1815 1532">
     <span class='ocr_line' id='line_1_59' title="bbox 1029 1493 1815 1532; baseline -0.006 -8"><span class='ocrx_word' id='word_1_413' title='bbox 1029 1497 1188 1532; x_wconf 81' lang='grc' dir='ltr'>πεποίηται,</span> <span class='ocrx_word' id='word_1_414' title='bbox 1207 1497 1255 1523; x_wconf 74' lang='grc' dir='ltr'>καὶ</span> <span class='ocrx_word' id='word_1_415' title='bbox 1269 1495 1310 1522; x_wconf 76' lang='grc' dir='ltr'><strong>δεῖ</strong></span> <span class='ocrx_word' id='word_1_416' title='bbox 1336 1495 1404 1530; x_wconf 77' lang='grc' dir='ltr'>πρὸς</span> <span class='ocrx_word' id='word_1_417' title='bbox 1429 1495 1461 1521; x_wconf 81' lang='grc' dir='ltr'><strong>τὸ</strong></span> <span class='ocrx_word' id='word_1_418' title='bbox 1485 1494 1664 1529; x_wconf 75' lang='grc' dir='ltr'>οἰκονομηοὶν</span> <span class='ocrx_word' id='word_1_419' title='bbox 1681 1494 1720 1528; x_wconf 79' lang='grc' dir='ltr'>μὴ</span> <span class='ocrx_word' id='word_1_420' title='bbox 1743 1493 1815 1520; x_wconf 75' lang='grc' dir='ltr'>ἀντι-</span> 
     </span>
    </p>
   </div>
   <div class='ocr_carea' id='block_1_60' title="bbox 187 1539 978 1580">
    <p class='ocr_par' dir='ltr' id='par_1_60' title="bbox 187 1539 976 1575">
     <span class='ocr_line' id='line_1_60' title="bbox 187 1539 976 1575; baseline -0.008 -3"><span class='ocrx_word' id='word_1_421' title='bbox 187 1543 293 1572; x_wconf 88' lang='lat' dir='ltr'><strong>sancita</strong></span> <span class='ocrx_word' id='word_1_422' title='bbox 313 1542 442 1570; x_wconf 86' lang='lat' dir='ltr'><strong>revereri.</strong></span> <span class='ocrx_word' id='word_1_423' title='bbox 466 1541 537 1575; x_wconf 85' lang='lat' dir='ltr'><strong>Quid</strong></span> <span class='ocrx_word' id='word_1_424' title='bbox 561 1541 651 1568; x_wconf 89' lang='lat' dir='ltr'><strong>dicis?</strong></span> <span class='ocrx_word' id='word_1_425' title='bbox 668 1540 737 1567; x_wconf 84' lang='lat' dir='ltr'><strong>Num</strong></span> <span class='ocrx_word' id='word_1_426' title='bbox 754 1540 817 1568; x_wconf 84' lang='lat' dir='ltr'><strong>licet</strong></span> <span class='ocrx_word' id='word_1_427' title='bbox 844 1539 976 1567; x_wconf 83' lang='lat' dir='ltr'><strong>Romanis</strong></span> 
     </span>
    </p>
   </div>
   <div class='ocr_carea' id='block_1_61' title="bbox 1029 1539 1818 1580">
    <p class='ocr_par' dir='ltr' id='par_1_61' title="bbox 1029 1539 1818 1578">
     <span class='ocr_line' id='line_1_61' title="bbox 1029 1539 1818 1578; baseline -0.008 -7"><span class='ocrx_word' id='word_1_428' title='bbox 1029 1544 1128 1578; x_wconf 82' lang='grc' dir='ltr'>λέγειν,</span> <span class='ocrx_word' id='word_1_429' title='bbox 1146 1543 1215 1570; x_wconf 81' lang='grc' dir='ltr'>ἀλλὰ</span> <span class='ocrx_word' id='word_1_430' title='bbox 1228 1542 1262 1570; x_wconf 80' lang='grc' dir='ltr'>τὰ</span> <span class='ocrx_word' id='word_1_431' title='bbox 1280 1543 1345 1577; x_wconf 80' lang='grc' dir='ltr'>ἡμῖν</span> <span class='ocrx_word' id='word_1_432' title='bbox 1359 1540 1509 1576; x_wconf 83' lang='grc' dir='ltr'>δεδογμένα</span> <span class='ocrx_word' id='word_1_433' title='bbox 1533 1541 1629 1575; x_wconf 81' lang='grc' dir='ltr'>τιμᾷν.</span> <span class='ocrx_word' id='word_1_434' title='bbox 1654 1540 1687 1566; x_wconf 89' lang='grc' dir='ltr'>Τί</span> <span class='ocrx_word' id='word_1_435' title='bbox 1707 1539 1818 1573; x_wconf 55' lang='grc' dir='ltr'>λέγεις,</span> 
     </span>
    </p>
   </div>
   <div class='ocr_carea' id='block_1_62' title="bbox 187 1586 976 1623">
    <p class='ocr_par' dir='ltr' id='par_1_62' title="bbox 187 1586 976 1623">
     <span class='ocr_line' id='line_1_62' title="bbox 187 1586 976 1623; baseline -0.006 -6"><span class='ocrx_word' id='word_1_436' title='bbox 187 1590 307 1620; x_wconf 81' lang='lat' dir='ltr'><strong>sancire.</strong></span> <span class='ocrx_word' id='word_1_437' title='bbox 323 1594 353 1616; x_wconf 90' lang='lat' dir='ltr'><strong>ut</strong></span> <span class='ocrx_word' id='word_1_438' title='bbox 365 1589 412 1623; x_wconf 88' lang='lat' dir='ltr'><strong>qui</strong></span> <span class='ocrx_word' id='word_1_439' title='bbox 433 1589 508 1623; x_wconf 88' lang='lat' dir='ltr'><strong>leges</strong></span> <span class='ocrx_word' id='word_1_440' title='bbox 522 1587 656 1622; x_wconf 76' lang='lat' dir='ltr'><strong>infringit,</strong></span> <span class='ocrx_word' id='word_1_441' title='bbox 675 1595 782 1621; x_wconf 76' lang='lat' dir='ltr'><strong>ptenam</strong></span> <span class='ocrx_word' id='word_1_442' title='bbox 795 1587 866 1613; x_wconf 81' lang='lat' dir='ltr'><strong>haud</strong></span> <span class='ocrx_word' id='word_1_443' title='bbox 888 1586 976 1613; x_wconf 80' lang='lat' dir='ltr'><strong>solvat</strong></span> 
     </span>
    </p>
   </div>
   <div class='ocr_carea' id='block_1_63' title="bbox 187 1631 978 1669">
    <p class='ocr_par' dir='ltr' id='par_1_63' title="bbox 187 1631 978 1669">
     <span class='ocr_line' id='line_1_63' title="bbox 187 1631 978 1669; baseline -0.006 -6"><span class='ocrx_word' id='word_1_444' title='bbox 187 1641 235 1663; x_wconf 83' lang='lat' dir='ltr'><strong>aut</strong></span> <span class='ocrx_word' id='word_1_445' title='bbox 253 1635 369 1669; x_wconf 84' lang='lat' dir='ltr'><strong>impuris</strong></span> <span class='ocrx_word' id='word_1_446' title='bbox 385 1634 514 1660; x_wconf 88' lang='lat' dir='ltr'><strong>manibus</strong></span> <span class='ocrx_word' id='word_1_447' title='bbox 523 1641 599 1660; x_wconf 81' lang='lat' dir='ltr'><strong>sacra</strong></span> <span class='ocrx_word' id='word_1_448' title='bbox 615 1632 783 1660; x_wconf 86' lang='lat' dir='ltr'><strong>eontrectet?</strong></span> <span class='ocrx_word' id='word_1_449' title='bbox 800 1631 910 1659; x_wconf 87' lang='lat' dir='ltr'><strong>Licetne</strong></span> <span class='ocrx_word' id='word_1_450' title='bbox 925 1631 978 1658; x_wconf 84' lang='lat' dir='ltr'><strong>Ro-</strong></span> 
     </span>
    </p>
   </div>
   <div class='ocr_carea' id='block_1_64' title="bbox 187 1676 979 1712">
    <p class='ocr_par' dir='ltr' id='par_1_64' title="bbox 187 1676 979 1712">
     <span class='ocr_line' id='line_1_64' title="bbox 187 1676 979 1712; baseline -0.006 -5"><span class='ocrx_word' id='word_1_451' title='bbox 187 1680 279 1707; x_wconf 81' lang='lat' dir='ltr'><strong>manis</strong></span> <span class='ocrx_word' id='word_1_452' title='bbox 293 1686 342 1706; x_wconf 87' lang='lat' dir='ltr'><strong>eos</strong></span> <span class='ocrx_word' id='word_1_453' title='bbox 352 1678 399 1712; x_wconf 90' lang='lat' dir='ltr'><strong>qui</strong></span> <span class='ocrx_word' id='word_1_454' title='bbox 413 1678 448 1704; x_wconf 90' lang='lat' dir='ltr'><strong>ob</strong></span> <span class='ocrx_word' id='word_1_455' title='bbox 458 1678 595 1712; x_wconf 86' lang='lat' dir='ltr'><strong>piaculum</strong></span> <span class='ocrx_word' id='word_1_456' title='bbox 606 1685 621 1705; x_wconf 89' lang='lat' dir='ltr'><strong>e</strong></span> <span class='ocrx_word' id='word_1_457' title='bbox 631 1677 723 1704; x_wconf 87' lang='lat' dir='ltr'><strong>divina</strong></span> <span class='ocrx_word' id='word_1_458' title='bbox 741 1677 798 1704; x_wconf 66' lang='grc' dir='ltr'>ωδε</span> <span class='ocrx_word' id='word_1_459' title='bbox 810 1676 890 1711; x_wconf 85' lang='lat' dir='ltr'><strong>ejeeti</strong></span> <span class='ocrx_word' id='word_1_460' title='bbox 914 1681 979 1703; x_wconf 89' lang='lat' dir='ltr'><strong>sunt</strong></span> 
     </span>
    </p>
   </div>
   <div class='ocr_carea' id='block_1_65' title="bbox 188 1721 979 1760">
    <p class='ocr_par' dir='ltr' id='par_1_65' title="bbox 188 1721 979 1760">
     <span class='ocr_line' id='line_1_65' title="bbox 188 1721 979 1760; baseline -0.006 -7"><span class='ocrx_word' id='word_1_461' title='bbox 188 1731 337 1760; x_wconf 78' lang='lat' dir='ltr'><strong>antequam</strong></span> <span class='ocrx_word' id='word_1_462' title='bbox 351 1723 417 1750; x_wconf 87' lang='lat' dir='ltr'><strong>illud</strong></span> <span class='ocrx_word' id='word_1_463' title='bbox 438 1723 618 1750; x_wconf 83' lang='lat' dir='ltr'><strong>emendatum</strong></span> <span class='ocrx_word' id='word_1_464' title='bbox 634 1724 688 1754; x_wconf 89' lang='lat' dir='ltr'><strong>sit,</strong></span> <span class='ocrx_word' id='word_1_465' title='bbox 704 1722 837 1750; x_wconf 87' lang='lat' dir='ltr'><strong>reducere</strong></span> <span class='ocrx_word' id='word_1_466' title='bbox 859 1729 892 1749; x_wconf 86' lang='lat' dir='ltr'><strong>eo</strong></span> <span class='ocrx_word' id='word_1_467' title='bbox 905 1721 979 1748; x_wconf 85' lang='lat' dir='ltr'><strong>unde</strong></span> 
     </span>
    </p>
   </div>
   <div class='ocr_carea' id='block_1_66' title="bbox 186 1767 981 1806">
    <p class='ocr_par' dir='ltr' id='par_1_66' title="bbox 186 1767 981 1806">
     <span class='ocr_line' id='line_1_66' title="bbox 186 1767 981 1806; baseline -0.004 -9"><span class='ocrx_word' id='word_1_468' title='bbox 186 1771 250 1805; x_wconf 63' lang='lat' dir='ltr'><strong>iure</strong></span> <span class='ocrx_word' id='word_1_469' title='bbox 262 1770 416 1806; x_wconf 82' lang='lat' dir='ltr'><strong>meritoque</strong></span> <span class='ocrx_word' id='word_1_470' title='bbox 429 1768 610 1797; x_wconf 81' lang='lat' dir='ltr'><strong>exsularunt?</strong></span> <span class='ocrx_word' id='word_1_471' title='bbox 624 1767 749 1803; x_wconf 80' lang='lat' dir='ltr'><strong>Magnam</strong></span> <span class='ocrx_word' id='word_1_472' title='bbox 763 1767 870 1796; x_wconf 84' lang='lat' dir='ltr'><strong>scilicet</strong></span> <span class='ocrx_word' id='word_1_473' title='bbox 882 1771 981 1794; x_wconf 86' lang='lat' dir='ltr'><strong>nactus</strong></span> 
     </span>
    </p>
   </div>
   <div class='ocr_carea' id='block_1_67' title="bbox 189 1813 979 1852">
    <p class='ocr_par' dir='ltr' id='par_1_67' title="bbox 189 1813 979 1852">
     <span class='ocr_line' id='line_1_67' title="bbox 189 1813 979 1852; baseline -0.008 -7"><span class='ocrx_word' id='word_1_474' title='bbox 189 1824 267 1844; x_wconf 79' lang='lat' dir='ltr'><strong>esses</strong></span> <span class='ocrx_word' id='word_1_475' title='bbox 279 1819 453 1852; x_wconf 86' lang='lat' dir='ltr'><strong>potestatem,</strong></span> <span class='ocrx_word' id='word_1_476' title='bbox 466 1815 575 1851; x_wconf 82' lang='lat' dir='ltr'><strong>qualem</strong></span> <span class='ocrx_word' id='word_1_477' title='bbox 591 1822 626 1842; x_wconf 89' lang='lat' dir='ltr'><strong>ne</strong></span> <span class='ocrx_word' id='word_1_478' title='bbox 641 1814 687 1841; x_wconf 93' lang='lat' dir='ltr'><strong>ille</strong></span> <span class='ocrx_word' id='word_1_479' title='bbox 702 1814 812 1849; x_wconf 91' lang='lat' dir='ltr'><strong>quidem</strong></span> <span class='ocrx_word' id='word_1_480' title='bbox 825 1813 873 1848; x_wconf 90' lang='lat' dir='ltr'><strong>qui</strong></span> <span class='ocrx_word' id='word_1_481' title='bbox 886 1813 979 1840; x_wconf 89' lang='lat' dir='ltr'><strong>mundi</strong></span> 
     </span>
    </p>
   </div>
   <div class='ocr_carea' id='block_1_68' title="bbox 188 1860 982 1899">
    <p class='ocr_par' dir='ltr' id='par_1_68' title="bbox 188 1860 982 1899">
     <span class='ocr_line' id='line_1_68' title="bbox 188 1860 982 1899; baseline -0.009 -7"><span class='ocrx_word' id='word_1_482' title='bbox 188 1868 299 1899; x_wconf 74' lang='lat' dir='ltr'><strong>peccata</strong></span> <span class='ocrx_word' id='word_1_483' title='bbox 316 1863 378 1891; x_wconf 86' lang='lat' dir='ltr'><strong>tulit</strong></span> <span class='ocrx_word' id='word_1_484' title='bbox 398 1863 450 1891; x_wconf 88' lang='lat' dir='ltr'><strong>sibi</strong></span> <span class='ocrx_word' id='word_1_485' title='bbox 468 1862 617 1898; x_wconf 82' lang='lat' dir='ltr'><strong>arrogavit,</strong></span> <span class='ocrx_word' id='word_1_486' title='bbox 633 1869 667 1888; x_wconf 89' lang='lat' dir='ltr'><strong>ne</strong></span> <span class='ocrx_word' id='word_1_487' title='bbox 679 1860 904 1895; x_wconf 84' lang='lat' dir='ltr'><strong>dum-quisquam</strong></span> <span class='ocrx_word' id='word_1_488' title='bbox 919 1866 982 1886; x_wconf 85' lang='lat' dir='ltr'><strong>san-</strong></span> 
     </span>
    </p>
   </div>
   <div class='ocr_carea' id='block_1_69' title="bbox 188 1904 980 1945">
    <p class='ocr_par' dir='ltr' id='par_1_69' title="bbox 188 1904 980 1945">
     <span class='ocr_line' id='line_1_69' title="bbox 188 1904 980 1945; baseline -0.008 -8"><span class='ocrx_word' id='word_1_489' title='bbox 188 1913 295 1937; x_wconf 83' lang='lat' dir='ltr'><strong>ctorum</strong></span> <span class='ocrx_word' id='word_1_490' title='bbox 319 1909 381 1945; x_wconf 88' lang='lat' dir='ltr'><strong>ejus</strong></span> <span class='ocrx_word' id='word_1_491' title='bbox 395 1908 601 1945; x_wconf 87' lang='lat' dir='ltr'><strong>discipulorum,</strong></span> <span class='ocrx_word' id='word_1_492' title='bbox 621 1911 670 1934; x_wconf 86' lang='lat' dir='ltr'><strong>aut</strong></span> <span class='ocrx_word' id='word_1_493' title='bbox 693 1906 766 1935; x_wconf 87' lang='lat' dir='ltr'><strong>ullus</strong></span> <span class='ocrx_word' id='word_1_494' title='bbox 788 1913 804 1933; x_wconf 81' lang='grc' dir='ltr'><strong>ο</strong></span> <span class='ocrx_word' id='word_1_495' title='bbox 820 1904 980 1933; x_wconf 88' lang='lat' dir='ltr'><strong>doctoribus</strong></span> 
     </span>
    </p>
   </div>
   <div class='ocr_carea' id='block_1_70' title="bbox 189 1951 980 1988">
    <p class='ocr_par' dir='ltr' id='par_1_70' title="bbox 189 1951 980 1988">
     <span class='ocr_line' id='line_1_70' title="bbox 189 1951 980 1988; baseline -0.009 -4"><span class='ocrx_word' id='word_1_496' title='bbox 189 1956 395 1984; x_wconf 86' lang='lat' dir='ltr'><strong>ecclesiasticis.</strong></span> <span class='ocrx_word' id='word_1_497' title='bbox 413 1954 495 1982; x_wconf 76' lang='lat' dir='ltr'><strong>Venit</strong></span> <span class='ocrx_word' id='word_1_498' title='bbox 507 1954 581 1982; x_wconf 88' lang='lat' dir='ltr'><strong>enim</strong></span> <span class='ocrx_word' id='word_1_499' title='bbox 597 1958 625 1981; x_wconf 88' lang='lat' dir='ltr'><strong>ut</strong></span> <span class='ocrx_word' id='word_1_500' title='bbox 645 1956 758 1988; x_wconf 84' lang='lat' dir='ltr'><strong>peccata</strong></span> <span class='ocrx_word' id='word_1_501' title='bbox 773 1951 859 1979; x_wconf 78' lang='lat' dir='ltr'><strong>ferret</strong></span> <span class='ocrx_word' id='word_1_502' title='bbox 874 1956 980 1983; x_wconf 87' lang='lat' dir='ltr'><strong>nostra,</strong></span> 
     </span>
    </p>
   </div>
   <div class='ocr_carea' id='block_1_71' title="bbox 188 1997 985 2035">
    <p class='ocr_par' dir='ltr' id='par_1_71' title="bbox 188 1997 985 2035">
     <span class='ocr_line' id='line_1_71' title="bbox 188 1997 985 2035; baseline -0.006 -5"><span class='ocrx_word' id='word_1_503' title='bbox 188 2002 237 2030; x_wconf 81' lang='lat' dir='ltr'><strong>sed</strong></span> <span class='ocrx_word' id='word_1_504' title='bbox 251 2006 316 2030; x_wconf 88' lang='lat' dir='ltr'><strong>tunc</strong></span> <span class='ocrx_word' id='word_1_505' title='bbox 329 2002 441 2030; x_wconf 90' lang='lat' dir='ltr'><strong>demum</strong></span> <span class='ocrx_word' id='word_1_506' title='bbox 453 2000 476 2028; x_wconf 76' lang='lat' dir='ltr'><strong>si</strong></span> <span class='ocrx_word' id='word_1_507' title='bbox 501 2007 616 2035; x_wconf 81' lang='lat' dir='ltr'><strong>peccare</strong></span> <span class='ocrx_word' id='word_1_508' title='bbox 631 1999 833 2026; x_wconf 86' lang='lat' dir='ltr'><strong>desineremus.</strong></span> <span class='ocrx_word' id='word_1_509' title='bbox 849 2005 938 2033; x_wconf 84' lang='lat' dir='ltr'><strong>neque</strong></span> <span class='ocrx_word' id='word_1_510' title='bbox 951 1997 985 2025; x_wconf 89' lang='lat' dir='ltr'><strong>iis</strong></span> 
     </span>
    </p>
   </div>
   <div class='ocr_carea' id='block_1_72' title="bbox 187 2045 985 2081">
    <p class='ocr_par' dir='ltr' id='par_1_72' title="bbox 187 2045 985 2081">
     <span class='ocr_line' id='line_1_72' title="bbox 187 2045 985 2081; baseline -0.006 -4"><span class='ocrx_word' id='word_1_511' title='bbox 187 2049 382 2077; x_wconf 85' lang='lat' dir='ltr'><strong>insisteremus</strong></span> <span class='ocrx_word' id='word_1_512' title='bbox 393 2052 442 2075; x_wconf 82' lang='lat' dir='ltr'><strong>aut</strong></span> <span class='ocrx_word' id='word_1_513' title='bbox 451 2047 525 2074; x_wconf 90' lang='lat' dir='ltr'><strong>omni</strong></span> <span class='ocrx_word' id='word_1_514' title='bbox 540 2046 649 2081; x_wconf 81' lang='lat' dir='ltr'><strong>abiecto</strong></span> <span class='ocrx_word' id='word_1_515' title='bbox 660 2045 765 2080; x_wconf 83' lang='lat' dir='ltr'><strong>pudore</strong></span> <span class='ocrx_word' id='word_1_516' title='bbox 780 2053 812 2072; x_wconf 85' lang='lat' dir='ltr'><strong>ea</strong></span> <span class='ocrx_word' id='word_1_517' title='bbox 827 2049 985 2080; x_wconf 82' lang='lat' dir='ltr'><strong>perpetrare</strong></span> 
     </span>
    </p>
   </div>
   <div class='ocr_carea' id='block_1_73' title="bbox 186 2091 987 2130">
    <p class='ocr_par' dir='ltr' id='par_1_73' title="bbox 186 2091 987 2130">
     <span class='ocr_line' id='line_1_73' title="bbox 186 2091 987 2130; baseline -0.005 -8"><span class='ocrx_word' id='word_1_518' title='bbox 186 2102 363 2130; x_wconf 76' lang='lat' dir='ltr'><strong>pergeremus</strong></span> <span class='ocrx_word' id='word_1_519' title='bbox 372 2101 433 2130; x_wconf 71' lang='lat' dir='ltr'><strong>quae</strong></span> <span class='ocrx_word' id='word_1_520' title='bbox 446 2094 491 2121; x_wconf 90' lang='lat' dir='ltr'><strong>ille</strong></span> <span class='ocrx_word' id='word_1_521' title='bbox 503 2092 628 2121; x_wconf 83' lang='lat' dir='ltr'><strong>abstulit.</strong></span> <span class='ocrx_word' id='word_1_522' title='bbox 635 2091 725 2119; x_wconf 84' lang='lat' dir='ltr'><strong>Audio</strong></span> <span class='ocrx_word' id='word_1_523' title='bbox 734 2092 806 2119; x_wconf 88' lang='lat' dir='ltr'><strong>enim</strong></span> <span class='ocrx_word' id='word_1_524' title='bbox 817 2099 879 2119; x_wconf 90' lang='lat' dir='ltr'><strong>eum</strong></span> <span class='ocrx_word' id='word_1_525' title='bbox 893 2091 987 2118; x_wconf 69' lang='lat' dir='ltr'><strong>dicen-</strong></span> 
     </span>
    </p>
   </div>
   <div class='ocr_carea' id='block_1_74' title="bbox 189 2137 986 2175">
    <p class='ocr_par' dir='ltr' id='par_1_74' title="bbox 189 2137 986 2175">
     <span class='ocr_line' id='line_1_74' title="bbox 189 2137 986 2175; baseline -0.004 -7"><span class='ocrx_word' id='word_1_526' title='bbox 189 2145 243 2168; x_wconf 91' lang='lat' dir='ltr'><strong>tem</strong></span> <span class='ocrx_word' id='word_1_527' title='bbox 256 2141 362 2168; x_wconf 85' lang='lat' dir='ltr'><strong>homini</strong></span> <span class='ocrx_word' id='word_1_528' title='bbox 372 2148 454 2175; x_wconf 88' lang='lat' dir='ltr'><strong>quem</strong></span> <span class='ocrx_word' id='word_1_529' title='bbox 468 2142 613 2167; x_wconf 86' lang='lat' dir='ltr'><strong>sanaverat</strong></span> <span class='ocrx_word' id='word_1_530' title='bbox 624 2146 631 2164; x_wconf 87' lang='lat'><strong>:</strong></span> <span class='ocrx_word' id='word_1_531' title='bbox 642 2137 710 2166; x_wconf 85' lang='lat' dir='ltr'><strong>Ecce</strong></span> <span class='ocrx_word' id='word_1_532' title='bbox 724 2146 808 2166; x_wconf 87' lang='lat' dir='ltr'><strong>sanus</strong></span> <span class='ocrx_word' id='word_1_533' title='bbox 819 2137 933 2166; x_wconf 71' lang='lat' dir='ltr'><strong>effectus</strong></span> <span class='ocrx_word' id='word_1_534' title='bbox 945 2145 986 2170; x_wconf 86' lang='lat' dir='ltr'><strong>es,</strong></span> 
     </span>
    </p>
   </div>
   <div class='ocr_carea' id='block_1_75' title="bbox 188 2185 986 2221">
    <p class='ocr_par' dir='ltr' id='par_1_75' title="bbox 188 2185 986 2221">
     <span class='ocr_line' id='line_1_75' title="bbox 188 2185 986 2221; baseline -0.003 -8"><span class='ocrx_word' id='word_1_535' title='bbox 188 2193 225 2214; x_wconf 89' lang='lat' dir='ltr'><strong>ne</strong></span> <span class='ocrx_word' id='word_1_536' title='bbox 236 2187 355 2221; x_wconf 81' lang='lat' dir='ltr'><strong>amplius</strong></span> <span class='ocrx_word' id='word_1_537' title='bbox 364 2193 472 2220; x_wconf 86' lang='lat' dir='ltr'><strong>pecces.</strong></span> <span class='ocrx_word' id='word_1_538' title='bbox 484 2186 680 2214; x_wconf 78' lang='lat' dir='ltr'><strong>Animadverte</strong></span> <span class='ocrx_word' id='word_1_539' title='bbox 686 2185 824 2221; x_wconf 90' lang='lat' dir='ltr'><strong>quomodo</strong></span> <span class='ocrx_word' id='word_1_540' title='bbox 833 2185 986 2215; x_wconf 84' lang='lat' dir='ltr'><strong>interdicit,</strong></span> 
     </span>
    </p>
   </div>
   <div class='ocr_carea' id='block_1_76' title="bbox 1030 1585 1816 1622">
    <p class='ocr_par' dir='ltr' id='par_1_76' title="bbox 1030 1585 1816 1622">
     <span class='ocr_line' id='line_1_76' title="bbox 1030 1585 1816 1622; baseline -0.01 -4"><span class='ocrx_word' id='word_1_541' title='bbox 1030 1591 1086 1618; x_wconf 78' lang='grc' dir='ltr'><strong>Καὶ</strong></span> <span class='ocrx_word' id='word_1_542' title='bbox 1109 1590 1199 1622; x_wconf 76' lang='grc' dir='ltr'>ἔξεστι</span> <span class='ocrx_word' id='word_1_543' title='bbox 1219 1589 1301 1616; x_wconf 87' lang='grc' dir='ltr'>τοῦτο</span> <span class='ocrx_word' id='word_1_544' title='bbox 1323 1587 1470 1622; x_wconf 85' lang='grc' dir='ltr'>Ῥωμαίοις</span> <span class='ocrx_word' id='word_1_545' title='bbox 1492 1586 1658 1619; x_wconf 80' lang='grc' dir='ltr'>οἰκονομεῖν,</span> <span class='ocrx_word' id='word_1_546' title='bbox 1673 1585 1745 1612; x_wconf 75' lang='grc' dir='ltr'>ὥστε</span> <span class='ocrx_word' id='word_1_547' title='bbox 1762 1593 1816 1611; x_wconf 87' lang='grc' dir='ltr'>πα-</span> 
     </span>
    </p>
   </div>
   <div class='ocr_carea' id='block_1_77' title="bbox 1033 1631 1816 1672">
    <p class='ocr_par' dir='ltr' id='par_1_77' title="bbox 1033 1631 1816 1672">
     <span class='ocr_line' id='line_1_77' title="bbox 1033 1631 1816 1672; baseline -0.008 -9"><span class='ocrx_word' id='word_1_548' title='bbox 1033 1635 1203 1672; x_wconf 82' lang='grc' dir='ltr'>ρανομοῦντά</span> <span class='ocrx_word' id='word_1_549' title='bbox 1215 1643 1276 1662; x_wconf 86' lang='grc' dir='ltr'>τινα</span> <span class='ocrx_word' id='word_1_550' title='bbox 1289 1634 1326 1669; x_wconf 85' lang='grc' dir='ltr'>μὴ</span> <span class='ocrx_word' id='word_1_551' title='bbox 1339 1633 1417 1668; x_wconf 83' lang='grc' dir='ltr'>δίκην</span> <span class='ocrx_word' id='word_1_552' title='bbox 1431 1633 1560 1667; x_wconf 81' lang='grc' dir='ltr'>ὑπέχειν;</span> <span class='ocrx_word' id='word_1_553' title='bbox 1573 1632 1621 1658; x_wconf 72' lang='grc' dir='ltr'>καὶ</span> <span class='ocrx_word' id='word_1_554' title='bbox 1633 1631 1705 1658; x_wconf 82' lang='grc' dir='ltr'>ὥστε</span> <span class='ocrx_word' id='word_1_555' title='bbox 1720 1631 1816 1666; x_wconf 82' lang='grc' dir='ltr'>χερσὶν</span> 
     </span>
    </p>
   </div>
   <div class='ocr_carea' id='block_1_78' title="bbox 1029 1675 1817 1714">
    <p class='ocr_par' dir='ltr' id='par_1_78' title="bbox 1029 1675 1817 1714">
     <span class='ocr_line' id='line_1_78' title="bbox 1029 1675 1817 1714; baseline -0.006 -7"><span class='ocrx_word' id='word_1_556' title='bbox 1029 1680 1198 1714; x_wconf 80' lang='grc' dir='ltr'>ἀκαθάρτοις</span> <span class='ocrx_word' id='word_1_557' title='bbox 1237 1679 1293 1705; x_wconf 87' lang='grc' dir='ltr'><strong>τῶν</strong></span> <span class='ocrx_word' id='word_1_558' title='bbox 1329 1677 1415 1712; x_wconf 81' lang='grc' dir='ltr'>ἁγίων</span> <span class='ocrx_word' id='word_1_559' title='bbox 1449 1675 1642 1710; x_wconf 74' lang='grc' dir='ltr'>ἐφάπτεσθαι,</span> <span class='ocrx_word' id='word_1_560' title='bbox 1668 1677 1717 1703; x_wconf 85' lang='grc' dir='ltr'>καὶ</span> <span class='ocrx_word' id='word_1_561' title='bbox 1753 1675 1817 1706; x_wconf 73' lang='grc' dir='ltr'>τοὺς</span> 
     </span>
    </p>
   </div>
   <div class='ocr_carea' id='block_1_79' title="bbox 1032 1722 1817 1761">
    <p class='ocr_par' dir='ltr' id='par_1_79' title="bbox 1032 1722 1817 1761">
     <span class='ocr_line' id='line_1_79' title="bbox 1032 1722 1817 1761; baseline -0.006 -8"><span class='ocrx_word' id='word_1_562' title='bbox 1032 1726 1230 1761; x_wconf 72' lang='grc' dir='ltr'>ἐλαυνομένους</span> <span class='ocrx_word' id='word_1_563' title='bbox 1243 1724 1298 1751; x_wconf 85' lang='grc' dir='ltr'><strong>τῶν</strong></span> <span class='ocrx_word' id='word_1_564' title='bbox 1320 1723 1400 1750; x_wconf 87' lang='grc' dir='ltr'>θείων</span> <span class='ocrx_word' id='word_1_565' title='bbox 1427 1722 1579 1757; x_wconf 81' lang='grc' dir='ltr'>περιδὸ).ων</span> <span class='ocrx_word' id='word_1_566' title='bbox 1598 1722 1644 1749; x_wconf 78' lang='grc' dir='ltr'><strong>ἐπὶ</strong></span> <span class='ocrx_word' id='word_1_567' title='bbox 1666 1723 1817 1757; x_wconf 74' lang='grc' dir='ltr'>μιάσματι,</span> 
     </span>
    </p>
   </div>
   <div class='ocr_carea' id='block_1_80' title="bbox 1032 1767 1817 1806">
    <p class='ocr_par' dir='ltr' id='par_1_80' title="bbox 1032 1767 1817 1806">
     <span class='ocr_line' id='line_1_80' title="bbox 1032 1767 1817 1806; baseline -0.006 -7"><span class='ocrx_word' id='word_1_568' title='bbox 1032 1772 1146 1804; x_wconf 81' lang='grc' dir='ltr'>τούτους</span> <span class='ocrx_word' id='word_1_569' title='bbox 1169 1771 1208 1806; x_wconf 75' lang='grc' dir='ltr'>μὴ</span> <span class='ocrx_word' id='word_1_570' title='bbox 1228 1769 1416 1804; x_wconf 79' lang='grc' dir='ltr'>ἀποθεμένους</span> <span class='ocrx_word' id='word_1_571' title='bbox 1436 1768 1467 1796; x_wconf 78' lang='grc' dir='ltr'>τὸ</span> <span class='ocrx_word' id='word_1_572' title='bbox 1495 1769 1603 1803; x_wconf 82' lang='grc' dir='ltr'>μίασμα</span> <span class='ocrx_word' id='word_1_573' title='bbox 1617 1769 1739 1802; x_wconf 79' lang='grc' dir='ltr'>εἰσάγειν</span> <span class='ocrx_word' id='word_1_574' title='bbox 1755 1767 1817 1794; x_wconf 77' lang='grc' dir='ltr'>ὅθεν</span> 
     </span>
    </p>
   </div>
   <div class='ocr_carea' id='block_1_81' title="bbox 1033 1813 1819 1850">
    <p class='ocr_par' dir='ltr' id='par_1_81' title="bbox 1033 1813 1819 1850">
     <span class='ocr_line' id='line_1_81' title="bbox 1033 1813 1819 1850; baseline -0.006 -5"><span class='ocrx_word' id='word_1_575' title='bbox 1033 1818 1125 1850; x_wconf 85' lang='grc' dir='ltr'>καλῶς</span> <span class='ocrx_word' id='word_1_576' title='bbox 1140 1818 1187 1844; x_wconf 74' lang='grc' dir='ltr'>καὶ</span> <span class='ocrx_word' id='word_1_577' title='bbox 1204 1816 1316 1847; x_wconf 77' lang='grc' dir='ltr'>ἐνδίκως</span> <span class='ocrx_word' id='word_1_578' title='bbox 1327 1815 1532 1850; x_wconf 48' lang='lat' dir='ltr'><strong>immineat;</strong></span> <span class='ocrx_word' id='word_1_579' title='bbox 1551 1814 1682 1849; x_wconf 82' lang='grc' dir='ltr'>Μεγάλης</span> <span class='ocrx_word' id='word_1_580' title='bbox 1695 1814 1728 1841; x_wconf 74' lang='grc' dir='ltr'>ἂν</span> <span class='ocrx_word' id='word_1_581' title='bbox 1743 1813 1819 1846; x_wconf 65' lang='grc' dir='ltr'>ἆξον-</span> 
     </span>
    </p>
   </div>
   <div class='ocr_carea' id='block_1_82' title="bbox 1034 1857 1819 1898">
    <p class='ocr_par' dir='ltr' id='par_1_82' title="bbox 1034 1857 1819 1898">
     <span class='ocr_line' id='line_1_82' title="bbox 1034 1857 1819 1898; baseline -0.009 -6"><span class='ocrx_word' id='word_1_582' title='bbox 1034 1865 1095 1894; x_wconf 83' lang='grc' dir='ltr'>σίας</span> <span class='ocrx_word' id='word_1_583' title='bbox 1115 1864 1176 1898; x_wconf 75' lang='grc' dir='ltr'>εΐης</span> <span class='ocrx_word' id='word_1_584' title='bbox 1203 1861 1416 1897; x_wconf 74' lang='grc' dir='ltr'>ιπειλημμένσς,</span> <span class='ocrx_word' id='word_1_585' title='bbox 1435 1861 1484 1887; x_wconf 75' lang='grc' dir='ltr'>καὶ</span> <span class='ocrx_word' id='word_1_586' title='bbox 1504 1857 1538 1896; x_wconf 76' lang='grc' dir='ltr'>ἧς</span> <span class='ocrx_word' id='word_1_587' title='bbox 1554 1860 1609 1887; x_wconf 80' lang='grc' dir='ltr'>οὐδ’</span> <span class='ocrx_word' id='word_1_588' title='bbox 1628 1860 1710 1891; x_wconf 77' lang='grc' dir='ltr'>αὐτὸς</span> <span class='ocrx_word' id='word_1_589' title='bbox 1736 1860 1750 1886; x_wconf 85' lang='grc' dir='ltr'><strong>ό</strong></span> <span class='ocrx_word' id='word_1_590' title='bbox 1769 1859 1819 1889; x_wconf 76' lang='grc' dir='ltr'><strong>τὰς</strong></span> 
     </span>
    </p>
   </div>
   <div class='ocr_carea' id='block_1_83' title="bbox 1035 1903 1818 1944">
    <p class='ocr_par' dir='ltr' id='par_1_83' title="bbox 1035 1903 1818 1944">
     <span class='ocr_line' id='line_1_83' title="bbox 1035 1903 1818 1944; baseline -0.01 -7"><span class='ocrx_word' id='word_1_591' title='bbox 1035 1909 1172 1944; x_wconf 78' lang='grc' dir='ltr'>ἁμαρτίας</span> <span class='ocrx_word' id='word_1_592' title='bbox 1187 1907 1275 1943; x_wconf 78' lang='grc' dir='ltr'>αἴρων</span> <span class='ocrx_word' id='word_1_593' title='bbox 1294 1905 1342 1932; x_wconf 91' lang='grc' dir='ltr'><strong>τοῦ</strong></span> <span class='ocrx_word' id='word_1_594' title='bbox 1359 1906 1463 1940; x_wconf 85' lang='grc' dir='ltr'>κόσμου</span> <span class='ocrx_word' id='word_1_595' title='bbox 1479 1905 1655 1938; x_wconf 68' lang='grc' dir='ltr'>ἐπείληπται,</span> <span class='ocrx_word' id='word_1_596' title='bbox 1675 1903 1711 1939; x_wconf 82' lang='grc' dir='ltr'>μὴ</span> <span class='ocrx_word' id='word_1_597' title='bbox 1725 1904 1765 1930; x_wconf 80' lang='grc' dir='ltr'>ὅτι</span> <span class='ocrx_word' id='word_1_598' title='bbox 1786 1911 1818 1937; x_wconf 85' lang='grc' dir='ltr'><strong>γε</strong></span> 
     </span>
    </p>
   </div>
   <div class='ocr_carea' id='block_1_84' title="bbox 1036 1948 1820 1989">
    <p class='ocr_par' dir='ltr' id='par_1_84' title="bbox 1036 1948 1820 1989">
     <span class='ocr_line' id='line_1_84' title="bbox 1036 1948 1820 1989; baseline -0.008 -8"><span class='ocrx_word' id='word_1_599' title='bbox 1036 1955 1114 1986; x_wconf 78' lang='grc' dir='ltr'>ἄλλος</span> <span class='ocrx_word' id='word_1_600' title='bbox 1134 1954 1150 1989; x_wconf 83' lang='grc' dir='ltr'>ἢ</span> <span class='ocrx_word' id='word_1_601' title='bbox 1171 1953 1226 1980; x_wconf 87' lang='grc' dir='ltr'><strong>τῶν</strong></span> <span class='ocrx_word' id='word_1_602' title='bbox 1243 1953 1349 1980; x_wconf 71' lang='grc' dir='ltr'>ἐκείνου</span> <span class='ocrx_word' id='word_1_603' title='bbox 1370 1951 1453 1986; x_wconf 78' lang='grc' dir='ltr'>ἱερῶν</span> <span class='ocrx_word' id='word_1_604' title='bbox 1469 1950 1612 1985; x_wconf 83' lang='grc' dir='ltr'>μαθητῶν,</span> <span class='ocrx_word' id='word_1_605' title='bbox 1627 1949 1644 1983; x_wconf 79' lang='grc' dir='ltr'>ἢ</span> <span class='ocrx_word' id='word_1_606' title='bbox 1659 1949 1714 1976; x_wconf 89' lang='grc' dir='ltr'><strong>τῶν</strong></span> <span class='ocrx_word' id='word_1_607' title='bbox 1731 1948 1820 1975; x_wconf 82' lang='grc' dir='ltr'>ἄλλων</span> 
     </span>
    </p>
   </div>
   <div class='ocr_carea' id='block_1_85' title="bbox 1036 1994 1820 2036">
    <p class='ocr_par' dir='ltr' id='par_1_85' title="bbox 1036 1994 1820 2036">
     <span class='ocr_line' id='line_1_85' title="bbox 1036 1994 1820 2036; baseline -0.01 -8"><span class='ocrx_word' id='word_1_608' title='bbox 1036 2001 1087 2036; x_wconf 81' lang='grc' dir='ltr'>τῆς</span> <span class='ocrx_word' id='word_1_609' title='bbox 1101 1999 1186 2027; x_wconf 75' lang='grc' dir='ltr'>αὐτοῦ</span> <span class='ocrx_word' id='word_1_610' title='bbox 1211 1997 1376 2033; x_wconf 81' lang='grc' dir='ltr'>Ἐκκλησιας</span> <span class='ocrx_word' id='word_1_611' title='bbox 1400 1995 1580 2023; x_wconf 79' lang='grc' dir='ltr'>διδασκάλων.</span> <span class='ocrx_word' id='word_1_612' title='bbox 1615 1995 1673 2022; x_wconf 64' lang='lat' dir='ltr'><strong>HK:</strong></span> <span class='ocrx_word' id='word_1_613' title='bbox 1699 1994 1820 2030; x_wconf 70' lang='grc' dir='ltr'>μὲνγὰρ</span> 
     </span>
    </p>
   </div>
   <div class='ocr_carea' id='block_1_86' title="bbox 1036 2039 1820 2080">
    <p class='ocr_par' dir='ltr' id='par_1_86' title="bbox 1036 2039 1820 2080">
     <span class='ocr_line' id='line_1_86' title="bbox 1036 2039 1820 2080; baseline -0.009 -7"><span class='ocrx_word' id='word_1_614' title='bbox 1036 2046 1086 2078; x_wconf 86' lang='grc' dir='ltr'><strong>τὰς</strong></span> <span class='ocrx_word' id='word_1_615' title='bbox 1110 2044 1189 2080; x_wconf 82' lang='grc' dir='ltr'>ἡμῶν</span> <span class='ocrx_word' id='word_1_616' title='bbox 1208 2043 1347 2079; x_wconf 79' lang='grc' dir='ltr'>ἁμαρτίας</span> <span class='ocrx_word' id='word_1_617' title='bbox 1364 2042 1509 2078; x_wconf 81' lang='grc' dir='ltr'>βαστάσαι,</span> <span class='ocrx_word' id='word_1_618' title='bbox 1523 2041 1591 2069; x_wconf 79' lang='grc' dir='ltr'>ἀλλὰ</span> <span class='ocrx_word' id='word_1_619' title='bbox 1612 2041 1692 2076; x_wconf 88' lang='grc' dir='ltr'>δῆλον</span> <span class='ocrx_word' id='word_1_620' title='bbox 1712 2040 1754 2067; x_wconf 84' lang='grc' dir='ltr'><strong>δτι</strong></span> <span class='ocrx_word' id='word_1_621' title='bbox 1772 2039 1820 2066; x_wconf 84' lang='grc' dir='ltr'><strong>τοῦ</strong></span> 
     </span>
    </p>
   </div>
   <div class='ocr_carea' id='block_1_87' title="bbox 1038 2087 1821 2126">
    <p class='ocr_par' dir='ltr' id='par_1_87' title="bbox 1038 2087 1821 2126">
     <span class='ocr_line' id='line_1_87' title="bbox 1038 2087 1821 2126; baseline -0.006 -8"><span class='ocrx_word' id='word_1_622' title='bbox 1038 2090 1207 2126; x_wconf 78' lang='grc' dir='ltr'>ἁμαρτάνειν</span> <span class='ocrx_word' id='word_1_623' title='bbox 1228 2089 1308 2125; x_wconf 82' lang='grc' dir='ltr'>ἡμῶν</span> <span class='ocrx_word' id='word_1_624' title='bbox 1339 2089 1535 2123; x_wconf 78' lang='grc' dir='ltr'>παυσαμένων,</span> <span class='ocrx_word' id='word_1_625' title='bbox 1563 2088 1612 2114; x_wconf 82' lang='grc' dir='ltr'>οὐκ</span> <span class='ocrx_word' id='word_1_626' title='bbox 1636 2087 1821 2122; x_wconf 68' lang='grc' dir='ltr'>ἐπιμενόντων</span> 
     </span>
    </p>
   </div>
   <div class='ocr_carea' id='block_1_88' title="bbox 1037 2131 1821 2171">
    <p class='ocr_par' dir='ltr' id='par_1_88' title="bbox 1037 2131 1821 2171">
     <span class='ocr_line' id='line_1_88' title="bbox 1037 2131 1821 2171; baseline -0.006 -7"><span class='ocrx_word' id='word_1_627' title='bbox 1037 2138 1076 2169; x_wconf 73' lang='grc' dir='ltr'><strong>δὲ,</strong></span> <span class='ocrx_word' id='word_1_628' title='bbox 1091 2136 1153 2164; x_wconf 76' lang='grc' dir='ltr'>οὺδὶ</span> <span class='ocrx_word' id='word_1_629' title='bbox 1169 2135 1347 2171; x_wconf 84' lang='grc' dir='ltr'>πραττόντων</span> <span class='ocrx_word' id='word_1_630' title='bbox 1367 2134 1454 2166; x_wconf 76' lang='grc' dir='ltr'>ἀδεῶς</span> <span class='ocrx_word' id='word_1_631' title='bbox 1479 2131 1517 2161; x_wconf 84' lang='grc' dir='ltr'>ὧν</span> <span class='ocrx_word' id='word_1_632' title='bbox 1541 2134 1649 2165; x_wconf 76' lang='grc' dir='ltr'>ἐκεῖνος</span> <span class='ocrx_word' id='word_1_633' title='bbox 1676 2133 1725 2168; x_wconf 76' lang='grc' dir='ltr'>τὴν</span> <span class='ocrx_word' id='word_1_634' title='bbox 1741 2132 1821 2167; x_wconf 81' lang='grc' dir='ltr'>ἄρσιν</span> 
     </span>
    </p>
   </div>
   <div class='ocr_carea' id='block_1_89' title="bbox 1039 2178 1821 2216">
    <p class='ocr_par' dir='ltr' id='par_1_89' title="bbox 1039 2178 1821 2216">
     <span class='ocr_line' id='line_1_89' title="bbox 1039 2178 1821 2216; baseline -0.009 -5"><span class='ocrx_word' id='word_1_635' title='bbox 1039 2185 1167 2211; x_wconf 81' lang='grc' dir='ltr'>ποιεῖται.</span> <span class='ocrx_word' id='word_1_636' title='bbox 1189 2182 1294 2209; x_wconf 82' lang='grc' dir='ltr'>’Δκούω</span> <span class='ocrx_word' id='word_1_637' title='bbox 1309 2181 1364 2216; x_wconf 71' lang='grc' dir='ltr'><strong>γὰρ</strong></span> <span class='ocrx_word' id='word_1_638' title='bbox 1380 2181 1420 2215; x_wconf 84' lang='grc' dir='ltr'>τῷ</span> <span class='ocrx_word' id='word_1_639' title='bbox 1446 2179 1678 2214; x_wconf 82' lang='grc' dir='ltr'>τεθεραπευμένῳ</span> <span class='ocrx_word' id='word_1_640' title='bbox 1706 2178 1752 2205; x_wconf 77' lang='grc' dir='ltr'><strong>τοῦ</strong></span> <span class='ocrx_word' id='word_1_641' title='bbox 1775 2179 1821 2204; x_wconf 83' lang='grc' dir='ltr'><strong>ὑπ’</strong></span> 
     </span>
    </p>
   </div>
   <div class='ocr_carea' id='block_1_90' title="bbox 189 2224 978 2267">
    <p class='ocr_par' dir='ltr' id='par_1_90' title="bbox 189 2229 978 2266">
     <span class='ocr_line' id='line_1_90' title="bbox 189 2229 978 2266; baseline -0.003 -8"><span class='ocrx_word' id='word_1_642' title='bbox 189 2238 244 2258; x_wconf 88' lang='lat' dir='ltr'><strong>non</strong></span> <span class='ocrx_word' id='word_1_643' title='bbox 253 2236 345 2258; x_wconf 85' lang='lat' dir='ltr'><strong>autem</strong></span> <span class='ocrx_word' id='word_1_644' title='bbox 353 2231 486 2265; x_wconf 84' lang='lat' dir='ltr'><strong>permittit</strong></span> <span class='ocrx_word' id='word_1_645' title='bbox 493 2239 607 2266; x_wconf 77' lang='lat' dir='ltr'><strong>peccare</strong></span> <span class='ocrx_word' id='word_1_646' title='bbox 613 2239 661 2260; x_wconf 85' lang='lat' dir='ltr'><strong>eos</strong></span> <span class='ocrx_word' id='word_1_647' title='bbox 670 2232 716 2266; x_wconf 91' lang='lat' dir='ltr'><strong>qui</strong></span> <span class='ocrx_word' id='word_1_648' title='bbox 728 2231 814 2266; x_wconf 88' lang='lat' dir='ltr'><strong>ipsius</strong></span> <span class='ocrx_word' id='word_1_649' title='bbox 822 2229 978 2257; x_wconf 80' lang='lat' dir='ltr'><strong>misericor-</strong></span> 
     </span>
    </p>
   </div>
   <div class='ocr_carea' id='block_1_91' title="bbox 1029 2224 1822 2267">
    <p class='ocr_par' dir='ltr' id='par_1_91' title="bbox 1036 2224 1822 2261">
     <span class='ocr_line' id='line_1_91' title="bbox 1036 2224 1822 2261; baseline -0.009 -6"><span class='ocrx_word' id='word_1_650' title='bbox 1036 2227 1119 2255; x_wconf 85' lang='grc' dir='ltr'>αὑτοῦ</span> <span class='ocrx_word' id='word_1_651' title='bbox 1135 2227 1259 2258; x_wconf 79' lang='grc' dir='ltr'>δοθέντος</span> <span class='ocrx_word' id='word_1_652' title='bbox 1284 2225 1529 2261; x_wconf 79' lang='grc' dir='ltr'>παραγγέλματος,</span> <span class='ocrx_word' id='word_1_653' title='bbox 1544 2225 1582 2250; x_wconf 82' lang='grc' dir='ltr'><strong>ῑδε</strong></span> <span class='ocrx_word' id='word_1_654' title='bbox 1599 2224 1678 2259; x_wconf 82' lang='grc' dir='ltr'>ὑγιὴς</span> <span class='ocrx_word' id='word_1_655' title='bbox 1694 2224 1822 2258; x_wconf 78' lang='grc' dir='ltr'>γέγονας,</span> 
     </span>
    </p>
   </div>
   <div class='ocr_carea' id='block_1_92' title="bbox 189 2273 973 2312">
    <p class='ocr_par' dir='ltr' id='par_1_92' title="bbox 189 2273 973 2312">
     <span class='ocr_line' id='line_1_92' title="bbox 189 2273 973 2312; baseline -0.005 -8"><span class='ocrx_word' id='word_1_656' title='bbox 189 2276 235 2304; x_wconf 90' lang='lat' dir='ltr'><strong>dia</strong></span> <span class='ocrx_word' id='word_1_657' title='bbox 242 2276 318 2312; x_wconf 76' lang='lat' dir='ltr'><strong>digni</strong></span> <span class='ocrx_word' id='word_1_658' title='bbox 325 2282 389 2304; x_wconf 82' lang='lat' dir='ltr'><strong>sunt</strong></span> <span class='ocrx_word' id='word_1_659' title='bbox 397 2276 598 2305; x_wconf 79' lang='lat' dir='ltr'><strong>habiti.Eodem</strong></span> <span class='ocrx_word' id='word_1_660' title='bbox 606 2277 686 2305; x_wconf 90' lang='lat' dir='ltr'><strong>modo</strong></span> <span class='ocrx_word' id='word_1_661' title='bbox 694 2285 742 2305; x_wconf 90' lang='lat' dir='ltr'><strong>nec</strong></span> <span class='ocrx_word' id='word_1_662' title='bbox 748 2273 973 2308; x_wconf 78' lang='lat' dir='ltr'><strong>Petrus,necPau</strong></span> 
     </span>
    </p>
   </div>
   <div class='ocr_carea' id='block_1_93' title="bbox 189 2323 984 2360">
    <p class='ocr_par' dir='ltr' id='par_1_93' title="bbox 189 2323 984 2360">
     <span class='ocr_line' id='line_1_93' title="bbox 189 2323 984 2360; baseline -0.005 -9"><span class='ocrx_word' id='word_1_663' title='bbox 189 2325 243 2356; x_wconf 78' lang='lat' dir='ltr'><strong>lus,</strong></span> <span class='ocrx_word' id='word_1_664' title='bbox 250 2332 302 2353; x_wconf 87' lang='lat' dir='ltr'><strong>nec</strong></span> <span class='ocrx_word' id='word_1_665' title='bbox 309 2324 381 2352; x_wconf 81' lang='lat' dir='ltr'><strong>alius</strong></span> <span class='ocrx_word' id='word_1_666' title='bbox 393 2324 455 2359; x_wconf 85' lang='lat' dir='ltr'><strong>quis</strong></span> <span class='ocrx_word' id='word_1_667' title='bbox 462 2333 581 2360; x_wconf 88' lang='lat' dir='ltr'><strong>unquam</strong></span> <span class='ocrx_word' id='word_1_668' title='bbox 589 2323 984 2360; x_wconf 84' lang='lat' dir='ltr'><strong>peccatoneglectolibertatetn</strong></span> 
     </span>
    </p>
   </div>
   <div class='ocr_carea' id='block_1_94' title="bbox 186 2368 986 2407">
    <p class='ocr_par' dir='ltr' id='par_1_94' title="bbox 186 2368 986 2407">
     <span class='ocr_line' id='line_1_94' title="bbox 186 2368 986 2407; baseline -0.006 -9"><span class='ocrx_word' id='word_1_669' title='bbox 186 2371 450 2407; x_wconf 84' lang='lat' dir='ltr'><strong>aresponsabilitate</strong></span> <span class='ocrx_word' id='word_1_670' title='bbox 456 2370 731 2406; x_wconf 87' lang='lat' dir='ltr'><strong>promisitpeccatori.</strong></span> <span class='ocrx_word' id='word_1_671' title='bbox 741 2370 790 2397; x_wconf 84' lang='lat' dir='ltr'><strong>Ubi</strong></span> <span class='ocrx_word' id='word_1_672' title='bbox 800 2368 906 2396; x_wconf 85' lang='lat' dir='ltr'><strong>tandem</strong></span> <span class='ocrx_word' id='word_1_673' title='bbox 915 2375 986 2401; x_wconf 82' lang='lat' dir='ltr'><strong>repe-</strong></span> 
     </span>
    </p>
   </div>
   <div class='ocr_carea' id='block_1_95' title="bbox 187 2413 984 2452">
    <p class='ocr_par' dir='ltr' id='par_1_95' title="bbox 187 2413 984 2452">
     <span class='ocr_line' id='line_1_95' title="bbox 187 2413 984 2452; baseline -0.009 -7"><span class='ocrx_word' id='word_1_674' title='bbox 187 2417 246 2445; x_wconf 82' lang='lat' dir='ltr'><strong>risti</strong></span> <span class='ocrx_word' id='word_1_675' title='bbox 254 2417 404 2445; x_wconf 84' lang='lat' dir='ltr'><strong>absurdam</strong></span> <span class='ocrx_word' id='word_1_676' title='bbox 415 2417 493 2444; x_wconf 90' lang='lat' dir='ltr'><strong>istam</strong></span> <span class='ocrx_word' id='word_1_677' title='bbox 501 2417 734 2452; x_wconf 81' lang='lat' dir='ltr'><strong>dispensationem</strong></span> <span class='ocrx_word' id='word_1_678' title='bbox 743 2423 803 2450; x_wconf 75' lang='lat' dir='ltr'><strong>quae</strong></span> <span class='ocrx_word' id='word_1_679' title='bbox 813 2413 917 2450; x_wconf 85' lang='lat' dir='ltr'><strong>peccati</strong></span> <span class='ocrx_word' id='word_1_680' title='bbox 926 2420 984 2447; x_wconf 83' lang='lat' dir='ltr'><strong>gra-</strong></span> 
     </span>
    </p>
   </div>
   <div class='ocr_carea' id='block_1_96' title="bbox 186 2461 982 2498">
    <p class='ocr_par' dir='ltr' id='par_1_96' title="bbox 186 2461 982 2498">
     <span class='ocr_line' id='line_1_96' title="bbox 186 2461 982 2498; baseline -0.008 -7"><span class='ocrx_word' id='word_1_681' title='bbox 186 2464 297 2492; x_wconf 87' lang='lat' dir='ltr'><strong>vitatem</strong></span> <span class='ocrx_word' id='word_1_682' title='bbox 319 2472 373 2492; x_wconf 88' lang='lat' dir='ltr'><strong>non</strong></span> <span class='ocrx_word' id='word_1_683' title='bbox 387 2464 538 2497; x_wconf 86' lang='lat' dir='ltr'><strong>imminuit,</strong></span> <span class='ocrx_word' id='word_1_684' title='bbox 550 2465 597 2491; x_wconf 87' lang='lat' dir='ltr'><strong>sed</strong></span> <span class='ocrx_word' id='word_1_685' title='bbox 607 2464 696 2498; x_wconf 82' lang='lat' dir='ltr'><strong>potius</strong></span> <span class='ocrx_word' id='word_1_686' title='bbox 713 2461 848 2497; x_wconf 71' lang='lat' dir='ltr'><strong>adauget?</strong></span> <span class='ocrx_word' id='word_1_687' title='bbox 857 2467 917 2495; x_wconf 75' lang='lat' dir='ltr'><strong>qua:</strong></span> <span class='ocrx_word' id='word_1_688' title='bbox 928 2466 982 2486; x_wconf 93' lang='lat' dir='ltr'><strong>non</strong></span> 
     </span>
    </p>
   </div>
   <div class='ocr_carea' id='block_1_97' title="bbox 185 2506 982 2546">
    <p class='ocr_par' dir='ltr' id='par_1_97' title="bbox 185 2506 982 2546">
     <span class='ocr_line' id='line_1_97' title="bbox 185 2506 982 2546; baseline -0.008 -9"><span class='ocrx_word' id='word_1_689' title='bbox 185 2510 301 2537; x_wconf 80' lang='lat' dir='ltr'><strong>salutem</strong></span> <span class='ocrx_word' id='word_1_690' title='bbox 312 2510 396 2546; x_wconf 87' lang='lat' dir='ltr'><strong>parit.</strong></span> <span class='ocrx_word' id='word_1_691' title='bbox 417 2510 462 2538; x_wconf 83' lang='lat' dir='ltr'><strong>sed</strong></span> <span class='ocrx_word' id='word_1_692' title='bbox 471 2509 592 2538; x_wconf 87' lang='lat' dir='ltr'><strong>interitui</strong></span> <span class='ocrx_word' id='word_1_693' title='bbox 601 2509 694 2542; x_wconf 88' lang='lat' dir='ltr'><strong>tradit,</strong></span> <span class='ocrx_word' id='word_1_694' title='bbox 706 2515 767 2543; x_wconf 75' lang='lat' dir='ltr'><strong>quae</strong></span> <span class='ocrx_word' id='word_1_695' title='bbox 775 2514 829 2534; x_wconf 92' lang='lat' dir='ltr'><strong>non</strong></span> <span class='ocrx_word' id='word_1_696' title='bbox 839 2506 982 2541; x_wconf 84' lang='lat' dir='ltr'><strong>depurgat,</strong></span> 
     </span>
    </p>
   </div>
   <div class='ocr_carea' id='block_1_98' title="bbox 186 2549 982 2589">
    <p class='ocr_par' dir='ltr' id='par_1_98' title="bbox 186 2549 982 2589">
     <span class='ocr_line' id='line_1_98' title="bbox 186 2549 982 2589; baseline -0.008 -7"><span class='ocrx_word' id='word_1_697' title='bbox 186 2555 234 2582; x_wconf 76' lang='lat' dir='ltr'><strong>sed</strong></span> <span class='ocrx_word' id='word_1_698' title='bbox 243 2555 306 2589; x_wconf 82' lang='lat' dir='ltr'><strong>plus</strong></span> <span class='ocrx_word' id='word_1_699' title='bbox 324 2554 448 2583; x_wconf 86' lang='lat' dir='ltr'><strong>sordium</strong></span> <span class='ocrx_word' id='word_1_700' title='bbox 469 2554 585 2588; x_wconf 78' lang='lat' dir='ltr'><strong>adjicit?</strong></span> <span class='ocrx_word' id='word_1_701' title='bbox 598 2554 665 2586; x_wconf 87' lang='lat' dir='ltr'><strong>Quis</strong></span> <span class='ocrx_word' id='word_1_702' title='bbox 677 2551 804 2587; x_wconf 89' lang='lat' dir='ltr'><strong>usquead</strong></span> <span class='ocrx_word' id='word_1_703' title='bbox 815 2552 889 2578; x_wconf 85' lang='lat' dir='ltr'><strong>hunc</strong></span> <span class='ocrx_word' id='word_1_704' title='bbox 911 2549 982 2576; x_wconf 89' lang='lat' dir='ltr'><strong>dietn</strong></span> 
     </span>
    </p>
   </div>
   <div class='ocr_carea' id='block_1_99' title="bbox 188 2596 980 2635">
    <p class='ocr_par' dir='ltr' id='par_1_99' title="bbox 188 2596 980 2635">
     <span class='ocr_line' id='line_1_99' title="bbox 188 2596 980 2635; baseline -0.005 -9"><span class='ocrx_word' id='word_1_705' title='bbox 188 2600 270 2627; x_wconf 83' lang='lat' dir='ltr'><strong>talem</strong></span> <span class='ocrx_word' id='word_1_706' title='bbox 288 2600 523 2635; x_wconf 80' lang='lat' dir='ltr'><strong>dispensationem</strong></span> <span class='ocrx_word' id='word_1_707' title='bbox 538 2599 637 2628; x_wconf 84' lang='lat' dir='ltr'><strong>novit?</strong></span> <span class='ocrx_word' id='word_1_708' title='bbox 654 2597 829 2633; x_wconf 87' lang='lat' dir='ltr'><strong>Dispensatio</strong></span> <span class='ocrx_word' id='word_1_709' title='bbox 845 2596 916 2624; x_wconf 88' lang='lat' dir='ltr'><strong>enim</strong></span> <span class='ocrx_word' id='word_1_710' title='bbox 939 2600 980 2622; x_wconf 90' lang='lat' dir='ltr'><strong>est</strong></span> 
     </span>
    </p>
   </div>
   <div class='ocr_carea' id='block_1_100' title="bbox 190 2641 979 2680">
    <p class='ocr_par' dir='ltr' id='par_1_100' title="bbox 190 2641 979 2680">
     <span class='ocr_line' id='line_1_100' title="bbox 190 2641 979 2680; baseline -0.006 -7"><span class='ocrx_word' id='word_1_711' title='bbox 190 2646 320 2674; x_wconf 84' lang='lat' dir='ltr'><strong>salutaris</strong></span> <span class='ocrx_word' id='word_1_712' title='bbox 333 2647 544 2674; x_wconf 86' lang='lat' dir='ltr'><strong>condescensio.</strong></span> <span class='ocrx_word' id='word_1_713' title='bbox 562 2653 625 2680; x_wconf 61' lang='lat' dir='ltr'><strong>quas</strong></span> <span class='ocrx_word' id='word_1_714' title='bbox 637 2649 812 2680; x_wconf 87' lang='lat' dir='ltr'><strong>peccatorem</strong></span> <span class='ocrx_word' id='word_1_715' title='bbox 835 2641 979 2675; x_wconf 83' lang='lat' dir='ltr'><strong>salvilicat,</strong></span> 
     </span>
    </p>
   </div>
   <div class='ocr_carea' id='block_1_101' title="bbox 191 2691 978 2728">
    <p class='ocr_par' dir='ltr' id='par_1_101' title="bbox 191 2691 978 2728">
     <span class='ocr_line' id='line_1_101' title="bbox 191 2691 978 2728; baseline -0.006 -9"><span class='ocrx_word' id='word_1_716' title='bbox 191 2699 302 2719; x_wconf 81' lang='lat' dir='ltr'><strong>manum</strong></span> <span class='ocrx_word' id='word_1_717' title='bbox 328 2692 527 2720; x_wconf 77' lang='lat' dir='ltr'><strong>auxiliatricem</strong></span> <span class='ocrx_word' id='word_1_718' title='bbox 548 2692 666 2728; x_wconf 81' lang='lat' dir='ltr'><strong>porrigit</strong></span> <span class='ocrx_word' id='word_1_719' title='bbox 686 2691 849 2726; x_wconf 87' lang='lat' dir='ltr'><strong>lapsumque</strong></span> <span class='ocrx_word' id='word_1_720' title='bbox 872 2696 888 2716; x_wconf 85' lang='lat' dir='ltr'><strong>a</strong></span> <span class='ocrx_word' id='word_1_721' title='bbox 912 2695 978 2715; x_wconf 84' lang='lat' dir='ltr'><strong>casn</strong></span> 
     </span>
    </p>
   </div>
   <div class='ocr_carea' id='block_1_102' title="bbox 191 2733 979 2772">
    <p class='ocr_par' dir='ltr' id='par_1_102' title="bbox 191 2733 979 2772">
     <span class='ocr_line' id='line_1_102' title="bbox 191 2733 979 2772; baseline -0.005 -8"><span class='ocrx_word' id='word_1_722' title='bbox 191 2737 282 2772; x_wconf 86' lang='lat' dir='ltr'><strong>erigit.</strong></span> <span class='ocrx_word' id='word_1_723' title='bbox 295 2744 351 2764; x_wconf 91' lang='lat' dir='ltr'><strong>non</strong></span> <span class='ocrx_word' id='word_1_724' title='bbox 363 2741 454 2765; x_wconf 86' lang='lat' dir='ltr'><strong>autem</strong></span> <span class='ocrx_word' id='word_1_725' title='bbox 464 2745 525 2772; x_wconf 67' lang='lat' dir='ltr'><strong>qua:</strong></span> <span class='ocrx_word' id='word_1_726' title='bbox 537 2745 602 2766; x_wconf 80' lang='lat' dir='ltr'><strong>casu</strong></span> <span class='ocrx_word' id='word_1_727' title='bbox 613 2737 750 2772; x_wconf 85' lang='lat' dir='ltr'><strong>dejectnm</strong></span> <span class='ocrx_word' id='word_1_728' title='bbox 763 2736 856 2770; x_wconf 86' lang='lat' dir='ltr'><strong>jacere</strong></span> <span class='ocrx_word' id='word_1_729' title='bbox 872 2734 927 2762; x_wconf 86' lang='lat' dir='ltr'><strong>sint</strong></span> <span class='ocrx_word' id='word_1_730' title='bbox 937 2733 979 2761; x_wconf 77' lang='lat' dir='ltr'><strong>vel</strong></span> 
     </span>
    </p>
   </div>
   <div class='ocr_carea' id='block_1_103' title="bbox 187 2780 983 2818">
    <p class='ocr_par' dir='ltr' id='par_1_103' title="bbox 187 2780 983 2818">
     <span class='ocr_line' id='line_1_103' title="bbox 187 2780 983 2818; baseline -0.004 -8"><span class='ocrx_word' id='word_1_731' title='bbox 187 2783 283 2818; x_wconf 78' lang='lat' dir='ltr'><strong>potius</strong></span> <span class='ocrx_word' id='word_1_732' title='bbox 292 2782 321 2810; x_wconf 89' lang='lat' dir='ltr'><strong>in</strong></span> <span class='ocrx_word' id='word_1_733' title='bbox 327 2782 433 2810; x_wconf 75' lang='lat' dir='ltr'><strong>foveam</strong></span> <span class='ocrx_word' id='word_1_734' title='bbox 442 2783 540 2811; x_wconf 89' lang='lat' dir='ltr'><strong>misere</strong></span> <span class='ocrx_word' id='word_1_735' title='bbox 546 2783 676 2811; x_wconf 88' lang='lat' dir='ltr'><strong>detrudit.</strong></span> <span class='ocrx_word' id='word_1_736' title='bbox 689 2781 862 2816; x_wconf 83' lang='lat' dir='ltr'><strong>Dispensatio</strong></span> <span class='ocrx_word' id='word_1_737' title='bbox 868 2785 910 2808; x_wconf 81' lang='lat' dir='ltr'><strong>est</strong></span> <span class='ocrx_word' id='word_1_738' title='bbox 920 2780 983 2807; x_wconf 88' lang='lat' dir='ltr'><strong>imi-</strong></span> 
     </span>
    </p>
   </div>
   <div class='ocr_carea' id='block_1_104' title="bbox 189 2827 979 2862">
    <p class='ocr_par' dir='ltr' id='par_1_104' title="bbox 189 2827 979 2862">
     <span class='ocr_line' id='line_1_104' title="bbox 189 2827 979 2862; baseline -0.006 -5"><span class='ocrx_word' id='word_1_739' title='bbox 189 2830 257 2858; x_wconf 83' lang='lat' dir='ltr'><strong>tatio</strong></span> <span class='ocrx_word' id='word_1_740' title='bbox 266 2829 366 2858; x_wconf 65' lang='lat' dir='ltr'><strong>divinae</strong></span> <span class='ocrx_word' id='word_1_741' title='bbox 376 2829 518 2857; x_wconf 81' lang='lat' dir='ltr'><strong>charitatis</strong></span> <span class='ocrx_word' id='word_1_742' title='bbox 526 2837 588 2862; x_wconf 71' lang='lat' dir='ltr'><strong>qua:</strong></span> <span class='ocrx_word' id='word_1_743' title='bbox 598 2837 632 2857; x_wconf 67' lang='lat' dir='ltr'><strong>ex</strong></span> <span class='ocrx_word' id='word_1_744' title='bbox 639 2828 765 2856; x_wconf 79' lang='lat' dir='ltr'><strong>faucibus</strong></span> <span class='ocrx_word' id='word_1_745' title='bbox 776 2827 870 2855; x_wconf 64' lang='lat' dir='ltr'><strong>bestiae</strong></span> <span class='ocrx_word' id='word_1_746' title='bbox 885 2830 979 2854; x_wconf 84' lang='lat' dir='ltr'><strong>contra</strong></span> 
     </span>
    </p>
   </div>
   <div class='ocr_carea' id='block_1_105' title="bbox 191 2871 979 2913">
    <p class='ocr_par' dir='ltr' id='par_1_105' title="bbox 191 2871 979 2913">
     <span class='ocr_line' id='line_1_105' title="bbox 191 2871 979 2913; baseline -0.006 -9"><span class='ocrx_word' id='word_1_747' title='bbox 191 2883 243 2906; x_wconf 74' lang='lat' dir='ltr'><strong>nos</strong></span> <span class='ocrx_word' id='word_1_748' title='bbox 258 2876 393 2913; x_wconf 68' lang='lat' dir='ltr'><strong>rugienti:</strong></span> <span class='ocrx_word' id='word_1_749' title='bbox 408 2875 489 2912; x_wconf 83' lang='lat' dir='ltr'><strong>eripit</strong></span> <span class='ocrx_word' id='word_1_750' title='bbox 501 2883 564 2905; x_wconf 83' lang='lat' dir='ltr'><strong>cum</strong></span> <span class='ocrx_word' id='word_1_751' title='bbox 576 2876 624 2911; x_wconf 89' lang='lat' dir='ltr'><strong>qui</strong></span> <span class='ocrx_word' id='word_1_752' title='bbox 645 2875 673 2904; x_wconf 88' lang='lat' dir='ltr'><strong>iu</strong></span> <span class='ocrx_word' id='word_1_753' title='bbox 691 2882 723 2904; x_wconf 88' lang='lat' dir='ltr'><strong>eo</strong></span> <span class='ocrx_word' id='word_1_754' title='bbox 744 2878 869 2902; x_wconf 83' lang='lat' dir='ltr'><strong>versatur</strong></span> <span class='ocrx_word' id='word_1_755' title='bbox 887 2876 917 2900; x_wconf 91' lang='lat' dir='ltr'><strong>ut</strong></span> <span class='ocrx_word' id='word_1_756' title='bbox 945 2871 979 2900; x_wconf 87' lang='lat' dir='ltr'><strong>al)</strong></span> 
     </span>
    </p>
   </div>
   <div class='ocr_carea' id='block_1_106' title="bbox 1039 2268 1821 2309">
    <p class='ocr_par' dir='ltr' id='par_1_106' title="bbox 1039 2268 1821 2309">
     <span class='ocr_line' id='line_1_106' title="bbox 1039 2268 1821 2309; baseline -0.009 -9"><span class='ocrx_word' id='word_1_757' title='bbox 1039 2274 1139 2309; x_wconf 80' lang='grc' dir='ltr'>μηκέτι</span> <span class='ocrx_word' id='word_1_758' title='bbox 1158 2273 1302 2308; x_wconf 75' lang='grc' dir='ltr'>ἁμάρτανε</span> <span class='ocrx_word' id='word_1_759' title='bbox 1319 2279 1326 2287; x_wconf 83' lang='grc'><em>’</em></span> <span class='ocrx_word' id='word_1_760' title='bbox 1351 2271 1482 2305; x_wconf 60' lang='grc' dir='ltr'>πρόσχες,</span> <span class='ocrx_word' id='word_1_761' title='bbox 1507 2269 1545 2300; x_wconf 80' lang='grc' dir='ltr'><strong>ὡς</strong></span> <span class='ocrx_word' id='word_1_762' title='bbox 1562 2268 1673 2300; x_wconf 81' lang='grc' dir='ltr'>κωλύει,</span> <span class='ocrx_word' id='word_1_763' title='bbox 1687 2268 1738 2294; x_wconf 84' lang='grc' dir='ltr'>οὐκ</span> <span class='ocrx_word' id='word_1_764' title='bbox 1763 2268 1821 2294; x_wconf 74' lang='grc' dir='ltr'>ἔπι-</span> 
     </span>
    </p>
   </div>
   <div class='ocr_carea' id='block_1_107' title="bbox 1036 2313 1822 2353">
    <p class='ocr_par' dir='ltr' id='par_1_107' title="bbox 1036 2313 1822 2353">
     <span class='ocr_line' id='line_1_107' title="bbox 1036 2313 1822 2353; baseline -0.01 -6"><span class='ocrx_word' id='word_1_765' title='bbox 1036 2320 1132 2353; x_wconf 86' lang='grc' dir='ltr'>τρέπει</span> <span class='ocrx_word' id='word_1_766' title='bbox 1147 2319 1177 2345; x_wconf 71' lang='grc' dir='ltr'>τὸ</span> <span class='ocrx_word' id='word_1_767' title='bbox 1192 2316 1365 2352; x_wconf 77' lang='grc' dir='ltr'>ἁμαρτάνειν</span> <span class='ocrx_word' id='word_1_768' title='bbox 1382 2317 1440 2346; x_wconf 84' lang='grc' dir='ltr'>τοῖς</span> <span class='ocrx_word' id='word_1_769' title='bbox 1452 2315 1500 2342; x_wconf 76' lang='grc' dir='ltr'><strong>τοῦ</strong></span> <span class='ocrx_word' id='word_1_770' title='bbox 1518 2315 1612 2345; x_wconf 77' lang='grc' dir='ltr'>ἐλέους</span> <span class='ocrx_word' id='word_1_771' title='bbox 1635 2313 1719 2340; x_wconf 83' lang='grc' dir='ltr'>αὐτοῦ</span> <span class='ocrx_word' id='word_1_772' title='bbox 1736 2321 1822 2349; x_wconf 77' lang='grc' dir='ltr'>κατηο</span> 
     </span>
    </p>
   </div>
   <div class='ocr_carea' id='block_1_108' title="bbox 1037 2359 1820 2398">
    <p class='ocr_par' dir='ltr' id='par_1_108' title="bbox 1037 2359 1820 2398">
     <span class='ocr_line' id='line_1_108' title="bbox 1037 2359 1820 2398; baseline -0.008 -7"><span class='ocrx_word' id='word_1_773' title='bbox 1037 2361 1339 2398; x_wconf 78' lang='grc' dir='ltr'>ξιωμένοις.οΰμενουν</span> <span class='ocrx_word' id='word_1_774' title='bbox 1354 2361 1415 2387; x_wconf 77' lang='grc' dir='ltr'>οὐδὲ</span> <span class='ocrx_word' id='word_1_775' title='bbox 1429 2361 1544 2395; x_wconf 80' lang='grc' dir='ltr'>Πέτρος,</span> <span class='ocrx_word' id='word_1_776' title='bbox 1552 2359 1611 2385; x_wconf 77' lang='grc' dir='ltr'>ἀλλ’</span> <span class='ocrx_word' id='word_1_777' title='bbox 1626 2360 1687 2386; x_wconf 77' lang='grc' dir='ltr'>οὐδὲ</span> <span class='ocrx_word' id='word_1_778' title='bbox 1703 2359 1820 2392; x_wconf 81' lang='grc' dir='ltr'>Παῦλος,</span> 
     </span>
    </p>
   </div>
   <div class='ocr_carea' id='block_1_109' title="bbox 1036 2405 1820 2442">
    <p class='ocr_par' dir='ltr' id='par_1_109' title="bbox 1036 2405 1820 2442">
     <span class='ocr_line' id='line_1_109' title="bbox 1036 2405 1820 2442; baseline -0.005 -6"><span class='ocrx_word' id='word_1_779' title='bbox 1036 2409 1096 2436; x_wconf 77' lang='grc' dir='ltr'>οὐδέ</span> <span class='ocrx_word' id='word_1_780' title='bbox 1112 2417 1154 2440; x_wconf 91' lang='grc' dir='ltr'><strong>τις</strong></span> <span class='ocrx_word' id='word_1_781' title='bbox 1172 2407 1252 2438; x_wconf 76' lang='grc' dir='ltr'>ἄλλος</span> <span class='ocrx_word' id='word_1_782' title='bbox 1273 2406 1341 2433; x_wconf 67' lang='grc' dir='ltr'>ποτὶ</span> <span class='ocrx_word' id='word_1_783' title='bbox 1355 2405 1434 2440; x_wconf 71' lang='grc' dir='ltr'>ὤφθη</span> <span class='ocrx_word' id='word_1_784' title='bbox 1459 2405 1590 2440; x_wconf 80' lang='grc' dir='ltr'>παρορῶν</span> <span class='ocrx_word' id='word_1_785' title='bbox 1613 2405 1662 2440; x_wconf 70' lang='grc' dir='ltr'>μὲν</span> <span class='ocrx_word' id='word_1_786' title='bbox 1677 2406 1709 2433; x_wconf 86' lang='grc' dir='ltr'><strong>τδ</strong></span> <span class='ocrx_word' id='word_1_787' title='bbox 1728 2405 1820 2442; x_wconf 83' lang='grc' dir='ltr'>ἀμάρ-</span> 
     </span>
    </p>
   </div>
   <div class='ocr_carea' id='block_1_110' title="bbox 1035 2439 1830 2489">
    <p class='ocr_par' dir='ltr' id='par_1_110' title="bbox 1035 2439 1830 2489">
     <span class='ocr_line' id='line_1_110' title="bbox 1035 2439 1830 2489; baseline -0.005 -8"><span class='ocrx_word' id='word_1_788' title='bbox 1035 2462 1123 2489; x_wconf 84' lang='grc' dir='ltr'>τημα,</span> <span class='ocrx_word' id='word_1_789' title='bbox 1137 2452 1177 2488; x_wconf 85' lang='grc' dir='ltr'>τῷ</span> <span class='ocrx_word' id='word_1_790' title='bbox 1189 2452 1217 2479; x_wconf 85' lang='grc' dir='ltr'>δὲ</span> <span class='ocrx_word' id='word_1_791' title='bbox 1232 2439 1418 2486; x_wconf 81' lang='grc' dir='ltr'>ἁμαρτάνοντι</span> <span class='ocrx_word' id='word_1_792' title='bbox 1429 2439 1466 2477; x_wconf 72' lang='grc' dir='ltr'>τὸ</span> <span class='ocrx_word' id='word_1_793' title='bbox 1481 2439 1628 2477; x_wconf 80' lang='grc' dir='ltr'>ἀνεύθυνον</span> <span class='ocrx_word' id='word_1_794' title='bbox 1653 2439 1830 2485; x_wconf 36' lang='lat' dir='ltr'><strong>transitio-ll</strong></span> 
     </span>
    </p>
   </div>
   <div class='ocr_carea' id='block_1_111' title="bbox 1038 2496 1820 2534">
    <p class='ocr_par' dir='ltr' id='par_1_111' title="bbox 1038 2496 1820 2534">
     <span class='ocr_line' id='line_1_111' title="bbox 1038 2496 1820 2534; baseline -0.003 -9"><span class='ocrx_word' id='word_1_795' title='bbox 1038 2508 1128 2534; x_wconf 72' lang='grc' dir='ltr'>μενος.</span> <span class='ocrx_word' id='word_1_796' title='bbox 1147 2498 1203 2527; x_wconf 88' lang='grc' dir='ltr'>Ποῦ</span> <span class='ocrx_word' id='word_1_797' title='bbox 1222 2497 1324 2531; x_wconf 85' lang='grc' dir='ltr'>ταύτην</span> <span class='ocrx_word' id='word_1_798' title='bbox 1343 2497 1393 2531; x_wconf 81' lang='grc' dir='ltr'><strong>τὴν</strong></span> <span class='ocrx_word' id='word_1_799' title='bbox 1411 2497 1512 2524; x_wconf 81' lang='grc' dir='ltr'>ἄτοπον</span> <span class='ocrx_word' id='word_1_800' title='bbox 1534 2497 1691 2532; x_wconf 73' lang='grc' dir='ltr'>οἰκονομίαν</span> <span class='ocrx_word' id='word_1_801' title='bbox 1708 2496 1820 2532; x_wconf 68' lang='grc' dir='ltr'>ἐξεῦρες</span> 
     </span>
    </p>
   </div>
   <div class='ocr_carea' id='block_1_112' title="bbox 1035 2542 1821 2580">
    <p class='ocr_par' dir='ltr' id='par_1_112' title="bbox 1035 2542 1821 2580">
     <span class='ocr_line' id='line_1_112' title="bbox 1035 2542 1821 2580; baseline -0.004 -8"><span class='ocrx_word' id='word_1_802' title='bbox 1035 2545 1085 2580; x_wconf 84' lang='grc' dir='ltr'>τὴν</span> <span class='ocrx_word' id='word_1_803' title='bbox 1097 2545 1148 2572; x_wconf 82' lang='grc' dir='ltr'>οὐκ</span> <span class='ocrx_word' id='word_1_804' title='bbox 1176 2542 1382 2578; x_wconf 80' lang='grc' dir='ltr'>ὲλαφρύνουσαν</span> <span class='ocrx_word' id='word_1_805' title='bbox 1395 2543 1425 2569; x_wconf 85' lang='grc' dir='ltr'>τὸ</span> <span class='ocrx_word' id='word_1_806' title='bbox 1443 2543 1527 2578; x_wconf 87' lang='grc' dir='ltr'>βάρος</span> <span class='ocrx_word' id='word_1_807' title='bbox 1549 2543 1597 2570; x_wconf 88' lang='grc' dir='ltr'><strong>τοῦ</strong></span> <span class='ocrx_word' id='word_1_808' title='bbox 1621 2544 1821 2579; x_wconf 76' lang='grc' dir='ltr'>ἁμαρτήματος</span> 
     </span>
    </p>
   </div>
   <div class='ocr_carea' id='block_1_113' title="bbox 1036 2589 1819 2627">
    <p class='ocr_par' dir='ltr' id='par_1_113' title="bbox 1036 2589 1819 2627">
     <span class='ocr_line' id='line_1_113' title="bbox 1036 2589 1819 2627; baseline -0.005 -8"><span class='ocrx_word' id='word_1_809' title='bbox 1036 2592 1105 2619; x_wconf 80' lang='grc' dir='ltr'>ἀλλὰ</span> <span class='ocrx_word' id='word_1_810' title='bbox 1118 2590 1270 2627; x_wconf 86' lang='grc' dir='ltr'>βαρύτερον</span> <span class='ocrx_word' id='word_1_811' title='bbox 1289 2589 1354 2616; x_wconf 69' lang='grc' dir='ltr'>αὐτὸ</span> <span class='ocrx_word' id='word_1_812' title='bbox 1367 2589 1518 2622; x_wconf 86' lang='grc' dir='ltr'>ποιοῦσαν;</span> <span class='ocrx_word' id='word_1_813' title='bbox 1543 2590 1593 2624; x_wconf 85' lang='grc' dir='ltr'>τὴν</span> <span class='ocrx_word' id='word_1_814' title='bbox 1614 2589 1652 2624; x_wconf 81' lang='grc' dir='ltr'>μὴ</span> <span class='ocrx_word' id='word_1_815' title='bbox 1669 2589 1819 2620; x_wconf 81' lang='grc' dir='ltr'>σώζουσαν,</span> 
     </span>
    </p>
   </div>
   <div class='ocr_carea' id='block_1_114' title="bbox 1035 2634 1821 2672">
    <p class='ocr_par' dir='ltr' id='par_1_114' title="bbox 1035 2634 1821 2672">
     <span class='ocr_line' id='line_1_114' title="bbox 1035 2634 1821 2672; baseline -0.006 -7"><span class='ocrx_word' id='word_1_816' title='bbox 1035 2637 1105 2665; x_wconf 82' lang='grc' dir='ltr'>ἀλλὰ</span> <span class='ocrx_word' id='word_1_817' title='bbox 1124 2637 1157 2672; x_wconf 82' lang='grc' dir='ltr'>τῇ</span> <span class='ocrx_word' id='word_1_818' title='bbox 1173 2635 1297 2671; x_wconf 72' lang='grc' dir='ltr'>ἀπωλείᾳ</span> <span class='ocrx_word' id='word_1_819' title='bbox 1312 2635 1529 2670; x_wconf 78' lang='grc' dir='ltr'>παραδιδοῦσαν;</span> <span class='ocrx_word' id='word_1_820' title='bbox 1546 2635 1596 2669; x_wconf 83' lang='grc' dir='ltr'>τὴν</span> <span class='ocrx_word' id='word_1_821' title='bbox 1618 2635 1656 2669; x_wconf 82' lang='grc' dir='ltr'>μὴ</span> <span class='ocrx_word' id='word_1_822' title='bbox 1672 2634 1821 2669; x_wconf 86' lang='grc' dir='ltr'>καθαίρου-</span> 
     </span>
    </p>
   </div>
   <div class='ocr_carea' id='block_1_115' title="bbox 1036 2681 1820 2716">
    <p class='ocr_par' dir='ltr' id='par_1_115' title="bbox 1036 2681 1820 2716">
     <span class='ocr_line' id='line_1_115' title="bbox 1036 2681 1820 2716; baseline -0.004 -6"><span class='ocrx_word' id='word_1_823' title='bbox 1036 2692 1096 2716; x_wconf 88' lang='grc' dir='ltr'>σαν,</span> <span class='ocrx_word' id='word_1_824' title='bbox 1108 2682 1167 2710; x_wconf 67' lang='grc' dir='ltr'>ἀλλ’</span> <span class='ocrx_word' id='word_1_825' title='bbox 1192 2682 1240 2708; x_wconf 74' lang='grc' dir='ltr'><strong>ἐπὶ</strong></span> <span class='ocrx_word' id='word_1_826' title='bbox 1261 2682 1343 2708; x_wconf 77' lang='grc' dir='ltr'>πλέον</span> <span class='ocrx_word' id='word_1_827' title='bbox 1358 2681 1405 2708; x_wconf 81' lang='grc' dir='ltr'><strong>τὸν</strong></span> <span class='ocrx_word' id='word_1_828' title='bbox 1428 2681 1515 2716; x_wconf 77' lang='grc' dir='ltr'>ῥύπον</span> <span class='ocrx_word' id='word_1_829' title='bbox 1536 2682 1748 2716; x_wconf 75' lang='grc' dir='ltr'>προστιθεῖσανς</span> <span class='ocrx_word' id='word_1_830' title='bbox 1771 2681 1820 2712; x_wconf 86' lang='grc' dir='ltr'>Τίς</span> 
     </span>
    </p>
   </div>
   <div class='ocr_carea' id='block_1_116' title="bbox 1035 2726 1818 2764">
    <p class='ocr_par' dir='ltr' id='par_1_116' title="bbox 1035 2726 1818 2764">
     <span class='ocr_line' id='line_1_116' title="bbox 1035 2726 1818 2764; baseline -0.003 -8"><span class='ocrx_word' id='word_1_831' title='bbox 1035 2737 1100 2756; x_wconf 79' lang='grc' dir='ltr'>ποτε</span> <span class='ocrx_word' id='word_1_832' title='bbox 1118 2727 1245 2764; x_wconf 86' lang='grc' dir='ltr'>τοιαύτην</span> <span class='ocrx_word' id='word_1_833' title='bbox 1265 2727 1422 2761; x_wconf 83' lang='grc' dir='ltr'>οἰκονομίαν</span> <span class='ocrx_word' id='word_1_834' title='bbox 1442 2726 1507 2762; x_wconf 79' lang='grc' dir='ltr'>ἄχρι</span> <span class='ocrx_word' id='word_1_835' title='bbox 1529 2727 1577 2753; x_wconf 88' lang='grc' dir='ltr'><strong>τοῦ</strong></span> <span class='ocrx_word' id='word_1_836' title='bbox 1600 2727 1648 2764; x_wconf 49' lang='grc' dir='ltr'>νῦν</span> <span class='ocrx_word' id='word_1_837' title='bbox 1665 2727 1753 2761; x_wconf 75' lang='grc' dir='ltr'>ἔγνω;</span> <span class='ocrx_word' id='word_1_838' title='bbox 1771 2728 1818 2754; x_wconf 89' lang='grc' dir='ltr'><strong>Οἰ-</strong></span> 
     </span>
    </p>
   </div>
   <div class='ocr_carea' id='block_1_117' title="bbox 1035 2772 1818 2810">
    <p class='ocr_par' dir='ltr' id='par_1_117' title="bbox 1035 2772 1818 2810">
     <span class='ocr_line' id='line_1_117' title="bbox 1035 2772 1818 2810; baseline -0.003 -9"><span class='ocrx_word' id='word_1_839' title='bbox 1035 2774 1150 2810; x_wconf 82' lang='grc' dir='ltr'>κονομία</span> <span class='ocrx_word' id='word_1_840' title='bbox 1174 2773 1224 2808; x_wconf 70' lang='grc' dir='ltr'>μὲν</span> <span class='ocrx_word' id='word_1_841' title='bbox 1246 2772 1301 2808; x_wconf 81' lang='grc' dir='ltr'>γὰρ</span> <span class='ocrx_word' id='word_1_842' title='bbox 1325 2772 1501 2807; x_wconf 84' lang='grc' dir='ltr'>σωτηριώδης</span> <span class='ocrx_word' id='word_1_843' title='bbox 1527 2773 1588 2800; x_wconf 74' lang='grc' dir='ltr'>ἐστὶ</span> <span class='ocrx_word' id='word_1_844' title='bbox 1604 2772 1818 2806; x_wconf 77' lang='grc' dir='ltr'>συγκατάὸασις,</span> 
     </span>
    </p>
   </div>
   <div class='ocr_carea' id='block_1_118' title="bbox 1034 2818 1819 2855">
    <p class='ocr_par' dir='ltr' id='par_1_118' title="bbox 1034 2818 1819 2855">
     <span class='ocr_line' id='line_1_118' title="bbox 1034 2818 1819 2855; baseline -0.004 -6"><span class='ocrx_word' id='word_1_845' title='bbox 1034 2821 1159 2854; x_wconf 72' lang='grc' dir='ltr'>σώζουσα</span> <span class='ocrx_word' id='word_1_846' title='bbox 1169 2819 1214 2847; x_wconf 79' lang='grc' dir='ltr'><strong>τὸν</strong></span> <span class='ocrx_word' id='word_1_847' title='bbox 1227 2819 1422 2855; x_wconf 74' lang='grc' dir='ltr'>ἡμαρτηκότα,</span> <span class='ocrx_word' id='word_1_848' title='bbox 1438 2819 1517 2854; x_wconf 81' lang='grc' dir='ltr'>χεῖρα</span> <span class='ocrx_word' id='word_1_849' title='bbox 1540 2818 1667 2853; x_wconf 82' lang='grc' dir='ltr'>βοηθείας</span> <span class='ocrx_word' id='word_1_850' title='bbox 1683 2819 1819 2854; x_wconf 81' lang='grc' dir='ltr'>ὀρέγουσα</span> 
     </span>
    </p>
   </div>
   <div class='ocr_carea' id='block_1_119' title="bbox 1034 2864 1819 2900">
    <p class='ocr_par' dir='ltr' id='par_1_119' title="bbox 1034 2864 1819 2900">
     <span class='ocr_line' id='line_1_119' title="bbox 1034 2864 1819 2900; baseline -0.009 -4"><span class='ocrx_word' id='word_1_851' title='bbox 1034 2870 1082 2896; x_wconf 76' lang='grc' dir='ltr'>καὶ</span> <span class='ocrx_word' id='word_1_852' title='bbox 1106 2866 1244 2895; x_wconf 81' lang='grc' dir='ltr'>ἀνιστῶσα</span> <span class='ocrx_word' id='word_1_853' title='bbox 1263 2864 1310 2892; x_wconf 88' lang='grc' dir='ltr'><strong>τοῦ</strong></span> <span class='ocrx_word' id='word_1_854' title='bbox 1331 2865 1477 2900; x_wconf 85' lang='grc' dir='ltr'>πτώματος</span> <span class='ocrx_word' id='word_1_855' title='bbox 1493 2864 1538 2892; x_wconf 72' lang='grc' dir='ltr'><strong>τὸν</strong></span> <span class='ocrx_word' id='word_1_856' title='bbox 1564 2865 1692 2898; x_wconf 80' lang='grc' dir='ltr'>πεσόντα,</span> <span class='ocrx_word' id='word_1_857' title='bbox 1705 2865 1765 2899; x_wconf 76' lang='grc' dir='ltr'><strong>οὐχὶ</strong></span> <span class='ocrx_word' id='word_1_858' title='bbox 1780 2864 1819 2899; x_wconf 80' lang='grc' dir='ltr'><strong>τῷ</strong></span> 
     </span>
    </p>
   </div>
  </div>
