2009 3078
148 219 196 250 213

868 219 1074 250 EPlS'l‘OLzE.

1715 218 1767 251 2M

147 274 272 309 πτώματι
309 274 496 308 ἐπιτρέπουσα
533 274 652 306 κεῖσθαι,
684 273 784 308 μᾶλλον
808 273 836 301 δὲ
864 274 932 310 πρὸς

996 276 1038 304 llis
1053 275 1244 303 absorbeatur.
1259 276 1381 310 Eripitur
1401 280 1498 304 autem.
1516 284 1567 304 non
1589 277 1635 312 qui
1658 281 1770 311 Peecato

147 319 262 346 ἐλεεινὸν
279 320 417 355 βάραθρον
444 321 613 347 συνωθοῦοα.
631 321 779 355 Οἱκονομία
799 321 858 347 ἐστὶ
884 321 929 355 μί-

147 373 228 400 μησις
243 366 293 398 τῆς
305 365 382 398 θείας
400 366 618 402 φιλανθρωπίας,
636 367 801 401 άρπάζουσα
818 367 851 393 ὲκ
870 367 932 393 στό-

985 322 1126 356 indulget,
1149 321 1197 349 sed
1213 321 1259 356 qui
1279 322 1378 350 divina:
1405 323 1617 358 dispensationis
1637 321 1770 350 beneficio

986 367 1081 402 procul
1096 366 1204 402 aufugit
1221 372 1248 394 ct
1265 367 1337 395 illius
1352 369 1512 396 instantiam
1532 369 1663 396 declinat.

147 420 229 444 ματος
244 412 291 439 τοῦ
302 412 362 439 καθ’
378 413 456 447 ἡμῶν
466 412 623 448 ὠρυομένου
641 412 723 448 θηρὸς
736 413 781 440 τὸν
793 412 926 447 μέλλοντα
946 413 985 448 τῷ
1020 413 1126 439 ἐκείνου
1142 412 1257 448 ὀλεθρίῳ
1276 415 1476 441 κατατείνεσθαι
1517 415 1644 450 στόματι.
1667 413 1771 449 Ἁρπά-

147 456 220 487 (sui
235 457 265 484 δὲ
282 458 392 490 πάντως
408 459 457 493 οὐχ
472 460 486 485 ό
501 459 629 494 πράττων
644 459 693 494 τὴν
704 459 855 494 ἁμαρτίαν,
885 459 944 486 ἀλλ’
965 461 978 486 ὁ
991 460 1095 495 ταύτης
1115 459 1177 495 θεία
1208 460 1313 496 μεθίδῳ
1345 460 1396 495 τῆς
1421 461 1579 496 οἰκονομίας
1604 461 1698 496 πόρρω
1721 468 1770 488 κατ

145 506 256 539 ταστὰς,
269 508 316 534 καὶ
330 507 380 543 τὴν
396 507 487 540 δίωξιν
503 508 590 543 αὐτῆς
607 509 769 541 ἀποκλίνας.

181 552 211 578 Εἰ
227 552 277 587 μὲν
288 550 335 579 οὖν
349 553 378 579 τὸ
393 555 509 588 πρᾶγμα
531 555 567 589 μή
584 555 658 581 ἐστιν
677 555 842 590 ἁμάρτημα,
862 555 930 590 μηδὲ

147 598 258 632 πορνεία
272 600 288 633 ἡ
304 600 489 634 τιτραγαμία,
506 601 607 635 μᾶλλον
626 601 653 627 δὲ
683 601 766 628 πλέον
790 603 930 637 πορνείας,

147 643 213 671 ἀλλά
243 644 293 679 τὴν
310 645 391 679 φύσιν
417 646 520 681 ταύτης
536 647 701 681 ἐνήλλαξας;
722 648 772 674 Σδν
794 648 818 674 δ’
837 648 870 674 ἂν
887 648 931 682 εἴη

147 689 193 714 καὶ
209 688 288 716 τοῦτο
303 689 333 716 τὺ
346 690 486 725 τόλμημα,
501 690 532 717 τὸ
547 691 598 726 τὴν
620 691 759 726 ἁμαρτίαν
781 692 820 728 μὴ
844 693 933 719 δοκεῖν

147 733 284 769 ἁμαρτίαν
305 735 443 769 νομίζειν·
461 735 540 767 ἄλλος
563 736 597 762 ἂν
624 737 667 772 εἴη
689 737 780 771 λόγος,
796 738 826 764 ὃν
848 739 929 773 lutei;

146 779 207 807 οὔτε
228 780 411 816 γινώσκομεν,
433 781 496 808 οὔτε
518 782 698 815 γνωσόμεθαο
718 783 756 819 μὴ
770 784 798 812 δὲ
811 783 866 819 γὰρ
886 785 932 818 γέ-

146 834 220 853 νοιτο
245 826 367 853 τοιοῦτον
383 827 458 862 ἡμᾶς
479 828 597 862 πονηρὸν
614 828 730 863 μάθημα
754 831 867 864 γνῶναι,
891 830 933 856 ὃτι

147 871 176 897 rh
193 871 364 907 ἁμαρτάνειν
377 872 427 899 οὐκ
451 872 526 899 ἔστιν
541 872 722 908 ἁμαρτάνειν.
739 874 770 900 Εἰ
781 874 804 900 δ’
820 874 859 906 ὡς
874 874 933 900 ἐστι

147 916 265 950 φύσεως,
275 916 361 949 οὕτως
377 917 426 945 καὶ
437 917 570 953 διαμένει,
579 919 627 946 καὶ
641 919 728 950 οὐδεὶς
742 919 808 946 αὐτὸ
819 920 932 947 δύναται

146 961 298 997 διαμείὸειν
307 962 417 998 τρόπος.
431 951 492 990 οὐδέ
503 963 551 998 τὴν
565 964 694 999 πορνείαν
706 966 794 992 ποιεῖν
808 964 846 1000 μὴ
862 963 932 992 εἶναι
950 951 970 978 Β

148 1008 289 1044 πορνείαν,
308 1009 355 1035 καὶ
369 1009 420 1044 τὴν
435 1007 591 1042 ἀσέλγειαν,
607 1009 656 1036 καὶ
675 1010 722 1036 τὸν
747 1010 872 1046 κτηνώδη
887 1010 934 1037 καὶ

147 1054 192 1081 τδν
212 1053 330 1089 χοιρώδη
352 1053 449 1089 βίον,ἢ
468 1053 550 1081 τοῦτο
567 1052 638 1081 εῖναι
652 1055 721 1090 ὅπερ
740 1056 800 1082 ἐστὶ
817 1057 864 1083 καὶ
889 1056 932 1083 λέι

147 1098 238 1134 γεται,
257 1100 299 1131 τίς
316 1100 332 1134 ἡ
351 1090 513 1134 παράδοξος,
534 1099 635 1135 μᾶλλον
650 1101 678 1127 δὲ
691 1101 814 1136 ὀλέθριος
829 1103 935 1129 οἰκονο-

149 1145 208 1181 μία,
224 1146 286 1181 ἥτις
302 1145 477 1181 ᾠκονόμηται
495 1154 537 1173 σοι
558 1146 605 1172 ἐπὶ
619 1147 651 1181 τῇ
671 1147 705 1182 σῇ
722 1147 772 1181 μὲν
792 1147 936 1181 καταγνώ-

149 1200 201 1225 σει,
223 1192 269 1219 ἀπὶ
299 1191 443 1227 βαρυτέρῳ
456 1191 484 1218 δὲ
498 1193 685 1227 κατακρίματι
715 1192 762 1219 τοῦ
792 1192 936 1224 δοκοῦντος

148 1239 191 1266 ιπ¹
208 1238 282 1273 αὑτῷ
293 1238 524 1273 διοικονομεῖσθαί
540 1247 581 1265 σοι
595 1239 626 1265 τὸ
641 1238 828 1273 ἀσελγαίνεινς
842 1239 934 1266 Κακθιν

150 1284 199 1320 μὲν
219 1285 267 1311 καὶ
279 1283 366 1315 ἄλλως
381 1283 514 1316 ἀπώλεια,
528 1284 578 1311 κᾶν
592 1284 638 1311 ὑπ’
653 1285 764 1319 ἀγνοίας
776 1285 816 1317 εἰς
832 1285 936 1321 ταύτην

149 1330 427 1366 περιπίπτωμεν-τὸ
445 1330 474 1356 δὲ
504 1330 552 1357 καὶ
577 1330 649 1364 μετὰ
665 1331 763 1366 τέχνης
790 1332 838 1358 καὶ
867 1333 937 1367 μετὰ

150 1377 326 1410 σοφισμάτων
345 1376 414 1409 πρὸς
427 1375 532 1410 ταύτην
547 1376 644 1403 ὲαυτδν
659 1376 785 1410 ὑπάγειν,
805 1377 890 1404 πόσου
903 1377 936 1404 ἄν

148 1430 192 1454 τις
211 1420 297 1448 κακοῦ
317 1420 522 1456 ἀριθμήσεταις
542 1420 615 1454 Ἐγὼ
637 1421 687 1456 μὲν
702 1423 749 1447 καὶ
769 1422 795 1448 εί
814 1429 855 1453 τις
873 1422 937 1457 ἐμοὶ

150 1468 285 1499 πείθοιτο,
300 1467 400 1502 μᾶλλον
421 1465 451 1493 δὲ
467 1468 523 1498 τοῖς
552 1467 635 1500 ἱεροῖς
659 1467 763 1502 νόμοις,
780 1469 828 1494 καὶ
852 1469 936 1502 μετά-

149 1523 225 1542 νοιαν
250 1514 420 1549 ἀποδέχομαι
447 1514 503 1540 τῶν
523 1514 749 1549 ἁμαρτανόντων,
766 1515 813 1542 καὶ
836 1515 938 1542 οἰκονο-

155 1561 220 1596 μίαν
235 1561 282 1587 ὲπὶ
305 1560 412 1591 τούτοις
427 1559 516 1594 κυρῶ,
534 1559 602 1586 ἀλλὰ
616 1560 665 1595 τὴν
676 1560 829 1593 ἀπρακτεῖν
845 1559 939 1587 ποιοῦ-

1018 554 1047 581 Si
1064 562 1108 582 res
1124 555 1175 582 ista
1199 562 1254 581 non
1272 558 1315 580 est
1336 557 1477 588 peccatum
1488 572 1495 582 .
1521 551 1544 579 si
1559 555 1686 586 quartum
1702 558 1770 579 con-

983 601 1096 628 nubium
1112 609 1165 628 non
1182 600 1340 632 fornicatio,
1359 599 1414 626 imo
1432 599 1492 633 plus
1505 605 1586 632 quam
1605 597 1748 625 foruicatio
1763 605 1770 624 :

983 653 1010 674 tu
1034 656 1100 683 ergo
1117 647 1176 682 ejus
1203 646 1321 674 indolem
1339 645 1511 673 immutasti?
1536 643 1565 671 ln
1586 648 1662 672 tuum
1681 649 1770 672 autem

983 699 1065 728 caput
1088 694 1195 721 recidat
1218 701 1316 721 ausum
1334 692 1407 720 istud
1422 699 1477 726 quo
1494 695 1636 726 peccatum
1653 698 1706 718 non
1723 698 1772 725 pro

983 745 1094 776 peccato
1114 740 1267 768 habendum
1291 739 1389 766 deﬁnis
1406 747 1413 766 :
1430 738 1547 765 fortasse
1568 737 1642 764 aliud
1664 736 1773 765 exsistit

982 791 1158 822 praeceptum,
1180 786 1252 821 quod
1269 792 1319 813 nos
1334 785 1473 812 nescimus
1489 790 1651 818 semperque
1670 782 1774 811 nescie-

982 841 1066 860 mus:
1093 831 1165 860 Deus
1194 831 1266 859 enim
1294 835 1399 858 avertat
1422 834 1451 857 ut
1475 836 1596 864 unquam
1621 828 1773 856 doctrinam

984 885 1094 912 pravam
1124 877 1298 905 addisCamus
1323 884 1376 912 qua
1402 875 1524 904 sancitur
1551 879 1690 910 peccatum
1719 881 1773 900 non

984 930 1043 950 esse
1069 927 1222 958 peccaturo.
1250 922 1280 949 Si
1304 930 1368 949 vero
1394 930 1455 957 quae
1478 925 1521 949 est
1546 925 1640 948 natura
1659 919 1773 954 peccati,

986 976 1093 1004 semper
1108 969 1201 996 eadem
1217 968 1269 996 erit
1293 976 1380 1002 neque
1405 968 1459 995 ullo
1475 967 1555 994 modo
1570 965 1709 993 immutari
1725 972 1774 999 po-

987 1019 1050 1046 test,
1077 1015 1113 1042 ita
1140 1019 1170 1042 ut
1189 1013 1398 1041 fornicationem
1423 1020 1476 1039 non
1494 1011 1698 1039 fornicationem
1715 1017 1775 1036 esse

987 1067 1125 1095 nunquam
1148 1059 1203 1087 dici
1217 1064 1311 1095 queat,
1327 1062 1373 1086 aut
1390 1058 1542 1089 lasciviam,
1563 1062 1590 1084 et
1608 1057 1690 1084 vitam
1707 1055 1774 1082 bru-

987 1106 1066 1133 tdem
1092 1109 1119 1133 et
1142 1106 1248 1133 suinam
1274 1105 1346 1133 aliud
1371 1105 1436 1139 quid
1460 1111 1542 1138 quam
1564 1103 1638 1138 quod
1656 1109 1719 1130 vere
1734 1106 1776 1129 est

986 1156 1013 1178 et
1037 1155 1150 1177 vocatur
1175 1159 1181 1177 :
1201 1157 1328 1185 quamam
1358 1150 1508 1184 paradoxa,
1535 1147 1591 1175 imo
1622 1146 1773 1181 perniciosa

986 1196 1154 1230 dispensatio
1168 1199 1221 1227 est,
1238 1202 1321 1229 quam
1341 1194 1408 1221 fucis
1422 1195 1450 1220 in
1467 1198 1541 1220 tuam
1558 1191 1774 1221 damnationem,

987 1242 1073 1269 multo
1098 1241 1184 1276 magis
1209 1244 1300 1268 autem
1323 1240 1350 1267 in
1376 1239 1632 1267 condemnationem
1646 1237 1706 1273 ejus
1728 1237 1774 1271 qui

987 1287 1190 1322 dispensatione
1207 1290 1252 1314 tua
1281 1285 1423 1313 luxuriose
1439 1284 1530 1311 vivere
1547 1283 1598 1312 sibi
1619 1283 1675 1318 jam
1700 1286 1777 1317 putat

987 1333 1091 1362 licere?
1118 1333 1211 1360 l‘erire
1237 1339 1346 1367 semper
1368 1330 1438 1358 mala
1465 1337 1508 1357 res
1535 1333 1586 1361 est,
1608 1327 1715 1356 etiamsi
1730 1335 1776 1362 per

989 1380 1167 1415 ignorantiam
1189 1384 1352 1413 pereamus;
1382 1377 1428 1405 scd
1455 1376 1583 1404 allhibitis
1597 1374 1713 1410 argutiis
1734 1379 1776 1402 at-

988 1433 1041 1460 que
1056 1424 1182 1452 artificiis
1198 1424 1230 1450 ad
1249 1424 1356 1451 ruinam
1374 1422 1451 1453 ferri.
1477 1426 1609 1456 quantum
1633 1429 1695 1449 esse
1719 1428 1777 1448 ma-

990 1471 1046 1498 lum
1072 1468 1263 1504 reputabitur?
1286 1468 1342 1503 Ego
1368 1475 1488 1503 quoque,
1513 1467 1535 1495 si
1554 1467 1617 1502 quis
1635 1466 1712 1497 mihi,
1733 1467 1775 1493 Vel

990 1515 1081 1550 potius
1104 1512 1191 1542 sacris
1220 1512 1372 1540 canonibus
1390 1513 1469 1539 tidem
1496 1511 1615 1542 adhibet,
1642 1512 1775 1545 paeniten-

991 1559 1055 1586 tiam
1072 1562 1247 1593 peccatorum
1264 1558 1388 1588 admitto.
1414 1562 1441 1584 et
1463 1556 1693 1591 dispensationem
1709 1563 1776 1583 cou-

154 1615 220 1639 σαν,
248 1606 279 1633 οὐ
309 1606 359 1640 τὴν
388 1605 561 1640 ἐνεργεῖσθαι
593 1605 860 1639 παρασκευάζουσαν
888 1605 939 1640 τὴν

993 1605 1069 1634 cedo.
1090 1605 1135 1632 sed
1150 1612 1209 1631 eam
1225 1612 1285 1638 quae
1302 1611 1316 1630 a
1336 1602 1453 1638 peccatis
1467 1602 1597 1629 desistere
1613 1601 1699 1636 jubet,
1721 1609 1776 1628 non

151 1651 302 1688 ἁμαρτίαν.
324 1650 472 1678 Ἀδύνατον
489 1649 543 1685 γὰρ
557 1650 608 1684 τῆς
633 1650 773 1686 ἁμαρτίας
799 1650 938 1677 ἐπιτελου-

152 1698 237 1732 μένης
255 1697 302 1724 καὶ
328 1695 471 1731 διηνεκῶς,
489 1697 643 1731 οἰκονομεῖν
666 1704 692 1722 τι
717 1696 785 1732 πρὸς
799 1696 938 1731 σωτηρίαν

151 1742 356 1778 ὑπολαμῦάνιιν
385 1741 432 1768 τὸν
459 1741 552 1768 ἄδειαν
581 1741 656 1776 αὑτῷ
687 1742 879 1777 παρεχόμενον
905 1742 939 1776 τῇ

153 1789 275 1824 ἁμαρτίᾳ
291 1788 392 1823 συζῇν·
414 1788 630 1822 εἰρωνευομένου
655 1788 710 1823 γὰρ
725 1787 805 1814 τοῦτο
826 1787 938 1822 μᾶλλον,

152 1835 203 1862 οὒκ
212 1833 429 1869 οίκονομοῦντος,
439 1835 487 1861 καὶ
499 1834 644 1866 παίζοντος
654 1834 703 1869 τὴν
719 1835 768 1870 τῆς
782 1833 942 1868 οἰκονομίας

155 1878 294 1914 βοήθειαν.

188 1925 222 1952 Τί
243 1925 283 1952 ἱτι
301 1925 347 1953 ἐπὶ
367 1925 538 1961 προλαϐόντα
562 1925 656 1952 λοιπὸν
682 1925 729 1952 καὶ
746 1925 849 1961 ἀρχαῖά
869 1932 941 1957 τινες

154 1970 359 2005 καταφεύγουσι
386 1966 602 2006 πράγματα,ὧν
628 1970 739 1997 ἀτόπων
763 1970 942 2005 ὑπαρχόντων

154 2017 180 2042 οἱ
196 2016 256 2042 τῦτε
271 2015 406 2050 παρόντες
426 2017 455 2041 ὲν
472 2015 522 2050 βίῳ
543 2015 709 2050 ὴνὲσχοντο;
732 2014 805 2049 Ἐγὼ
825 2015 854 2041 δὲ
869 2015 944 2050 πρῶ-

154 2061 202 2087 τόν
213 2068 285 2095 φημι
298 2059 337 2091 ὡς
356 2059 406 2086 οὐκ
420 2059 542 2093 ἀσφαλὲς
557 2060 650 2091 αὐτοῖς
670 2061 730 2086 ἐκεῖ
745 2060 941 2094 καταφεύγειν,

155 2102 187 2132 οὗ
207 2106 275 2141 μήτε
301 2104 377 2132 θείαν
407 2104 498 2139 ψῆφον
523 2105 738 2140 πολιτευομένην
760 2106 856 2141 ὁρῶσι,
875 2106 943 2140 μήτε

157 2151 249 2186 κρίσιν
267 2150 296 2184 ἐξ
312 2150 465 2185 ἀνθρώπων
487 2151 688 2185 ἐπαινουμένην
706 2159 713 2166 ·
734 2150 793 2182 πῶς
813 2151 835 2177 δ’
850 2150 885 2178 ἂν
900 2151 943 2185 εἴη

157 2197 226 2223 θεοῦ
254 2196 354 2231 ψῆφος,
376 2196 392 2231 ἢ
417 2195 513 2232 γνώμη
540 2195 694 2230 ἀνθρώπων
719 2197 766 2224 ἐπὶ
798 2197 944 2232 πράγμασι

158 2241 336 2279 προξενο-ὖσιν
365 2242 511 2277 αἰσχύνην,
529 2241 662 2276 μέμψεως
681 2241 710 2268 δὲ
734 2242 797 2273 τοὺς
824 2242 944 2277 ἐργάτας

159 2277 327 2324 ἐξαιρεῖσθαι
352 2287 390 2322 μὴ
418 2287 599 2320 δυναμένοις;
619 2287 751 2322 Δεύτερον
769 2287 797 2313 δὲ
808 2287 849 2314 ὅτι
869 2287 906 2323 μὴ
923 2287 944 2314 δ’
962 2277 984 2305 D

159 2335 235 2368 ἀξιον
249 2335 276 2361 εί
292 2343 319 2361 τι
335 2333 429 2370 πόρρω
450 2332 497 2360 τοῦ
516 2333 668 2368 πρέποντος
684 2334 740 2365 τοῖς
756 2333 945 2369 ἀρχαιοτέροις

159 2380 390 2416 ὲπράχθη,τοῦτο
410 2379 590 2415 παράδειγμα
609 2379 747 2407 ποιεῖσθαι
767 2380 831 2411 τοὺς
848 2380 947 2406 νεωτέ-

160 2435 224 2462 ρους
237 2435 244 2443 ·
261 2426 381 2462 λήσομεν
406 2425 462 2461 γὰρ
488 2425 612 2457 ἑαυτοὺς,
626 2424 714 2452 πολλὰ
738 2423 792 2451 τῶν
807 2424 947 2455 κολάσεως

159 2473 242 2504 ἀξίων
268 2473 308 2503 εἰς
325 2471 376 2506 τὴν
400 2471 462 2498 καθ’
480 2471 554 2505 ἡμᾶς
578 2470 676 2504 γενεὰν
691 2470 850 2505 εἰσάγοντες
862 2478 870 2486 ο
884 2470 945 2497 ἀλλ’

159 2518 212 2544 οὐκ
226 2517 284 2544 ἔστι
309 2516 389 2543 τοῦτο
411 2516 542 2550 φιλοθέων
562 2516 677 2550 ἀνδρῶν,
691 2516 751 2542 οὐδὲ
777 2515 851 2551 ζωὴν
878 2516 947 2550 ἀγα-

160 2563 274 2591 πώντων
303 2562 425 2598 θεοφιλῆ.
445 2562 547 2592 Κακῶς
561 2560 609 2588 οὖν
624 2562 672 2588 καὶ
690 2561 770 2588 τοῦτο
779 2561 903 2596 λέγεται,
917 2561 948 2588 τὸ

160 2609 228 2644 πρὸς
249 2609 285 2635 τὰ
308 2607 483 2643 πρεσϐύτερα
504 2606 560 2633 τῶν
588 2606 797 2642 ἁμαρτημάτων
826 2606 948 2642 ὁρῶντας

162 2653 308 2688 βούλεσθαι
338 2653 387 2679 καὶ
416 2652 492 2687 ἡμᾶς
517 2652 706 2686 ἀμαρτάνειν’
738 2651 786 2679 καὶ
815 2651 883 2678 διότι
910 2652 947 2687 μὴ

160 2700 269 2734 εὐαγῶς
301 2700 315 2726 ό
341 2698 458 2732 servm}
480 2698 521 2725 ὅτι
547 2698 691 2732 ἄνθρωπος
719 2697 758 2724 ὣν
785 2697 947 2732 παρηνέχθη

161 2746 231 2782 πρὸς
259 2745 363 2779 φαύλην
388 2743 499 2778 πρᾶξιν,
516 2742 561 2769 διὰ
586 2742 666 2769 τοῦτο
692 2743 740 2770 καὶ
769 2743 853 2778 ἡμᾶς.
869 2742 894 2769 εί
922 2752 948 2770 τι

163 2793 266 2828 φαῦλον
297 2792 460 2822 ἀνακύπτει,
488 2789 567 2817 τοῦτο
597 2789 805 2824 καταδέχεσθαι.
835 2787 890 2816 Ἦν
917 2789 947 2816 δὲ

162 2840 275 2875 ἄμεινον
291 2839 340 2866 καὶ
356 2837 446 2873 πολλῷ
461 2837 573 2873 ἄμεινον
589 2836 669 2863 τοῦτο
695 2837 744 2863 καὶ
772 2836 882 2871 φρονεῖν
899 2835 947 2863 καὶ

162 2886 253 2920 λέγειν
265 2885 304 2916 ὡς
315 2883 408 2919 ἰπειδὴ
434 2884 523 2910 ἐκεῖνο
539 2884 631 2915 κακῶς
650 2881 787 2918 ἐπράχθη,
802 2881 842 2908 δεῖ
858 2880 946 2908 ταῦτα

165 2931 236 2958 κατὰ
263 2930 310 2958 τὸν
339 2929 514 2965 προσήκοντα
531 2928 608 2963 λόγον
631 2925 850 2963 διαπεπράχθαι·
865 2924 947 2952 τοῦτο

992 1651 1047 1678 illis
1063 1651 1190 1678 insistere
1214 1649 1357 1684 permittit.
1383 1648 1434 1676 Ubi
1459 1649 1531 1676 enim
1559 1653 1699 1681 peccatum
1717 1655 1777 1682 per—

991 1702 1072 1732 petuo
1094 1701 1121 1724 et
1136 1697 1195 1724 sine
1212 1695 1415 1724 intermissione
1432 1695 1521 1722 locum
1536 1693 1626 1727 habet,
1649 1694 1706 1721 fieri
1731 1701 1778 1721 ne-

991 1743 1051 1778 quit
1066 1748 1096 1770 ut
1110 1743 1155 1770 ille
1176 1743 1222 1777 qui
1239 1741 1348 1769 veniam
1367 1741 1393 1768 in
1412 1740 1548 1776 peccando
1568 1740 1695 1775 pergendi
1709 1747 1776 1768 con-

991 1788 1074 1820 cedit,
1099 1788 1131 1816 ad
1155 1787 1271 1815 salutem
1291 1787 1441 1821 peccatoris
1457 1786 1559 1821 aliquid
1582 1785 1716 1816 conferat,
1741 1785 1778 1812 si-

992 1834 1102 1869 quidem
1118 1834 1210 1869 potius
1234 1833 1350 1861 illudere
1373 1837 1401 1860 ct
1425 1832 1549 1860 deridere
1569 1839 1651 1867 quam
1667 1831 1777 1866 dispen—

993 1889 1054 1910 sare
1070 1880 1202 1908 auxilium
1217 1879 1334 1907 videtur.

1028 1925 1171 1960 Quomodo
1193 1925 1275 1960 igitur
1301 1923 1334 1951 ad
1356 1923 1468 1958 antiqua
1489 1922 1599 1958 quidam
1619 1921 1778 1956 confugiunt

993 1977 1020 2000 et
1032 1973 1169 2007 praeterita
1186 1971 1286 2006 quibus
1303 1970 1350 2005 qui
1369 1974 1434 1997 tunc
1457 1968 1557 2001 vixere,
1582 1967 1706 2002 quamvis
1731 1966 1779 1994 ab-

995 2018 1097 2051 surdis,
1120 2016 1311 2045 iudulserunt?
1340 2015 1405 2042 Dico
1429 2014 1510 2050 igitur
1534 2013 1651 2048 primum
1675 2013 1779 2041 nullam

995 2063 1112 2091 existere
1127 2070 1238 2090 causam
1253 2063 1353 2097 justam
1379 2068 1428 2088 cur
1452 2060 1516 2087 illuc
1539 2058 1709 2094 confugiant,
1732 2059 1778 2087 ubi

995 2117 1084 2144 neque
1108 2109 1229 2136 divinam
1256 2108 1398 2135 invenittnt
1423 2105 1666 2141 approbatiOuem,
1693 2113 1780 2140 neque

996 2154 1159 2181 laudabilem
1175 2152 1317 2180 hominum
1330 2152 1518 2179 asscnsionem
1538 2160 1545 2178 :
1560 2152 1698 2186 quomodo
1707 2151 1780 2180 enim

996 2200 1067 2228 Deus
1082 2199 1170 2228 faveat
1185 2202 1232 2225 aut
1248 2198 1373 2226 homines
1395 2198 1581 2227 assentiamur
1605 2198 1685 2226 rebus
1703 2199 1780 2231 igno-

997 2245 1122 2273 miniosis
1148 2245 1246 2279 quibus
1275 2245 1322 2279 qui
1356 2244 1466 2271 student
1490 2243 1652 2278 vituperiurn
1679 2244 1782 2272 evitare

1000 2291 1154 2325 nequeunt?
1167 2290 1270 2318 Deinde
1281 2290 1420 2325 indignum
1434 2291 1498 2318 mihi
1511 2291 1630 2322 videtur,
1646 2291 1669 2318 si
1682 2292 1782 2326 posteri

1000 2337 1025 2365 id
1044 2337 1117 2372 quod
1140 2336 1259 2371 majores
1275 2336 1418 2364 inhoneste
1439 2336 1572 2369 fecerunt,
1598 2337 1670 2363 velut
1692 2344 1785 2363 exeru-

997 2383 1070 2417 plum
1089 2381 1252 2409 imitandum
1268 2381 1318 2409 sibi
1337 2385 1490 2416 proponant
1507 2389 1514 2408 :
1534 2381 1574 2409 sic
1596 2381 1668 2408 enim
1683 2381 1724 2408 vel
1742 2382 1785 2408 in-

998 2427 1047 2455 scii
1057 2426 1142 2454 multa
1154 2434 1214 2461 qua:
1223 2426 1369 2461 vituperari
1386 2433 1417 2453 ac
1428 2425 1518 2461 puniri
1529 2426 1637 2458 debent,
1649 2425 1720 2460 apud
1736 2433 1785 2454 nos

1000 2471 1234 2499 introduceremus
1251 2479 1259 2498 :
1276 2471 1329 2498 hoc
1340 2475 1429 2498 autem
1446 2471 1604 2505 neutiquam
1628 2474 1672 2498 cst
1696 2471 1784 2498 homi-

1000 2524 1065 2543 num
1093 2516 1140 2551 qui
1168 2516 1252 2543 Deum
1275 2516 1391 2550 diligunt
1417 2520 1444 2543 et
1469 2515 1532 2543 vitm
1557 2516 1650 2550 proba:
1674 2523 1784 2550 operam

1000 2565 1110 2589 navant.
1128 2561 1338 2596 lmprobandum
1355 2568 1420 2596 ergo
1433 2561 1497 2594 erit,
1515 2560 1537 2588 si
1566 2568 1615 2588 nos
1637 2561 1785 2595 respicien-

1000 2611 1041 2633 tt-s
1057 2607 1090 2633 ad
1105 2613 1137 2633 ea
1153 2612 1212 2640 qua:
1231 2605 1350 2640 majores
1365 2605 1435 2632 male
1449 2608 1575 2640 egerunt,
1600 2610 1625 2633 et
1649 2605 1699 2640 ipsi
1720 2613 1784 2640 pec-

999 2659 1061 2678 care
1076 2651 1154 2678 nobis
1173 2651 1253 2678 licere
1270 2651 1456 2686 putaverimus
1472 2659 1479 2683 ;
1504 2655 1551 2678 aut
1575 2651 1638 2685 quia
1662 2651 1784 2678 nonnulli

1001 2704 1054 2732 qua
1071 2696 1197 2724 homines
1221 2696 1254 2723 ad
1280 2695 1352 2723 mala
1377 2695 1498 2723 facinora
1525 2703 1586 2723 sese
1608 2697 1694 2731 abripi
1712 2697 1784 2731 passi

1001 2746 1074 2774 sunt,
1091 2742 1153 2769 ideo
1163 2741 1244 2769 etiam
1260 2749 1310 2769 nos
1324 2741 1438 2774 malum,
1451 2742 1605 2776 ubicunque
1617 2742 1783 2776 apparuerit,

1000 2789 1076 2822 sequi
1103 2787 1281 2815 voluerimus.
1310 2787 1366 2814 lmo
1396 2787 1419 2814 si
1445 2787 1508 2822 quid
1534 2787 1604 2814 male
1626 2793 1715 2815 actum
1741 2792 1784 2815 est

1000 2833 1076 2862 olim.
1104 2832 1191 2859 multo
1207 2832 1305 2860 melius
1325 2832 1377 2859 erit
1395 2833 1513 2868 cogitare
1528 2839 1560 2860 ac
1585 2832 1686 2865 dicere,
1710 2832 1783 2866 quod

1001 2878 1054 2905 hoc
1069 2877 1135 2905 bene
1148 2882 1175 2905 et
1191 2878 1230 2905 uti
1247 2877 1325 2905 decet
1336 2877 1426 2904 facere
1439 2885 1489 2904 nos
1501 2881 1634 2910 oporteat,
1649 2877 1783 2911 siquidem

1001 2924 1072 2959 apud
1100 2931 1196 2952 omnes
1224 2924 1257 2952 dc
1285 2924 1336 2952 hoc
1366 2927 1483 2958 constat,
1511 2924 1602 2959 pejora
1631 2923 1786 2951 nullatenus
