2009 3078
238 204 290 234 2ζῦ

799 204 954 233 NlCttLAl
979 204 1034 233 (ΣΡ.
1056 204 1312 234 ΡΑΤίἶῙΛῘίΕΗΕ

1806 206 1856 236 216

236 266 297 285 esse
319 258 462 292 imitanda,
481 259 534 286 imo
556 264 676 285 nostrum
702 265 774 290 esse,
793 258 932 292 pejorihus
954 266 1020 291 cog-

1074 259 1127 294 γΞιρ
1144 260 1242 292 κοινῶς
1256 260 1332 295 παρὰ
1347 260 1413 286 πᾶσι
1426 260 1533 294 apd-tsi.
1544 258 1574 285 τὺ
1590 259 1628 293 μή
1644 259 1711 294 πρδς
1727 259 1760 286 τὰ
1776 262 1857 297 χείρω

236 304 313 335 nilis,
344 304 375 331 ad
403 305 453 331 huc
477 308 606 338 quantum
631 305 656 330 in
684 304 763 331 nobis
787 309 829 331 est
850 304 1018 337 incumbere,

237 359 271 378 ne
287 351 381 378 eodeni
401 351 579 384 abripiamur,
605 351 652 378 sed
678 351 768 385 potius
794 350 827 377 ad
843 350 954 378 meliora
979 351 1020 378 in-

235 396 375 424 clinemus.

271 442 340 475 Quid
361 442 441 476 igitur
463 442 528 469 mihi
549 449 748 470 commemoras
768 444 956 471 Valent-ianum
973 449 1020 470 aut

235 488 317 515 alium
342 488 553 522 quemcunque?
579 488 607 515 Si
633 490 705 516 enim
732 490 805 518 illius
826 490 925 518 factum
941 489 1020 517 laude

234 537 275 561 est
291 533 413 568 dignum,
440 533 540 560 imitari
553 534 694 566 debemus,
711 539 738 562 ut
754 535 848 562 eadem
865 535 944 562 laude
960 535 1019 569 dig-

235 586 284 605 nos
298 586 347 605 nos
361 577 508 606 reddamus
525 587 533 606 ε
550 579 571 606 si
595 587 659 607 vero
684 580 893 614 vituperandum
919 585 961 607 est
986 587 1018 607 ac

234 623 446 658 reprobandum,
462 625 526 659 quid
553 625 632 660 jubes
653 634 696 653 me
720 627 808 654 facere
832 635 893 662 quae
919 627 966 654 tibi
987 635 1019 654 ac

234 669 313 697 nobis
338 669 420 697 simul
444 671 472 697 in
499 671 663 706 rituperium
687 673 807 700 cedunt?
841 673 875 700 At
903 673 1016 708 (inquis)

233 715 425 743 sanctissimus
436 716 570 745 Damasus
586 718 706 746 admisit.
719 718 822 752 Quodsi
834 719 904 746 hanc
914 718 1019 753 opinio—

234 768 296 789 nem
313 766 370 789 toto
385 762 477 790 animo
492 763 610 798 suscipis
636 771 751 799 eamque
774 765 843 792 bene
867 772 896 792 se
920 765 1019 792 habere

232 807 385 840 existimas.
411 809 506 844 quidni
526 817 559 836 eo
582 817 667 844 usque
681 811 852 846 progrederis
867 815 896 838 ut
911 811 1018 839 saucias

233 853 316 880 licere
329 853 399 881 duas
421 862 520 882 uxores
545 855 625 882 simul
642 855 760 883 habere?
782 856 834 884 Sed
856 856 908 884 hoc
921 857 1018 892 dogma

233 898 355 926 declinas
385 907 474 934 neque
499 901 539 928 sic
555 901 603 928 tibi
620 901 736 928 videtur.
761 901 788 929 Si
812 902 895 937 igitur
917 909 950 929 eo
974 910 1018 929 us.

233 951 286 977 quc
300 951 354 971 non
376 945 512 979 procedis,
537 950 562 972 te
577 954 633 974 rem
649 947 734 981 ipsam
753 934 866 981 rejicere
878 951 903 973 et
921 947 1019 974 admis-
1036 934 1058 963 Β

233 989 338 1017 sionem
356 990 426 1018 haud
444 991 541 1018 bonam
565 999 627 1019 esse
650 992 754 1026 opinari
782 998 902 1027 apparet.
930 993 1019 1020 Aaron

232 1035 297 1063 olim
310 1035 412 1064 vitulos
431 1036 545 1070 cilium,
567 1042 593 1065 et
609 1038 678 1066 Deus
698 1039 748 1065 hoc
763 1039 820 1066 ﬁcri
843 1039 917 1072 sirit,
935 1040 1020 1074 siqu?-

233 1082 294 1108 dem
309 1081 355 1109 ille
371 1090 466 1117 poenas
481 1083 553 1111 haud
570 1084 659 1112 solvit.
685 1084 745 1112 1am
758 1092 823 1112 vero
836 1085 953 1113 Aaronis
969 1085 1021 1112 im-

235 1127 344 1159 punitas
368 1128 421 1156 illis
443 1129 488 1163 qui
511 1134 603 1163 postea
628 1130 729 1158 vitulos
753 1131 931 1158 eti‘ormavere
953 1131 1021 1158 nihil

235 1175 338 1208 profuit
349 1174 415 1209 quin
431 1175 513 1210 hujus
526 1175 656 1203 facinoris
674 1184 769 1211 pmnas
785 1177 889 1204 darent.
905 1177 1022 1205 Videsne

235 1227 284 1246 eos
299 1227 415 1254 quorum
438 1227 482 1247 res
505 1221 575 1248 male
591 1221 690 1248 habent
708 1223 745 1249 nil
763 1222 830 1249 lucti
849 1223 911 1250 inde
927 1231 1022 1258 capere

235 1265 257 1292 si
284 1265 319 1292 ad
335 1266 471 1301 majorum
498 1272 609 1302 peccata
637 1268 815 1302 confugiant?
839 1268 888 1295 Cui
912 1270 983 1296 bono
994 1273 1023 1296 et

235 1311 330 1338 civiles
342 1311 415 1347 leges
430 1317 456 1339 et
473 1313 556 1340 divini
575 1321 694 1340 canones
710 1312 855 1346 ferrentur,
875 1314 898 1341 si
914 1322 946 1342 ea
962 1321 1022 1349 quae

235 1357 300 1384 olim
324 1358 512 1391 obtinuerunt,
539 1366 653 1394 prorsus
677 1359 787 1393 impune
814 1359 914 1387 imitari
938 1360 1021 1387 debe-

236 1403 347 1430 remus?
372 1403 509 1431 Feruutur
523 1412 588 1431 sane
603 1404 674 1436 ideo,
697 1412 731 1432 ne
745 1405 869 1433 homines
885 1406 931 1441 qui
949 1410 1022 1433 vele-

235 1448 312 1476 ribus
336 1450 456 1484 peccatis
481 1450 636 1482 illabuntur,
656 1451 693 1477 uti
719 1451 826 1485 possint
841 1451 894 1478 hac
907 1459 1022 1479 excusa-

233 1495 307 1522 tlone
324 1504 331 1522 :
350 1495 426 1529 Quod
443 1496 567 1531 peccavi,
591 1496 643 1524 hoc
664 1497 730 1523 mihi
745 1504 805 1523 cum
824 1497 915 1532 aliquo
933 1497 1022 1532 majo-

233 1548 293 1568 rum
310 1549 455 1570 commune
470 1547 522 1570 cst.

269 1634 328 1661 Non
341 1634 460 1662 absohit
472 1634 563 1669 igitur,
580 1642 596 1661 ο
613 1634 721 1666 fralrcs.
738 1640 883 1670 praztcxtus
905 1637 955 1664 istc
974 1645 1021 1666 eos

235 1681 282 1715 qui
310 1681 344 1706 ad
369 1680 436 1706 illud
459 1680 621 1714 confugiunt
642 1685 668 1707 et
691 1681 754 1708 inde
777 1688 904 1716 quartum
920 1691 1023 1710 connu-

234 1726 310 1752 binm
326 1724 449 1751 stabilire
482 1730 626 1757 conantur,
653 1726 699 1754 sed
727 1727 818 1762 potius
846 1728 1020 1761 condemnat,

235 1771 299 1805 quia
313 1777 366 1797 non
379 1774 462 1802 recta,
482 1771 529 1797 sed
546 1771 655 1806 obliqua
689 1772 732 1799 via
751 1779 794 1800 res
809 1773 1020 1807 ecclesiasticas,

235 1824 302 1851 quae»
315 1823 422 1851 semper
446 1816 606 1844 rectissima:
636 1825 696 1845 esse
715 1818 827 1851 debent,
864 1818 1022 1854 dispensare

235 1863 353 1890 student.
371 1863 455 1890 Porro
473 1863 495 1891 si
513 1864 574 1898 quis
598 1871 740 1891 servorum
772 1870 891 1897 tuorum.
912 1866 1024 1900 quando

234 1910 344 1936 domum
357 1915 404 1936 aut
416 1914 516 1936 vestem
535 1909 683 1944 polluit,ad
706 1910 788 1937 alium
806 1911 851 1945 qui
868 1911 937 1938 idem
947 1911 1022 1946 prius

234 1955 328 1983 fcecrit
345 1963 405 1983 sese
428 1955 553 1983 referens
570 1955 671 1983 dixerit
687 1964 693 1983 :
713 1956 850 1988 Quoniam
876 1957 945 1984 alius
960 1957 1022 1992 quis

233 2009 427 2028 conservorum
446 2009 570 2030 meorum
595 2001 665 2028 idem
685 2001 833 2035 commisit,
864 2002 925 2030 ideo
940 2003 1020 2031 etiam

233 2048 300 2075 mihi
323 2048 376 2075 hoc
394 2047 486 2076 facere
516 2048 604 2079 licuit,
636 2048 706 2075 hanc
738 2049 942 2077 excusationem
966 2058 1020 2078 non

234 2094 373 2124 admittes,
395 2093 442 2120 sed
458 2093 607 2129 castigabis
633 2100 664 2121 ac
678 2093 836 2122 verberabis
855 2101 888 2122 eo
904 2095 975 2130 quod
987 2095 1021 2122 ad

235 2139 316 2166 talem
353 2139 493 2166 licentiam
522 2139 696 2174 processerit,
736 2147 797 2167 cum
839 2141 930 2175 potius
960 2145 1022 2176 post

235 2185 361 2212 conservi
378 2193 500 2212 errorem
523 2192 537 2211 a
565 2185 610 2212 tali
625 2185 748 2213 facinore
780 2185 832 2213 sibi
862 2193 960 2214 cavere
973 2187 1022 2214 de-

237 2230 337 2258 buerit.
351 2230 417 2263 Quze
434 2239 498 2258 vero
516 2231 542 2258 in
556 2231 679 2259 Ecclesia
692 2231 762 2259 male
777 2236 906 2266 aguntur.
933 2232 1020 2267 majo-

1073 306 1122 340 τὴν
1140 306 1257 342 μίμησιν
1284 306 1431 337 ποιεῖσθαι,
1452 305 1511 332 ἀλλ’
1531 305 1580 339 ὅση
1608 306 1725 337 δύναμις
1748 307 1779 332 ἐκ
1810 308 1856 341 τῆς

1073 353 1127 378 τῶν
1152 353 1285 387 χειρόνων
1307 352 1477 386 κατηγορίας
1500 351 1700 384 ἀσφαλίζεσοαι
1718 352 1791 385 ἡμᾶς
1808 353 1856 379 αὖ·

1073 400 1147 431 τοὺς,
1165 399 1202 434 μὴ
1221 399 1279 430 τοῖς
1304 399 1372 430 ῐσοις
1395 398 1567 434 περιπεσεῖν,
1586 397 1655 424 ἀλλὰ
1672 398 1773 432 μᾶλλον
1792 399 1856 432 τιρδς

1073 445 1104 472 τὰ
1121 445 1244 480 βελτίονα
1257 445 1402 480 φέρεσθαι.

1109 491 1142 517 ΤΞ
1171 491 1217 518 οὖν
1243 500 1289 525 μοι
1313 491 1360 517 τὸν
1383 490 1580 517 ούαλεντιανῖν
1605 490 1753 525 παράγεις,
1775 490 1792 525 ἦ
1815 490 1857 516 τὸν

1072 539 1145 565 δεῖνα
1168 537 1220 564 καὶ
1232 537 1278 563 τὸν
1291 537 1379 569 δεῖνας
1400 536 1430 563 Εἰ
1445 536 1495 570 μὲν
1510 536 1527 570 ἡ
1546 535 1641 562 τούτου
1659 535 1759 570 πρᾶξις
1776 535 1855 561 ὲπαι-

1072 584 1146 618 νετὴ,
1164 582 1351 618 μιμησώμεθα
1379 581 1424 608 καὶ
1451 581 1543 616 ἡμεῖς,
1559 581 1602 607 ἵνα
1628 581 1682 607 τῶν
1699 581 1764 606 ἴσων
1781 580 1857 607 ἐπαι-

1072 638 1126 656 νων
1149 628 1418 663 κληρονομήσωμεν·
1437 627 1461 653 εί
1484 627 1513 653 δὲ
1541 627 1636 662 μῶμον
1661 627 1718 661 ἔχει
1738 627 1786 653 καὶ
1800 627 1856 654 δια-

1073 675 1216 710 ϐέϐληται,
1237 674 1262 702 τί
1279 682 1312 709 με
1341 674 1428 700 ποιεῖν
1453 672 1632 708 προτρέπεις,
1648 672 1666 699 ἃ
1679 673 1726 699 καὶ
1743 672 1785 698 σοὶ
1810 672 1856 706 τὴν

1072 721 1199 757 διαϐολὴν
1215 720 1262 747 καὶ
1281 720 1347 754 ἡμῖν
1368 719 1466 754 φέρεις
1490 718 1561 745 Ἀλλ’
1579 718 1689 750 ἐδέξατο
1705 718 1829 751 Δάμασος
1844 717 1857 743 ὁ

1074 767 1236 802 ἁγιώτατος.
1255 767 1285 793 Ει
1309 766 1359 800 τὴν
1384 764 1543 800 παραδοχὴν
1566 764 1615 801 ὅλῃ
1639 764 1712 799 ψυχῇ
1737 763 1857 798 ἀποδέχῃ

1072 813 1121 840 καὶ
1133 812 1254 848 νομίζεις
1265 811 1350 846 αὐτὴν
1366 811 1458 842 καλῶς
1470 810 1554 844 ἔχειν,
1570 809 1597 836 τι
1617 809 1664 836 καὶ
1682 809 1714 835 σὺ
1732 809 1770 843 μὴ
1791 807 1856 843 θαρ-

1073 861 1123 895 ῥῇς
1147 858 1208 885 δυσὶ⁵
1234 857 1343 892 γυναιξὶ
1365 856 1436 883 κατὰ
1461 855 1490 882 τὸ
1507 855 1574 882 αὑτό
1591 856 1711 881 συνεῖναι
1730 853 1858 888 δογματί-

1072 905 1148 938 ζεινς
1169 903 1250 931 Ἀλλὰ
1263 903 1377 937 φεύγεις
1392 902 1423 929 τδ
1436 902 1536 936 δόγμα,
1554 903 1602 928 καὶ
1613 902 1662 927 οὐκ
1676 901 1708 927 ἄν
1725 908 1767 927 σοι
1778 900 1858 927 τοῦτο

1072 951 1145 986 δόξῃ.
1156 949 1296 985 Οΰμενουν
1310 949 1360 975 οὐκ
1379 948 1413 975 ἂν
1427 947 1576 983 ἀρνηθείης
1591 947 1767 982 προτρέπειν,
1778 945 1858 979 δῆλος

1073 995 1098 1023 εἴ
1113 996 1328 1029 καταγινώσκων
1339 993 1387 1021 τοῦ
1403 994 1578 1029 πράγματος.
1592 993 1639 1019 καὶ
1656 992 1706 1027 τὴν
1724 992 1857 1026 ἀποδοχὴν

1075 1042 1112 1077 μὴ
1123 1041 1208 1076 καλὴν
1222 1038 1305 1067 οὖσαν
1318 1039 1533 1074 ὑπολαμϐάνειν.
1554 1037 1775 1086 Ἐμοεχοποίησὲ
1792 1044 1857 1063 ποτε

1079 1087 1197 1122 Ἀαρὼν,
1228 1087 1276 1112 καὶ
1308 1085 1483 1120 συνεχώρησε
1521 1083 1602 1110 τοῦτο
1624 1082 1726 1115 ⁷Θεός·
1750 1083 1780 1109 οὐ
1805 1083 1858 1117 γὰρ

1074 1132 1182 1168 ὑπήχθη
1195 1133 1228 1167 τῇ
1243 1132 1317 1167 δίκῃ.
1333 1131 1390 1158 ἀλλ’
1404 1131 1454 1158 οὐκ
1477 1131 1595 1166 ἡρκεσεν
1615 1130 1672 1160 τοῖς
1691 1128 1760 1164 μετὰ
1774 1128 1863 1154 ταῦτα

1075 1177 1271 1214 μοπχοποιοῦσι
1287 1177 1318 1203 τὺ
1332 1176 1379 1203 τοῦ
1401 1176 1509 1211 Ἀαρὼν
1521 1176 1735 1208 ἀκατάγνωστον
1761 1174 1801 1205 εἰς
1828 1173 1860 1199 τὸ

1075 1224 1113 1259 μὴ
1135 1223 1226 1249 δοῦναι
1249 1223 1329 1257 δίκην
1353 1222 1404 1257 τῆς
1423 1221 1611 1257 μοσχοποιίας.
1627 1220 1711 1255 Ὁρᾷς
1729 1219 1787 1249 πῶς
1808 1218 1859 1253 οὐχ

1075 1269 1166 1295 ἱκανὸν
1179 1269 1236 1299 τοῖς
1252 1269 1289 1303 μὴ
1305 1267 1395 1298 καλῶς
1410 1267 1442 1293 τὶ
1460 1267 1548 1293 οἰκεῖα
1572 1264 1771 1299 δια-τιθεμένοις
1788 1263 1857 1297 πρά-

1073 1323 1166 1350 γματα
1188 1314 1386 1349 ἐπανατρέχειν
1408 1314 1447 1344 εις
1462 1312 1666 1347 προγενέστερα
1692 1310 1861 1345 σφάλματα;

1073 1363 1152 1393 Τίνος
1164 1362 1192 1388 δὲ
1206 1361 1285 1397 χάριν
1301 1361 1348 1387 καὶ
1360 1359 1495 1386 πολιτικοὶ
1511 1359 1589 1394 νόμοι
1602 1359 1649 1385 καὶ
1661 1358 1730 1384 θεῖοι
1748 1356 1864 1388 κανόνες

1073 1407 1252 1440 ὲκτέθεινται,
1277 1407 1301 1433 εί
1326 1406 1360 1433 τὰ
1390 1405 1563 1441 προλαὸὁντα
1585 1402 1644 1439 εἶχε
1669 1404 1719 1436 τὴν
1742 1403 1867 1437 μίμησιν.

1073 1455 1277 1489 ἁκιτάκριτονς
1298 1451 1380 1479 Ἀλλὰ
1406 1451 1518 1482 σκοπὸς,
1545 1450 1589 1477 ἵνα
1617 1450 1654 1486 μὴ
1673 1451 1731 1481 τοῖς
1757 1449 1862 1484 προλα-

1073 1500 1166 1527 ϐοῦσιν
1186 1499 1372 1535 ἁμαρτήμασι
1399 1497 1612 1533 περιπίπτοντες
1637 1495 1789 1530 ἄνθρωποι,
1813 1503 1860 1520 κα-

1072 1546 1234 1580 ταφεύγοιεν
1248 1545 1288 1573 εἰς
1305 1543 1465 1577 ἀπολογίαν,
1479 1542 1516 1574 ὡς
1529 1542 1557 1568 τὸ
1576 1541 1772 1577 ήμαρτημένΝ
1786 1539 1860 1574 ἐμοὶ,

1043 1607 1055 1618 ν
1072 1591 1121 1618 καὶ
1135 1591 1208 1625 ἄλλῳ
1222 1590 1276 1616 τινὶ
1292 1588 1501 1624 προγενεστὲρῳ
1518 1587 1705 1621 ἐξείργασται.

1109 1635 1166 1662 Οὐκ
1180 1634 1295 1661 ἀπολύει
1310 1632 1367 1665 οὖν,
1384 1633 1506 1666 ἀδελφοὶ,
1520 1631 1575 1658 οὐδ’
1594 1632 1610 1665 ὴ
1636 1631 1773 1666 πρόφασις
1789 1628 1864 1663 αὕτη

1072 1682 1136 1713 τοὺς
1163 1679 1387 1715 καταφεύγοντας
1413 1679 1457 1705 ἐπ’
1471 1678 1567 1712 αὐτὴν,
1587 1678 1635 1704 καὶ
1656 1677 1701 1703 διὰ
1716 1676 1795 1703 τοῦτο
1812 1675 1861 1701 σύ-

1074 1735 1169 1754 στασιν
1183 1728 1216 1761 τῇ
1233 1725 1409 1761 τετραγαμίᾳ
1433 1723 1652 1759 παρεχομένους.
1676 1723 1755 1748 Ἀλλὰ
1774 1730 1861 1748 κατα-

1073 1774 1160 1808 κρίνει
1190 1772 1300 1806 μᾶλλον,
1322 1771 1363 1798 ὅτι
1379 1771 1416 1806 μὴ
1441 1770 1474 1797 ὲκ
1497 1769 1545 1796 τοῦ
1567 1769 1670 1802 εὐθέος,
1692 1768 1750 1795 ἀλλ’
1765 1769 1797 1794 ὲκ
1811 1767 1860 1794 τοῦ

1072 1818 1294 1854 διεστραμμένου
1327 1817 1361 1843 τὰ
1399 1816 1501 1851 πολλῆς
1537 1815 1685 1850 εὐθύτητος
1723 1814 1862 1849 χρῄζοντα

1073 1865 1226 1900 πράγματα
1244 1865 1294 1899 τῆς
1316 1863 1482 1898 Ἐκκλησῐας
1505 1862 1643 1896 ἐγνώκασι
1657 1861 1779 1888 διοικεῖν.
1795 1858 1863 1886 Εἶτα

1074 1912 1100 1938 εἴ
1125 1919 1167 1942 τις
1190 1910 1245 1936 τῶν
1273 1909 1328 1937 σῶν
1355 1909 1469 1936 οἰκετῶν
1497 1908 1544 1935 τὸν
1571 1906 1674 1943 οἴκονῆ
1689 1907 1736 1933 τὸν
1759 1906 1863 1941 χιτῶνα

1075 1957 1204 1993 μολύνας,
1220 1956 1267 1982 ὲπί
1281 1965 1306 1982 τι
1324 1957 1472 1991 πρόσωπον
1488 1955 1583 1990 ἕτερον
1603 1954 1669 1980 αὐτὸ
1691 1953 1771 1979 τοῦτο
1796 1961 1864 1987 προ-

1073 2004 1319 2039 διαπεπραγμένον
1340 2003 1486 2038 ἀναφέρων
1500 2003 1571 2037 ἐρεῖ,
1591 2001 1629 2032 ὡς
1643 2000 1738 2035 ἐπειδὴ
1759 1999 1864 2034 προλα-

1073 2051 1128 2077 ϐὼν
1141 2050 1237 2086 ἕτερός
1251 2059 1293 2081 τις
1303 2049 1360 2076 τῶν
1374 2048 1600 2083 συνθεραπόντων
1616 2046 1694 2073 τοῦτο
1708 2046 1862 2080 ἐξήμαρτε,

1072 2095 1118 2123 διὰ
1141 2095 1222 2122 τοῦτο
1245 2095 1331 2130 κάμοὶ
1356 2094 1490 2129 πράττειν
1511 2092 1598 2123 οὕτως
1618 2091 1746 2126 ἐπῆλθεν,
1764 2090 1814 2116 οὐκ
1828 2089 1864 2116 ἂν

1072 2141 1134 2178 δέξῃ
1155 2142 1205 2178 τὴν
1227 2140 1387 2175 ἀπολογίαν,
1405 2138 1474 2165 ἀλλὰ
1490 2138 1674 2174 στρῖὸλώσεις
1690 2137 1737 2163 καὶ
1760 2143 1863 2171 μαστι-

1073 2188 1172 2222 γώσεις
1201 2186 1240 2218 ὡς
1272 2187 1312 2218 εἰς
1347 2185 1477 2218 τοιαύτην
1505 2184 1611 2218 ἥκοντα
1643 2182 1864 2217 καταφρόνησιν,

1075 2233 1252 2268 ὀφειλομένου
1270 2232 1347 2262 ὄντος
1363 2232 1395 2257 ἐκ
1407 2229 1456 2256 τοῦ
1477 2228 1733 2264 προημαρτημένου
1746 2227 1784 2262 τῷ
1799 2235 1865 2253 συν-

237 2285 296 2304 rum
313 2276 438 2311 exemplo
449 2276 636 2304 confirmanda
655 2281 681 2303 et
696 2277 852 2304 excusanda
870 2277 973 2312 putas?
987 2277 1020 2303 Et

1074 2279 1231 2314 θεράποντι,
1248 2277 1345 2303 τοῦτον
1362 2276 1414 2310 τὴν
1438 2275 1538 2309 πρᾶξιν
1556 2273 1740 2308 φυλάξασθαι.
1757 2272 1813 2298 Καὶ
1826 2272 1864 2299 τὰ

235 2324 315 2351 aliter
333 2323 370 2350 de
387 2322 467 2350 rebus
487 2322 542 2349 tuis
560 2330 592 2349 ac
611 2322 693 2349 domo
710 2327 755 2349 tua
767 2322 884 2357 iudicas,
904 2327 931 2349 et
945 2322 1024 2350 aliter

235 2371 267 2396 de
290 2369 324 2397 iis
338 2377 400 2404 quae
430 2367 630 2396 ad‘Ecclesiam
657 2368 804 2403 pertinent,
818 2371 845 2393 et
863 2367 927 2401 quia
957 2367 1022 2393 olim

234 2415 370 2449 ejusmodi
411 2419 522 2450 peccata
556 2414 709 2442 condonata
737 2420 770 2440 ac
796 2413 921 2446 neglecta
950 2419 1022 2444 sunt,

233 2463 384 2491 etiamnum
403 2462 500 2497 negligi
525 2461 630 2496 jubcs?
645 2459 712 2493 Quis
734 2463 824 2485 autent
844 2459 945 2486 mentis
967 2466 1024 2486 sum

234 2517 346 2545 compos
362 2515 392 2537 te
417 2509 490 2543 juste
520 2515 600 2543 agere
621 2506 742 2534 dixerit?
765 2506 900 2533 Caeterum
920 2506 942 2533 si
973 2505 1020 2541 qui

235 2561 300 2584 nunt
323 2556 370 2591 qui
387 2556 502 2591 gratiam
516 2552 680 2589 (Evangelii)
694 2561 754 2579 cum
769 2553 935 2588 antiquitate
956 2559 1022 2579 con-

235 2603 305 2631 ferre
334 2606 362 2629 et
386 2602 494 2629 beatum
521 2600 650 2627 Davidem
687 2599 804 2634 allegare
843 2601 1022 2632 praesumant,

235 2648 308 2675 haud
318 2647 396 2675 video
410 2647 474 2682 quid
490 2645 544 2673 illis
556 2645 607 2672 hoc
620 2645 750 2680 prodesse
766 2644 862 2678 possit,
876 2644 927 2670 nisi
941 2644 1022 2670 etiam

235 2692 366 2719 Jacobum
383 2700 444 2719 eum
470 2692 577 2721 duabus
601 2691 734 2718 uxoribus
761 2691 848 2725 iisque
878 2690 1021 2717 sororibus

236 2739 315 2766 nobis
329 2738 502 2769 adduxerim,
527 2742 585 2770 aut.
606 2737 628 2765 si
642 2737 726 2770 lubet,
749 2737 830 2763 etiam
854 2735 1021 2768 Samuelem,

235 2784 283 2820 qui
299 2784 326 2811 in
340 2784 499 2820 sanguinem
511 2785 586 2819 Agag
611 2791 703 2813 ensem
726 2782 846 2813 intinxit.
861 2788 886 2810 ct
905 2782 1024 2810 circum-

234 2831 368 2859 cisionem
384 2833 412 2856 et
429 2829 564 2861 victimas,
576 2833 603 2856 et
619 2835 789 2863 quaecunque
801 2829 872 2863 apud
895 2828 1023 2862 antiquos

234 2879 262 2906 iu
280 2885 330 2905 usu
346 2876 431 2904 fuisse
446 2875 561 2903 historia
577 2875 657 2903 nobis
672 2875 775 2903 retulit.

1073 2325 1167 2356 κακῶς
1186 2325 1220 2358 τῇ
1241 2321 1394 2356 Ἐκκλησία
1415 2320 1619 2354 συμπίπτοντα,
1635 2320 1666 2345 ὲκ
1685 2318 1740 2344 τῶν
1759 2318 1866 2354 προλα-

1073 2371 1177 2397 ϐόντων
1192 2369 1277 2401 ἀξιοῖς
1303 2366 1526 2401 παραδέχεσθαις
1551 2366 1607 2393 Καὶ
1620 2365 1670 2400 τὴν
1684 2365 1745 2401 ἴσην
1764 2366 1793 2391 οὺ
1813 2373 1865 2399 τη-

1076 2419 1132 2452 ρείς
1155 2416 1201 2441 ἐπὶ
1215 2415 1266 2449 τῆς
1293 2413 1460 2447 Ἐκκλησίας
1476 2411 1589 2447 γνώμην
1610 2412 1670 2442 τοῖς
1685 2413 1750 2446 περὶ
1762 2411 1792 2437 σὲ
1812 2411 1865 2437 καὶ

1074 2464 1124 2498 τὴν
1145 2463 1195 2497 σὴν
1215 2461 1304 2488 οἰκίαν
1331 2459 1541 2495 πραττομένοις,
1559 2459 1628 2486 ἀλλά
1649 2459 1765 2490 δικαιοῖς
1789 2458 1864 2484 αὐτὰ

1074 2508 1200 2544 παρορᾷν
1227 2506 1271 2532 διὰ
1302 2506 1352 2541 τὴν
1380 2504 1435 2532 τῶν
1469 2504 1663 2539 προλασὸντων
1692 2503 1864 2538 σφαλμάτων

1074 2554 1246 2590 παρόρασινς
1260 2552 1315 2578 Καὶ
1329 2551 1371 2582 τίς
1388 2550 1420 2577 ἂν
1433 2551 1506 2576 εἴποι
1520 2558 1550 2576 σε
1565 2549 1659 2576 εἰκότα
1676 2551 1775 2580 ποιεῖν,
1790 2547 1864 2583 ὀρθὰ

1074 2599 1184 2635 φρονεῖν
1210 2597 1412 2632 ὲπιστάμενος;
1427 2596 1464 2622 Τὸ
1480 2595 1509 2622 δὲ
1526 2596 1573 2622 καὶ
1598 2595 1667 2630 πρὸς
1684 2595 1734 2630 τὴν
1748 2594 1864 2620 παλαιό-

1072 2653 1142 2680 τητα
1157 2643 1314 2678 συγκρίνειν
1329 2643 1380 2678 τὴν
1397 2643 1477 2678 χάριν
1496 2643 1543 2668 καὶ
1558 2642 1607 2668 τὸν
1622 2641 1759 2676 μακάριον
1779 2640 1867 2666 Δαϐὶδ

1074 2692 1114 2722 εἰς
1129 2690 1211 2725 μέσον
1228 2689 1373 2724 παράγειν,
1390 2689 1441 2714 οὐκ
1460 2685 1518 2714 οἶδα
1532 2687 1560 2714 τι
1577 2685 1866 2720 συναντιλαμϐάνεται

1073 2738 1129 2767 τοῖς
1140 2735 1220 2762 τοῦτο
1236 2734 1424 2770 προφέρουσιν
1435 2741 1442 2748 '
1460 2734 1486 2760 ει
1503 2733 1541 2768 μὴ
1556 2733 1612 2768 ἄρα
1628 2731 1675 2758 καὶ
1695 2731 1740 2757 τὸν
1761 2730 1865 2757 Ίακὼὸ

1073 2783 1122 2811 σὺν
1139 2783 1199 2814 ταῖς
1213 2782 1272 2809 δυσὶ
1283 2783 1419 2816 γαμεταῖς
1429 2780 1513 2808 αὑτοῦ
1531 2780 1662 2814 ἀδελφαῖς
1678 2778 1775 2810 οὔσαις
1792 2779 1866 2812 ἡμῖν

1075 2830 1283 2866 προσοίσουσιν·
1309 2829 1334 2855 εἰ
1359 2828 1449 2864 βούλει
1464 2828 1493 2854 δὲ
1518 2827 1564 2854 καὶ
1583 2827 1627 2853 τὸν
1641 2825 1768 2862 Σαμουὴλ
1789 2825 1866 2852 κατὰ

1073 2875 1124 2910 τῆς
1139 2874 1249 2909 σφαγῆς
1270 2873 1318 2900 τοῦ
1341 2874 1433 2907 ’Δγαγ
1445 2873 1476 2899 τὸ
1492 2873 1569 2906 ξίφος
1582 2872 1732 2908 βάπτοντα,
1749 2871 1796 2897 καὶ
1810 2871 1866 2906 τὴν

234 2924 397 2963 περιτομὴν,
415 2921 463 2950 καὶ
483 2921 518 2948 τὰ
540 2921 654 2956 σφάγια,
671 2922 718 2948 καὶ
736 2923 787 2949 ὅσα
802 2922 834 2957 τῇ
856 2920 1017 2957 παλαιότητι
1038 2921 1215 2958 πραττόμενα
1226 2919 1293 2952 τὲως
1306 2918 1481 2955 ὲγνωρίξετο.
