2009 3078
163 145 216 177 213

729 146 754 176 N
761 146 883 176 [COLAI
902 145 958 176 ΟΡ.
979 144 1092 175 PATRI
1099 145 1237 175 ARCILE

1742 143 1796 175 23-0

165 201 285 237 (ligatur.
317 201 440 237 Uterque
472 201 555 236 igitur
587 200 768 232 eximendus,
797 208 811 227 a
841 200 970 235 reliquis,

1022 209 1054 235 ης
1080 200 1285 234 ὑποτιμὴσεως.
1303 199 1384 225 Ὥστε
1411 197 1521 230 τούτους
1547 196 1598 230 μιν
1626 197 1791 232 ἐξαιρετέον-

168 251 258 275 autem
273 246 319 282 qui
341 248 493 275 etiamnum
520 251 666 282 supersunt
682 253 790 281 pinnam
814 254 896 281 quam
914 247 956 273 in-

169 295 325 323 currerunt,
348 291 476 327 expetite.
503 291 609 318 Etenim
628 299 682 318 non
705 291 795 319 solum
811 299 861 319 nos
879 292 956 319 vobis

170 336 330 372 scripsimus
354 344 407 371 qua
437 336 569 371 pravitate
589 336 630 363 usi
653 335 786 369 fuerunt,
812 336 858 363 sed
874 337 956 363 etiam

171 388 298 410 summus
320 381 476 416 Christique
503 388 598 408 amans
625 380 773 416 imperator
791 382 823 408 ad
839 386 956 409 vestram

173 428 298 456 notitiam
323 427 435 462 perferri
455 427 541 462 jussit
556 435 728 462 quacunque
743 428 838 455 dolose
854 428 956 455 machi-

173 473 230 500 nuti
247 477 319 502 sunt,
335 473 371 499 ita
387 477 416 499 ut
431 472 498 499 nihil
516 480 565 500 vos
582 473 667 500 latere
680 473 768 507 possit
786 481 881 500 eorum
898 481 958 507 qus:

173 518 296 546 mendaci
315 517 438 551 {artiﬁcio
465 523 640 553 peregerunt,
666 526 728 546 cum
754 518 869 546 illustris
888 519 959 546 illius

173 565 303 597 magister
316 569 342 590 et
363 572 423 599 quse
441 565 509 592 mala
531 565 623 592 animo
640 566 815 600 conceperiul
827 585 835 598 ,
854 570 880 592 et
900 572 960 600 quae

173 610 263 645 pejora
273 610 353 638 etiam
367 611 479 646 scriptis
493 611 692 646 evulgaverint,
706 612 782 639 vobis
796 619 845 646 per
857 611 961 639 litteras

175 656 344 684 indicaverit.
370 656 478 690 Quibus
509 657 638 685 omnibus
664 657 766 685 veritas
795 657 865 685 adeo
888 657 961 684 clare

173 701 281 734 enituit,
296 706 326 729 ut
340 702 396 736 jam
420 703 564 730 mendacia
589 704 748 738 reprobarc,
767 707 794 731 et
813 702 884 731 facta
902 711 962 738 qu:e

172 747 283 776 evenire
306 755 450 783 nunquam
475 749 622 781 debebant,
652 749 854 782 condemnare,
882 753 963 784 atque

174 793 315 828 antiquam
328 798 447 822 vestram
462 794 576 829 gloriam
595 795 807 831 opinionemque
819 796 963 823 restituere

175 839 307 868 «iubeatis.
322 839 402 868 Omni
424 840 468 868 illa
483 841 566 876 igitur
582 841 608 869 in
616 842 811 869 sceleratorum
828 847 911 876 caput
923 849 964 869 re-

174 885 260 919 jicite,
274 885 420 921 siquidem,
432 892 565 921 quantum
579 895 661 922 penes
674 888 748 922 ipsos
759 887 820 920 luit,
833 887 963 923 majorem

180 930 309 958 Romanae
320 938 402 966 quam
418 936 518 959 nostra:
535 932 662 959 Ecclesia:
676 932 761 959 labem
777 936 965 967 asperseruut.

353 987 474 1016 XXXIII.
493 988 624 1024 Tryphoni
640 990 780 1016 monacho.

216 1046 292 1073 Ilaud
307 1045 398 1073 minor
414 1051 440 1074 et
452 1046 531 1073 nobis
563 1046 633 1073 inest
648 1046 782 1081 cupiditas
797 1050 849 1074 ture
864 1046 967 1073 sancti-

179 1092 228 1120 tati
257 1091 450 1124 conversandi,
494 1092 693 1126 praesentiaque
730 1096 758 1119 et
801 1092 968 1119 commercio

181 1138 299 1172 fruendi,
316 1145 397 1172 quam
424 1145 479 1172 quo
505 1142 532 1164 ιιι
560 1137 659 1172 ipse,o
685 1137 767 1164 homo
793 1136 852 1170 Dei,
868 1138 970 1165 teneris

179 1183 325 1211 desiderio.
338 1182 391 1210 Sed
404 1184 535 1218 quoniam
549 1191 640 1210 rerum
653 1190 806 1210 concursus
817 1183 842 1210 id
856 1191 970 1217 corpore

181 1229 239 1256 σιω-ι
253 1237 306 1256 non
323 1229 397 1260 sinit,
416 1229 520 1256 meliori
546 1229 665 1263 quodam
691 1236 838 1262 congressu
859 1229 969 1256 satisfa-

181 1276 286 1302 ciamus
303 1279 404 1302 nostrae
416 1275 572 1309 cupiditati,
602 1278 694 1301 mente
722 1278 927 1307 conversantes,
944 1279 970 1301 et

184 1321 283 1348 mentis
298 1321 386 1348 oculis
400 1320 630 1354 contemplatione
647 1320 736 1355 potiti,
757 1320 808 1348 hoc
823 1320 895 1347 enim
919 1325 971 1348 tua:

181 1375 290 1403 quoque
300 1368 437 1395 sanctitati
455 1372 561 1402 gratum
572 1366 630 1394 ﬁeri
641 1366 777 1394 existimo.
790 1365 866 1399 Quod
880 1371 970 1394 autem

183 1414 279 1441 inorbo
311 1414 430 1446 laboras,
447 1412 520 1445 inde,
537 1417 648 1448 praeter
663 1417 761 1439 caetera
789 1420 849 1446 qua
864 1417 972 1447 propter

183 1464 293 1494 peccata
322 1464 416 1487 nostra
441 1458 661 1486 indellcientibus
691 1458 834 1485 doloribus
872 1457 973 1485 feriunt

185 1507 305 1533 animam
327 1509 464 1538 nostram,
491 1505 650 1539 accepimus
667 1507 695 1531 et
721 1511 794 1531 nunc
810 1504 913 1532 doloris
930 1504 973 1530 in-

184 1556 363 1580 cretnentuln.
380 1552 505 1579 Attamen
523 1550 662 1585 supplices
674 1550 750 1582 facti,
770 1550 795 1576 io
812 1549 866 1577 Deo
880 1550 974 1577 Salva-

185 1603 245 1626 tore
256 1602 349 1626 nostro
359 1598 534 1628 conﬁdimus,
550 1604 605 1624 nou
634 1601 695 1631 post
708 1596 824 1623 multum
847 1597 974 1631 temporis

186 1651 262 1672 tuum
283 1643 409 1670 morbum
426 1642 595 1670 curationem
613 1641 789 1676 adepturum,
816 1642 880 1668 dum
895 1642 975 1669 modo

187 1696 216 1717 tu
230 1689 308 1721 velis,
323 1688 551 1723 quemadmodum
576 1687 726 1722 clllagitasti
748 1692 777 1715 ut
805 1687 977 1714 mitterentur

189 1734 360 1768 adiumenta,
384 1740 445 1768 qure
468 1737 494 1759 et
517 1732 654 1764 misimus,
677 1732 712 1759 ita
738 1732 866 1759 utilitatis
882 1733 976 1760 eorum

190 1778 407 1814 experimentum
424 1777 514 1805 facere
528 1777 587 1805 sine
602 1784 688 1804 mora.
705 1776 781 1804 Patet
794 1777 866 1805 enim
889 1778 979 1805 omnis

192 1823 368 1852 adversitatis
395 1823 423 1850 in
437 1823 572 1858 principio
598 1822 675 1850 Iacile
698 1830 759 1850 esse
788 1823 937 1858 effugium;
955 1823 978 1851 si

191 1871 255 1906 quis
270 1875 361 1898 autem
374 1869 448 1897 illius
460 1869 629 1897 vexationem
647 1868 808 1903 neglexerit,
823 1869 928 1896 viribus
944 1876 978 1897 ex

193 1922 313 1952 tempore
338 1916 469 1951 acceptis,
493 1915 550 1950 jam
579 1922 633 1942 non
649 1914 751 1949 pariter
767 1921 815 1941 eos
830 1914 978 1947 dimittere,

191 1965 250 2000 qui,
275 1971 337 1992 cum
363 1963 441 1998 prius
462 1962 653 1998 neglexerunt,
691 1960 830 1996 posterius
855 1960 980 1988 vexantis

191 2010 256 2038 mali
283 2008 420 2037 curationi
450 2008 624 2036 incumbunt.
637 2006 752 2041 Oportet
766 2005 848 2040 igitur
861 2009 980 2033 vestram

192 2057 376 2088 sanctitatem,
407 2055 603 2090 adjumentisa
623 2052 680 2080 Deo
708 2052 843 2088 susceptis
870 2052 982 2080 minime

191 2104 309 2138 segniter
324 2103 376 2130 uti.
391 2101 509 2130 Omnino
522 2102 594 2128 enim
607 2100 634 2127 in
646 2101 717 2128 bona
731 2107 778 2134 spe
789 2107 895 2132 sumus,
908 2099 930 2127 si
941 2099 982 2127 eis

193 2149 350 2177 accuratius
372 2156 439 2176 usus
468 2147 565 2180 lueris,
594 2146 743 2173 redituram
759 2153 819 2173 esse
830 2145 981 2173 naturalem

1007 247 1070 278 τοὺς
1086 246 1109 272 δ’
1134 246 1232 277 ἄλλους
1259 246 1307 272 καὶ
1325 245 1363 279 τῷ
1387 245 1438 279 βίῳ
1459 244 1614 278 περιόντας,
1634 244 1666 278 τῇ
1690 243 1789 277 ὀφειλο-

1009 292 1079 326 μένη
1103 290 1240 326 παράδοτε
1266 290 1416 325 καταδίκῃ·
1431 291 1478 317 καὶ
1504 289 1548 316 διὰ
1573 289 1628 316 τῶν
1652 289 1788 324 ἡμετέρω-

1008 337 1182 372 γραμμάτων
1199 336 1333 371 μαθόντες
1347 337 1396 362 ὅσα
1419 335 1649 371 ὲπονηρεύσαντο,
1668 335 1715 361 καὶ
1731 332 1772 366 οἷς

1009 383 1183 418 φιλόχριστος
1209 383 1257 410 καὶ
1288 383 1375 418 μέγας
1401 383 1480 417 ἡμῶν
1511 381 1638 416 βασιλεὺς
1669 381 1799 416 πρόνοιαν

1009 430 1086 456 ἔθετο
1101 429 1204 464 γνῶναι
1228 429 1301 463 ὑμᾶς
1315 428 1350 455 τὰ
1372 428 1486 459 ἐκείνοις
1513 427 1798 462 δραματοποιηθέντα,

1009 475 1058 502 καὶ
1089 475 1173 510 μηδὲν
1197 474 1290 501 λαθεῖν
1301 475 1351 509 τῆς
1373 474 1487 508 ψευδοῦς
1508 473 1598 499 αὐτῶν
1619 471 1754 506 ωσκευῆς
1770 473 1799 498 ὲν

1010 521 1049 557 τῷ
1063 521 1306 557 καταπράξασθαι,
1318 521 1363 548 διὰ
1381 521 1427 547 τοῦ
1444 519 1627 555 περιὸλέπτου
1645 518 1729 545 αὑτοῦ
1749 527 1801 552 μα-

1010 568 1125 603 γίστρου
1148 568 1217 603 πρὸς
1242 568 1316 603 ὑμᾶς
1338 567 1504 602 κομισθέντα
1522 565 1557 592 τὰ
1568 564 1661 596 κακῶς
1686 565 1801 599 μελετη-

1012 614 1102 646 θέντα,
1120 613 1188 641 πολὺ
1201 614 1229 640 δὲ
1245 613 1331 648 χείρω
1346 613 1394 639 καὶ
1408 612 1516 647 γραφῆς
1536 610 1694 643 ἀξιωθέντα.
1711 610 1750 636 Δι’
1762 606 1801 636 ὧν

1013 659 1122 687 πάντων
1132 659 1181 694 τῆς
1197 659 1329 693 ἀληθείας
1345 657 1580 693 ὲμφανιζομένης,
1593 655 1725 690 ὑμέτερόν
1742 655 1802 682 ἐστι

1015 705 1188 739 καταγνῶναι
1205 704 1252 731 τοῦ
1266 704 1402 738 ψεύδους,
1420 704 1465 730 καὶ
1481 702 1499 730 ἃ
1518 702 1556 737 μὴ
1578 701 1629 728 ἔδει
1645 701 1695 736 τὴν
1714 701 1802 736 ἀρχὴν

1014 751 1184 786 πραχθῆναι,
1199 750 1287 777 ταῦτα
1299 751 1322 776 εί
1340 750 1389 776 καὶ
1402 748 1554 783 διεπράχθη
1570 746 1743 781 κατακρίναι,
1755 746 1803 772 καὶ

1015 797 1065 832 τὴν
1076 797 1106 829 ἐξ
1115 796 1201 831 ἀρχῆς
1211 795 1288 830 ὑμῶν
1297 795 1377 827 δόξαν
1388 793 1592 822 ἀνασώσασθαι.
1605 792 1698 820 Πάντα
1710 793 1803 819 ἐκεῖνα

1017 843 1149 877 ῥίψαντας
1161 843 1201 874 είς
1210 841 1332 876 κεφαλὴν
1346 841 1401 868 τῶν
1413 840 1674 875 κακουργησάντων,
1683 839 1731 866 καὶ
1741 839 1805 865 ὅσον

1017 889 1061 915 ἐπ’
1089 888 1188 919 αὐτοὺς
1215 886 1278 925 ἦχε,
1304 888 1433 922 πλέοντῇ
1455 886 1599 922 Ῥωμαίων
1625 885 1805 921 Ἐκκλησίαῆ

1016 935 1050 969 τῇ
1066 933 1185 961 ἐνταῦθα
1201 933 1404 969 λνμηναμένων
1419 933 1470 969 (1).

1203 991 1264 1018 AT’.
1289 990 1424 1024 Τρύφωνι
1442 988 1612 1025 pomifera.

1053 1048 1138 1075 Οὐδὲν
1157 1048 1270 1075 ἔλαττον
1287 1047 1334 1074 καὶ
1348 1048 1414 1082 ἡμῖν
1429 1048 1470 1079 εἰς
1486 1046 1634 1082 ἐπιθυμίαν
1653 1045 1807 1081 καθέστηκε

1019 1096 1051 1130 τῇ
1087 1096 1119 1129 σῇ
1150 1094 1269 1129 ὁσιότητι
1293 1093 1495 1128 συγγενέσθαι,
1517 1094 1565 1120 καὶ
1587 1093 1738 1127 παρουσίας
1761 1092 1809 1119 καὶ

1019 1141 1127 1176 ὁμιλίας
1144 1141 1318 1174 κοινωνῆσαι,
1340 1141 1356 1176 ἦ
1378 1141 1440 1167 ὅσον
1461 1139 1553 1172 αὐτὸς,
1573 1136 1596 1166 ὦ
1618 1139 1664 1166 τοῦ
1680 1139 1747 1166 Θεοῦ
1762 1139 1809 1166 άν-

1020 1188 1125 1222 θρωπε,
1143 1187 1191 1221 τῆς
1212 1187 1342 1221 τοιαύτης
1361 1186 1492 1221 ὑπάρχεις
1515 1185 1645 1220 ἐφέσεως.
1667 1185 1736 1212 Ἀλλ’
1747 1184 1809 1212 ἐπεὶ

1020 1233 1074 1260 τῶν
1087 1233 1259 1268 πραγμάτων
1274 1232 1302 1259 at
1314 1231 1496 1267 περιπτώσεις
1512 1231 1675 1265 σωματικῶς
1683 1231 1810 1265 γενέσθαι

1021 1276 1101 1303 τοῦτο
1130 1276 1167 1310 μὴ
1186 1276 1335 1311 βούλονται,
1353 1276 1487 1311 κρείττονι
1505 1276 1559 1302 τινὶ
1579 1276 1707 1311 κοινωνίᾳ
1731 1275 1812 1310 θερα-

1022 1322 1151 1358 πεύωμεν
1173 1323 1222 1357 τὴν
1248 1321 1397 1357 ἐπιθυμίαν
1420 1321 1521 1357 νοερῶς
1542 1321 1746 1356 συγγινόμενοι,
1762 1321 1809 1348 καὶ

1024 1367 1162 1403 βλέμμασι
1177 1368 1225 1402 τῆς
1239 1366 1328 1403 ψυχῆς
1343 1367 1392 1402 τὴν
1412 1367 1563 1394 ἀπόλαυσιν
1584 1366 1702 1401 ἔχοντες.
1724 1366 1812 1393 Τοῦτο

1023 1411 1082 1440 οῖδα
1097 1413 1145 1440 καὶ
1158 1415 1191 1448 τῇ
1209 1414 1242 1448 σῇ
1258 1413 1380 1448 ὁσιότητι
1393 1413 1440 1439 τοῦ
1457 1414 1514 1439 ῖσον
1527 1412 1609 1439 πόθου
1625 1412 1813 1448 παρεχόμενον

1024 1458 1184 1486 ἀπολαύειν.
1215 1459 1285 1494 Περὶ
1316 1459 1345 1486 δὲ
1366 1459 1417 1494 τῆς
1438 1458 1577 1494 λυπούσης
1598 1458 1751 1490 ἀσθενείας,
1766 1458 1813 1485 ἐπὶ

1024 1506 1081 1536 τοῖς
1094 1504 1184 1535 ἄλλοις
1194 1504 1244 1531 ὃσα
1258 1504 1301 1531 διὰ
1316 1505 1365 1536 τὰς
1384 1505 1522 1539 ἁμαρτίας
1535 1504 1614 1539 ήμῶν
1630 1503 1814 1535 ἀδιαλείπτοις

1025 1550 1154 1585 ἀλγηῐόσι
1168 1551 1260 1586 βάλλει
1272 1551 1321 1586 τὴν
1334 1550 1473 1586 ἡμετέραν
1487 1550 1589 1585 ψυχὴν,
1601 1549 1752 1584 ἐδεξάμεθα
1768 1549 1815 1575 χιι)⁸

1025 1598 1073 1625 νῦν
1090 1597 1249 1633 προσθήκην
1270 1597 1429 1632 ἀλγηδόνος.
1447 1597 1543 1630 Ὅμως
1553 1595 1599 1622 οὖν
1620 1595 1815 1630 ἀναφέροντες,

1026 1643 1073 1670 ἐπὶ
1090 1643 1128 1678 τῷ
1146 1643 1253 1678 Σωτῆρι
1269 1642 1328 1677 Θεῷ
1350 1642 1428 1678 ἡμῶν
1440 1642 1489 1677 τὴν
1507 1641 1603 1668 ἐλπίδα
1620 1641 1816 1676 προσδοκῶμεν

1026 1689 1076 1723 τῆς
1106 1689 1153 1715 ἐπὶ
1175 1688 1218 1714 σοὶ
1235 1687 1394 1723 ἀλγηδόνος,
1409 1688 1459 1714 οὐκ
1484 1688 1524 1719 είς
1543 1687 1652 1722 μακρὰν
1667 1687 1757 1722 εὑρεῖν
1768 1687 1817 1722 τὴν

1028 1735 1188 1768 θεραπείαν,
1210 1735 1258 1761 ἐάν
1283 1735 1364 1770 μόνον
1391 1734 1423 1760 σὺ
1447 1732 1593 1768 βουληθῇς,
1614 1732 1710 1767 ὥσπερ
1725 1732 1818 1768 ᾐτήσω

1028 1781 1078 1817 τὴν
1098 1781 1152 1807 τῶν
1180 1780 1360 1816 βοηθημάτων
1373 1778 1536 1814 ἀποστολὴν.
1550 1778 1568 1806 ἃ
1585 1779 1632 1805 καὶ
1653 1778 1818 1805 ἀπεστείλα-

1031 1835 1091 1862 μεν,
1104 1825 1175 1853 οὒτω
1191 1826 1238 1853 καὶ
1251 1825 1300 1860 τῆς
1313 1827 1437 1860 χρήσεως
1452 1825 1543 1852 αὐτῶν
1560 1825 1657 1859 πεῖραν
1669 1823 1763 1850 λαϐεῖν
1780 1823 1818 1858 μὴ

1031 1872 1162 1908 βραδέως.
1178 1872 1250 1898 Διότι
1267 1872 1316 1898 οὐκ
1339 1871 1447 1906 ἄδηλον,
1471 1871 1512 1897 ὅτι
1533 1869 1634 1901 παντὸς
1650 1868 1819 1903 ἐναντιώμα-

1030 1926 1076 1950 τος
1096 1919 1125 1945 ὲν
1141 1918 1212 1954 ἀρχῇ
1230 1917 1311 1953 ῥᾳδία
1328 1917 1344 1952 ἡ
1362 1917 1501 1952 ἀποφυγὴ,
1517 1917 1534 1952 ἡ
1553 1916 1582 1942 δὲ
1595 1915 1691 1942 τούτου
1705 1914 1820 1949 παρενόο

1030 1963 1125 1999 χλησις
1143 1964 1172 1990 ὲν
1188 1963 1389 1998 καταφρονήσει
1416 1961 1556 1997 τιθεμένη,
1572 1961 1688 1995 δύναμιν
1707 1959 1761 1989 ἀπὸ
1772 1958 1819 1985 τοῦ

1031 2010 1129 2046 χρόνου
1155 2009 1342 2045 λαμϐάνουσα,
1366 2009 1460 2036 οὐκέτι
1491 2007 1592 2043 ὁμοίως
1610 2007 1697 2034 ὲοέλει
1716 2006 1820 2032 ἀνιέναι

1032 2057 1095 2089 τοὺς
1111 2056 1243 2093 πρότερον
1259 2055 1481 2092 καταφρονητάς,
1504 2054 1617 2090 ὕστερον
1631 2055 1659 2080 δὲ
1677 2053 1744 2090 πρὸς
1759 2053 1820 2079 ἐπι-

1034 2103 1146 2138 μέλειαν
1182 2102 1400 2137 καθισταμένους
1430 2103 1479 2138 τῆς
1512 2102 1560 2129 τοῦ
1589 2099 1822 2137 παρενοχλοῦντος

1034 2148 1162 2182 διώξεως.
1173 2149 1219 2176 Δεῖ
1233 2147 1279 2177 οὖν
1290 2150 1338 2177 καὶ
1357 2148 1406 2185 τὴν
1422 2148 1499 2184 ὑμῶν
1522 2148 1678 2182 τελειότητα
1688 2146 1743 2173 τῶν
1759 2145 1821 2180 βοη-

193 2199 247 2222 ιιιιιε
258 2194 351 2222 carnis
368 2193 580 2224 restitutionem,
596 2191 630 2219 Et
644 2191 701 2219 haec
715 2190 825 2226 quidem
837 2191 970 2219 hactenus

1036 2193 1165 2228 θημάτων
1186 2194 1454 2229 καταλαμϐανόντων
1477 2193 1526 2219 σὺν
1554 2192 1623 2225 Θεῷ,
1643 2192 1680 2226 μὴ
1693 2190 1822 2226 ῥᾳθύμως

195 2238 235 2266 Τιι
247 2246 311 2266 vero
322 2239 368 2272 qui
384 2239 454 2265 nosti
468 2243 569 2273 quanta
587 2237 666 2265 nobis
682 2237 808 2272 patienda
819 2237 874 2264 sint
885 2236 970 2264 talibu

1034 2239 1125 2266 αὐτῶν
1150 2241 1200 2275 τὴν
1228 2240 1327 2276 χρῆσιν
1347 2238 1524 2274 ποιήσασθαι.
1552 2237 1664 2266 Πάντως
1678 2237 1732 2271 γὰρ
1748 2235 1822 2261 εὐέλ-

194 2292 286 2312 rerum
323 2283 532 2319 tempestatibus
555 2283 667 2319 jactatis
698 2283 794 2318 quales
822 2282 895 2310 haud
929 2282 970 2309 scit

1034 2285 1110 2316 πιδὲς
1138 2286 1234 2320 ἐσμεν,
1262 2286 1300 2316 ὡς
1329 2284 1354 2310 εἰ
1385 2283 1593 2317 σπουδαιότερον
1613 2282 1704 2317 χρήσῃ
1723 2280 1822 2312 αὐτοῖς,

194 2336 286 2359 utrum
306 2330 398 2366 aliqua
429 2336 550 2365 unquam
590 2329 750 2356 excitaverit
777 2328 928 2359 calamitas,
956 2327 970 2354 i1

1031 2330 1243 2357 ἑπανελεύσεται
1274 2331 1291 2365 ἡ
1308 2329 1413 2365 φυσικὴ
1437 2328 1484 2355 τοῦ
1504 2328 1618 2363 σαρκίον
1640 2327 1822 2357 κατάστασις.

193 2377 351 2413 adjuvando
366 2383 411 2404 me
427 2375 482 2403 tuis
496 2375 599 2404 sanctis
615 2374 743 2410 precibus
757 2379 816 2402 esto
832 2373 967 2409 promptio

1034 2375 1127 2402 Ταῦτα
1147 2377 1197 2410 μὲν
1212 2376 1258 2403 ἐπὶ
1276 2374 1415 2402 τοσοῦτον.
1435 2375 1471 2401 Σὺ
1489 2374 1516 2401 δὲ
1532 2373 1610 2406 εἰδὼς
1622 2372 1666 2401 οἷα.
1683 2374 1756 2405 εἰκὸς
1771 2373 1823 2400 πά-

193 2429 220 2452 et
238 2423 421 2452 constantior.

1035 2429 1110 2456 σχειν
1126 2421 1200 2456 ἡμᾶς
1215 2421 1244 2448 ὲν
1255 2420 1392 2451 τοιαύταις
1408 2419 1548 2454 καταιγίσι
1564 2419 1734 2454 πραγμάτων
1748 2425 1824 2453 στρε-

194 2471 341 2507 φομένους,
368 2471 427 2503 οῖας
452 2470 503 2497 οὐκ
528 2467 597 2503 οῖδα,
615 2469 642 2495 εῖ
660 2468 702 2500 τίς
723 2476 789 2494 ποτε
828 2465 1002 2502 πραγμάτων
1022 2466 1155 2503 ἐπήγειρε
1182 2467 1314 2502 βιαιότης,
1334 2467 1398 2498 ταῖς
1426 2466 1515 2498 ὁσίαις
1541 2465 1693 2501 ἐπαμύνειν
1729 2464 1824 2499 εὐχαῖς

193 2520 274 2555 γενοῦ
293 2528 339 2556 μοι
351 2520 399 2547 καὶ.
413 2518 633 2554 προθυμότεροο
640 2517 688 2543 καὶ
706 2515 916 2550 συντονώτερος.

409 2574 535 2603 XXXIV.
553 2573 623 2601 Ωιιεί
639 2572 762 2600 Gratim.

232 2635 334 2663 Dilecte
346 2634 426 2662 nobis
439 2634 488 2666 iiIi,
504 2633 645 2664 novimus,
662 2631 749 2667 gratia
782 2629 828 2657 Dei
848 2628 987 2656 intellectu

197 2686 225 2709 et
239 2680 512 2716 prudentiwnatus
531 2685 592 2705 cum
619 2677 670 2710 sis,
690 2683 740 2704 nec
756 2683 810 2703 non
835 2680 862 2702 et
877 2674 986 2709 pietate,

198 2733 300 2764 qnanta
313 2728 347 2755 ad
366 2721 496 2753 hﬂorem
512 2729 540 2753 et
555 2725 658 2752 bonum
674 2727 774 2751 statum
801 2721 986 2750 Ecclesiarum

1222 2571 1281 2599 AA’.
1310 2569 1466 2605 Στρατηγῷ
1482 2568 1643 2601 Ἔλλαδος.

1077 2621 1179 2649 Τέκνον
1205 2618 1284 2654 ήμῶν
1308 2616 1497 2652 ἠγαπημένον,
1529 2615 1642 2650 οἴδαμεν
1667 2615 1709 2641 ὅτι
1735 2614 1827 2649 χάριτι

1041 2667 1110 2695 Θεοῦ
1136 2666 1264 2702 φρονήσει
1290 2662 1478 2698 κοσμούμενος
1507 2661 1555 2687 καὶ
1569 2661 1689 2693 συνέσει,
1706 2660 1754 2686 καὶ⁸
1771 2659 1828 2685 θεο-

1042 2713 1121 2750 φιλὴς
1147 2712 1289 2747 ὑπάρχων,
1303 2710 1353 2738 ὅσα
1369 2709 1410 2740 εἰς
1427 2707 1512 2743 τιμὴν
1526 2707 1574 2734 καὶ
1591 2706 1761 2734 κατάστασιν
1775 2705 1827 2731 τῶν

1037 2783 1162 2821 epistola,
1175 2781 1268 2821 nescio
1278 2787 1334 2816 quo
1342 2787 1411 2821 casu
1424 2778 1523 2821 mutila
1532 2775 1826 2821 atqueinl’ormi‘sff}.

233 2798 272 2834 (Ι)
283 2798 420 2825 “actenus
433 2793 537 2822 Nicolai
560 2791 704 2827 magniﬁca
725 2789 852 2825 epistola,
867 2796 915 2817 seu
930 2792 984 2828 tra:
1037 2789 1162 2821 epistola,
1175 2789 1268 2823 neseio
1278 2789 1334 2816 quo
1346 2789 1411 2820 casu
1424 2789 1518 2819 mutua
1532 2789 1614 2813 atquc
1634 2789 1765 2817 riuum-us
1777 2789 1825 2804 σοι.

233 2841 299 2856 nus.
329 2836 496 2856 attamuuam
526 2828 560 2856 de
586 2834 616 2854 re
646 2826 757 2853 minime
775 2832 864 2856 aequa.
878 2829 906 2850 ut
920 2823 985 2850 alibi
1039 2827 1126 2856 neque
1142 2825 1223 2855 grate:
1244 2814 1408 2850 exemplaris
1425 2814 1587 2849 dignitatem
1617 2815 1685 2840 satis
1717 2812 1825 2837 retinet.

198 2822 496 2867 cimus-(quamquam
526 2822 622 2867 (ιο-εξ
646 2822 757 2867 minime
775 2832 864 2867 aequa:
878 2822 985 2867 ut

198 2859 328 2899 dignius.
339 2859 390 2895 'llla
403 2859 492 2894 autem
502 2870 563 2897 qua:
573 2861 657 2891 latine
665 2863 738 2888 extat
752 2860 823 2893 apud
840 2859 985 2887 Baronium
