2009 3078
144 140 195 174 221

874 143 1079 174 EPISTOLE.

1725 145 1778 176 222

152 199 320 234 Ὶπζκκληαιῶν
336 199 381 226 τοῦ
395 198 475 232 Θεοῦ,
489 198 579 226 ταῦτα
602 199 649 226 καὶ
663 200 749 234 χωρὶς
765 200 816 234 τῆς
831 199 940 234 ἡμετέ-

996 199 1053 231 Dei,
1081 200 1187 235 hocque
1201 199 1283 227 etiam
1299 199 1402 234 absque
1425 203 1520 226 nostra
1536 198 1738 230 exhortatione,
1751 205 1778 225 et

147 254 196 280 ρας
221 245 421 280 παραινέσεως,
448 245 495 272 καὶ
520 245 614 280 διανοῇ
642 245 691 271 καὶ
706 244 847 280 πράττεις.
866 243 938 278 Πλὴν

146 291 204 318 ἀλλ’
234 290 297 318 ἐπεὶ
319 292 337 326 ἡ
362 291 410 326 δλη
430 292 551 327 μέριμνα
568 291 615 317 καὶ
637 291 780 326 ἡφροντὶς
794 291 862 325 ἡμῖν
879 290 938 316 Eni-

147 345 236 364 κειται
253 337 309 363 τῶν
329 337 509 372 Ἐκκλησιῶν,
525 336 672 372 γράφομέν
693 345 734 363 σοι
750 336 798 363 καὶ
813 337 904 372 ἡμεῖς,
920 336 939 363 ἃ

147 381 194 409 καὶ
206 381 248 408 σοὶ
265 381 361 416 μισθὸν
376 382 502 417 οὐράνιον
526 381 663 417 προξενεῖ,
682 382 731 409 καὶ
742 383 803 413 ταῖς
820 381 940 416 Ἐκκλη-

147 426 220 459 σίαις
231 427 273 458 είς
287 427 430 462 συμφέρον
454 427 544 453 ἐστίν·
566 427 635 453 ἀλλά
651 426 720 458 τέως
740 426 789 462 μὲν
807 427 871 461 περὶ
886 426 940 453 τῶν

146 472 235 503 ἀλλων
253 472 384 508 σιγῶμεν.
401 472 480 499 Ἐπεὶ
494 473 522 498 δὲ
539 472 665 508 περὶτῆς
677 472 733 498 τῶν
746 471 843 506 Θηϐῶν
858 471 938 505 ἁγίας

148 517 323 552 ἀνεμάθομεν
337 517 513 552 Ἐκκλησίας,
541 518 578 548 ὡς
592 518 617 544 oi
636 517 763 552 κληρικοὶ
779 516 840 543 κατ’
857 516 940 552 ἀλλή-

148 562 203 590 λων
217 563 422 596 στασιάζοντες,
436 563 496 590 ἀντὶ
506 561 554 589 τοῦ
567 562 652 594 τύπος
663 560 734 588 εῐναι
747 562 940 593 καταστάσεως

147 609 203 638 τοῖς
231 609 390 642 κοσμικοίς,
407 608 485 634 αὐτοὶ
518 607 670 642 ἀταραξίας
697 606 746 634 καὶ
771 607 861 642 μάχας
880 615 942 633 συν-

154 653 260 687 ιστῶσι,
275 655 323 681 καὶ
336 654 366 681 τὸ
381 654 566 681 δλεεινότατον
581 654 628 680 καὶ
642 653 750 688 πληγὰς
764 653 941 688 ἐπιφέρουσιν

149 699 289 734 ἀλλήλοις,
314 699 444 734 ὁρίζομεν
467 699 510 726 ῑνα
532 698 644 729 τούτους
659 699 698 730 είς
723 698 782 733 Ivi)
801 698 836 732 σὴ
854 705 940 733 προσ-

148 744 297 779 καλέσηται
307 744 486 775 σύνεσις,’καὶ
497 743 589 778 λόγοις
601 743 649 770 καὶ
665 743 844 778 παραινέσεσι
859 742 942 778 πείσῃ

147 789 197 824 τῆς
207 789 336 824 τοιαύτης
350 789 465 822 ἀταξίας
485 789 656 823 ἀποσχέσθαι
668 796 676 804 ·
702 789 750 815 καὶ
768 788 941 824 παραγγείλῃ

149 835 212 863 τοὺς
239 833 308 868 μετὰ
332 832 380 859 τοῦ
404 833 622 867 ἀρχιεπισκόπου
648 831 940 866 συλλειτουργοῦντας,

149 866 270 910 εκείνοῦς
292 878 343 913 τὴν
366 866 516 913 καθολικὴν
532 877 700 914 Ἐκκλησίαν
730 877 867 912 κατέχειν,
891 876 939 902 καὶ
956 866 979 895 Β

149 925 199 959 τὴν
230 925 259 950 ἐν
286 924 354 959 αὐτῇ
372 923 529 957 δοξολογίαν
553 924 601 950 τοῦ
624 923 692 950 Θεοῦ
708 923 861 949 ὲπιτελεῖνο
875 924 939 953 τοὺς

150 969 178 997 ιι
192 969 300 1002 ἀλλους,
327 970 352 996 οἳ
367 969 436 999 τέως
455 969 494 1004 τῷ
510 969 721 1004 ἀρχιεπισκόπῳ
738 968 802 996 οὒτε
817 969 938 996 συνελει-

150 1015 317 1050 τούργησαν,
337 1015 400 1042 οὔτε
428 1014 624 1049 ἐκοινώνησαν,
642 1016 671 1041 ὲν
690 1016 750 1047 ταῖς
765 1015 871 1047 λοιπαῖς
890 1015 938 1042 ὲκ·

151 1061 278 1095 κλησίαις
293 1060 459 1095 συνάγεσθαι
472 1061 666 1094 καθ’έαυτοὺς,
685 1061 729 1088 ἶνα
743 1060 831 1092 οὕτως
854 1062 939 1095 ἀσύγ-

151 1115 232 1142 χυτος
245 1108 261 1141 ἡ
283 1106 402 1141 ίερατεία
419 1106 558 1141 διαμείνῃ,
589 1106 686 1142 μέχρις
711 1106 745 1133 ἃν
757 1107 770 1133 6
782 1106 860 1140 ἅγιος
874 1107 942 1139 Θεὸς

151 1152 286 1188 εὐδοκὴτῃ
300 1159 326 1178 τι
340 1150 552 1186 οίκοδομηθῆναι
574 1151 613 1182 εἰς
628 1152 662 1177 τα
686 1152 857 1186 κατασχόντα
871 1151 941 1186 πρόι-

151 1206 245 1234 γματα
271 1198 316 1224 διὰ
345 1198 394 1229 τὰς
412 1197 550 1232 ἁμαρτίας
579 1196 658 1232 ἡμῶν
682 1197 733 1231 τὴν
757 1197 840 1231 ἁγίαν
858 1196 941 1224 αὐτοῦ

158 1245 331 1280 Ἐκκλησίαν.
364 1244 466 1272 Τούτου
501 1245 555 1280 γὰρ
574 1245 720 1279 γενομένου
740 1246 787 1271 καὶ
811 1245 836 1271 cl
866 1245 942 1278 παρὰ

151 1291 197 1317 τοῦ
213 1291 280 1318 Θεοῦ
305 1290 519 1326 διατηρηθέντες
540 1291 684 1326 ἄμεμπτοι
706 1292 736 1317 ὲν
748 1292 782 1326 τῇ
801 1291 943 1326 ἱερουργίᾳ

151 1337 252 1368 αὐτῶν,
272 1337 302 1363 οὺ
326 1337 364 1372 μὴ
389 1337 599 1372 προσκόψωσιν·
620 1337 668 1364 καὶ
687 1337 712 1364 oi
733 1337 904 1371 ἀνθρώπινόν
916 1345 942 1363 τι

153 1383 284 1416 παθόντες
300 1385 345 1410 καὶ
363 1383 522 1418 σφαλέντες,
555 1383 624 1418 μετὰ
645 1383 696 1417 τῆς
717 1383 822 1417 ἀγαθῆς
837 1383 943 1415 ἐλπίδος

152 1430 260 1459 ἔσονται
290 1430 471 1465 ἀναμένοντες
484 1429 534 1465 τὴν
557 1429 621 1464 περὶ
639 1429 737 1460 αὐτοὺς
756 1429 943 1463 γενησομένην

152 1476 320 1511 οἰκονομίαν,
340 1476 405 1502 ὅταν
422 1476 436 1502 ό
455 1475 541 1511 μέγας
557 1474 637 1510 ἡμῶν
656 1473 801 1509 ἀρχιερεὺς
820 1474 866 1500 καὶ
877 1473 944 1505 Θεὸς

152 1521 232 1549 τιῦτο
249 1522 385 1558 εὐδοκήσῃ
405 1521 625 1555 ἐπιτελεσθῆναι.
645 1519 819 1554 Ἐῤῥωμίνον
836 1527 864 1545 σε
883 1519 943 1545 δια-

153 1566 271 1602 φυλάξιι
295 1567 309 1593 ὁ
326 1566 447 1601 Κύριος,
470 1565 566 1591 τέκνον
581 1564 659 1599 ήμῶν
679 1563 814 1594 ποθεινὸν,
835 1564 864 1589 tv
877 1563 945 1590 πᾶσι

154 1613 246 1644 καλοῖς
276 1611 469 1647 προκόπτοντα
496 1611 543 1637 καὶ
569 1609 778 1644 εὐδοκιμοῦντα,
805 1609 853 1635 καλ¹
880 1608 947 1636 ὄντα

153 1658 284 1690 παντοίας
299 1656 432 1692 ἐπηρείας
444 1656 590 1692 ἀνώτερον.

327 1725 389 1752 AE’.
410 1724 570 1760 Στρατηγῷ
591 1725 773 1760 Στρυμόνος.

191 1794 266 1826 οἶδα.
279 1795 374 1822 τέκνον
385 1795 465 1831 ἡμῶν
480 1795 669 1830 ἠγαπημένον,
681 1795 722 1822 ὅτι
749 1794 796 1821 καὶ
814 1795 946 1830 φρονήσει

155 1842 202 1870 καὶ
217 1843 326 1869 συνέσει
353 1842 550 1876 κοσμούμενος,
575 1841 669 1868 ὲκείνα
691 1841 801 1876 φρονεῖς
816 1841 881 1876 περὶ
896 1840 947 1875 τῆς

153 1890 201 1917 τοῦ
223 1889 290 1917 Θεοῦ
315 1889 481 1924 Ἐκκλησίας
514 1889 565 1915 ὅσα
581 1888 686 1923 πρέπον
706 1887 781 1914 ἐστὶν
803 1887 946 1922 ἄνθρωπον

155 1935 267 1971 θεοφιλῆ
280 1936 329 1963 καὶ
346 1936 422 1971 παρά
443 1935 510 1961 Θεοῦ
526 1935 574 1961 καὶ
594 1934 643 1961 νῦν
657 1934 810 1969 τιμηθέντα
840 1934 888 1960 καὶ
901 1934 947 1960 δο-

155 1981 306 2014 ξασθέντα,
328 1982 376 2008 καὶ
403 1981 442 2012 είς
454 1981 500 2006 τὸν
521 1981 652 2014 μέλλοντα
678 1979 766 2008 αἰῶνα
794 1980 878 2013 δόξαν
899 1979 948 2006 καὶ

155 2028 240 2064 τιμὴν
258 2027 353 2054 λαϐεῖν
368 2027 435 2061 παρ’
468 2026 551 2053 αὐτοῦ
575 2025 736 2058 ὲλπίζοντιν
757 2026 803 2053 καὶ
818 2025 882 2056 ῐσως
898 2033 948 2052 πε-

157 2073 250 2108 ρισσόν
261 2081 288 2098 τι
308 2070 440 2105 ποιοῦμεν
456 2070 505 2104 τὴν
530 2071 581 2104 σὴν
595 2070 784 2103 διανοηθέντες
802 2071 947 2105 παραινεῖν

156 2117 268 2152 θεοφιλῆ
283 2115 372 2151 ψυχὴν
389 2115 454 2149 περὶ
471 2115 516 2141 τοῦ
540 2115 724 2150 προΐστασθαι
740 2115 796 2142 τῶν
814 2115 948 2150 πραγμά-

155 2172 210 2190 των
231 2163 281 2197 τῆς
309 2160 432 2196 μεγάλης
461 2160 507 2186 τοῦ
528 2160 596 2186 Θεοῦ
621 2160 796 2195 Ἐκκλησίας,
824 2161 854 2186 ἐν
869 2157 885 2197 ᾖ
901 2160 949 2186 καὶ

991 247 1095 283 cogites
1110 251 1138 276 et
1155 255 1231 282 agas.
1256 247 1382 274 Attamen
1415 253 1476 273 cum
1504 245 1537 272 ad
1556 251 1606 272 nos
1644 245 1776 279 pertineat

990 293 1081 320 omnis
1091 300 1157 321 cura
1171 298 1198 320 et
1215 291 1371 321 sollicitudo
1400 291 1597 323 Ecclesiarum,
1629 289 1778 317 scribimus

992 338 1038 365 tibi
1052 343 1079 365 ct
1093 345 1153 370 nos,
1171 345 1231 373 qua:
1243 342 1270 365 et
1290 336 1338 365 tibi
1363 336 1512 364 mercedem
1529 336 1667 364 caelestem
1687 335 1779 362 conci-

990 384 1105 416 liabunt,
1131 388 1158 411 et
1176 383 1309 412 Ecclesiis
1338 383 1414 410 utilia
1439 383 1511 415 sint;
1531 382 1578 410 sed
1604 381 1638 409 ad
1659 387 1778 416 pra-sena

990 429 1101 464 quidem
1110 429 1144 456 de
1163 429 1271 456 caeteris
1283 432 1433 456 taceamus.
1449 427 1583 460 Quoniam
1596 433 1661 454 vero
1677 431 1778 454 sanctze

991 476 1148 503 Thebarum
1176 476 1307 503 Ecclesiae
1333 475 1491 502 audivimus
1511 473 1627 502 clericos
1649 473 1721 500 inter
1749 480 1778 500 se

991 522 1199 554 dissentientes,
1217 522 1317 549 nedum
1327 522 1382 549 sint
1395 521 1438 548 his
1453 521 1500 556 qui
1519 521 1554 548 de
1583 519 1685 547 mundo
1703 523 1778 550 sunt.

991 568 1122 595 Virtutum
1137 568 1289 603 exemplar,
1311 567 1449 594 tumultus
1461 571 1489 594 et
1509 573 1615 602 pugnas
1641 566 1780 592 concitare

991 614 1118 649 quodque
1147 613 1334 640 miserrimum
1361 617 1413 644 est,
1429 613 1522 647 plagas
1537 611 1590 639 sibi
1603 611 1719 639 invicem
1736 611 1780 638 in-

992 659 1076 691 ferre.
1088 658 1114 686 id
1124 658 1272 686 statuimus
1288 663 1317 685 ut
1326 665 1373 686 eos
1386 662 1431 685 tua
1444 657 1588 693 prudentia
1598 656 1632 684 ad
1648 656 1779 683 unitatem

992 711 1114 736 revoees,
1129 703 1224 738 eisque
1238 707 1265 730 et
1288 703 1380 730 verbis
1408 707 1436 730 et
1455 701 1693 730 exhortationibus
1718 708 1780 735 per-

992 748 1109 776 suadeas
1151 752 1181 775 ut
1216 747 1370 774 istiusmodi
1406 746 1568 774 tumultibus
1606 745 1779 775 abstineant;

992 800 1021 822 ct
1036 795 1080 822 his
1092 794 1140 829 qui
1156 793 1364 828 archiepiscopo
1392 792 1614 821 comministrant
1636 790 1781 818 denunties

994 844 1024 866 ut.
1039 839 1091 874 ipsi
1102 838 1264 865 catholicam
1280 837 1429 865 Ecclesiam
1459 840 1610 872 protegant,
1627 840 1665 868 et,
1681 843 1742 870 qua:
1754 835 1781 865 in

993 892 1024 912 ea
1041 889 1093 918 est,
1112 884 1160 911 Dei
1177 883 1292 918 gloriam
1318 883 1484 918 perﬁciant;
1502 881 1608 910 caeteris
1622 886 1713 908 autem
1734 881 1780 914 qui

993 931 1128 959 hactenus
1141 930 1349 965 archiepiscopo
1365 937 1454 964 neque
1482 927 1781 957 comministraverunt,

995 985 1082 1013 neque
1095 977 1379 1008 communicaverunt,
1396 979 1425 1002 ut
1439 975 1466 1002 in
1481 973 1593 1009 reliquis
1611 972 1740 1000 Ecclesiis
1755 971 1782 998 in

995 1030 1080 1050 unum
1096 1027 1204 1054 coeant.
1222 1027 1251 1049 ut
1265 1022 1303 1049 ita
1319 1021 1502 1049 sacerdotium
1518 1019 1690 1047 inconiusum
1722 1025 1782 1045 ma-

995 1072 1068 1102 neat,
1085 1067 1262 1103 quoadusque
1277 1066 1332 1094 Deo
1343 1071 1438 1094 sancto
1449 1066 1538 1093 visum
1564 1064 1647 1092 fuerit
1663 1070 1782 1099 quonam

995 1116 1078 1143 modo
1097 1114 1248 1142 aedificetur
1263 1118 1359 1141 sancta
1387 1120 1436 1140 sua
1453 1111 1578 1139 Ecclesia
1603 1111 1630 1137 in
1647 1110 1700 1142 his,
1723 1117 1784 1144 qua:

995 1167 1106 1197 propter
1132 1165 1242 1195 peccata
1260 1165 1353 1187 nostra
1368 1159 1555 1188 obtinuerunt,
1570 1155 1782 1184 calamitatibus.

995 1209 1053 1236 Hoc
1067 1208 1140 1235 cnim
1159 1207 1240 1237 facto.
1258 1212 1284 1233 et
1293 1206 1331 1237 hi,
1349 1205 1394 1239 qui
1411 1213 1426 1231 a
1443 1203 1497 1231 Deo
1530 1201 1784 1237 irreprehensibiles

996 1254 1097 1282 set-vati
1118 1258 1183 1280 sunt
1199 1252 1226 1278 in
1240 1259 1290 1278 suo
1301 1250 1466 1283 ministerio,
1480 1257 1534 1276 non
1549 1247 1696 1279 oliendcnt,
1713 1250 1740 1274 et
1758 1247 1784 1272 l:i

996 1300 1042 1335 qui
1060 1298 1172 1325 humani
1189 1296 1290 1332 aliquid
1308 1296 1383 1331 passi
1402 1299 1478 1329 sunt,
1492 1299 1518 1322 et
1533 1297 1703 1324 erraverunt,
1722 1300 1784 1319 cum

997 1345 1066 1372 bona
1099 1351 1148 1379 spe
1186 1342 1386 1377 exspectabunt
1406 1340 1606 1368 ordinationem
1628 1338 1662 1366 de
1688 1338 1786 1371 seipsis

997 1391 1128 1422 futuram,
1145 1389 1255 1424 quando
1280 1388 1346 1415 illud
1370 1394 1479 1415 summo
1502 1390 1598 1413 nOstro
1614 1383 1787 1412 sarerdotiet

997 1436 1053 1463 Deo
1070 1435 1199 1471 perlicere
1224 1435 1312 1462 visum
1329 1433 1420 1460 fuerit.
1447 1432 1614 1459 Incolumem
1633 1435 1660 1458 te
1692 1433 1785 1456 servet

999 1482 1143 1513 Dominus,
1175 1479 1407 1507 desideratissime
1425 1483 1517 1505 noster
1542 1476 1591 1508 tili,
1607 1477 1634 1503 in
1658 1475 1786 1502 omnibus

998 1527 1077 1554 bonis
1089 1525 1275 1561 proﬁcientem
1304 1530 1331 1551 et
1346 1524 1414 1551 bene
1441 1523 1595 1550 audientem
1613 1524 1639 1548 ct
1652 1519 1727 1548 omni
1744 1519 1788 1546 in-

997 1570 1070 1606 juria
1096 1577 1128 1598 su
1131 1569 1293 1604 perioremJ

1208 1727 1316 1756 XXXV.
1335 1727 1401 1755 Duci
1416 1727 1579 1762 Strymonia.

1032 1797 1113 1830 Novi,
1127 1796 1225 1824 dilecte
1253 1795 1331 1823 nobis
1345 1795 1394 1828 iiIi,
1409 1799 1435 1822 te
1449 1798 1476 1821 et
1498 1793 1641 1828 prudentia
1664 1796 1692 1819 et
1709 1791 1789 1819 intel-

997 1842 1069 1870 lectu
1092 1845 1218 1869 ornatum
1239 1841 1292 1868 hoc
1321 1840 1423 1867 sentire
1437 1839 1470 1866 de
1497 1838 1544 1865 Dei
1574 1837 1693 1865 Ecclesia
1715 1837 1786 1872 quod

999 1889 1078 1915 decet
1093 1887 1233 1914 hominem
1251 1885 1301 1913 Dei
1334 1889 1471 1912 amantem
1489 1888 1542 1911 eta
1557 1883 1612 1910 Deo
1628 1883 1684 1917 jam
1703 1884 1788 1910 hone-

998 1938 1100 1960 statum
1114 1935 1141 1959 et
1151 1931 1345 1966 gloriﬁcatum,
1362 1933 1390 1957 et
1415 1933 1571 1964 sperantem
1589 1935 1618 1955 se
1646 1927 1672 1953 in
1689 1926 1791 1954 saeculo

999 1978 1094 2005 i'uturo
1109 1977 1195 2013 gloria
1207 1981 1234 2004 et
1261 1977 1365 2004 honore
1379 1975 1413 2002 ab
1427 1982 1460 2002 eo
1487 1973 1654 2001 donandum.
1671 1972 1705 2000 Et
1721 1974 1792 2000 forte

999 2031 1200 2059 supervacuum
1228 2023 1331 2057 aliquid
1354 2021 1484 2053 iacimus,
1505 2020 1630 2047 arbitrati
1653 2024 1727 2047 tuam
1743 2019 1790 2047 Dei

998 2075 1134 2097 amantem
1144 2069 1342 2097 exhortandam
1350 2076 1411 2096 esse
1423 2069 1553 2098 animam,
1565 2067 1683 2094 utrebus
1695 2066 1790 2101 praesis

1000 2124 1104 2150 magna:
1119 2115 1249 2143 Ecclesiae
1264 2115 1310 2142 Dei
1328 2116 1418 2150 inqua
1430 2114 1598 2149 glot'iilcatus
1606 2121 1634 2141 es
1648 2120 1663 2140 a
1682 2112 1788 2148 Spiritu

1001 2166 1096 2188 sancto
1110 2169 1158 2195 per
1172 2160 1374 2195 impositionam
1394 2159 1540 2187 humilium
1562 2167 1692 2186 manuum
1714 2166 1790 2186 mea-

156 2207 301 2243 εδοξάσθης
314 2207 391 2242 παρά
410 2206 456 2233 τοῦ
472 2206 553 2240 ἁγίου
572 2205 741 2240 Πνεύματος,
759 2205 804 2232 διὰ
822 2206 872 2240 τῆς
888 2205 944 2231 ἔπιε

1003 2215 1076 2239 rum,
1093 2206 1285 2234 benedictione
1316 2206 1343 2233 in
1371 2206 1517 2241 patriciatu
1545 2210 1669 2240 accepta,
1691 2205 1718 2232 in
1735 2212 1791 2240 qua

156 2255 257 2286 θέσεως
273 2254 328 2281 τῶν
352 2252 490 2280 ταπεινῶν
503 2251 583 2286 ἡμῶν
600 2250 700 2287 χειρῶν
715 2251 765 2286 τὴν
782 2251 828 2277 ἐπὶ
843 2251 877 2286 τῇ
894 2258 949 2276 πα·

154 2301 309 2336 τρικιότητι
338 2298 464 2332 εὐλογίαν
489 2298 652 2332 δεξάμενος·
678 2298 707 2323 ὲν
727 2293 871 2334 ᾖπάντως
902 2296 950 2322 καὶ

154 2347 204 2378 τὰς
237 2345 349 2378 ἐλπίδας
375 2345 458 2380 ἔχεις,
478 2343 619 2371 τουτέστιν
639 2343 679 2373 είς
701 2343 752 2377 τὴν
770 2343 799 2369 ὲν
818 2342 886 2376 αὐτῇ
904 2342 948 2368 διὰ

156 2392 257 2423 παντὸς
286 2390 469 2418 κατοικοῦσαν
485 2389 566 2424 χάριν
582 2387 629 2415 τοῦ
657 2387 793 2421 παναγίου
821 2386 948 2421 Πνεῦμα-

155 2447 212 2470 τος.
241 2438 312 2465 Ἀλλ’
342 2438 416 2472 ὅμως
438 2435 532 2470 ἐπειδὴ
561 2435 679 2470 γράμμα
701 2433 856 2468 ἐδεξάμεθα
872 2432 948 2468 παρὰ

120 2495 130 2505 ι
155 2485 202 2512 τοῦ
229 2485 283 2511 τῶν
307 2483 456 2518 κτημάτων
472 2482 557 2516 αὐτῆς
581 2480 763 2517 προεστῶτος,
784 2479 901 2514 λέγομεν
916 2478 947 2512 δὴ

155 2530 202 2557 τοῦ
215 2528 469 2566 Στρογγυλίζοντος,
487 2527 640 2561 ὑπόμνησιν
655 2525 807 2561 ποιούμεθα
821 2524 868 2551 τοῦ
882 2525 950 2559 γρά-

154 2577 202 2610 ψαι
217 2575 285 2610 πρὸς
299 2575 351 2610 τὴν
372 2574 449 2609 ὑμῶν
471 2573 724 2608 μεγαλοπρέπειαν,
745 2572 816 2598 ὥστε
836 2571 884 2606 τῆς
900 2573 949 2606 σῆς

154 2620 353 2656 ἀντιληπικῆς
377 2619 467 2655 χειρδς
491 2620 519 2645 ἰν
545 2618 696 2645 ἀπολαύσει
722 2617 805 2644 αὐτόν
830 2627 858 2644 τε
884 2626 949 2651 τυγ-

155 2667 266 2703 χάνειν,
298 2666 427 2697 καὶτοὺς
457 2663 767 2697 καταπεπιστευμένους
796 2663 871 2698 αὐτῷ
897 2663 948 2698 τῆς

161 2712 325 2748 Ἐκκλησίας
336 2712 447 2743 τόπους,
470 2706 501 2737 οὗ
514 2711 546 2736 ἂν
556 2711 572 2744 ὴ
585 2709 666 2744 χρεία
680 2709 763 2744 καλῇ,
779 2709 828 2744 τὴν
842 2709 947 2736 ἐκείνου

156 2758 323 2794 πληροῦντες
339 2757 507 2793 ὑπόμνησιν,
524 2756 613 2782 ταῦτά
629 2763 670 2782 σοι
684 2755 718 2781 τὰ
729 2754 882 2791 γράμματα
891 2755 947 2782 δια-

156 2806 313 2841 πέμπομεν,
325 2805 373 2832 καὶ
385 2804 482 2840 ὥσπερ
502 2803 638 2839 παρόντες
659 2802 692 2829 δι’
705 2802 797 2830 αὐτῶν
811 2811 946 2837 προσομι-

156 2850 265 2885 λοῦμεν,
286 2851 333 2878 καὶ
350 2847 539 2886 παραινοῦμεν
555 2846 602 2874 τοῦ
617 2846 655 2883 μὴ
667 2847 798 2882 περιορᾷν
814 2847 876 2879 τοὺς
885 2847 946 2882 βου-

1001 2252 1115 2280 omn'tno
1135 2257 1162 2280 et
1177 2260 1226 2287 spe
1243 2252 1356 2285 frueris,
1383 2253 1476 2287 gratiae
1498 2251 1603 2279 scilicet
1619 2250 1794 2279 sanctissimi

1002 2298 1123 2333 Spiritus
1139 2298 1237 2333 quaeiu
1250 2305 1282 2326 ea
1297 2298 1484 2326 indeiicientcr
1500 2298 1645 2325 inhabitat.
1663 2297 1791 2324 Attamen

999 2345 1130 2380 quoniatn
1155 2345 1261 2373 litteras
1285 2345 1442 2380 accepimus
1459 2346 1534 2372 abeo
1550 2345 1597 2380 qui
1626 2344 1709 2371 rebus
1730 2343 1792 2377 eius

999 2395 1108 2426 praeest,
1123 2398 1138 2416 a
1155 2390 1284 2425 praefecto
1305 2391 1524 2426 Strongylizonte
1539 2397 1600 2425 qu:e
1630 2389 1790 2416 memoriam

999 2437 1103 2464 faciunt
1115 2436 1254 2465 scribundi
1268 2437 1302 2464 ad
1318 2441 1391 2465 tuam
1409 2436 1626 2471 amplitudinem,
1645 2442 1678 2462 eo
1692 2435 1745 2462 [ine
1762 2438 1792 2461 ut

1000 2488 1046 2510 tua
1059 2486 1183 2518 prompta
1195 2490 1276 2510 manu
1288 2482 1403 2515 fruatur,
1414 2486 1470 2509 tum
1479 2482 1548 2516 ipse,
1558 2486 1614 2508 tum
1627 2480 1792 2508 biEcclesim

999 2529 1053 2556 loci
1073 2528 1119 2563 qui
1136 2528 1162 2556 ei
1191 2529 1409 2562 committuntur,
1426 2528 1483 2556 "ubi
1516 2535 1586 2563 opus
1612 2527 1705 2559 fuerit,
1723 2527 1792 2554 hanc

1001 2574 1180 2602 munitionem
1196 2575 1330 2607 exsecuti,
1344 2575 1393 2602 has
1409 2575 1457 2602 tibi
1473 2574 1578 2601 litteras
1604 2573 1750 2606 mittimus.
1766 2577 1794 2599 et

1000 2625 1048 2652 per
1063 2617 1136 2651 ipsas
1155 2622 1180 2644 te
1193 2618 1271 2653 quasi
1289 2622 1435 2651 praesentes
1455 2618 1634 2652 alloquimur,
1649 2622 1677 2645 et
1691 2618 1792 2645 exhor-

1001 2668 1091 2690 tamur
1119 2671 1153 2691 ne
1169 2664 1305 2699 despicias
1339 2672 1386 2693 eos
1399 2665 1447 2700 qui
1481 2665 1639 2692 inordinata
1662 2671 1745 2691 sensu
1765 2667 1792 2689 et

1006 2709 1257 2743 impetu.invadere
1287 2710 1399 2738 tendunt
1425 2711 1453 2739 in
1484 2711 1542 2738 loca
1569 2712 1657 2738 sancti
1696 2709 1789 2744 templi

998 2755 1090 2790 magni
1107 2755 1154 2783 Dei
1169 2760 1196 2783 et
1210 2755 1362 2784 Salvatoris
1375 2756 1471 2789 nostri,
1483 2761 1511 2783 et
1527 2761 1554 2782 nt
1564 2756 1664 2783 avellas
1678 2755 1787 2790 quidem

998 2809 1047 2829 eos
1058 2809 1090 2829 ex
1105 2801 1165 2837 ejus
1180 2801 1293 2836 ditione,
1309 2803 1338 2830 la
1362 2807 1436 2830 tuam
1467 2807 1558 2830 autem
1589 2804 1724 2837 propriam
1747 2801 1791 2828 di-

1000 2848 1100 2876 tionem
1122 2847 1237 2884 redigas.
1268 2847 1338 2877 Sunt
1357 2853 1460 2884 autem,
1489 2853 1518 2877 ut
1543 2849 1683 2881 audimus,
1701 2845 1784 2882 hujus
