2009 3078
185 110 238 141 225

911 115 1116 145 ΕΡΙΞΤΟΙηΈ.

1765 115 1818 146 225

184 168 233 194 καὶ
252 167 333 194 πλέον
353 169 399 204 τῆς
422 170 563 206 παρούσης
588 171 661 207 ζωῆς
680 173 716 204 ὥς
735 181 766 206 γε
788 171 968 208 ὑπολαμϐάνω

1027 172 1090 199 hinc
1106 176 1214 200 maneat
1226 179 1355 199 mcrcesa
1375 173 1428 200 Deo
1446 176 1554 207 propter
1569 178 1600 199 ea
1619 178 1678 205 qua:
1691 171 1717 198 in
1735 179 1820 206 nego-

185 212 330 249 ἐφιέμενος
347 215 396 250 τῆς
424 216 576 252 μελλούσης
588 225 595 233 ·
615 218 724 249 πάντως
739 218 766 243 δὲ
781 217 976 249 οὐ¹διστάζεις

183 259 225 285 δτι
241 259 387 287 ἀπόκειταί
414 269 455 288 σοι
482 263 579 296 μισθὸς
603 263 709 290 ἐκεῖθεν
724 263 799 298 παρὰ
821 262 889 289 Θεοῦ
905 263 977 298 ὑπὲρ

183 302 221 331 ὧν
240 306 268 332 ἐν
278 306 334 338 τοῖς
346 308 491 342 πράγμασι
509 309 557 342 τῆς
571 309 655 335 αὐτοῦ
678 310 842 345 Ἐκκλησῐας
868 311 958 341 πονεῖς
970 317 977 325 ·

185 351 248 385 ﬁcii
264 352 311 379 ἐάν
338 361 380 384 τις
405 356 434 379 ἐν
453 356 509 386 τοῖς
532 356 588 387 σοῖς
610 356 694 382 ⁴ιτὸνον
714 357 761 382 καὶ
782 356 900 391 σπουδὴν
917 356 979 382 ἑπι-

185 396 326 425 δείχνυται
345 399 516 434 πράγμασιν,
548 400 620 428 ὥστε
642 402 777 436 ὠφέλειαν
788 401 850 428 τινὰ
869 402 975 434 τούτοις

185 445 312 478 γενέσθαι
323 446 371 480 τῆς
380 447 560 482 ὀφειλομένης
572 449 682 483 χάριτος
696 448 748 474 οὐκ
757 448 919 482 ἀποστερεῖς
933 447 979 474 τὸν

186 491 384 524 σπουδάζοντα,
403 491 473 518 ἀλλὰ
500 493 581 519 παντὶ
599 495 694 528 τρόπῳ
719 494 767 527 τὴν
786 493 905 528 ἀμοιϐὴν
924 493 979 519 τῶν

185 537 276 564 πόνων
289 538 384 564 τούτου
407 539 590 574 περισκοπεῖς
604 547 611 572 ;
627 540 672 565 τὸν
688 539 716 565 δὲ
734 540 779 566 ἐπὶ
790 540 899 566 πάντων
911 539 978 566 Θεὸν

183 581 325 609 λείπεσθαι
355 585 405 618 τῆς
441 583 490 618 σῆς
531 584 719 619 προαιρέσεως
756 585 976 620 ὑπολαμϐάνειςς

190 627 260 653 Ἀλλ’
287 628 388 654 ἄτοπον
404 628 495 661 τοῦτο,
516 630 564 656 καὶ
593 630 630 664 μή
654 639 718 657 ποτε
743 631 783 662 είς
797 629 859 657 νοῦν
874 629 979 665 ἀνθρώ-

186 678 264 696 πινον
277 669 358 698 ἔλθοι.
378 671 422 703 Ὠς
440 670 527 704 εἷπον,
553 673 691 700 κατάὸαλε
706 674 755 709 τὴν
773 674 821 700 ἐπὶ
832 674 870 708 τῷ
886 675 977 710 γράμ-

186 716 394 752 ματιάθυμίαν.
415 719 482 754 Περὶ
496 718 525 745 δὲ
555 721 604 754 τῆς
619 720 675 746 τῶν
702 721 875 755 πραγμάτων
896 729 977 755 περι-

186 761 308 794 στάσεως
329 763 376 790 καὶ
394 763 540 796 δυσκολίας
570 765 733 800 ἐγράψαμεν
763 766 802 800 τῷ
818 765 976 800 στρατηγῷ,

183 808 230 832 καὶ
245 808 407 842 λογιζόμεθα
432 809 528 836 τοίυτον
545 811 582 845 μὴ
611 811 639 837 ὲν
667 811 868 847 παραλογισμῷ
881 811 976 838 θέσθαι

1030 218 1075 244 tiis
1092 217 1221 246 Ecclesia:
1231 219 1288 253 ejus
1312 219 1429 246 laboras.
1456 218 1526 245 Num
1553 223 1593 250 tu,
1607 217 1703 252 siquis
1718 217 1745 243 in
1765 217 1820 243 tuis

1030 265 1150 292 laborem
1181 268 1208 291 et
1245 265 1364 291 studium
1397 265 1516 294 exhibet.
1561 264 1598 291 ita
1629 269 1657 290 ut
1693 263 1818 298 qutcdam

1031 310 1185 338 utilitashis
1203 310 1266 337 inde
1280 312 1431 344 conlingat,
1443 311 1609 337 laborantem
1624 309 1714 337 debila
1735 309 1821 344 gratia

1030 355 1169 387 destituis,
1186 361 1233 382 aut
1249 363 1302 382 non
1320 356 1410 390 potius
1425 357 1499 383 omni
1529 356 1610 382 modo
1624 356 1727 389 justam
1743 355 1820 382 labo-

1030 408 1090 427 rum
1108 401 1167 435 ejus
1184 401 1387 429 retributionem
1399 401 1604 436 circumspicis?
1615 401 1699 428 Deum
1713 405 1817 431 autem.

1029 446 1075 480 qui
1095 451 1136 472 est
1152 453 1235 480 super
1261 453 1369 480 omnes,
1389 446 1546 473 inferiorem
1564 452 1609 473 tua
1628 448 1698 474 bona
1725 447 1818 473 volun-

1029 494 1083 516 tatc
1099 491 1269 518 arbitraris?
1288 491 1321 518 At
1333 491 1460 518 insanum
1478 492 1562 524 istud,
1581 499 1630 519 nec
1646 499 1765 526 unquam
1789 491 1817 518 in

1030 543 1147 565 mentem
1190 538 1337 566 humanam
1368 540 1461 566 intret.
1489 539 1723 572 Quemadmodum
1759 539 1816 572 jam

1028 583 1095 616 dixi,
1110 583 1196 618 abjicc
1212 584 1282 611 hanc
1297 585 1380 610 animi
1395 585 1534 611 tristitiam
1550 585 1583 611 de
1598 584 1704 611 litteris.
1722 583 1759 611 De
1774 592 1818 612 ro-

1029 636 1088 655 rum
1103 628 1204 656 deinde
1217 628 1312 663 iniquo
1335 633 1408 655 statu
1437 629 1599 663 scripsimus
1612 628 1684 662 duci,
1703 633 1730 656 ct
1745 629 1817 656 hunc

1028 680 1081 699 non
1112 672 1281 699 arbitramur
1312 673 1389 700 nihili
1419 673 1555 701 faclurum
1585 673 1816 708 eaquaaanobis

1027 717 1128 752 scripta
1145 722 1219 751 sunt,
1235 718 1293 749 sed,
1309 727 1392 753 quam
1409 719 1541 753 potuerit,
1557 719 1591 746 ab
1611 719 1671 754 ipso
1686 723 1818 753 praestan-

1027 764 1088 791 dam
1105 764 1162 791 l‘orc
1179 772 1258 799 opem
1275 770 1302 792 et
1313 766 1457 795 auxilium.
1471 766 1507 792 ila
1523 771 1552 792 ut
1565 766 1591 792 iu
1608 765 1648 792 his
1665 765 1760 792 fortior
1778 765 1818 792 fa-

1026 814 1098 842 ctus,
1111 811 1260 838 studiosius
1274 811 1306 838 ad
1328 819 1371 839 res
1395 811 1548 838 incumbas.
1569 812 1637 838 Cum
1659 815 1749 838 autem
1766 811 1815 838 ad-

182 853 216 878 τά
238 854 303 886 παρ’
319 854 398 888 ἡμῶν
411 856 563 890 γραζέντα,
575 856 641 883 ἀλλᾶ
652 857 701 891 τὴν
719 857 898 892 ἐνδεχομένην
913 858 968 883 ἐπι·

1024 855 1108 883 fueris
1126 857 1199 889 duci,
1219 857 1333 892 ejusque
1361 862 1478 884 mentem
1501 865 1532 884 ex
1553 858 1604 884 hoc
1619 865 1692 884 nunc
1713 864 1816 891 cogno-

182 899 372 934 χψηγηθῆναί
388 909 429 928 σοι
443 901 599 936 παράὺτοῦ
614 902 741 938 βοήθειαν
754 903 804 930 καὶ
818 903 972 937 ἀντίληψιν.

183 945 266 971 Ὥστε
277 947 324 972 καὶ
337 947 365 972 ὲν
380 947 484 979 τούτοις
505 948 689 983 εὐθυμότερος
704 949 861 983 γενόμενος,
887 957 973 975 σπου-

182 989 322 1026 δαιότερον
342 993 396 1018 τῶν
417 993 590 1027 πραγμάτων
607 995 732 1029 ἀντέχου,
746 995 792 1021 καὶ
809 995 974 1029 συγγινόμε-

1028 902 1110 934 veris,
1128 902 1161 929 ad
1182 910 1232 930 nos
1256 904 1356 935 scribe.
1371 908 1407 935 et,
1424 911 1472 938 pro
1493 908 1585 930 nostra
1608 907 1751 938 potestate,
1787 902 1813 929 id

1027 955 1140 982 agemus
1168 952 1197 975 ut
1224 955 1278 975 non
1309 956 1371 983 ope,
1394 956 1444 976 nec
1471 949 1562 976 debita
1592 949 1760 984 providentia
1787 953 1815 976 et

1029 994 1199 1028 protectionc
1212 994 1381 1022 destituaris.

179 1045 226 1069 νος
243 1038 282 1072 τῷ
301 1039 456 1074 στρατηγῷ,
468 1041 514 1065 καὶ
530 1040 579 1074 τὴν
589 1040 694 1067 ἐκείνου
705 1040 818 1076 γνώμην
845 1040 899 1067 ἀπὸ
919 1040 966 1066 τοῦ
992 1040 1039 1066 νῦν
1057 1040 1259 1075 ἁναμανθάνων
1283 1042 1372 1077 γράφε
1385 1041 1452 1076 πρὸς
1469 1042 1554 1076 ἡμᾶς,
1569 1043 1616 1069 καὶ
1635 1042 1685 1077 τῆς
1699 1042 1815 1078 δυνατῆς

181 1083 232 1110 οὐκ
245 1084 274 1110 έν
288 1082 406 1120 δευτὲρῲ
416 1085 586 1121 ποιησόμεθα
598 1086 725 1122 βοηθιίας
741 1096 770 1114 σε
786 1087 823 1122 μὴ
833 1087 1042 1122 ἀποτυγχάνειν,
1060 1088 1126 1121 μηδὲ
1138 1088 1186 1121 τῆς
1203 1087 1382 1122 ὀφειλομένης
1394 1088 1522 1123 προνοίας
1537 1097 1566 1114 τε
1580 1089 1626 1115 καὶ
1635 1088 1812 1124 προστασίας.

379 1144 440 1172 ΛΖ’.
456 1145 614 1179 Στυλιανῴ
628 1145 767 1179 διακόνῳ.
815 1154 818 1155 ⁷

216 1201 383 1235 Προστάξεις
414 1202 467 1228 -καὶ
494 1202 666 1229 διδασκαλίαι
704 1203 831 1238 πράξεων
855 1203 970 1234 ἐκείνοις

178 1246 339 1280 ἀναγκαῖαι,
347 1248 403 1274 ὅσοι
418 1248 455 1283 μὴ
467 1249 513 1274 τιν
523 1250 623 1275 οὶκεῖυν
635 1248 698 1275 νοῦν
706 1249 866 1276 διδάσκαλον
876 1249 969 1284 ἔχωσι.

180 1291 267 1318 Τοῦτο
279 1293 360 1327 ἡμεῖς
375 1293 406 1319 οὺ
425 1293 591 1328 λογιζόμεθα
608 1294 672 1329 περὶ
691 1294 750 1321 σοῦ.
766 1295 816 1321 Διά
829 1294 909 1321 τοῦτο
922 1297 971 1321 καὶ

179 1337 226 1364 τοῦ
240 1339 357 1373 γράφειν
369 1347 410 1365 σοι
423 1339 497 1371 ὃπως
508 1339 548 1366 δεῖ
560 1348 589 1366 σε
603 1339 637 1366 τὰ
648 1341 696 1374 τῆς
707 1342 754 1367 τοῦ
767 1341 835 1369 8εοῦ
856 1342 971 1378 Ἐκκληι

179 1385 242 1417 σίας
256 1386 406 1421 πράγματα
420 1387 532 1414 διοικεῖν
549 1388 737 1424 άπεσχόμεθα.
755 1389 900 1422 Πείσαντες
915 1391 969 1426 γὰρ

180 1432 255 1465 ἅπαξ
285 1433 411 1465 ἑαυτοὺς,
441 1434 482 1461 ὅτι
508 1434 617 1470 πρῶτον
634 1436 684 1470 μὲν
704 1436 744 1467 εἰς
760 1436 826 1463 Θεδν
840 1438 906 1472 ὁρᾷς
922 1438 969 1464 καὶ

179 1479 210 1503 τὸ
225 1478 329 1505 ἐκείνου
358 1480 521 1515 κατάκριμα
555 1480 688 1515 φρίττεις,
703 1481 799 1508 ἔπειτα
816 1482 844 1508 δὲ
864 1484 905 1509 ὅτι
921 1483 968 1509 καὶ

1218 1146 1350 1174 XXXVII.
1367 1146 1490 1181 Stylmuo
1513 1147 1636 1173 diacono.

1059 1201 1194 1236 Praecepta
1215 1207 1242 1229 ct
1279 1203 1472 1229 instructiones
1499 1202 1532 1228 iis
1551 1202 1710 1230 nectssaria:
1737 1207 1812 1234 sunt.

1020 1248 1067 1282 qui
1081 1248 1223 1282 propriam
1243 1253 1362 1274 mentem
1376 1249 1533 1283 magistram
1547 1255 1602 1274 non
1616 1249 1725 1275 habent.
1742 1249 1812 1276 Illud

1020 1298 1110 1320 autent
1137 1293 1171 1319 de
1195 1297 1221 1319 te
1245 1300 1300 1319 non
1324 1293 1467 1320 sentimus.
1490 1292 1551 1320 Ideo
1565 1297 1591 1319 et
1615 1293 1662 1320 tibi
1693 1293 1813 1320 scribere

1022 1340 1160 1374 quomodo
1177 1344 1301 1374 oporteat
1316 1344 1341 1366 te
1352 1339 1397 1366 Dei
1415 1338 1544 1367 Ecclesia:
1560 1340 1668 1374 negotia
1696 1339 1813 1366 admini-

1023 1389 1109 1411 strare
1120 1385 1344 1419 superscdemus.
1364 1384 1434 1411 Cum
1448 1385 1519 1411 enim
1534 1385 1619 1412 semel
1650 1392 1810 1419 persuasum

1023 1430 1174 1458 habeamus
1190 1431 1308 1466 primum
1324 1430 1435 1465 quidem
1449 1436 1473 1457 te
1488 1432 1513 1457 in
1536 1430 1620 1458 Deum
1636 1432 1768 1466 aspicere,
1784 1436 1812 1459 et

1021 1476 1216 1510 ejusjudicium
1233 1477 1424 1508 reformidare,
1440 1477 1536 1503 deinde
1551 1481 1577 1503 ct
1595 1477 1721 1504 humanae
1745 1485 1810 1511 pru-

179 1523 234 1549 τῶν
263 1524 443 1560 ἀνθρωπίνων
465 1525 605 1561 λογισμῶν
620 1523 661 1558 οἷς
676 1527 706 1553 τὸ
725 1527 785 1554 δέον
799 1528 903 1562 γίνεται
920 1528 968 1563 οὐχ

1021 1521 1127 1554 αοιιιὶιε,
1145 1522 1172 1549 in
1197 1523 1296 1557 quibus
1313 1530 1382 1557 opus
1410 1528 1461 1553 est,
1487 1531 1540 1549 nou
1569 1530 1629 1550 esse
1657 1528 1809 1557 expertem,

180 1570 317 1605 ὑστερεῖς,
346 1571 474 1606 περιττὸν
498 1572 664 1607 ἡγησάμεθα
685 1573 733 1600 τοῦ
755 1574 930 1609 προστιθέναι
942 1583 969 1601 τι

179 1617 245 1652 παρ’
264 1617 368 1645 ἑαυτῶν
381 1617 451 1653 πρὸς
467 1617 516 1654 τὴν
532 1618 648 1645 δέουσαν
665 1619 720 1645 τῶν
737 1619 786 1654 τῆς
805 1620 968 1656 Ἐκκλησίας

178 1662 351 1697 πραγμάτων
370 1663 514 1698 διοίκησιν,
530 1665 581 1699 ὅση
595 1673 626 1692 τε
637 1666 667 1692 ὲν
685 1667 718 1701 τῇ
734 1666 900 1693 καταστάσει
913 1667 968 1693 τῶν

178 1708 286 1742 ἱερέων,
314 1709 362 1735 καὶ
389 1710 440 1745 ὅση
456 1710 484 1736 ὲν
503 1711 650 1747 ἐπιμελείᾳ
667 1713 820 1746 γεωργικῇ.
835 1712 922 1739 Τοῦτο
940 1713 968 1739 δὲ

178 1753 258 1787 μόνον
292 1755 445 1790 γράφομεν,
472 1757 542 1792 ὅπερ
562 1756 668 1793 ᾔτησας
684 1757 732 1785 τοῦ
754 1758 860 1792 ἀνοῖξαι
876 1759 925 1793 μὲν
938 1758 968 1785 το

177 1800 417 1835 σκευοφυλακεῖον,
448 1803 602 1837 ἐξενεγκεῖν
620 1804 648 1830 δὲ
679 1804 710 1831 τὸ
727 1805 849 1839 χαρτὶον,
869 1804 882 1831 ὃ
899 1805 967 1840 πρὸς

175 1847 206 1872 τὸ
229 1847 432 1883 ἀνεπηρέαστον
460 1849 521 1884 τῶν
551 1849 647 1885 ἱερέων
672 1851 721 1886 τῆς
752 1850 915 1886 Ἐκκλησίας
942 1852 966 1877 οἱ

175 1893 248 1919 κατὰ
264 1895 377 1929 καιροὺς
405 1895 510 1922 ἔδωκαν
535 1896 667 1930 βασιλεῖς,
685 1896 752 1923 ἀλλὰ
776 1897 825 1924 καὶ
841 1897 912 1924 ὥστε
932 1897 967 1922 τὰ

174 1939 237 1974 ίερέι
263 1939 351 1967 πάντα
373 1942 575 1975 ἐπισκέτζιασθαι
594 1943 629 1969 τά
648 1944 682 1978 τῇ
697 1943 866 1978 μητροπόλει
879 1952 966 1979 προσ-

174 1984 250 2017 όντα,
267 1986 313 2012 καὶ
332 1987 382 2021 τὴν
395 1987 497 2014 τούτων
521 1989 708 2024 παραγραφὴν
721 1989 879 2016 ἀποστεῖλαι
897 1990 966 2024 πρὸς

175 2031 259 2066 ἡμᾶς.
277 2031 363 2058 Τοῦτο
376 2033 618 2068 ἐπιτελεσάμενος,
633 2033 681 2060 καὶ
695 2033 745 2065 τὰς
760 2033 839 2069 ἡμῶν
852 2034 965 2066 ἐλπίδας

177 2078 215 2112 μὴ
230 2078 412 2113 καταισχῦναι
435 2079 479 2105 διὰ
511 2079 630 2114 σπουδῆς
652 2080 826 2114 ποιούμενος,
847 2079 963 2115 ἔρρωσο.

376 2135 441 2164 AH’.
459 2135 578 2170 Φιλητῷ
589 2136 759 2170 pomifera.

1021 1575 1220 1603 supervacuum
1249 1569 1377 1595 duximus
1409 1568 1511 1603 aliquid
1535 1568 1640 1596 anubis
1656 1569 1723 1604 ipsis
1747 1570 1810 1596 addi

1020 1614 1054 1641 ad
1103 1614 1203 1641 bonam
1245 1615 1415 1648 negotiorum
1468 1614 1596 1641 Ecclesiae
1636 1615 1811 1642 administra-

1020 1661 1132 1694 tionem,
1165 1661 1222 1688 sive
1256 1665 1388 1696 quantum
1416 1661 1450 1688 ad
1480 1661 1652 1689 sacerdotum
1696 1662 1809 1688 ordina-

1020 1706 1134 1740 tionem,
1158 1707 1215 1734 sive
1239 1711 1371 1741 quantum
1391 1707 1425 1734 ad
1452 1714 1580 1740 agrorum
1604 1714 1711 1734 curam.
1740 1705 1807 1734 Illud

1019 1758 1108 1780 autem
1137 1753 1226 1780 solum
1242 1753 1399 1787 scribimus,
1414 1753 1487 1788 quod
1519 1753 1677 1789 postulasti,
1709 1759 1807 1787 nempe

1019 1803 1048 1826 ut
1064 1799 1201 1834 aperiatur
1219 1799 1472 1835 chartophylacium
1489 1804 1515 1828 et
1530 1800 1696 1834 producatur
1712 1801 1805 1827 charta

1018 1853 1100 1880 quam
1132 1845 1165 1873 dc
1182 1853 1235 1872 non
1268 1846 1432 1873 insultandis
1463 1845 1653 1873 sacerdotibus
1678 1845 1807 1873 Εαιοινείω

1018 1894 1151 1920 dederunt
1167 1900 1216 1927 pro
1239 1898 1360 1928 tempore
1388 1893 1586 1926 imperatores:
1603 1893 1714 1926 insuper
1729 1897 1756 1919 et
1777 1896 1806 1919 ut

1018 1938 1209 1966 examinentur
1223 1938 1404 1972 metropoleos
1422 1937 1536 1970 reditus,
1549 1941 1574 1964 et
1596 1945 1690 1964 eorum
1716 1937 1806 1963 mitta-

1018 1989 1062 2012 tur
1075 1985 1155 2012 nobis
1175 1985 1279 2012 tabula.
1294 1983 1374 2016 Quod
1385 1991 1448 2010 cum
1467 1983 1625 2018 perfeceris,
1641 1987 1669 2010 et
1680 1991 1741 2017 spes
1755 1991 1805 2010 no-

1021 2037 1093 2059 stras
1115 2032 1240 2059 iminime
1262 2030 1395 2058 confundi
1410 2038 1458 2065 per
1481 2034 1556 2057 tuum
1572 2029 1691 2058 studium
1708 2037 1805 2070 passus

1017 2078 1113 2105 fueris.
1129 2077 1236 2105 Valeas.

1194 2135 1335 2163 XXXVIII.
1358 2134 1466 2163 Phileto
1487 2134 1626 2162 monacho.

209 2191 296 2227 Ἒγὼ,
312 2194 406 2220 τέκνον
424 2194 502 2229 ἐμὸν,
518 2194 597 2221 τοῦτο
620 2195 644 2221 εί
670 2194 717 2220 καὶ
737 2194 897 2230 ἁμαρτωλὸς
918 2194 961 2221 εὗ-

1050 2192 1117 2227 Ego,
1135 2192 1170 2219 Iili
1183 2192 1231 2225 mi,
1243 2192 1303 2224 hoc,
1319 2192 1368 2219 etsi
1400 2196 1526 2227 peccator
1552 2199 1625 2224 sum,
1657 2198 1763 2226 precor,
1774 2195 1804 2218 ut

173 2247 256 2274 χῆμαι
291 2241 395 2271 πάντας
423 2240 531 2275 ἔκείνην
557 2241 607 2275 τὴν
638 2241 697 2267 ὁδὸν
731 2240 862 2276 βαδίζειν,
900 2242 962 2277 ἣτις

173 2286 303 2320 ἀφίστησι
325 2285 374 2320 τῆς
390 2286 524 2321 κοσμικῆς
537 2285 635 2317 αὖτοὺς
652 2286 823 2320 συγχύσεως,
842 2287 911 2321 προς
933 2286 961 2312 δὲ

173 2332 221 2366 τὴν
233 2334 368 2367 σωτήριον
390 2333 494 2366 ἀπάγει
519 2333 567 2359 καὶ
594 2333 806 2366 κατασκήνωσιν
832 2332 879 2358 καὶ
898 2332 961 2359 ἀνά-

172 2385 282 2404 παυσιν.
315 2376 369 2403 Καὶ
395 2376 422 2402 εἴ
439 2385 471 2411 γε
494 2377 618 2408 δυνατὸν,
638 2378 668 2403 οὺ
683 2377 764 2412 μόνον
783 2377 832 2412 τὴν
852 2377 961 2412 αἴτησιν

171 2422 212 2453 εἰς
240 2422 315 2453 τέλος
334 2423 449 2456 ἀγαγεῖν
481 2423 540 2455 εἰμι
567 2422 720 2457 πρόθυμος,
744 2422 814 2450 ἀλλὰ
829 2424 877 2449 καὶ
894 2423 959 2449 εἴτι

172 2467 264 2500 πλέον,
282 2467 362 2502 μόνον
384 2468 408 2494 εί
435 2467 616 2502 ἐπηκολούθει
636 2467 667 2494 τὸ
693 2467 911 2503 σπουδαζόμενον
926 2469 958 2503 τῇ

172 2513 348 2550 προαιρέσει,
377 2513 466 2540 ποιεῖν
495 2512 659 2548 ἐϐουλόμην.
695 2514 752 2540 Οὐκ
783 2514 890 2548 ἀγνοεῖς
915 2513 958 2546 δὲ,

170 2560 266 2586 τέκνον
282 2558 371 2594 ἡμῶν,
388 2559 435 2585 καὶ
465 2559 551 2594 χωρὶς
568 2559 623 2585 τῶν
639 2559 781 2594 ἡμετέρων
804 2559 892 2593 λόγων
909 2560 959 2595 τὴν

170 2605 337 2632 κατάστασιν
364 2605 418 2632 τῶν
446 2604 630 2640 πραγμάτων,
653 2605 699 2631 καὶ
721 2605 759 2636 ὡς
776 2605 852 2632 οὐδέν
874 2606 958 2640 ἐσμεν

170 2651 278 2677 δυνατοὶ
307 2651 375 2685 πρὸς
397 2651 448 2686 τὴν
469 2650 597 2677 ὑπόθεσιν
617 2650 776 2685 συμῦαλεῖν,
796 2651 855 2678 ἀλλ’
871 2651 957 2678 ὁπύσα

170 2698 217 2725 καὶ
238 2697 415 2732 ἀγωνιεῖσθαι
450 2698 581 2733 δόξομεν,
610 2698 741 2733 ῥυήσεται
767 2697 812 2724 διὰ
830 2697 914 2732 κενῆς
943 2697 956 2723 ὁ

170 2744 255 2778 ἀγὼν.
270 2745 302 2770 Τί
317 2742 364 2771 οὖν
382 2753 464 2780 φημι,
479 2744 516 2776 ὡς
533 2745 562 2771 ὲν
581 2744 695 2778 τοιούτῳ
707 2743 808 2779 καιρῷ.
823 2743 838 2779 ἢ
855 2743 886 2770 τὺ
902 2744 956 2770 πᾶν

170 2789 327 2816 ἀνατιθέναι
338 2789 416 2825 Θεῷ;
437 2790 486 2817 καὶ
501 2791 515 2817 δ
532 2791 580 2825 μὲν
598 2789 637 2825 τῷ
664 2789 739 2822 πόοῳ
765 2789 813 2816 τοῦ
836 2789 956 2824 Χριστοῦ

169 2836 359 2871 ἁγαφλεχθεπς,
370 2835 426 2871 εἴγε
443 2835 550 2872 ἀληθῶς
560 2836 731 2872 ἐπεπόθησεν
744 2835 836 2870 αὑτὸν,
851 2835 950 2871 πληρο-

1014 2247 1108 2266 omnes
1124 2239 1194 2266 hanc
1209 2239 1280 2266 viam
1294 2237 1481 2273 ingrediantur
1493 2245 1554 2272 qua:
1568 2245 1616 2264 eos
1635 2245 1650 2263 e
1666 2237 1803 2264 nmndana

1013 2285 1116 2312 eximat
1133 2284 1305 2317 confusione,
1322 2284 1356 2312 ad
1371 2285 1518 2312 salutarem
1543 2291 1609 2311 vero
1635 2283 1745 2310 indurat
1776 2287 1802 2309 et

1014 2332 1209 2359 habitationem
1224 2336 1251 2359 et
1272 2331 1402 2366 quietem.
1432 2330 1474 2363 Et,
1497 2331 1520 2358 si
1540 2330 1600 2357 ﬁeri
1633 2333 1731 2364 potest,
1748 2336 1801 2355 non

1012 2379 1100 2406 solum
1128 2383 1219 2406 votum
1254 2378 1286 2405 ad
1305 2378 1383 2404 linem
1404 2374 1554 2412 perducere
1574 2375 1601 2403 iu
1625 2375 1718 2402 animo
1736 2374 1801 2401 mihi

1012 2431 1063 2458 est,
1091 2425 1139 2454 sed
1168 2425 1270 2460 aliquid
1291 2425 1422 2459 amplius,
1441 2422 1591 2452 dummodo
1610 2426 1726 2450 conatus
1756 2428 1801 2448 rc-

1011 2471 1143 2506 spondeat
1156 2470 1300 2502 voluntati,
1321 2470 1347 2496 id
1364 2468 1452 2497 facere
1471 2468 1580 2495 vellem.
1605 2466 1663 2494 Non
1680 2467 1801 2502 ignoras,

1012 2517 1049 2544 lili
1067 2522 1171 2549 noster,
1184 2517 1265 2544 etiam
1281 2516 1384 2551 abSque
1399 2515 1501 2543 nostris
1508 2513 1693 2547 sermonibus,
1706 2520 1797 2539 rerum

1011 2567 1124 2594 statum.
1139 2569 1244 2597 uosque
1261 2561 1327 2589 nihil
1341 2569 1421 2596 posse
1434 2560 1467 2588 ad
1482 2559 1651 2595 propositum
1663 2557 1798 2589 conferre,

1010 2609 1057 2635 sed
1074 2608 1250 2643 quantumvis
1270 2607 1435 2636 contendere
1461 2605 1633 2637 duxerimus,
1656 2604 1683 2631 in
1698 2610 1798 2631 vanum

1009 2655 1158 2682 tlesituram
1194 2654 1407 2682 contentionem.
1438 2652 1510 2686 Quid
1536 2652 1619 2687 igitur
1647 2650 1746 2680 dicam.
1769 2651 1796 2676 in

1009 2701 1089 2729 istius
1119 2700 1192 2728 modi
1222 2708 1312 2727 rerum
1332 2704 1415 2732 statu,
1431 2699 1483 2726 nisi
1494 2697 1584 2726 omnia
1603 2699 1658 2724 Deo
1672 2700 1798 2724 coruunt-

1009 2747 1133 2775 lere?Et
1156 2747 1203 2782 qui
1235 2747 1371 2774 desiderio
1401 2745 1502 2773 Christi
1531 2744 1714 2777 inﬂammatus
1742 2747 1795 2775 est,

1009 2793 1089 2820 modo
1111 2796 1202 2820 tamen
1225 2792 1299 2819 illum
1325 2793 1458 2819 veraciter
1483 2791 1630 2822 desideret,
1661 2788 1796 2823 compleat

1008 2845 1153 2866 aet-ensum
1185 2837 1365 2871 desiderium,
1395 2837 1538 2873 sequendo
1553 2835 1693 2864 Christum
1711 2833 1794 2860 Deum
