2009 3078
177 200 227 231 2Ίῖ

902 204 1107 237 EPISTOLE.

1752 207 1806 240 278

180 265 266 291 γματι
284 257 392 293 πρῶτον
406 258 455 292 μὲν
471 258 681 294 προηγήσασθαι
696 259 745 294 τὴν
763 259 892 295 σπουδὴν,
905 258 966 288 εἶτα

1019 261 1160 288 auxilium.
1181 261 1233 295 Qui
1257 261 1424 297 negligenter
1452 261 1580 296 seminat,
1611 270 1665 290 non
1691 265 1806 292 amitam

181 304 341 337 περιμένειν
365 304 415 339 τὴν
437 303 566 339 βοήθειαν
582 305 630 332 τοῦ
651 305 730 332 Θεοῦ.
743 306 839 338 Οὐδεὶς
855 306 965 342 ἀμελῶς

181 348 308 383 σπείρας,
322 348 402 383 θέρος
420 350 489 376 πολὺ
501 349 677 385 ἐγεώργησεν
687 358 694 367 ⁸
710 351 799 383 οὐδεὶς
813 352 851 387 μὴ
867 352 965 387 ἔπιμε-

181 392 234 424 λῶς
249 393 374 428 θεμέλιον
394 394 626 430 καταϐαλόμενος,
637 393 711 423 οἶκον
731 397 840 432 ἀσφαλῆ
853 397 965 424 δύναται

178 439 332 473 οἰκοδομεῖν
347 449 353 455 ·
375 441 439 467 ἀλλ’
451 441 512 468 οὐδὲ
534 442 643 476 πελάγη
659 451 701 475 τις
724 443 840 470 πλεῦσαι
852 444 966 472 δύναται

179 485 228 511 καὶ
251 485 418 521 διασωθῆναι
444 487 576 523 ῥᾳθυμῶν
604 490 652 515 καὶ
677 489 861 525 κοιμώμενος,
883 491 907 516 εἰ
926 490 965 526 μὴ

180 533 409 567 περιποιουμένου
425 533 473 560 τοῦ
488 534 582 561 πλοίου
596 534 646 566 τὰς
666 535 839 571 ὲξαρτήσεις.
858 536 964 571 Ὅμως,

177 576 274 603 τέκνον
286 578 375 612 ἡμῶν,
386 578 555 614 ἐνθυμήθητι
569 579 617 607 καὶ
633 580 722 613 τοῦτο,
737 581 805 616 ὅπερ
819 581 866 608 καὶ
877 581 965 617 οἰκείᾳ

177 622 294 658 εἴπομεν
308 623 429 660 γλώσσῃ,
449 625 491 652 ὅτι
506 625 592 661 κυροῦ
606 626 711 653 Φωτίου
728 626 777 653 τοῦ
793 627 964 662 πατριάρχου

179 668 226 694 καὶ
241 668 332 704 πάσης
343 669 426 696 αὐτοῦ
444 671 495 706 τῆς
510 673 677 707 χειροτονίας
693 673 910 708 ἀποδιωχθείσης
922 673 965 700 διά

178 713 298 748 σπουδῆς
313 715 463 750 ἐπιμελοῦς
478 717 527 742 καὶ
550 717 690 749 συντόνου,
704 719 718 745 ό
731 719 842 751 πάππος
859 720 906 747 τοῦ
919 719 966 755 βα-

179 760 275 793 σιλέως
286 762 301 797 ἠ
306 763 364 797 μῶν
381 763 429 790 τοῦ
446 764 530 800 κυροῦ
543 764 749 792 Κωνσταντίνου
764 764 813 800 τὴν
826 765 966 801 Τεφρικὴν

178 807 336 841 ὲξηφάνισε,
352 808 401 844 τὴν
416 808 501 844 Βάριν
513 809 691 844 ἐχειρώσατο,
703 810 753 846 τὴν
764 811 966 846 Δογγιδαρδίαν

179 851 336 887 ὑποχείριον
348 854 508 888 ἐποιήσατο,
520 854 569 888 τὴν
582 855 708 889 Τερεντὼ
719 856 766 882 καὶ
777 855 846 882 ἄλλα
860 855 967 891 κάστρα-

177 898 211 923 ὲκ
236 899 285 932 τῆς
308 900 489 934 ἐπικρατείας
522 900 578 926 τῶν
604 901 774 936 Σαρακηνῶν
795 902 965 937 ἐξήρπασεν.

185 943 381 976 Ἀποθανόντος
396 945 423 971 δὲ
437 946 484 972 τοῦ
501 946 585 981 κυροῦ
607 947 738 980 ἰγνατίου
757 947 862 974 καὶτοῦ
879 947 965 983 κυροῦ

178 988 283 1015 Φωτίου
300 990 409 1024 καὶτῆς
425 991 593 1026 χειροτονίας
607 991 690 1018 αὑτοῦ
705 991 871 1022 ἑνωθέντων,
888 993 904 1027 ὴ
917 992 967 1018 Συ-

179 1035 303 1069 ρᾱκουσα
317 1037 454 1071 ἠφανίσθη
470 1038 516 1063 καὶ
530 1038 545 1072 ἡ
563 1037 671 1064 Σικελία
686 1039 770 1065 πᾶσα.
789 1038 838 1064 Διά
848 1038 890 1071 τί;
918 1038 969 1064 Διά

178 1081 228 1114 τὴν
238 1081 366 1114 ἀμέλειαν
380 1082 427 1108 τοῦ
438 1083 497 1109 τότε
509 1083 672 1119 δρογγαρίου
684 1083 732 1110 τοῦ
749 1083 885 1118 πλωϊμου,
898 1084 970 1119 λέγω

177 1126 210 1160 δὴ
224 1125 272 1152 toﬁ
293 1127 444 1162 Ἀδριανοῦ.
462 1128 545 1154 Πάλιν
562 1129 592 1155 ὲν
614 1128 676 1160 ταῖς
690 1128 809 1164 ἡμέραις
823 1129 870 1155 τοῦ
886 1128 969 1163 κυροῦ

178 1171 294 1204 Λέοντος
310 1173 458 1207 γινώσκεις
473 1174 513 1200 ὅτι
527 1173 541 1199 6
560 1173 658 1205 Πάπας
672 1173 787 1208 συνῆλθε
800 1174 847 1200 καὶ
862 1173 887 1200 οι
899 1172 969 1208 μετά

178 1217 275 1244 τούτου
301 1218 389 1251 ὄντες,
417 1220 464 1247 καὶ
490 1219 635 1255 ήνώθησαν
659 1221 693 1255 τῇ
730 1219 898 1254 Ἐκκλησία,
921 1218 969 1246 καὶ

180 1265 292 1300 είρήνης
307 1265 419 1300 βαθείας
436 1265 520 1301 οὔσης
544 1266 667 1301 ἀπῆλθεν
679 1267 695 1300 ἡ
714 1266 900 1300 Θεσσαλονίκη
920 1265 968 1291 καὶ

179 1311 210 1336 τὸ
225 1310 473 1346 Ταυρομένιον.Διὰ
483 1312 510 1338 τί
520 1320 528 1345 ;
540 1312 603 1338 Ὀτι
622 1311 740 1339 ἐνταῦθα
758 1311 888 1346 ἀμέλειαν
902 1319 970 1346 προ-

180 1355 389 1390 ηγήσαντο.Καὶ
402 1358 456 1393 γὰρ
478 1358 663 1393 ὲπιδεομένων
683 1356 810 1392 βοηθείας
830 1365 885 1384 των
900 1357 969 1383 Θεσ-

1018 314 1134 334 messem
1165 306 1286 342 colligit;
1319 308 1365 342 qui
1394 307 1558 342 negligenter
1592 307 1803 337 fundamentum

1014 353 1092 388 jacit,
1109 360 1161 380 non
1193 357 1281 388 potest
1308 353 1430 381 stabilem
1452 353 1564 381 domum
1585 353 1739 386 mdilieare;
1765 355 1806 383 sic

1018 404 1099 425 nemo
1123 405 1172 433 per
1198 398 1285 426 maria
1313 403 1403 433 potest
1428 399 1557 434 navigare
1592 403 1619 427 et
1639 400 1758 433 salvari,
1783 397 1807 428 si

1017 444 1117 471 otietur
1140 448 1167 471 et
1193 443 1321 476 dormiat,
1347 445 1399 472 nisi
1425 444 1494 471 forte
1517 445 1575 478 ipsa
1603 445 1681 472 navis
1705 445 1806 472 bonum

1016 493 1117 516 statum
1141 494 1228 517 curet.
1249 489 1355 522 Quare,
1385 489 1432 520 liii.
1458 489 1508 516 hoc
1537 489 1618 516 etiam
1650 489 1805 522 considera,

1017 535 1088 570 quod
1103 535 1151 563 tibi
1168 539 1196 562 et
1211 535 1271 563 viva
1283 543 1350 563 voce
1362 535 1480 563 diximus
1494 544 1503 564 :
1517 535 1664 570 Postquam
1682 534 1808 567 [’hotins,

1016 582 1171 616 patriarcha
1189 587 1281 610 noster
1298 590 1360 611 cum
1385 582 1418 610 iis
1439 582 1578 612 omnibus,
1601 589 1672 616 quos
1697 581 1808 608 ordina-

1016 632 1093 656 verat
1105 627 1162 655 acri
1179 633 1206 656 et
1225 627 1408 663 perseveranti
1423 627 1553 662 suffragio
1565 626 1669 662 eiectus
1682 626 1744 657 fuit,
1756 625 1810 652 im-

1016 673 1150 708 peratoris
1158 673 1242 701 nostri
1253 673 1427 702 Constantini
1448 680 1515 700 avus
1525 672 1686 708 Tephricam
1698 671 1808 699 delevito

1017 719 1106 747 Baritn
1117 720 1294 754 expugnavit,
1308 718 1526 754 Longobardiam
1552 717 1678 752 subjecit,
1702 717 1806 744 Taren-

1017 770 1074 793 tum
1087 769 1114 792 et
1123 765 1175 792 alia
1185 765 1296 793 castella
1305 772 1320 792 e
1331 765 1530 793 Saracenorum
1552 767 1686 798 potestate
1694 763 1807 797 eripuit.

1017 810 1121 838 Mortuo
1127 814 1216 838 autem
1224 811 1338 845 lgnatio,
1345 816 1426 846 atque
1436 810 1544 842 Photio,
1552 809 1688 844 simulque
1697 809 1730 836 iis
1739 815 1810 844 quos

1018 856 1194 884 ordinaverat
1221 856 1359 889 adunatis,
1385 856 1529 892 Syracusae
1548 859 1576 883 et
1603 854 1695 883 Sicilia
1718 854 1810 881 omnis

1017 902 1103 929 deleta
1119 906 1169 929 est.
1181 902 1294 935 Quare?
1309 901 1360 929 Per
1375 902 1508 929 incuriam
1519 900 1660 936 drungarii
1683 899 1808 927 Adriani.

1016 947 1135 975 Rursum
1143 948 1356 983 dicbusAuguati
1364 947 1463 976 Leonis
1471 947 1526 976 scis
1535 946 1697 975 convenisse
1705 945 1807 980 Papam

1016 996 1044 1019 et
1052 992 1151 1027 eosqni
1159 1000 1220 1019 cum
1228 1000 1260 1019 eo
1270 993 1379 1020 stabant
1387 990 1703 1026 adunatosqueEcclesite
1712 989 1809 1023 fuisse,

1018 1042 1045 1065 et
1064 1037 1196 1072 profunda
1218 1045 1283 1072 pace
1299 1037 1404 1071 vigente
1428 1036 1528 1064 abiisse
1544 1035 1758 1063 Thessalonicen
1779 1041 1808 1061 et

1025 1084 1249 1111 Tauromenium.
1271 1082 1384 1116 Quare?
1401 1081 1470 1115 Quia
1495 1081 1531 1108 ibi
1546 1081 1624 1108 otiari
1658 1080 1808 1107 malebant.

1020 1128 1311 1157 Thessalonicensibus
1347 1127 1420 1156 enim
1461 1127 1563 1154 auxilio
1605 1125 1807 1161 indigentibus.

1019 1175 1185 1203 distulerunt
1218 1175 1252 1202 de
1274 1174 1318 1202 die
1338 1175 1366 1201 in
1399 1173 1473 1201 diem
1498 1180 1582 1200 naves
1615 1172 1741 1204 mittere,
1771 1178 1804 1198 ac

1018 1228 1063 1249 res
1078 1221 1228 1255 perdidere.
1242 1220 1310 1252 Hoc.
1331 1220 1368 1248 ﬁli
1385 1220 1433 1253 mi,
1445 1219 1534 1254 cogita
1557 1223 1585 1246 et
1603 1218 1746 1250 meditare,
1761 1221 1805 1250 et,

1017 1267 1167 1302 opitulante
1186 1266 1258 1298 Deo,
1285 1266 1429 1302 diligenter
1452 1265 1535 1293 rebus
1555 1264 1671 1300 publicis
1693 1269 1804 1298 operam

1016 1312 1099 1339 dabis
1112 1317 1141 1338 et
1155 1310 1323 1346 experientia
1338 1310 1453 1338 edoctus
1467 1311 1542 1338 dices
1552 1316 1606 1345 qua
1624 1309 1658 1336 dc
1669 1314 1754 1336 causa
1765 1308 1803 1335 te-

1018 1356 1085 1384 lices
1100 1361 1127 1383 ct
1138 1355 1263 1384 infelices
1275 1356 1331 1384 sint
1346 1355 1431 1383 cives.

180 1400 344 1429 σαλονυιὲων
383 1403 490 1438 ἡμέραν
504 1403 534 1436 ἐξ
549 1403 655 1438 ἡμέρας
665 1401 879 1436 ἀναϐαλλόμενοι
893 1401 961 1436 πρὸς
978 1401 1008 1428 τὸ
1038 1402 1208 1438 ἀπολυθῆναι
1219 1403 1278 1430 ἐκεῖ
1311 1402 1446 1438 πλώϊμον,
1461 1402 1609 1429 ἀπώλεσαν
1622 1401 1657 1430 τὰ
1669 1400 1802 1436 πράγμα-

179 1455 223 1473 τα.
242 1447 337 1481 Τοῦτο,
358 1448 454 1475 τέκνον
474 1449 565 1483 ἡμῶν,
582 1449 630 1475 καὶ
655 1449 749 1484 φρόνιι
771 1449 819 1475 καὶ
841 1448 960 1481 διανοοῦ,
981 1448 1028 1475 καὶ
1046 1449 1105 1482 μετ’
1135 1449 1296 1483 ιπιμελιιας
1312 1450 1359 1475 τοῦ
1380 1448 1449 1475 Θεοῦ
1469 1448 1641 1484 turpiora“;
1679 1455 1709 1474 σε
1726 1445 1807 1473 ἀντιο

180 1503 229 1528 χιου
255 1495 309 1521 τῶν
332 1495 513 1530 πραγμάτων,
534 1497 581 1523 καὶ
598 1497 667 1532 αὐτῇ
694 1496 804 1533 μαθήσῃ
828 1498 862 1532 τῇ
881 1496 966 1532 πείρᾳ
985 1495 1015 1522 ab
1031 1496 1118 1523 αἴτιον
1138 1497 1189 1531 τῆς
1211 1496 1340 1531 εὐτυχίας
1359 1496 1408 1523 καὶ
1429 1496 1481 1531 τῆς
1514 1495 1660 1531 δυστυχίας
1695 1496 1745 1530 τῆς
1759 1502 1810 1520 τιο-

181 1541 287 1573 λιτείας
302 1542 394 1576 ἡμῶν.

217 1589 317 1623 Γράφω
328 1589 357 1615 δὲ
371 1588 457 1615 ταῦτα
472 1589 522 1614 οὐκ
543 1588 767 1623 ἀποδαλλόμενος
795 1588 856 1615 οὐδὲ
877 1589 966 1624 μισῶν

1055 1587 1118 1615 llaec
1128 1586 1177 1615 tibi
1189 1586 1280 1615 scribo
1291 1594 1345 1614 non
1357 1586 1520 1622 reprobans,
1530 1594 1618 1622 neque
1629 1587 1693 1614 odio
1707 1586 1810 1616 habens

181 1635 231 1669 τὴν
249 1635 362 1670 εἰρήνην
388 1635 434 1660 καὶ
460 1635 508 1670 τὴν
530 1634 628 1661 ἕνωσιν
649 1634 700 1668 τῆς
726 1634 902 1668 Ἐκκλησίας.
924 1634 969 1670 Μὴ

179 1681 252 1708 οὕτω
269 1681 381 1716 μανείην
399 1681 474 1711 ποτὲ,
491 1681 559 1716 μηδὲ
573 1681 748 1716 συγχωρήσαι
769 1681 835 1712 Θεὸς
848 1680 919 1708 οὕτω
936 1689 969 1715 με

181 1726 288 1762 φρενῶν
313 1726 366 1759 ἔξω
394 1725 535 1760 γενέσθαι·
561 1726 619 1752 ἀλλ’
645 1725 768 1761 ἐπιζητῶ
793 1725 892 1753 ἕνωσιν
918 1726 969 1759 τὴν

180 1775 304 1807 τιμῶσαν
319 1773 368 1807 τὴν
386 1771 619 1807 Ἐκκλησίαν,τὴν
633 1772 817 1808 χαριζομένην
830 1773 969 1800 κατάστα-

183 1827 224 1845 σιν
248 1819 305 1849 τοῖς
335 1818 476 1853 πράγμασι
504 1818 551 1845 καὶ
578 1819 607 1844 ἐν
624 1817 662 1853 τῷ
686 1819 801 1853 παρόντι
823 1819 870 1844 καὶ
897 1817 968 1852 μετά

182 1865 276 1896 ταῦτα,
293 1865 341 1891 καὶ
357 1865 400 1891 ἵνα
424 1863 460 1899 μὴ
480 1865 512 1890 hc
537 1863 584 1890 τοῦ
603 1863 660 1898 βίου
673 1864 870 1899 ἀπερχομένων
888 1864 967 1898 ἡμῶν

182 1912 199 1946 ἡ
214 1910 349 1946 ἐρχομένη
381 1910 462 1944 γενεὰ
495 1911 660 1946 καταγνώσῃ
682 1909 762 1945 ἡμῶν
776 1910 814 1940 ὡς
828 1909 964 1945 ἀφρόνων,

182 1960 219 1990 ὡς
236 1959 352 1993 ἀλόγων,
370 1958 407 1990 ὡς
423 1958 638 1992 καταφρονητᾶΝ
661 1957 716 1984 τῶν
731 1957 812 1984 θείων
832 1957 966 1989 κανόνων,

182 2005 230 2031 καί
243 2004 287 2030 διὰ
313 2003 393 2030 τοῦτο
420 2003 468 2029 καὶ
491 2003 565 2037 ἡμᾶς
586 2002 626 2038 τῷ
643 2002 796 2037 ἀναθέματι
819 2001 968 2037 παραπέμ-

1019 1641 1113 1669 pacem
1122 1637 1149 1660 et
1158 1633 1288 1660 unitatem
1298 1632 1436 1661 Ecclesiae.
1445 1632 1484 1660 Ne
1492 1632 1560 1660 adeo
1570 1633 1622 1660 sim
1634 1632 1810 1666 insanus,ne-

1018 1687 1072 1716 que
1078 1679 1221 1707 seiatDeus
1234 1686 1276 1707 me
1286 1679 1355 1707 adeo
1363 1679 1514 1707 dementem
1524 1678 1643 1712 tieri,sed
1651 1687 1710 1706 eam
1719 1680 1810 1707 anita-

1019 1731 1071 1755 tem
1081 1734 1173 1762 quaero
1182 1734 1243 1761 quae
1257 1725 1342 1755 Deum
1353 1728 1546 1759 honoret,eum
1557 1730 1657 1754 statum
1668 1726 1715 1762 qui
1729 1727 1809 1755 rebus

1017 1778 1044 1801 et
1059 1781 1131 1801 nunc
1139 1778 1165 1800 et
1174 1778 1267 1807 postea
1278 1772 1382 1805 faveat;
1395 1772 1465 1800 absit
1476 1777 1506 1800 ut
1517 1773 1571 1800 vita
1582 1772 1725 1801 defunctos
1739 1779 1792 1800 ven
1801 1787 1810 1793 -

1021 1823 1080 1846 tura
1088 1819 1226 1853 generatio
1237 1827 1286 1847 nos
1295 1823 1323 1847 ut
1336 1825 1466 1852 amentes,
1476 1820 1687 1850 irrationabiles.
1697 1824 1726 1848 ut
1738 1820 1809 1847 divi-

1020 1872 1119 1892 norum
1135 1872 1270 1892 canonum
1284 1871 1485 1901 contemptores
1495 1866 1615 1898 damnet,
1629 1873 1734 1900 nosque
1746 1865 1813 1893 ideo.

1021 1915 1048 1938 et
1060 1919 1107 1938 vos
1120 1911 1286 1939 anathemati
1299 1916 1403 1944 voveat;
1413 1911 1485 1947 quod
1503 1912 1572 1939 solet
1582 1911 1705 1938 accidere
1713 1918 1781 1938 cum-
1790 1911 1809 1937 ii

1021 1957 1068 1991 qui
1082 1964 1130 1992 per
1138 1957 1219 1984 vitam
1230 1962 1353 1993 potentes
1365 1958 1451 1990 l'uere,
1463 1958 1573 1990 abeunt,
1584 1962 1611 1985 et
1622 1957 1682 1984 aliis
1692 1964 1810 1984 nascun-

1023 2007 1067 2029 tur
1079 2006 1135 2030 tnm
1145 2003 1288 2038 sapientia,
1305 2007 1363 2030 tum
1376 2003 1475 2038 pietate
1486 2008 1514 2031 et
1525 2004 1624 2031 virtute
1636 2006 1808 2038 praestantes.

180 2052 268 2085 ψωσιν
281 2058 289 2066 ·
308 2050 377 2084 ὅπερ
392 2047 446 2076 οἵδε
464 2049 632 2083 συμϐαίνειν,
646 2049 710 2075 ὅταν
728 2049 753 2074 oi
787 2048 855 2079 τέως
873 2048 980 2076 δυνατοὶ
1001 2048 1073 2076 κατά
1098 2048 1144 2076 τὸν
1160 2048 1217 2085 βίον
1230 2050 1381 2084 ἀπέλθωσι,
1418 2050 1467 2078 καὶ
1491 2049 1566 2077 ἄλλοι
1584 2048 1734 2085 γεννηθῶσι
1759 2045 1810 2075 καὶ

182 2095 323 2131 φρονήσει,
336 2095 382 2122 καὶ
395 2095 533 2130 εὐσεϐείᾳ,
546 2096 594 2121 καὶ
606 2095 689 2130 ἀρετῇ
700 2094 888 2129 διαφέροντες.

468 2162 536 2195 oq'.
558 2159 677 2194 Ἀὂήλῳ

219 2230 256 2258 To
281 2230 392 2265 γνήσιον
415 2229 464 2264 τῆς
483 2228 612 2264 στοργῆς,
632 2227 646 2254 ὅ
662 2226 732 2262 πρὸς
751 2227 800 2262 τὴν
817 2227 897 2262 ἡμῶν
920 2235 969 2262 με·

1291 2160 1409 2191 LXXVI.
1423 2161 1539 2194 Incerto.

1059 2227 1192 2255 Sincerus
1206 2234 1295 2260 amor.
1312 2237 1394 2264 quem
1409 2237 1473 2265 erga
1491 2230 1673 2258 humilitatem
1685 2234 1807 2259 nostram

183 2277 312 2312 τριότητα
325 2277 342 2311 ἡ
358 2275 391 2311 σὴ
416 2274 546 2302 εὐλάϐεια
565 2274 708 2308 κέκτηται,
730 2273 815 2300 πάλαι
841 2273 889 2300 καὶ
913 2273 967 2301 διε-

1021 2277 1068 2302 tua
1099 2276 1252 2304 reverentia
1269 2276 1397 2308 exhibet,
1412 2276 1574 2312 jamdudum
1598 2281 1680 2304 notus
1694 2281 1747 2308 est.
1758 2284 1809 2305 nec

184 2323 266 2358 λέχθη
294 2322 342 2350 καὶ
369 2322 546 2357 γινώσκεται,
561 2322 592 2348 οὐ
608 2322 695 2350 δεῖται
719 2322 766 2349 νῦν
789 2322 970 2356 ἀποδείξεως,

183 2369 244 2396 οὐδὲ
262 2369 313 2404 τῆς
337 2368 368 2395 ἐκ
385 2368 473 2402 λόγων
494 2367 662 2399 συστάσεως,
690 2367 787 2402 ἱκανῆς
810 2366 895 2402 οὔσης
920 2367 970 2401 τῆς

185 2416 217 2441 ὲκ
233 2414 286 2441 τῶν
321 2414 409 2448 ἔργων
433 2413 638 2448 πληροφορίαςι
662 2412 730 2439 διότι
760 2412 807 2440 καὶ
833 2413 912 2448 ἡμεῖς
939 2412 970 2439 οὗ

187 2459 288 2495 μικρὰν
320 2459 485 2493 εὑρίσκομεν
513 2460 542 2484 ἐν
567 2459 628 2489 ταῖς
654 2457 777 2493 θλίψεσιν
803 2458 882 2492 ἡμῶν
901 2467 970 2493 παρ-

185 2505 298 2542 ηγορίαν
315 2506 348 2531 ὲκ
363 2504 411 2538 τῆς
425 2505 474 2538 σῆς
490 2504 559 2539 πρὸς
580 2504 654 2538 ἡμᾶς
676 2504 866 2538 πνευματικῆς
878 2504 967 2530 διαθέ-

187 2559 265 2581 σεως.
287 2550 342 2576 Καὶ
367 2549 444 2576 οὐδὲν
465 2548 556 2584 χάριτι
574 2550 643 2576 Θεοῦ
670 2550 845 2585 ζημιούμεθα
869 2550 918 2584 τῆς
937 2550 971 2576 ὲκ

186 2597 235 2631 τῆς
251 2596 301 2631 σῆς
316 2596 426 2630 ἀγάπης
448 2594 647 2630 περιχεομένης
671 2597 737 2631 ἡμῖν
762 2597 839 2632 ἱερᾶς
860 2596 969 2631 ἡδονῆς,

186 2643 279 2669 ἕνεκεν
294 2641 341 2668 τοῦ
357 2641 512 2668 κωλύεσθαι
526 2641 618 2674 ἄλλοις
640 2643 775 2674 συνεῖναι,
791 2642 838 2668 καὶ
856 2641 900 2669 διὰ
920 2641 971 2675 τῆς

186 2689 240 2715 τῶν
261 2688 403 2722 αἰσθητῶν
426 2687 574 2723 ὀφθαλμῶν
597 2687 723 2722 θεωρίας,
741 2687 788 2715 τοῦ
813 2688 971 2723 βλέμματος

186 2735 236 2770 τῆς
261 2734 381 2764 διανοίας
407 2733 557 2765 ἀκωλύτως
583 2734 631 2760 καὶ
655 2734 775 2769 ὁρῶντος
800 2733 847 2760 καὶ
870 2733 971 2769 νοερῶς

186 2781 260 2815 ἡμᾶς
287 2779 480 2811 συνάπτοντος.
501 2779 579 2806 Οὕτω
606 2779 633 2806 δὲ
658 2779 705 2806 καὶ
723 2781 740 2814 ἡ
759 2778 837 2814 ὑμῶν
861 2779 971 2813 ὁσιότης

188 2825 271 2862 μηδὲν
288 2826 423 2861 νομιζέτω
440 2825 484 2853 διὰ
499 2826 548 2861 τὴν
571 2826 730 2861 σωματικὴν
747 2825 900 2853 ἀπόστασιν
921 2825 972 2858 τῆς

188 2873 258 2900 κατά
292 2872 401 2907 πνεῦμα
439 2872 588 2906 συναφείας
630 2872 853 2907 ἀποστερεῖσθαι.
881 2871 970 2899 Ὅπου

188 2919 242 2954 γὰρ
256 2918 371 2954 ἀληθοῦς
386 2918 496 2954 ἀγάπης
516 2917 611 2951 ἕνωσις
625 2914 654 2945 οὗ
669 2918 702 2946 ἂν
718 2914 768 2945 ὦσι
785 2917 970 2953 διεστηκότες,

1022 2319 1262 2350 demonstratione
1291 2327 1338 2350 aut
1371 2322 1518 2350 verborum
1540 2321 1619 2357 copia
1645 2325 1717 2357 eget.
1745 2329 1809 2348 cum

1021 2373 1105 2401 opera
1123 2375 1172 2402 per
1193 2375 1223 2395 se
1242 2368 1402 2403 loquantur.
1425 2367 1600 2402 Quapropter
1623 2371 1651 2395 et
1671 2374 1722 2395 nos
1754 2374 1809 2394 non

1021 2420 1133 2448 parvam
1148 2413 1179 2440 in'
1194 2414 1329 2450 angustiis
1353 2414 1459 2441 nostris
1477 2413 1695 2441 consolationem
1713 2420 1745 2440 es
1763 2416 1808 2439 tua

1022 2458 1049 2485 in
1066 2466 1117 2486 nos
1144 2459 1280 2494 spirituali
1308 2459 1433 2487 amicitia
1457 2458 1636 2494 percipimus.
1655 2459 1698 2491 Et,
1721 2457 1808 2493 gratia

1022 2504 1081 2536 Dei,
1100 2505 1167 2532 nihil
1186 2505 1268 2540 hujus
1293 2505 1441 2540 voluptatis
1467 2504 1611 2532 amisimus
1632 2510 1695 2538 quae
1711 2504 1744 2530 de
1764 2507 1810 2530 tua

1022 2550 1169 2578 dilectione
1193 2552 1222 2579 in
1248 2559 1299 2579 nos
1319 2551 1466 2584 redundat,
1486 2551 1550 2578 licet.
1574 2558 1628 2577 una
1643 2557 1705 2577 esse
1725 2553 1809 2584 atque

1022 2596 1148 2630 corporis
1174 2595 1265 2623 oculis
1288 2597 1360 2624 inter
1379 2603 1430 2623 nos
1449 2595 1543 2623 videre
1555 2602 1734 2629 nequeamus.
1754 2593 1808 2621 Sed

1022 2642 1123 2670 mentis
1138 2641 1223 2675 oeuli,
1249 2642 1358 2670 nemine
1374 2642 1511 2675 obstante,
1526 2645 1555 2668 et
1578 2640 1672 2668 vident
1685 2643 1714 2667 et
1728 2638 1810 2674 spiri—

1023 2687 1133 2715 tnaliter
1159 2694 1210 2714 nos
1228 2685 1344 2715 invicem
1368 2686 1500 2714 adunant.
1526 2685 1566 2714 ita
1592 2689 1621 2712 et
1649 2689 1694 2712 tua
1721 2684 1808 2718 pietas

1023 2734 1136 2761 minime
1168 2737 1246 2768 putet
1275 2740 1305 2760 se
1333 2740 1382 2768 per
1406 2732 1577 2768 corporalem
1604 2730 1805 2766 separationem

1023 2779 1158 2816 spirituali
1183 2779 1378 2814 conjunctione
1405 2779 1524 2814 privari;
1546 2778 1704 2812 ubicunque
1731 2776 1804 2804 enim

1022 2829 1063 2850 est
1078 2823 1178 2851 sinceri
1192 2822 1296 2850 amoris
1309 2823 1410 2855 unitas,
1424 2822 1536 2858 quando
1546 2822 1581 2850 ab
1595 2821 1710 2850 invicem
1725 2820 1807 2848 amici

1022 2869 1200 2903 corporaliter
1214 2873 1386 2903 separantur.
1407 2868 1443 2896 ibi
1467 2875 1531 2896 vere
1556 2867 1707 2900 uniuntur;
1726 2867 1763 2893 ita
1776 2870 1808 2893 ut

1022 2920 1048 2944 et
1060 2923 1110 2944 nos
1123 2915 1166 2944 illa
1186 2915 1278 2944 divina
1297 2914 1491 2952 conjunctione
1508 2922 1562 2943 non
1574 2913 1655 2942 hodie
1673 2920 1723 2941 nec
1737 2911 1809 2944 beri.
