2009 3078
193 153 249 185 283

765 157 923 188 NICOLAI
944 157 1001 188 ΟΡ.
1022 158 1280 190 PATBIARCll/E

1775 162 1830 194 285

196 209 365 244 gloriﬁcetur
380 210 452 239 Deus
471 211 498 239 in
512 211 575 243 illis,
596 211 786 246 glot-iticentini
801 217 829 240 et
843 221 902 247 vos,
917 221 986 248 pra:-

1040 215 1145 247 σισείας
1157 216 1190 242 ἐκ
1200 215 1255 243 τῶν
1275 216 1321 243 ὑπ’
1335 216 1440 244 ἐκείνου
1456 218 1648 254 κατεχομένων
1660 219 1766 255 ψυχῶν,
1783 223 1829 248 καὶ

197 255 269 283 senti
282 255 385 284 saeculo
410 261 438 285 et
464 257 565 290 futuro,
587 257 679 284 divina
704 261 731 285 et
754 259 900 287 immortali
927 260 984 295 glo-

198 308 250 330 1⁵1³-

1036 260 1229 307 ἀνατέλελοντες
1241 261 1332 293 αὐτοῖς
1354 263 1404 297 τῆς
1429 263 1567 298 σωτηρίας
1585 264 1617 290 τὺ
1631 264 1733 307 φέγγρς
1745 274 1751 280 ·
1771 265 1828 298 ἵνα,

1035 305 1069 332 δι’
1079 306 1156 341 ὑμῶν
1167 307 1215 341 τῆς
1228 307 1345 339 πίστεως
1355 307 1449 335 αὐτόθι
1460 308 1669 345 κρατυνοείσης,
1682 305 1829 346 δοξάζηται

198 346 249 381 μὲν
262 347 276 373 ὁ
293 347 360 378 Θεὸς
381 348 410 373 ὲν
439 348 541 381 αὐτοῖς,
556 347 730 385 δοξασθείητε
751 350 779 377 δὲ
795 351 842 378 καὶ
858 352 938 386 ὑμεῖς
959 351 988 378 ἐν
1008 351 1047 387 τῷ
1077 352 1192 388 παρόντι
1217 353 1296 380 αίῶνι
1314 353 1363 380 καὶ
1395 355 1424 381 ἐν
1462 355 1501 388 τῷ
1524 355 1649 389 μέλλοντι
1664 358 1697 392 τῇ
1710 356 1770 392 θεεᾳ
1783 358 1829 384 καὶ

197 392 288 428 ἀλύτῳ
304 393 375 428 δόξῃ.

236 437 288 466 Vos
298 439 390 466 multis
401 438 514 467 detineri
527 440 594 474 scio,
605 441 752 477 multisque
763 443 863 470 arctari
873 450 981 471 sacram

199 490 316 513 vestram
333 486 426 513 vitam.
444 486 499 522 Ego
518 488 604 520 enim,
622 493 652 516 ut
667 489 773 524 justqu
788 494 842 522 est,
860 490 912 517 loci
936 497 983 518 so-

198 530 338 557 litudinctn
367 536 506 566 reputans,
543 533 664 561 virorum
701 535 866 569 quibuscum
894 534 986 562 vivitis

197 583 298 608 mores,
308 580 335 603 ct
345 576 446 605 indolis
457 578 650 606 diversitatem
666 588 682 607 ιι
697 584 791 608 vestro
804 580 986 616 apocrisiario

195 621 322 651 edoceor.
339 623 467 651 Attamen
483 631 514 652 ea
528 633 590 659 qua:
609 632 683 653 nunc
699 630 764 654 sunt
779 634 832 654 non
849 630 912 654 sunt
924 635 987 653 cou-

197 667 285 702 tlt‘gna:
300 671 335 695 ad
347 670 469 704 futuram
484 670 600 706 gloriam
615 680 674 707 qua:
687 672 844 700 revelabitur
858 673 886 700 in
899 674 991 707 nobis;

195 714 229 741 ad
245 721 327 749 quam
347 715 514 750 aspicientes
529 718 707 753 laboremque
725 723 753 746 et
775 719 916 754 angustias
942 727 989 748 se-

193 760 286 787 cundo
304 761 366 788 loco
391 766 544 796 ponentes,
581 764 736 792 beatiﬁcum
770 770 891 793 vestrum
918 773 989 801 opus

193 805 317 839 perticite
338 811 366 834 et
381 808 457 835 omni
478 813 581 837 conatu
606 810 762 839 ﬁrmitatem
791 820 887 841 recens
913 821 989 841 com-

1075 439 1141 468 οἴδα
1158 441 1207 476 μὲν
1221 440 1264 468 ὅτι
1288 440 1373 468 πο).λὰ
1388 442 1421 468 τὰ
1439 442 1588 477 συνέχοντα
1607 442 1690 479 ὑμᾶς,
1711 446 1758 472 καὶ
1779 447 1830 482 τὴν

1037 487 1115 523 ἱερὰν
1129 486 1205 521 ὑμῶν
1235 488 1454 523 στενοχωροῦντα
1480 489 1553 525 ζωήν
1569 499 1576 506 ·
1589 491 1671 523 αὑτός
1696 501 1725 519 τε
1739 493 1776 525 ὼς
1789 495 1828 520 εἱ-

1040 533 1087 566 κῇς
1104 532 1328 567 ἀναλογιζόμενος
1343 533 1390 560 τοῦ
1401 534 1485 561 τόπου
1498 536 1548 570 τὴν
1563 537 1694 572 ἐρημίαν,
1708 539 1754 565 καὶ
1773 540 1829 566 τῶν

1041 579 1146 615 ἀνδρῶν
1159 577 1200 610 οἷς
1214 579 1372 614 συνδιάγετι
1389 580 1435 607 τὸν
1450 581 1563 615 τρόπον,
1576 583 1624 610 καὶ
1638 582 1686 610 τοῦ
1705 584 1787 619 ἧθους
1799 585 1829 611 τὸ

1041 625 1180 661 ἀλλότριον
1193 625 1241 653 καὶ
1269 626 1344 660 παρά
1361 625 1408 653 τοῦ
1433 626 1510 662 ὑμῶν
1526 628 1738 664 ἀποκρισιαρίου
1748 631 1829 658 τοῦτο

1039 671 1106 699 αὐτὸ
1136 671 1282 706 διδαχθείς.
1301 672 1397 708 Ὅμως
1422 672 1474 700 οὐκ
1491 673 1554 706 ἀξια
1571 674 1605 701 τὰ
1623 676 1699 710 παρὰ
1714 675 1761 702 τοῦ
1781 677 1829 703 νῦν

1039 717 1137 753 καιροῦ
1164 717 1232 752 πρὸς
1259 717 1309 752 τὴν
1333 717 1483 752 μέλλουσαν
1497 719 1576 751 δόξαν
1599 720 1828 756 ἀποκαλυφθῆναι

1039 764 1114 799 ὑμῖν,
1136 764 1205 799 πρὸς
1218 763 1253 799 ἢν
1267 763 1424 799 ἀφορῶντες
1439 765 1485 790 καὶ
1498 764 1544 792 τὴν
1559 766 1640 793 πόνον
1651 767 1698 794 καὶ
1711 766 1759 801 τὴν
1772 776 1830 795 στε-

1038 809 1171 845 νοχωρίαν
1191 811 1220 836 ἐν
1232 809 1353 845 δευτέρῳ
1375 809 1524 844 τιθέμενοι,
1549 810 1580 837 τὸ
1598 812 1735 847 μακάριον
1750 813 1830 848 ἔργον

196 852 306 886 punctis
319 853 422 887 addite,
436 860 463 882 et
477 855 518 883 eis
533 856 721 892 relinquentes
732 859 778 892 qui
794 866 844 894 pro
860 859 937 887 vobis
955 860 986 887 ad

1042 855 1119 889 ὑμῶν
1132 853 1305 886 τελειώσατε,
1327 855 1374 880 καὶ
1388 853 1463 890 πάσῃ
1483 854 1597 888 δυνάμει
1619 855 1666 882 τὸν
1678 857 1829 892 στηριγμὸν

195 905 321 926 securam
339 898 411 927 viam
427 908 476 928 eos
494 901 620 930 doctrina
635 903 754 938 dirigere
766 904 866 932 debent
878 912 988 932 eorum-

193 951 248 978 que
263 944 379 973 salutem
398 953 516 981 curare;
540 951 662 983 tempore
687 957 734 977 vos
752 950 886 977 invitante
907 950 990 978 simul

193 996 227 1017 ac
253 991 436 1024 inspiratione
455 993 570 1027 divina,
596 995 629 1022 ad
657 1000 777 1023 nostram
804 997 988 1025 humilitatem

197 1035 340 1069 accurrite,
356 1038 472 1072 propriis
492 1040 582 1068 verbis
597 1045 718 1069 nostram
733 1042 901 1078 adaugentes
924 1051 986 1079 gra-

199 1079 265 1108 tiam
278 1090 360 1117 quam
374 1091 407 1111 ea
422 1084 455 1112 iis
475 1085 522 1120 qui
545 1086 579 1114 ad
597 1086 737 1115 Christum
754 1096 802 1123 per
820 1089 985 1124 baptismum

193 1126 371 1156 adducuntur
385 1130 605 1166 possidemus,et
618 1132 748 1161 Ecclesiae
763 1134 864 1162 lmtitia:
881 1136 991 1169 partici-

193 1179 227 1205 pa
240 1177 289 1200 ttes
305 1181 387 1207 quant
408 1174 553 1204 invocatur
570 1177 622 1204 sibi
645 1177 696 1212 ipsi
712 1179 887 1213 sperantibus
899 1187 946 1214 per
962 1187 991 1206 se

193 1217 283 1251 ipsum
298 1219 424 1246 adhibuit
438 1221 484 1255 qui
506 1226 547 1248 est
578 1229 626 1257 per
648 1223 769 1258 seipsum
789 1223 915 1251 Salvator
942 1232 990 1251 tto-

195 1267 251 1290 ster
265 1267 292 1290 ct
311 1263 395 1294 Deus.

1038 902 1092 932 τοῖς
1109 900 1253 934 νεοπαγέσι
1278 899 1495 935 περιποιήσασθε
1509 908 1516 915 ·
1543 901 1590 927 καὶ
1609 902 1830 936 καταλιμπάνον-

1037 954 1083 977 τες
1096 945 1189 976 αὐτοῖς
1205 945 1268 976 τοὺς
1283 944 1429 980 ἀνθ’ὑμῶν
1447 945 1595 980 μέλλοντας
1619 947 1652 981 τῇ
1668 946 1830 982 διδασκαλῖᾳ

1039 994 1106 1026 πρὸς
1117 991 1167 1027 τὴν
1192 990 1300 1025 ἀπλανῆ
1318 990 1378 1017 ὁδὸν
1389 992 1502 1022 τούτους
1521 991 1771 1026 καθοδηγήσασθαι,
1784 993 1830 1018 καὶ

1039 1038 1088 1072 τῆς
1105 1036 1243 1072 σωτηρίας
1267 1035 1358 1062 αὐτῶν
1384 1035 1642 1070 ἀντιλαμϐάνεσθαι,
1666 1036 1762 1071 καιροῦ
1777 1045 1830 1064 κι-

1040 1083 1150 1114 λοῦντος
1167 1082 1238 1118 μετά
1262 1082 1312 1116 τῆς
1333 1080 1438 1109 ἄνωθεν
1458 1082 1672 1114 συνεπινεύσεως
1697 1082 1764 1117 πρὸς
1779 1086 1830 1118 την

1042 1129 1122 1164 ἡμῶν
1146 1127 1317 1164 ἀναδράμετε
1341 1126 1527 1162 μετριότητα,
1560 1127 1671 1160 οἰκείοις
1694 1137 1724 1155 τε
1740 1128 1830 1162 λόγοις

1043 1175 1171 1208 αῠξοντες
1187 1173 1266 1209 ἡμῶν
1280 1172 1330 1207 τὴν
1355 1172 1445 1208 χάριν,
1464 1174 1497 1208 ἧν
1521 1174 1567 1199 ἐπὶ
1582 1174 1637 1205 τοῖς
1656 1174 1830 1209 προσαγομέο

1042 1230 1099 1253 νοις
1123 1220 1233 1256 Χριστῷ
1268 1220 1307 1255 τῷ
1333 1219 1392 1254 Θεῷ
1422 1220 1500 1255 ἡμῶν
1530 1221 1689 1255 κεκτήμεθα
1714 1220 1758 1247 διὰ
1782 1219 1830 1246 τοῦ

1043 1267 1244 1303 βαπτίσματος,
1259 1267 1306 1293 καὶ
1317 1266 1549 1301 συνησθησόμενοι
1566 1267 1613 1293 ἐπὶ
1629 1268 1660 1301 τῇ
1675 1266 1830 1302 εὐφροσύνῃ

195 1306 246 1339 τῆς
286 1308 461 1345 Ἐκκλησίας,
487 1312 520 1347 ἦν
553 1313 739 1348 παρακληθεὶς
769 1313 814 1349 ὑφ’
845 1313 944 1342 ἑαυτοῦ
975 1313 989 1340 ὁ
1016 1313 1112 1349 Σωτὴρ
1153 1313 1232 1347 ἡμῶν
1261 1311 1309 1338 καὶ
1341 1310 1408 1343 Θεὸς
1437 1311 1494 1344 τοῖς
1525 1311 1569 1338 ἐπ’
1594 1311 1669 1347 αὐτῷ
1693 1311 1831 1347 παρέσχεν

195 1354 365 1388 ἐλπίζουσιν.

477 1414 586 1443 LXXX.
607 1414 723 1444 Incerto.

231 1469 350 1498 Litteras
371 1475 448 1504 tuas,
465 1471 503 1499 mi
523 1471 578 1505 liii,
597 1473 770 1508 accepimus;
784 1478 810 1502 et
825 1453 984 1502 de\'castro-

1336 1412 1377 1438 ιιι.
1399 1411 1519 1447 Ἀδὴλῳ.

1073 1473 1114 1500 Τὰ
1124 1472 1277 1509 γράμματά
1304 1480 1363 1505 σου,
1375 1472 1472 1499 τέκνον
1495 1473 1584 1507 ἡμῶν.
1602 1474 1765 1509 ἐδεξάμεθα.
1779 1476 1827 1502 καὶ

196 1525 256 1545 rum
272 1517 435 1551 vastatione,
450 1522 597 1554 antequam
614 1519 678 1546 inde
687 1519 787 1551 exires,
798 1523 825 1546 et
840 1524 866 1547 te
876 1524 904 1547 et
916 1520 984 1548 alios

1040 1520 1103 1554 περὶ
1132 1519 1182 1554 τῆς
1205 1518 1375 1554 ἐρημώσεως
1401 1518 1457 1544 τῶν
1480 1519 1608 1554 κάστρων
1632 1519 1679 1546 καὶ
1702 1519 1756 1555 πρὸ
1780 1520 1828 1547 τοῦ

165 1569 170 1576 ·
193 1563 367 1597 audivimus;
389 1568 416 1591 et
436 1564 494 1591 scio
516 1569 542 1592 te
565 1568 632 1592 tunc
655 1572 719 1592 vera
740 1565 843 1593 dixisse
867 1570 891 1593 et
912 1573 985 1593 nunc

192 1609 294 1638 dicere.
311 1609 347 1637 Ea
363 1609 444 1644 igitur
455 1610 576 1638 scribere
591 1611 778 1646 supersedens
791 1612 874 1639 nobis
896 1613 985 1640 scribe

195 1661 232 1687 te,
260 1655 317 1683 Deo
345 1656 501 1691 atljuvante,
523 1663 616 1684 rerum
643 1662 809 1685 vastatarum
828 1658 985 1685 restitutio-

195 1707 257 1727 ιιι-ιιι
273 1699 382 1732 fecisse,
397 1701 489 1728 omnia
502 1709 564 1736 qute
591 1702 697 1736 priores
720 1701 805 1729 duces
824 1702 985 1737 negligentia

195 1752 246 1773 sua
262 1745 448 1780 perdiderant,
472 1751 498 1773 te
514 1746 657 1780 prudentia
680 1752 725 1774 tua
748 1747 937 1782 acquisivisse.
954 1751 983 1774 et

196 1797 263 1817 cura
282 1795 329 1817 tua
343 1791 491 1818 stabilissc.
504 1791 543 1818 ita
554 1792 625 1819 enim
639 1791 727 1826 major
740 1791 883 1827 apparebit
899 1791 985 1819 virtus

197 1840 254 1868 tua,
270 1839 298 1863 et
314 1842 414 1871 magno
427 1841 522 1864 nostro
544 1836 705 1871 imperatori
727 1837 848 1872 placebis
862 1836 986 1873 dignam-

194 1889 249 1916 que
275 1881 309 1909 ab
325 1889 360 1909 eo
387 1882 511 1910 mercede
533 1881 645 1910 frueris.
671 1882 709 1910 De
734 1883 824 1919 impiis
847 1887 874 1911 et
897 1883 986 1910 atbeis

195 1927 321 1955 hostibus
344 1927 437 1955 sciens
462 1935 518 1955 non
548 1927 576 1955 itt
603 1927 697 1963 populi
727 1928 902 1956 multitudine
925 1935 987 1956 esse

193 1973 289 2006 robur,
319 1973 366 2001 sed
397 1973 424 2000 in
452 1973 559 2009 iustitia
590 1978 674 2009 atque
695 1972 854 2004 concordia,
877 1973 986 2001 etiamsi

194 2028 298 2055 paucos
316 2020 419 2049 habeas
433 2020 546 2052 milites,
566 2020 619 2048 hoc
634 2027 682 2048 eos
697 2019 776 2051 doce,
797 2019 906 2047 fortiter
921 2027 986 2047 cum

193 2067 247 2095 illis
279 2074 379 2102 pugna,
401 2071 429 2094 et
450 2067 562 2095 Christo
585 2071 613 2094 et
637 2065 774 2094 Salvatori
788 2070 884 2094 nostro
899 2066 987 2094 innixi

193 2120 338 2147 speramus
357 2117 383 2140 te
398 2113 433 2142 iis
450 2113 498 2148 qui
513 2113 540 2141 in
557 2113 648 2148 populi
665 2113 853 2148 magnitudine
870 2112 988 2148 glorian-

193 2164 238 2186 tur
251 2159 322 2186 l'eliei
332 2167 461 2188 successu
477 2164 668 2195 regnaturum.

1037 1564 1158 1597 ἐξελθεῖν
1173 1572 1202 1590 σε
1216 1563 1272 1590 τῶν
1285 1563 1404 1590 ἐνταῦθα
1421 1563 1485 1595 τοὺς
1500 1563 1594 1597 λόγους
1606 1564 1764 1600 ηκοῦσαμεν
1783 1565 1828 1592 καὶ

1037 1610 1113 1645 παρὰ
1126 1609 1185 1642 σοῦ,
1199 1609 1294 1636 τέκνον
1311 1609 1401 1644 ἡμῶν,
1416 1610 1463 1635 καὶ
1474 1610 1539 1644 παρ’
1561 1610 1662 1644 ἑτέρων
1676 1618 1684 1626 ·
1708 1611 1755 1637 καὶ
1770 1608 1829 1638 οῖδα

1036 1656 1078 1682 ὅτι
1103 1655 1152 1682 καὶ
1175 1655 1237 1681 τότε
1263 1655 1351 1690 ἀληθῆ
1373 1655 1476 1689 ἔλεγες,
1494 1655 1541 1682 καὶ
1561 1655 1608 1682 νῦν
1629 1655 1715 1692 ἀληθῆ
1728 1657 1828 1691 λέγεις.

1037 1700 1204 1728 Καταλιπὼν
1234 1699 1281 1727 οὖν
1310 1701 1403 1727 ἐκεῖνα.
1424 1700 1551 1736 γράφειν,
1565 1701 1669 1733 ἐκεῖνα,
1693 1701 1740 1728 τοῦ
1761 1701 1829 1728 Θεοῦ

1037 1746 1220 1782 δυναμοῦντὸς
1247 1754 1288 1779 σε,
1319 1747 1409 1781 γράφε
1436 1747 1513 1781 ἡμῖν,
1537 1747 1579 1773 ὅτι
1610 1746 1660 1781 τὴν
1686 1747 1829 1783 διόρθωσιν

1037 1792 1160 1828 ἐποιήσω
1170 1791 1224 1818 τῶν
1243 1790 1452 1827 ἐρημωθέντων,
1466 1792 1507 1818 ὅτι
1520 1791 1570 1818 ὅσα
1580 1792 1604 1818 ol
1618 1791 1670 1826 πρὸ
1687 1791 1734 1818 σοῦ
1747 1800 1830 1828 στριιο

1036 1838 1207 1873 τηγήσαντες
1222 1838 1255 1872 τῇ
1270 1836 1375 1863 ἑαυτῶν
1400 1837 1545 1863 ἀπώλεσαν
1569 1837 1696 1873 ἀμελείᾳ,
1713 1837 1796 1864 ταῦτα
1811 1839 1828 1873 ἡ

1038 1883 1072 1919 σὴ
1086 1883 1216 1919 φρόνησις
1230 1883 1410 1918 ἀνεκτήσατο,
1429 1882 1476 1909 καὶ
1493 1883 1528 1918 τῇ
1547 1883 1579 1918 σῇ
1596 1882 1742 1918 ἐπιμελείᾳ.
1765 1891 1829 1909 συν-

1037 1928 1154 1962 εστὴσω.
1180 1927 1260 1954 Οὕτω
1287 1927 1342 1961 γὰρ
1369 1927 1417 1953 καὶ
1440 1927 1457 1961 ἡ
1475 1927 1559 1963 ἀρετή
1590 1935 1637 1953 σου
1657 1927 1704 1954 ἐπὶ
1728 1927 1830 1962 μᾶλλον

1037 1972 1246 2009 διαφανήσεται,
1277 1974 1325 2000 καὶ
1357 1974 1403 2000 τὸν
1430 1974 1517 2008 μέγαν
1544 1974 1623 2009 ἡμῶν
1648 1974 1828 2011 θεραπεύσεις

1039 2019 1163 2054 βασιλέα,
1178 2020 1226 2046 καὶ
1240 2020 1290 2055 τῆς
1305 2019 1383 2052 ἀξίας
1399 2020 1464 2055 παρ’
1483 2021 1566 2047 αὐτοῦ
1581 2021 1742 2053 ἀντιδὲσεως
1759 2021 1828 2047 ἀπο-

1037 2065 1159 2099 λαύσεις.
1191 2067 1260 2103 Περὶ
1290 2066 1318 2093 δὲ
1347 2067 1402 2093 τῶν
1423 2067 1530 2094 ἀσεϐῶν
1551 2068 1598 2094 καὶ
1614 2067 1703 2095 ἀθέων
1722 2067 1829 2103 ἐχθρῶν

1038 2111 1118 2138 τοῦτο
1132 2111 1286 2146 γινώσκων,
1302 2111 1344 2138 ὃτι
1359 2111 1411 2139 οὐκ
1426 2112 1456 2138 ἐν
1478 2111 1575 2146 πλήθει
1589 2111 1654 2137 λαοῦ
1669 2113 1685 2146 ἡ
1701 2111 1827 2146 δύναμις,

1037 2158 1096 2184 ἀλλ’
1112 2158 1142 2185 ἐν
1157 2158 1316 2194 δικαιοσύνῃ
1342 2159 1390 2185 καὶ
1408 2158 1556 2194 ὁμοψυχίᾳ,
1574 2158 1626 2185 κᾶν
1642 2157 1748 2192 ὀλίγους
1763 2158 1828 2193 ἔχῃς

192 2207 256 2238 τοὺς
274 2206 328 2233 ὑπὸ
345 2206 386 2238 et,
411 2206 499 2234 ταῦτα
514 2206 651 2235 παιδεύων
673 2206 784 2240 αὐτοὺς,
801 2206 860 2243 μετ’
876 2206 990 2234 ἐκείνων
1007 2205 1143 2241 ἀγωνίζου
1173 2207 1334 2242 προθύμως,
1345 2206 1393 2232 καὶ
1413 2204 1585 2239 πεποίθαμεν
1599 2204 1710 2239 Χριστῷ
1720 2203 1758 2239 τῷ
1769 2204 1829 2239 Θεῷ

193 2253 241 2280 καὶ
269 2252 377 2288 Σωτῆρι
405 2253 495 2289 ἡμῶν,
522 2254 564 2280 ὃτι
592 2253 661 2290 ὺπέρ
675 2254 740 2286 τοὺς
761 2254 790 2281 ἐν
810 2252 987 2290 πλήθειλαοῧ
1008 2252 1204 2288 καυχωμένους
1218 2252 1421 2287 εὐδοκιμήσεις.

473 2312 592 2340 LXXXI.
614 2312 733 2341 Incerto.

228 2370 306 2406 Apud
333 2371 460 2399 homines
483 2370 569 2398 multa
586 2371 735 2405 fdicuntur,
757 2377 906 2405 eorumque
923 2370 985 2405 plu-

192 2419 261 2447 rima
291 2418 318 2454 (ο
347 2417 474 2446 homines
497 2417 531 2446 ad
557 2418 650 2454 pejora
676 2425 785 2453 semper
811 2418 985 2454 propensos),

192 2463 327 2492 mendacii
353 2463 500 2492 hereditas
515 2467 600 2497 sunt;
619 2463 751 2491 nonnulla
766 2468 856 2491 tamen
871 2463 948 2491 novit
960 2467 987 2490 ct

190 2511 302 2539 veritas.
325 2511 434 2542 Dicunt.
461 2510 566 2546 optime
589 2510 641 2543 vir,
664 2509 758 2538 odium
780 2510 808 2537 in
832 2517 883 2537 nos
900 2509 986 2545 (quod

192 2555 282 2584 dicere
311 2556 457 2591 erubesco)
485 2559 512 2583 te
543 2555 648 2584 fovere.
676 2555 746 2589 Quid
773 2556 846 2583 enim
875 2563 982 2588 sumus,

193 2601 320 2636 quamvis
338 2602 419 2630 nobis
435 2601 515 2630 datus
529 2602 567 2629 sit
581 2605 691 2637 optatus
713 2609 727 2628 a
749 2601 841 2629 tnultis
858 2601 984 2634 thronus,

196 2651 306 2683 propter
332 2654 380 2676 eas
405 2648 526 2677 rationes
553 2655 623 2684 quas
640 2648 685 2676 ille
699 2648 784 2681 novit,
805 2648 851 2683 qui
874 2651 904 2675 ut
920 2647 986 2675 mihi

194 2693 306 2720 daretur
318 2693 423 2721 voluit?
441 2693 570 2722 Sedenim
584 2701 638 2722 non
655 2701 705 2722 nos
719 2694 782 2721 odio
798 2693 985 2729 prosequeris,

193 2737 240 2765 scd
252 2737 453 2767 immaculalam
462 2744 488 2767 et
498 2747 567 2775 puro
578 2740 711 2776 sanguine
722 2744 859 2772 ornatatn,
869 2739 930 2766 Filii
941 2738 987 2766 Ι)ρί

194 2791 336 2819 sponsam.
365 2784 398 2812 Et
425 2785 486 2813 ideo
503 2790 686 2822 'qumcunquc
724 2787 810 2814 vertis
837 2790 931 2814 contra
947 2789 990 2813 tc-

196 2833 288 2867 ipsum
303 2831 398 2865 vertis,
417 2832 521 2860 cxcitas
539 2836 629 2861 autem
649 2837 676 2860 et
697 2833 765 2860 alios
789 2832 821 2860 ad
839 2837 988 2865 certamen,

198 2883 226 2905 ιιι
243 2877 353 2914 quidem
369 2883 462 2915 putas,
486 2879 617 2909 adversus
635 2887 696 2913 nos,
714 2879 760 2907 sed
781 2887 875 2908 revera
898 2883 990 2907 contra

1328 2310 1392 2338 llA’.
1412 2310 1539 2344 malm.

1071 2371 1189 2405 Λέγεται
1206 2369 1293 2406 πολλᾶ
1322 2368 1399 2404 παρὰ
1423 2367 1587 2403 ἀνθρώποις.
1608 2367 1656 2394 καὶ
1679 2367 1781 2394 τούτων
1795 2367 1829 2394 τὰ

1038 2417 1087 2452 μὲν
1101 2415 1186 2442 πλείω
1201 2414 1263 2450 (φεῦ
1291 2415 1341 2449 τῆς
1354 2414 1401 2441 ἐπὶ
1414 2414 1448 2440 τὰ
1462 2413 1546 2449 χείρω
1571 2413 1691 2445 νεύσεως
1712 2413 1767 2439 τῶν
1779 2413 1828 2439 ὰνη

1038 2462 1154 2498 θρώπων
1166 2462 1186 2497 ί)
1221 2461 1268 2488 τοῦ
1284 2461 1399 2497 ψεύδους
1422 2462 1481 2488 ἐστὶ
1496 2460 1674 2496 κληρονομία,
1695 2460 1751 2486 ἔστι
1765 2459 1794 2486 δὲ
1811 2458 1830 2486 ἃ,

1038 2507 1168 2542 γινώσκει
1197 2508 1244 2534 καὶ
1271 2508 1288 2543 ἡ
1302 2507 1427 2543 ἀλήθεια.
1443 2507 1560 2541 Λέγεται
1578 2506 1644 2542 περὶ⁵
1666 2506 1725 2539 σοῦ,
1742 2505 1828 2540 ἀγαθὲ

1037 2556 1085 2582 καὶ
1113 2554 1179 2582 καλὲ
1196 2554 1337 2590 ἄνθρωπε,
1357 2554 1394 2586 ὡς
1417 2553 1583 2590 ἑχθραίνεις,
1599 2553 1763 2588 αἰσχύνομαι
1781 2552 1828 2578 λέ-

1038 2609 1107 2636 γειν,
1124 2601 1192 2636 πρὸς
1209 2601 1293 2636 ἡμᾶς.
1304 2600 1338 2627 Τί
1351 2601 1406 2636 γάρ
1419 2601 1516 2636 ἐσμεν,
1531 2601 1555 2627 εί
1571 2601 1619 2627 καὶ
1632 2602 1678 2626 τὸν
1694 2599 1815 2633 πολύφθο

1040 2655 1085 2674 νον
1099 2647 1328 2684 ὲγκεχειρίσμεθα
1340 2647 1444 2683 θρόνον,
1460 2647 1493 2674 δι’
1510 2646 1543 2679 ἃς
1561 2644 1631 2673 οἶδεν
1644 2646 1734 2676 αἰτίας
1754 2646 1828 2677 ὅπως

1036 2693 1107 2720 εἴπω
1134 2693 1228 2720 τοῦτον
1250 2693 1454 2729 ἐγχειρισθῆναι
1480 2691 1640 2727 κεκρικὼςς
1670 2691 1751 2718 ’Δλλὰ
1773 2691 1828 2726 γὰρ

1037 2739 1191 2774 ἐχθραίνεις
1201 2739 1231 2766 οὐ
1251 2739 1320 2774 πρὸς
1332 2740 1415 2775 ἡμᾶς,
1434 2739 1502 2774 πρὸς
1524 2739 1552 2765 δέ
1572 2738 1621 2774 τὴν
1633 2738 1766 2773 ἄχραντον
1782 2737 1829 2764 καὶ

1039 2785 1217 2820 ἡρμοσμένην
1246 2785 1343 2820 αἵματι
1368 2785 1496 2820 ἀχράντῳ
1519 2785 1629 2819 νύμφην
1646 2783 1685 2818 τῷ
1706 2783 1764 2818 Υἱῴ
1781 2782 1828 2809 τοῦ

1041 2831 1125 2858 Θεοῦ·
1140 2831 1187 2858 καὶ
1198 2831 1241 2858 διὰ
1260 2831 1339 2858 τοῦτο
1371 2832 1496 2867 στρέφεις
1523 2830 1573 2866 μὲν
1593 2829 1662 2857 κατά
1682 2829 1796 2856 σεαυτὸν
1810 2828 1829 2856 ἃ.

1045 2879 1180 2915 στρέφεις,
1199 2880 1325 2916 euut-ni;
1343 2879 1370 2906 δὲ
1400 2880 1447 2906 καὶ
1468 2878 1575 2911 ἄλλους,
1593 2878 1631 2910 ὡς
1649 2877 1698 2913 μὲν
1713 2877 1774 2909 οἴει,
1790 2875 1829 2911 τῷ
