2009 3078
135 102 187 137 £93

860 101 1067 132 EPISTOLE.

1711 107 1765 138 294

135 161 182 186 καὶ
203 158 283 194 μέλος
315 156 409 194 ὥσπερ
426 155 449 185 εἶ
468 159 512 192 σὺ,
529 158 621 194 χάριτι
638 158 705 185 Θεοῦ
718 158 746 191 ἐξ
769 157 857 193 ἀρχῆς
874 159 922 185 καὶ

976 164 1001 186 οι
1019 157 1152 189 membra,
1169 162 1196 184 ut
1211 163 1237 184 tu
1252 158 1308 193 ipse
1322 165 1361 191 es,
1375 162 1401 186 et
1416 159 1501 194 gratia
1518 159 1563 186 Dei
1580 160 1614 187 ab
1625 160 1702 188 initio
1717 167 1767 190 do-

137 202 321 236 συγκοινωνδν
332 204 387 229 τῶν
406 203 588 238 παθημάτων,
603 203 731 229 ἀλλὀὺδε
747 203 816 238 πρὸς
829 203 923 238 ἕτερον

135 256 206 275 τινα.
238 248 344 284 Μηδεὶς
372 247 419 275 οὖν
444 249 621 284 ὑποτρεχέτω
657 248 800 284 λογισμὸς,
830 249 924 275 τέκνον

135 293 327 328 ἠγαπημένον,
336 293 387 328 τὴν
400 293 451 329 σὴν
464 293 565 329 ψυχὴν,
580 293 618 325 ὡς
638 293 734 320 ἕνεκεν
750 293 806 320 τῶν
819 294 923 330 προλα-

135 339 238 366 ϐόντων
253 339 335 373 ἀηδές
347 347 374 365 τι
397 339 426 366 ἐν
453 341 485 375 τῇ
510 340 565 376 ἐμῇ
579 340 758 366 ἀποκείσεται
771 339 856 375 ψυχῇ,
869 340 925 367 οὐδ’

136 385 297 420 ἀποστροφή
314 393 357 416 τις
371 386 419 412 καὶ
436 385 606 418 ἐναντίωσις.
633 385 678 421 Μὴ
696 385 813 420 γένοιτο,
830 385 925 412 τέκνον

137 438 200 464 μου,
218 430 256 465 μὴ
267 430 355 462 οὕτως
375 431 441 458 ποτὶ
467 432 566 467 νικήσῃ
583 440 625 463 τις
649 431 819 463 ὑπεναντίως
834 431 926 458 κινού.

138 483 218 510 μενος
231 475 374 511 λογισμὸς,
391 476 463 503 ὥστε
490 477 612 504 τοιοῦτον
632 477 780 512 ἐνθύμημα
794 478 823 504 ἐν
840 479 873 513 τῇ
891 479 924 513 σῇ

136 521 341 557 ὲμφυτευθῆναι
373 523 459 558 ψυχῇ.
489 523 560 550 Ἀλλ’
588 523 648 558 ὕψει
671 523 772 558 μᾶλλον
796 523 879 550 πλέον
907 523 924 558 ἢ

136 567 255 602 πρόσθεν
271 567 321 603 τὴν
351 569 491 604 ἡμετέραν
521 569 589 604 πρὸς
605 569 635 596 σὲ
656 571 704 597 καὶ
727 569 859 601 διάθεσιν,
877 569 925 596 καὶ

136 613 259 649 γνώμην,
275 615 324 641 καὶ
355 616 476 651 στοργὴν
505 615 713 652 ἑξηπλωμένην,
740 616 786 642 καὶ
812 616 924 643 τοσοῦτο

138 657 218 684 πλέον
232 659 295 685 ὅσον
309 659 357 685 νῦν
373 661 414 692 είς
431 661 514 695 μέσον
528 662 688 697 εἰσέρχομαι
712 661 767 688 τῶν
790 661 855 693 ἴσως
879 661 924 688 διὰ

137 704 185 734 τὰς
199 703 267 738 εμὰς
279 704 419 740 ἁμαρτίας
437 706 475 740 μὴ
490 705 621 741 καθαρῶς
649 707 717 742 μηδὲ
735 707 829 743 γνώμῃ
846 707 923 735 ἀδια-

139 749 248 784 στρὸφῳ
263 750 325 784 μεθ’
338 751 418 786 ἡμῶν
433 751 587 787 μελλόντων
603 753 923 788 συναναστραφήσεσθαι.

137 793 194 820 Καὶ
206 795 287 822 πάλιν
300 796 386 831 φημὶ,
402 796 481 828 εἴτις
498 799 661 833 παρενοχλεῖ
683 798 812 834 λογισμὸς
829 799 923 825 ἕνεκεν

979 204 1066 231 lorum
1090 211 1213 231 meorum
1226 204 1398 239 participem,
1413 206 1460 233 sed
1477 213 1567 240 neque
1585 214 1648 242 erga
1664 206 1763 235 alium.

978 249 1057 276 Nullo
1074 249 1166 284 igitur,
1184 249 1220 276 mi
1245 249 1292 282 Illi,
1307 255 1425 277 mentem
1449 257 1523 278 tuam
1539 252 1659 287 suspirio
1670 253 1768 280 subeat

979 294 1005 321 in
1028 303 1088 322 mea
1101 299 1190 322 mente
1205 302 1237 321 ex
1255 295 1478 329 praecedentibus
1503 305 1556 325 non
1574 298 1640 326 nihil
1658 299 1766 326 molesti

978 340 1020 367 vel
1045 339 1216 368 eversionem
1247 345 1274 368 ct
1310 342 1510 377 oppositionem
1530 344 1657 372 residere.
1679 345 1768 377 Absit,

980 386 1027 418 illi,
1045 390 1074 413 ut
1087 394 1204 421 unquam
1221 387 1283 414 talis
1306 387 1436 421 cogitatio
1457 388 1482 414 in
1495 393 1540 415 tua
1558 394 1648 417 mente
1659 391 1769 417 radicrs

978 436 1050 466 agat.
1077 430 1130 458 Sed
1146 431 1276 466 majorem
1302 439 1383 467 quam
1409 433 1486 468 prius
1513 439 1633 462 nostram
1651 443 1715 471 erga
1742 442 1768 464 te

978 476 1185 510 dispositionem
1199 481 1226 504 et
1240 477 1402 504 sententiam
1426 482 1453 505 et
1466 478 1578 505 clfusnm
1592 479 1766 507 dilectionem

978 522 1092 555 videbis,
1105 530 1191 557 eoque
1214 523 1300 557 magis
1311 523 1383 558 quod
1402 531 1474 552 nunc
1496 524 1523 551 in
1539 525 1657 552 medium
1671 533 1767 553 eorum

979 568 1094 601 introeo,
1111 570 1157 603 qui
1178 568 1292 597 forsitan
1319 570 1353 597 ob
1380 577 1440 597 mea
1466 575 1576 604 peccata
1601 579 1688 606 neque
1703 572 1769 598 sim-

978 615 1095 650 pliciter,
1110 623 1196 649 ueque
1215 620 1306 642 mente
1323 615 1429 643 sincera
1444 617 1611 651 cogitatione
1623 617 1766 645 nobiscum

977 660 1076 688 debent
1090 661 1257 689 conversari.
1274 661 1308 689 Et
1332 669 1443 689 rursum
1458 662 1530 695 dico,
1541 662 1564 690 si
1575 670 1628 698 qua
1643 667 1668 690 te
1680 663 1768 698 impe-

977 706 1016 734 dit
1029 708 1158 742 suspicio,
1169 708 1244 743 parvi
1254 707 1327 735 illius
1341 709 1412 743 quod
1431 709 1540 742 accidit,
1552 709 1656 736 dissidii
1673 718 1766 742 causa,

978 752 1048 780 hanc
1065 757 1122 780 toto
1139 753 1231 780 animo
1257 754 1336 789 longe
1365 761 1380 780 a
1398 759 1423 781 te
1445 754 1544 789 nbjice,
1559 760 1662 782 certam
1684 756 1765 783 fidem

977 798 1115 834 accipiens
1147 806 1180 826 ne
1202 799 1346 834 vestigium
1365 799 1473 834 quidem
1498 808 1592 828 eorum
1611 808 1671 836 quae.
1696 801 1768 828 inter

135 840 185 874 τῆς
201 842 305 875 μικρᾶς
317 842 420 877 ταύτης
431 844 622 878 γεγενημένης
636 844 814 877 διαστάσεως,
830 844 923 871 τοῦτον

976 851 1026 872 nos
1039 845 1208 877 acciderunt,
1240 845 1267 872 in
1291 844 1347 873 Deo
1369 846 1496 879 dicimus,
1524 851 1617 875 nostra
1633 847 1660 875 in
1676 853 1767 874 mente

136 884 184 920 ὅλῃ
202 885 275 921 ψυχῇ
291 887 370 922 ῥίψον
381 888 428 922 ἀφ’
444 888 553 922 ἑαυτοῦ,
564 889 714 924 λαμῦἀνων
725 889 925 925 πληροφορίαν,

137 930 175 962 ὡς
186 931 241 957 οὐδ’
257 932 330 967 ίχνος
346 933 416 965 ὅλως
433 934 489 960 τῶν
505 935 658 969 γεγονότων
677 936 780 971 μεταξὺ
796 935 877 971 ήμῶν
890 937 924 970 τῇ

137 978 191 1013 ἐμῇ
207 978 291 1014 ψυχῇ,
309 979 338 1006 ὲν
350 979 410 1015 Θεῷ
424 989 527 1016 φαμεν,
543 982 732 1010 ἀποκείσεται.

422 1038 489 1067 [ιη’.
506 1039 630 1074 Ἆδήλῳ.

173 1092 293 1129 οἴδαμεν
324 1094 374 1130 τὴν
410 1096 515 1133 ἀγαθὴν
545 1106 593 1125 σου
626 1097 806 1133 προαίρεσιν,
832 1100 926 1126 τέκνον

138 1137 228 1172 ἡμῶν,
246 1140 282 1175 μὴ
298 1140 428 1177 δεομένην
444 1142 494 1177 τῆς
511 1143 591 1178 ἡμῶν
609 1144 810 1178 παραινέσεως.
822 1145 855 1171 Oi.
870 1146 925 1181 γὰρ

137 1182 244 1210 οἴκοθεν
271 1184 378 1220 ἔχοντες
409 1187 440 1213 τὺ
476 1188 620 1223 συμπαθὲς
642 1189 673 1216 οὺ
695 1188 844 1225 χρῄζουσιν
878 1190 925 1217 ἐπὶ

137 1227 216 1254 τοῦτο
247 1229 297 1264 τῆς
325 1231 405 1263 ἐκτὸς
435 1233 647 1268 παρακλήσεως.
677 1235 727 1262 Διὰ
756 1235 836 1262 τοῦτο
854 1236 878 1262 οἱ
895 1236 925 1263 τὸ

138 1274 256 1310 γράμμα
273 1277 353 1311 ἡμῶν
364 1279 559 1315 ἐπιφερόμενοι
590 1281 674 1318 μέχρι
695 1282 741 1309 τοῦ
759 1282 805 1309 νῦν
819 1283 925 1310 τοιοῦτο

138 1320 188 1347 οὐκ
204 1322 334 1354 ἐκόμισαν
350 1325 467 1360 γράμμα
491 1326 556 1362 περὶ
571 1328 618 1354 τοῦ
637 1328 719 1364 μηδὲν
732 1328 925 1364 ἑπιΰαρείσθαι

138 1366 236 1400 αὐτοὺς
248 1369 341 1397 ἕνεκεν
354 1371 405 1406 τῆς
424 1373 454 1405 ἐξ
466 1372 556 1409 ἀρχῆς
579 1374 626 1400 καὶ
641 1375 746 1402 ἄνωθεν
760 1375 926 1411 ὲλαφρυνού-

139 1419 189 1446 σης
207 1414 307 1446 αὐτοὺς
325 1419 505 1453 συνεισφορᾶς
517 1419 547 1445 ὲν
567 1420 600 1455 τῇ
618 1422 806 1456 πατριαρχικῇ
822 1421 926 1457 διοική-

138 1465 190 1485 σει.
214 1459 409 1496 Ἐλογιζόμεθα
421 1463 476 1498 γὰρ
492 1464 535 1490 ὅτι
552 1465 600 1491 καὶ
621 1466 706 1500 χωρὶς
726 1466 771 1492 τοῦ
789 1466 924 1501 ἡμετέρου

137 1505 302 1540 γράμματος
329 1507 443 1540 τούτους
469 1509 580 1546 ἀφήσῃς
605 1511 652 1537 τοῦ
677 1511 807 1547 δημοσίου
825 1512 962 1547 βάρουςο

138 1550 267 1582 ἀνέτουςσ
283 1552 344 1579 οὐδὲ
358 1554 412 1588 γὰρ
427 1554 538 1582 δυνατὸν
550 1555 599 1590 (ὼς
607 1556 656 1583 καὶ
673 1557 689 1591 ἡ
704 1556 738 1592 σὴ
749 1556 925 1589 ἐξεπίσταται

139 1594 259 1632 σύνεσις)
294 1599 329 1625 τά
343 1607 373 1626 τε
395 1601 584 1636 πατριαρχείῳ
603 1601 633 1634 ἐξ
656 1602 743 1637 ἀρχῆς
756 1602 925 1638 διορισθέντα

139 1643 338 1679 συνεισφέρειν,
356 1645 405 1672 καὶ
419 1647 481 1677 ταῖς
499 1647 644 1682 δημοσίαις
659 1647 823 1684 ὑπηρεσίαις
839 1657 924 1676 κατα-

138 1686 316 1722 ἦαρύνεσθαι.
333 1691 382 1718 Διά
395 1690 483 1719 ταῦτα
494 1692 636 1729 γράφομέν
657 1702 710 1726 σοι,
725 1694 819 1721 τέκνον
833 1695 923 1731 ἡμῶν,

138 1733 164 1759 ει
178 1734 291 1761 δυνατὸν
303 1737 381 1763 ἐᾶσαι
393 1737 514 1773 πένητας
527 1739 628 1774 ἄνδρας
640 1739 685 1766 διὰ
693 1740 742 1776 τὴν
752 1741 842 1769 αὐτῶν
855 1741 925 1768 ἀπυ-

140 1777 199 1812 ρίαν
208 1780 310 1815 μικρὰν
322 1783 548 1818 συνεισφέροντας
558 1785 654 1819 χρείαν
667 1787 701 1820 τῇ
710 1785 756 1812 τοῦ
774 1785 843 1812 Θεοῦ
865 1785 926 1813 Ἑκ-

138 1823 249 1859 κλησία,
265 1825 313 1852 καὶ
323 1826 361 1861 μὴ
382 1826 467 1862 βάρος
490 1829 582 1862 αὐτοῖς
598 1830 666 1866 ὑπὲρ
679 1831 727 1866 τὴν
739 1830 853 1866 δύναμιν
868 1831 926 1858 ὲπι-

138 1869 236 1904 θεῖναι,
255 1870 270 1896 ὃ
291 1873 339 1899 καὶ
359 1874 415 1904 τοῖς
433 1873 575 1909 δημοσίοις
593 1877 741 1910 πράγμασι
753 1875 925 1911 λειτουργεῖν

137 1915 237 1949 αὐτοὺς
253 1917 283 1944 οὐ
295 1921 479 1956 συγχωρήσει.
491 1921 538 1948 καὶ
554 1923 603 1957 τῆς
619 1923 721 1957 μικρᾶς
737 1922 925 1958 προσενέξεως

136 1962 188 1998 τὴν
207 1963 370 2000 Ἐκκλησίαν
389 1966 437 1993 τοῦ
452 1967 520 1994 Θεοῦ
533 1967 745 2004 ἀποστερήσειν.

329 2021 393 2051 119⁷.
416 2023 572 2059 Γρηγορίφ
592 2023 733 2059 Ἐφέσου.

178 2081 288 2117 Ἐπειδὴ
299 2082 335 2108 τὰ
347 2082 396 2117 τῆς
423 2081 504 2116 ἁγίας
525 2081 608 2109 αὑτοῦ
629 2082 794 2118 Ἐκκλησίας
808 2083 822 2109 ὁ
838 2083 924 2118 μέγας

138 2128 185 2156 καὶ
195 2128 302 2163 πρῶτος
317 2127 464 2163 ἀρχιερεὺς
479 2128 559 2163 ἡμῶν
570 2129 583 2154 ὀ
594 2128 696 2164 Κύριος
711 2129 758 2155 καὶ
768 2129 833 2161 Θεὸς
845 2128 925 2164 ἡμῶν

976 896 1198 923 permansurum.

1205 1037 1373 1066 LXXXVIII.
1406 1038 1522 1068 Incerto.

1013 1094 1132 1129 Scimus,
1153 1095 1190 1122 mi
1221 1095 1269 1128 (ili,
1292 1099 1368 1122 tuum
1394 1095 1495 1124 bonum
1524 1096 1647 1124 mimum
1673 1103 1766 1126 nostra

976 1140 1165 1168 adhortatione
1179 1148 1232 1168 non
1268 1149 1357 1176 egere.
1385 1141 1436 1175 Qui
1450 1142 1522 1169 enim
1539 1150 1573 1170 ex
1604 1151 1634 1171 se
1657 1144 1766 1172 miseri-

975 1185 1097 1212 cordiam
1130 1186 1240 1218 habent,
1273 1193 1326 1212 non
1360 1187 1394 1213 ad
1415 1187 1467 1214 boe
1489 1187 1578 1214 aliena
1604 1188 1767 1216 invitatione

975 1230 1105 1264 indigent.
1122 1230 1183 1257 Ideo
1196 1231 1241 1265 qui
1252 1236 1358 1258 nostra:
1379 1231 1484 1259 litteras
1498 1232 1600 1266 ferunt,
1624 1233 1766 1269 hucusque

975 1283 1023 1304 eas
1038 1285 1091 1304 non
1112 1277 1263 1310 reddidere,
1281 1277 1461 1311 deprecantes
1473 1282 1503 1305 ut
1521 1279 1586 1306 nihil
1608 1279 1678 1306 ultra
1701 1287 1766 1306 one-

975 1327 1071 1350 rentur
1085 1322 1135 1358 ipsi
1154 1323 1200 1358 qui
1219 1323 1252 1351 ab
1267 1324 1344 1350 initio
1369 1328 1397 1351 et
1408 1324 1571 1359 jamdudum
1588 1332 1636 1359 per
1653 1332 1717 1352 suas
1738 1325 1764 1352 in

975 1368 1149 1403 patriarchali
1176 1369 1415 1398 administratione
1432 1371 1651 1399 contributioues
1672 1371 1765 1398 suble-

977 1415 1031 1442 vati
1053 1415 1166 1443 fuerint.
1190 1416 1393 1451 llepulabnmus
1421 1417 1493 1444 enim
1520 1421 1545 1444 te
1560 1418 1641 1445 etiam
1663 1417 1766 1453 absque

977 1461 1079 1488 nostris
1103 1461 1200 1489 litteris
1227 1469 1274 1490 eos
1293 1462 1327 1489 ab
1352 1462 1404 1490 hoc
1419 1462 1528 1497 publico
1549 1471 1633 1490 onere
1665 1464 1767 1491 Iileros

977 1506 1155 1533 remissurum
1170 1515 1241 1534 esse.
1254 1506 1312 1534 Non
1321 1507 1394 1534 enim
1416 1507 1472 1534 ticri
1483 1513 1571 1542 potest
1597 1509 1638 1543 (ut
1655 1513 1683 1535 tu
1699 1508 1767 1535 bene

977 1550 1115 1586 intelligis)
1127 1556 1154 1578 et
1165 1555 1268 1586 ea‘qua:
1281 1552 1458 1587 patriarchali
1474 1552 1531 1580 sedi
1553 1553 1588 1578 ab
1600 1552 1678 1579 initio
1693 1553 1765 1579 suuti

975 1595 1085 1623 deﬁnita
1098 1597 1281 1629 rontribuere,
1294 1602 1320 1625 et
1334 1597 1450 1632 publicis
1463 1597 1624 1625 muneribus
1655 1597 1767 1631 insuper

976 1643 1094 1671 onerari.
1110 1643 1172 1671 Ideo
1188 1644 1234 1672 tibi
1245 1644 1403 1676 scribimus,
1423 1643 1471 1676 illi,
1483 1647 1524 1677 ut,
1539 1643 1563 1671 si
1578 1643 1639 1670 ﬁeri
1664 1649 1765 1678 pozest.

977 1687 1101 1715 homines
1128 1687 1222 1722 inopes
1242 1695 1290 1722 per
1325 1695 1402 1714 suam
1452 1688 1571 1721 inopiam
1606 1687 1764 1714 nonnullam

976 1734 1120 1761 utilitatem
1139 1733 1185 1760 Dei
1204 1731 1332 1760 Ecclesia:
1348 1733 1498 1761 tribuentes
1513 1734 1660 1760 molestare
1676 1733 1763 1760 desis-

976 1784 1028 1808 tas.
1040 1778 1133 1814 Neque
1150 1779 1189 1807 eis
1208 1786 1306 1806 novum
1319 1786 1389 1806 onus
1408 1779 1544 1813 imponas,
1561 1779 1635 1814 quod
1663 1787 1714 1805 non
1731 1779 1765 1806 iis

975 1826 1112 1861 permittet
1128 1830 1156 1851 ut
1171 1825 1280 1859 publica
1296 1825 1394 1852 obeant
1411 1826 1536 1859 munera,
1552 1825 1653 1860 Deique
1671 1825 1764 1852 Eccle-

975 1871 1044 1899 siatn
1063 1871 1144 1898 certis
1161 1870 1278 1905 privabit
1295 1869 1482 1898 facultatibus.

1092 2025 1239 2053 LXXXIX.
1268 2025 1393 2061 Gregorio
1412 2024 1507 2059 Ephesi
1523 2025 1653 2060 episcopo.

1011 2082 1146 2116 Quoniam
1162 2089 1194 2109 ea
1213 2089 1274 2117 quae
1299 2086 1363 2109 sunt
1382 2081 1521 2113 Ecclesiae.
1538 2088 1652 2114 magnus
1664 2085 1690 2108 et
1706 2081 1763 2116 pri-

976 2136 1038 2156 mus
1049 2130 1219 2156 sacerdotum
1231 2128 1368 2163 princeps,
1383 2127 1515 2154 Dominus
1534 2131 1562 2154 et
1583 2126 1654 2155 Deus
1670 2133 1763 2154 noster

144 2175 249 2211 Ἰησοῦς
264 2175 277 2201 ὸ
293 2174 411 2210 Χριστὸς
425 2174 639 2209 οίκονομηθῆναι
653 2175 803 2210 παρέσχεν,
818 2175 848 2202 ὃν
858 2176 923 2210 τρὸ-

976 2174 1054 2203 Jesns
1062 2174 1187 2202 Christus
1200 2174 1416 2201 administranda
1431 2173 1555 2208 praebuit,
1566 2180 1599 2201 eo
1616 2173 1696 2200 modo
1708 2180 1762 2208 quo

138 2229 188 2247 πον
208 2221 242 2256 τῇ
263 2220 346 2247 αὐτοῦ
370 2219 459 2252 ἔδοξεν
483 2219 633 2254 ἀγαθάτητι
653 2219 706 2255 (τίς
723 2219 777 2255 γὰρ
801 2219 849 2246 ἐπὶ
862 2219 924 2246 νοῦν

136 2267 267 2302 τολμήσοι
283 2267 375 2294 λαϐεῖν
393 2266 430 2298 ὡς
442 2267 472 2292 τι
488 2266 559 2300 μέγα
573 2266 653 2294 τοῦτο
667 2266 747 2302 ἔργον
763 2267 801 2303 μὴ
815 2267 925 2302 γεγονέ-

137 2323 181 2340 νιι
194 2314 242 2340 σὺν
255 2314 286 2348 τῇ
303 2312 408 2339 ἐκείνου
427 2311 536 2347 εὐδοκία
549 2313 570 2345 ;)
595 2313 663 2339 ἀλλὰ
681 2313 736 2348 γὰρ
751 2313 813 2340 ἐπεὶ
823 2314 858 2339 τὰ
874 2313 924 2348 τῆς

139 2361 214 2396 ἱερᾶς
245 2360 326 2387 αὑτοῦ
362 2360 524 2394 συναγωγῆς
545 2359 677 2395 διῳκήθη,
704 2360 832 2396 ὁρίζομεν
859 2361 923 2393 τοὺς

140 2405 190 2441 μὲν
213 2405 342 2440 ἀρχαίους
365 2404 539 2439 λειῖουργοὺς
563 2405 611 2432 τοῦ
633 2406 713 2440 ἁγίου
727 2406 922 2443 θυσιαστηρίου

138 2450 320 2488 προτετάχθαι
334 2451 388 2478 τῶν
403 2451 480 2486 παρὰ
492 2451 541 2486 τῆς
558 2453 607 2487 σῆς
619 2451 826 2488 ἀρχιερωσύνης
838 2453 867 2479 ιν
883 2452 923 2487 τῷ

137 2497 185 2524 νῦν
200 2496 289 2532 καιρῷ
306 2497 345 2528 είς
359 2496 531 2532 λειτουργίαν
547 2498 825 2533 προχεχειρισμίνους
836 2505 845 2513 θ
862 2498 922 2534 μετ’

136 2541 256 2572 ἐκείνους
271 2541 299 2567 δὲ
308 2541 372 2572 τοὺς
388 2541 463 2576 παρὰ
476 2541 522 2567 σοῦ
533 2541 581 2577 τὴν
589 2542 759 2577 χειροθεσίαν
772 2543 920 2575 λασόντας·

136 2587 267 2621 talium
287 2586 315 2612 δὲ
335 2583 405 2612 εἶναι
423 2587 486 2618 τοὺς
510 2587 539 2613 ὲν
556 2587 594 2622 τῷ
607 2588 696 2623 καιρῷ
714 2589 769 2615 τῶν
791 2590 841 2616 οὐκ
862 2587 922 2616 οἶδα

136 2634 224 2663 ποίοις
246 2631 364 2666 κρίμασι
388 2631 455 2658 Θεοῦ
478 2633 733 2667 συγκεχωρημένων
753 2634 921 2661 ἐπεισελθεῖν

136 2678 293 2706 σκανδάλων
319 2678 353 2713 τῇ
378 2677 527 2713 Ἐκκλησία
558 2678 610 2705 ὑπὸ
635 2679 841 2706 Κωνσταντίνου
874 2681 920 2707 καὶ

140 2723 265 2751 Ἰωάννου
291 2722 541 2759 χειροθετηθέντας.
557 2723 612 2750 Καὶ
632 2724 711 2751 τοῦτο
728 2725 776 2760 μὲν
791 2724 822 2751 τὸ
838 2725 921 2761 μέρος

134 2770 254 2798 τοιοῦτον
285 2771 341 2806 ἔχει
362 2770 410 2797 τὸν
432 2770 582 2806 διορισμόν.
598 2771 714 2808 Ἕτερον
737 2771 765 2798 δὲ
794 2771 921 2807 ὁρίζομεν

137 2817 194 2852 (καὶ
210 2817 288 2844 τοῦτο
305 2817 410 2853 μενέτω
428 2818 536 2849 πάντως
549 2817 778 2853 ἀπαραποίητον),
793 2817 862 2845 ὥστε
876 2818 920 2844 τὸν

977 2219 1185 2254 ipsiusbonitati
1197 2219 1284 2247 visum
1304 2223 1357 2252 est,
1368 2218 1442 2254 (quis
1453 2218 1526 2247 enim
1544 2223 1635 2246 meme
1650 2218 1762 2247 auderet

976 2266 1119 2302 concipere
1131 2274 1258 2302 magnum
1276 2266 1328 2294 hoc
1339 2273 1408 2301 opus
1426 2273 1489 2293 cum
1504 2265 1578 2293 illius
1591 2265 1762 2301 heneptaeito

976 2320 1030 2340 non
1055 2313 1141 2348 lteri!)
1163 2312 1216 2340 Sed
1237 2313 1367 2348 quoniam
1393 2311 1481 2347 ipsius
1510 2311 1581 2339 sacri
1606 2316 1694 2339 cretus
1718 2319 1762 2338 res
1816 2330 1822 2335 .

975 2359 1053 2386 nobis
1066 2359 1221 2386 commissa:
1250 2362 1324 2390 sunt,
1351 2357 1497 2385 deﬁnimus
1524 2357 1651 2392 antiquos
1668 2356 1762 2384 minis-

975 2409 1031 2433 tros
1048 2405 1134 2433 sacris
1149 2404 1283 2433 altaribus
1301 2403 1402 2439 praeﬁci
1428 2403 1527 2431 debere
1552 2407 1614 2430 ante
1644 2410 1691 2430 eos
1714 2403 1760 2437 qui

975 2459 1047 2479 nune
1064 2451 1181 2478 maxime
1195 2458 1210 2478 ιι
1232 2455 1279 2478 ιιιο
1297 2457 1404 2478 summo
1417 2448 1571 2476 sacerdotio
1587 2447 1620 2475 ad
1639 2448 1762 2475 niinisto-

974 2500 1044 2528 rium
1060 2497 1193 2532 designati
1206 2500 1285 2527 sunt:
1300 2495 1398 2523 deinde
1423 2502 1472 2522 eos
1481 2494 1528 2529 qui
1545 2501 1560 2522 a
1589 2498 1615 2522 te
1631 2501 1760 2521 manuum

973 2543 1173 2579 imposiliouem
1189 2545 1368 2576 receperunt;
1396 2540 1508 2568 ultimos
1521 2543 1611 2567 autem
1630 2545 1692 2567 esse
1712 2545 1761 2565 eos

973 2591 1021 2626 qui
1045 2598 1078 2618 eo
1104 2588 1296 2616 scandalorum
1324 2591 1445 2622 tempore
1465 2586 1559 2617 electi.
1594 2585 1760 2620 (scandala)

974 2636 1066 2664 nescio
1098 2635 1197 2670 quibus
1215 2633 1260 2661 Dei
1291 2633 1414 2668 iudiciis.
1447 2633 1498 2660 sub
1524 2631 1705 2660 Constantino
1733 2636 1761 2659 et

973 2683 1077 2710 Joanne
1087 2681 1235 2708 Ecclesiaru
1262 2680 1365 2707 intrare
1381 2683 1539 2714 potuerunt.
1564 2678 1630 2712 Qua»
1649 2677 1759 2713 quidem

974 2737 1037 2763 pars
1067 2729 1137 2755 hanc
1155 2727 1238 2755 habet
1269 2725 1492 2761 explicationem.
1518 2725 1640 2752 Alterum
1668 2730 1759 2752 autem

973 2773 1128 2806 deﬁnimus,
1143 2774 1179 2808 (et
1195 2773 1246 2800 itoc
1259 2777 1334 2800 certo
1347 2773 1451 2799 certius
1471 2772 1534 2806 erit)
1552 2775 1580 2798 ut
1599 2772 1621 2798 is
1635 2770 1681 2806 qui
1707 2777 1721 2797 a
1735 2776 1761 2797 Ie

974 2819 999 2847 in
1016 2819 1104 2848 locum
1120 2818 1350 2854 protopreslg'teri
1375 2823 1402 2846 ct
1413 2817 1598 2846 archidiaconi
1615 2817 1766 2851 ordinatus
