2009 3078
179 98 231 130 329

907 99 1112 130 El’lSTOl.rE.

1748 103 1802 133 330

179 157 316 193 ἀνώτερον
349 157 438 191 πάσης
451 156 540 192 λύπης
571 156 704 184 διατελεῖν
734 156 892 188 ἐπιθέσεων
921 156 969 182 καὶ

1025 156 1199 183 sanctissimo
1217 154 1271 183 Deo
1288 155 1321 183 de
1341 156 1391 184 hoc
1407 156 1509 192 gratias
1522 155 1638 190 egimus,
1655 162 1682 183 et
1694 163 1806 184 oramus

179 203 217 239 τῷ
237 203 308 238 άγίῳ
333 203 394 238 Θεῴ
420 203 437 238 ἡ
460 203 507 228 ἐπὶ
526 202 606 229 τοῦτο
628 201 789 238 εὐχαριστία
812 202 878 237 ἡμῖν
898 202 967 228 ἀπο-

178 249 294 281 δέδοται,
311 249 356 275 καὶ
374 248 510 283 εὐχόμεθα
526 248 643 275 πάντοτε
659 247 789 281 τοιαύτης
803 247 870 281 περὶ
890 246 968 281 ὑμῶν

179 295 312 330 ἀγγελίας
326 293 473 329 τυγχάνειν
492 293 624 328 ἀγγέλου.
647 293 756 328 Ἐπειδὴ
769 292 798 320 δὲ
825 292 881 319 τῶν
893 301 963 328 πρα-

179 341 293 375 γμάτων
310 340 339 366 αί
366 339 542 375 περιστάσεις
561 339 612 366 οὐκ
627 338 707 365 ἐῶσιν
730 339 803 373 ἡμᾶς
827 339 966 370 ἀναπνεῖν,

181 387 229 413 καὶ
244 385 282 417 ὠς
299 387 329 412 ὲν
341 385 475 416 τοιούτοις
490 384 765 420 περιστοιχιζόμενοι,
779 383 907 418 δεόμεθα,
919 383 967 410 άν-

181 431 288 466 θρωποι
312 431 436 458 ταπεινοὶ
459 430 547 462 ὄντες,
563 429 611 456 καὶ
635 429 685 464 τῆς
705 430 737 455 ὲκ
758 428 811 455 τῶν
835 427 968 454 συνόντων

181 477 354 511 παρηγορίας
368 474 454 511 (οἶδας
467 475 495 502 δὲ
506 476 547 502 ὅτι
560 474 638 501 οὐδὲν
651 473 723 500 οὕτω
741 474 907 509 παρηγορεῖ,
930 472 969 504 ὡς

181 521 198 556 ἡ
219 521 274 548 τῶν
293 522 397 548 τέκνων
420 519 588 555 συνομιλία),
607 519 776 553 ἐϐουλόμεθα
799 519 828 545 ἑν
853 517 969 553 τοιούτῳ

181 568 270 604 καιρῷ
288 567 338 594 σὺν
352 568 418 602 ἡμῖν
435 564 517 593 εἶναι.
543 565 574 592 El
593 565 644 599 μὲν
657 563 705 592 οὗν
720 564 771 591 οὐκ
797 564 871 591 εστιν
885 564 970 598 ἀναγ-

181 614 312 648 καιότερα
326 613 360 639 τὰ
373 613 401 639 ὲν
414 613 470 644 τοῖς
485 611 580 638 αὐτόθι
598 610 749 647 πράγματα
765 610 834 645 πρὸς
845 609 896 646 τὴν
918 610 968 644 σὴν

180 660 335 694 ἐπίσχεσιν,
357 658 516 694 παραγενοῦ
538 657 608 693 πρὸς
624 658 710 693 ἡμᾶς.
740 657 771 683 Εἰ
792 656 813 683 δ’
841 656 900 682 ἔστι
925 663 968 687 τις

179 706 288 740 ἀνάγκη
302 705 488 741 δυνατωτέρα,
513 704 582 736 τέως
600 705 668 739 ἡμῖν
683 704 743 735 ταῖς
760 703 850 734 ὁσίαις
872 702 968 737 εὐχαῖς

1019 203 1132 229 omnino
1147 206 1177 229 ut
1190 202 1270 229 talem
1283 202 1354 229 dcte
1366 201 1491 229 nuntium
1507 208 1615 235 semper
1628 201 1804 235 accipiamus.

1018 245 1152 278 Quoniam
1188 253 1253 273 vero
1279 253 1370 273 rerum
1393 246 1524 281 angustia:
1552 252 1602 272 nos
1629 252 1683 272 non
1714 245 1808 272 sinunt

1020 291 1166 326 respirare,
1193 297 1217 318 et
1235 291 1289 319 illis
1303 291 1382 326 quasi
1404 291 1486 318 cincti
1504 291 1668 325 indigemus,
1683 291 1808 318 homines

1020 338 1132 370 inﬁrmi,
1157 337 1347 365 aSsistcntium
1365 338 1554 365 consolatione
1570 337 1636 372 (scis
1656 343 1747 364 autem
1763 338 1809 364 ni—

1021 383 1058 410 hil
1075 384 1111 410 ita
1127 384 1263 411 consolari
1277 388 1305 411 ut
1319 383 1436 411 ﬁliorum
1453 384 1710 418 conversationem),
1729 388 1809 418 opta-

1021 429 1118 457 bamus
1131 434 1160 456 ut
1176 430 1320 457 nobiscum
1338 437 1421 459 esses.
1441 430 1469 457 Si
1487 430 1569 464 igitur
1584 438 1638 457 non
1654 432 1810 457 ιιρουιςειιι·ἰο

1023 480 1048 501 te
1064 483 1108 502 res
1127 475 1188 503 istic
1205 476 1332 508 retinent,
1349 476 1408 503 veni
1422 476 1455 503 ad
1471 484 1532 503 nos.
1556 476 1584 503 Si
1601 481 1678 511 uiget
1691 477 1811 504 necessi-

1023 526 1075 552 tas,
1103 521 1198 547 saltent
1225 525 1358 556 quantum
1384 521 1488 556 poteris
1511 521 1590 549 nobis
1607 522 1661 549 tuis
1684 522 1810 556 precibus

1022 565 1126 592 adesto.
1148 567 1186 592 Ac
1202 570 1246 592 tua
1260 565 1416 600 praesentia,
1439 565 1567 601 quoniatn
1581 572 1636 592 non
1660 573 1734 593 nunc
1749 573 1810 600 per-

1022 610 1148 644 mittitur,
1165 612 1211 638 ﬁet
1232 613 1346 638 omnino
1362 612 1472 646 quando
1489 611 1561 639 Deus
1576 611 1701 639 voluerit.
1724 610 1812 638 Crete-

1019 664 1080 683 rum
1096 663 1146 691 pro
1167 662 1212 684 tua
1235 657 1352 685 sanitate
1376 662 1438 685 vota
1467 656 1620 695 tundimus,
1640 661 1667 684 et
1685 657 1811 692 cupimus

1020 706 1050 729 ut
1066 706 1166 730 nosth
1182 703 1345 730 humilitatis
1359 703 1526 730 memineris.

179 753 230 789 ὅση
243 753 358 786 δύναμις
384 752 542 783 συνίστασο,
567 751 616 778 καὶ
638 752 655 786 ὴ
673 750 820 786 παρουσία,
844 750 906 789 ἐπεὶ
932 749 969 785 μὴ
991 749 1039 776 νῦν
1064 751 1259 785 συγχωρεῖται,
1297 750 1407 782 πάντως
1428 750 1494 777 ὅταν
1513 751 1578 782 Θεὸς
1599 751 1662 787 διδῷ
1696 752 1811 788 γενησεο

180 808 236 828 ται.
254 799 294 826 Τὰ
308 798 329 825 δ’
344 798 411 826 ἄλλα
425 797 565 834 ἐρρῶσθαι
586 806 615 824 σε
631 796 816 833 ὲπευχόμεθα,
832 797 879 823 καὶ
895 795 1054 832 μεμνῆσθαι
1067 796 1117 830 τῆς
1131 796 1211 831 ἡμῶν
1233 797 1420 832 μετριότητος.

392 856 422 883 Pl
428 855 463 883 Γ.
480 845 595 889 Νικιὶτᾳ
615 854 755 889 Ἀθηνῶν.

218 911 275 939 Καὶ
294 911 460 947 κυϐερνήτης
476 911 586 947 ἄριστος
602 910 658 937 τῶν
679 910 865 945 βαπτιζόντων
881 910 966 945 κυμά-

181 967 236 986 των
259 958 309 994 τὴν
336 957 458 984 ἔκκλισιν
485 956 604 984 ποιεῖται
620 956 664 984 διὰ
685 956 825 992 προνοίας,
838 956 896 982 ἀλλ’
911 956 972 991 οὐχὶ

182 1004 253 1038 πρὸς
268 1004 362 1029 ἐκεῖνα
382 1001 543 1029 συνωθεῐται
557 1001 591 1028 δι*
612 998 651 1028 ὦν
680 1001 773 1036 μέλλει
790 1001 871 1028 πλέον
888 1009 972 1027 κατα-

183 1048 373 1081 σαπτίζεσθαι.
388 1048 443 1075 Καὶ
468 1047 559 1083 ἰατρὸς
575 1044 597 1082 ᾦ
615 1055 647 1082 γε
669 1046 704 1073 δι’
719 1047 877 1082 ἐπιμελείας
898 1047 972 1073 ὲστῖν

183 1097 199 1131 ἡ
216 1095 339 1130 σωτηρία
359 1094 407 1121 τοῦ
430 1094 593 1129 κάμνοντος,
618 1093 736 1128 σπουδὴν
759 1093 930 1128 ἀναδέχεται,
947 1094 971 1119 εί

186 1142 224 1178 μὴ
242 1140 355 1168 δυνατὸν
384 1140 522 1171 παντελῶς
548 1139 735 1174 θεραπεῦσαι,
765 1139 832 1166 ἀλλά
852 1148 884 1173 γε
903 1139 971 1171 τέως

183 1188 335 1215 ἐλαττῶσαι
346 1188 376 1214 τὸ
390 1186 545 1221 διενοχλοῦν
569 1186 743 1221 ἀρρώστημα
755 1185 891 1220 φάρμακα
906 1193 969 1211 σνν-

182 1236 297 1263 τιθέναι.
318 1234 432 1266 Συνίεις,
450 1232 536 1268 οἶμαι,
553 1233 599 1259 τοῦ
616 1232 761 1268 προοιμίου
775 1233 804 1258 τὸ
823 1231 948 1266 βούλημα
962 1239 969 1246 ι

184 1282 264 1316 εἰμὴ
292 1281 401 1312 ἑκόντες
426 1279 540 1311 ἑαυτοὺς
563 1280 595 1314 τῇ
621 1279 718 1314 ἀγνοίᾳ
736 1278 923 1314 παρέσχομεν,
953 1278 969 1313 ἡ

184 1328 231 1355 τοῦ
245 1326 313 1354 Θεοῦ
334 1325 484 1361 Ἐκκλησία
507 1325 536 1352 ἓν
550 1324 669 1360 τοσαύτῃ
691 1323 760 1360 ζάλῃ
779 1324 824 1351 καὶ
839 1323 970 1359 τρικυμία

185 1374 352 1408 καθέστηκε,
364 1372 412 1400 καὶ
428 1371 555 1403 τοσοῦτος
571 1371 633 1398 καθ’
642 1371 720 1406 ήμῶν
730 1369 775 1396 διὰ
788 1369 842 1396 τῶν
857 1369 969 1402 ἔσωθεν,

185 1420 232 1447 καὶ
240 1419 286 1446 διὰ
301 1418 356 1446 τῶν
371 1417 472 1451 ἔξωθεν
493 1417 630 1452 ἐγείρεται
650 1416 765 1449 κλύδων,
784 1415 822 1447 ὡς
837 1415 898 1442 καθ’
907 1415 972 1443 ἑκά-

186 1473 252 1500 στην
270 1464 390 1500 ἡμέραν,
408 1463 510 1498 μᾶλλον
526 1462 554 1489 δὲ
581 1463 668 1488 εἰπεῖν
682 1461 769 1498 ὥραν,
787 1462 837 1497 τὴν
852 1461 970 1496 παντελῆ

1221 853 1312 882 CXIII.
1329 855 1430 882 Nicela:
1444 855 1605 883 Atheniensi.

1057 910 1183 945 Optimus
1200 911 1319 946 quisque
1334 911 1502 948 gubernator
1524 914 1672 948 prudenter
1691 915 1812 943 intume-

1023 961 1131 983 scentes
1147 957 1214 984 vitat
1228 956 1341 991 ﬂuctus,
1352 962 1379 985 et
1392 958 1425 985 ad
1443 957 1505 985 illos
1523 966 1618 986 navem
1639 967 1691 987 non
1708 960 1810 996 dirigit,

1022 1001 1123 1036 quibus
1150 1002 1259 1037 penitus
1281 1003 1466 1036 obrueretur;
1488 1004 1528 1032 sic
1553 1004 1676 1033 medicus
1691 1013 1811 1042 quoque.

1023 1048 1068 1082 qui
1087 1052 1145 1076 arte
1169 1056 1218 1076 sua
1243 1048 1417 1076 inﬁrmorum
1440 1057 1536 1077 curam
1553 1051 1680 1087 suscipit,
1698 1059 1810 1087 operam

1024 1094 1167 1128 impendit,
1192 1095 1244 1122 etsi
1272 1099 1441 1130 aegrotantes
1468 1095 1548 1130 plane
1571 1097 1686 1125 reddere
1699 1099 1811 1126 sanitati

1023 1147 1075 1166 non
1090 1140 1185 1174 possit,
1201 1140 1352 1168 remedium
1367 1141 1488 1174 adhibet,
1504 1145 1534 1169 ut
1547 1142 1690 1170 molestam
1706 1144 1813 1172 minuat

1023 1185 1220 1212 inﬁrmitatem.
1243 1184 1303 1212 Jam
1323 1186 1410 1217 vides,
1430 1186 1468 1213 uti
1491 1192 1566 1221 puto,
1592 1195 1648 1222 quo
1668 1189 1811 1216 exordium

1024 1230 1126 1258 tendat.
1143 1230 1174 1258 Ni
1188 1230 1314 1258 lubenter
1335 1231 1518 1266 nosmetipsos
1544 1233 1706 1268 ignorantia
1721 1234 1812 1261 trada-

1023 1283 1093 1309 mus,
1112 1276 1203 1304 videre
1222 1281 1264 1304 est
1278 1277 1430 1305 Ecclesiam
1451 1277 1497 1304 Dei
1512 1278 1539 1305 in
1556 1282 1631 1306 tanta
1650 1283 1813 1314 tempestate

1022 1322 1152 1356 positam,
1172 1323 1255 1351 tantis
1280 1323 1460 1360 undecunque
1482 1324 1638 1353 furentibus
1661 1325 1810 1354 ﬂuctibus:

1023 1373 1112 1396 tantas
1143 1369 1217 1397 enim
1252 1369 1324 1397 circa
1354 1378 1403 1398 vos
1444 1370 1564 1398 volvitur
1580 1371 1651 1399 intra
1680 1377 1707 1400 et
1733 1377 1810 1401 extra

1022 1415 1138 1442 excitata
1161 1423 1271 1451 vorago,
1297 1421 1326 1444 ut
1365 1424 1413 1452 per
1426 1417 1550 1452 singulos
1565 1417 1635 1449 dies,
1650 1419 1704 1446 into
1714 1421 1812 1454 quavis

1024 1461 1090 1488 hora
1107 1469 1142 1489 ne
1157 1461 1282 1490 funditus
1300 1463 1493 1498 dcmergamur
1509 1464 1546 1491 sit
1561 1465 1749 1494 metuendum.
1770 1467 1812 1494 Tu

186 1511 334 1537 κατάδυσιν
346 1509 466 1542 ἐλπίζειν
477 1516 485 1525 ·
501 1509 550 1536 καὶ
561 1509 593 1535 σὺ
605 1507 773 1539 ἐπισκόπους
784 1508 838 1534 τῶν
858 1507 971 1543 Ἐκκλη-

1025 1510 1115 1534 autem
1135 1515 1168 1535 ex
1206 1508 1331 1536 ccclesiis
1354 1510 1497 1544 episcopos
1521 1510 1556 1537 ab
1576 1510 1632 1538 illis
1659 1512 1811 1546 ordinatos,

187 1556 253 1584 σιῶν
282 1556 405 1587 ἐλαύνεις
427 1555 489 1586 τοὺς
517 1554 563 1581 ὑπ’
588 1554 701 1580 ἐκείνων
722 1551 971 1588 χειροτονηθέντας,

186 1602 233 1634 ιῢς
257 1601 335 1628 οΰπω
359 1601 411 1628 ὑπὸ
437 1600 599 1636 καθαίρεσιν
629 1600 756 1635 προφανῆ
786 1599 971 1634 πεποιήμεθα.

187 1649 222 1676 Ἦ
238 1647 335 1683 λέληθέ
349 1656 378 1674 σε
404 1646 442 1678 ὡς
459 1646 521 1674 οὔτε
541 1646 641 1679 Σάὸας,
658 1645 672 1672 6
684 1645 738 1680 πρὸ
754 1644 801 1672 σοῦ
819 1645 864 1672 τὸν
878 1645 973 1680 θρὸνον

185 1695 285 1723 διέπων
299 1694 354 1720 τῶν
375 1691 508 1728 Ἀθηνῶν,
524 1691 585 1718 οὔτε
598 1700 639 1723 τις
655 1692 748 1726 ἔτερος
762 1691 816 1718 τῶν
828 1691 972 1726 ὁμοταγῶν

186 1740 283 1776 ἐκείνῳ
302 1739 354 1766 ὑπὸ
364 1738 526 1774 καθαίρεσιν
539 1739 647 1772 γέγονε,
663 1738 733 1773 πλὴν
747 1737 802 1765 τῶν
812 1737 973 1772 φθασάντων

186 1787 330 1822 τεσσάρων
342 1784 524 1821 καθῃρῆσθαι,
542 1784 591 1811 τοῦ
612 1793 642 1811 τε
659 1784 816 1820 Δημητρίου
831 1783 914 1820 φημὶ,
926 1785 974 1811 καὶ

187 1832 319 1869 Γαϐριὴλ,
331 1831 378 1859 καὶ
399 1830 561 1867 Γρηγορίου,
589 1830 637 1857 καὶ
656 1831 766 1865 Κοσμᾶ,
787 1830 817 1862 ὃς
832 1831 856 1856 el
872 1830 919 1857 καὶ
935 1830 974 1865 μὴ

187 1879 231 1906 διὰ
245 1879 295 1914 τὴν
328 1877 413 1913 αὐτὴν
438 1877 529 1904 αίτίαν
556 1878 612 1907 τοῖς
627 1876 718 1908 ἄλλοις
742 1877 842 1912 τρισὶν,
857 1875 927 1904 ἀλλά
941 1884 973 1909 γε

187 1924 231 1951 διὰ
260 1923 310 1956 τὰς
329 1925 358 1950 ὲν
381 1924 415 1959 τῇ
436 1922 531 1958 Ῥώμῃ
555 1922 744 1957 ψευδολογίας,
763 1922 797 1957 τῇ
814 1921 973 1957 καθαιρέσει

187 1970 371 2005 ὑποϐέϐληται
383 1977 390 2002 ;
404 1969 495 1996 Πάντα
510 1967 599 2004 καιρῷ
620 1967 677 2003 ίδίῳ
699 1967 867 1995 διενθύνεται
877 1975 884 1983 ·
899 1967 931 1994 τὸ
944 1967 973 1994 δὲ

187 2016 263 2051 mpii
289 2015 335 2042 τὸν
359 2015 536 2050 προσήκοντα
564 2013 660 2048 καιρὸν
690 2013 847 2048 γινόμενον,
879 2013 974 2048 ὥσπερ

188 2061 284 2092 ἀτελές
296 2062 369 2088 ἑστι·
383 2061 413 2086 τὸ
427 2060 455 2086 δὲ
467 2059 560 2090 ἀτελὲς
573 2059 682 2093 ἀνάγκη
703 2059 914 2095 ἀποστερεῖσθαι
927 2059 974 2086 καὶ

188 2107 331 2142 διαμονῆς.
349 2106 424 2132 Ἔδει
450 2103 498 2132 οὖν
525 2113 555 2131 σε
573 2105 619 2131 τὸν
639 2105 736 2139 καιρὸν
756 2106 973 2141 κατανοήσαντα,

188 2153 238 2180 καὶ
252 2152 305 2179 τῶν
319 2151 491 2188 πραγμάτων
506 2151 555 2187 τὴν
571 2150 742 2186 ἀνωμαλίαν,
758 2152 841 2186 μηδὲν
858 2151 974 2186 διαπρά-

1025 1560 1095 1586 quos
1120 1553 1243 1581 nondum
1270 1554 1379 1588 publice
1402 1555 1591 1589 deposuimus.
1620 1564 1741 1585 autores.
1771 1559 1812 1586 An

1024 1597 1095 1634 fugit
1109 1605 1145 1630 te,
1162 1607 1212 1626 nec
1225 1599 1336 1632 Sabam,
1355 1600 1402 1634 qui
1417 1604 1482 1628 ante
1501 1605 1528 1628 te
1549 1601 1641 1628 sedem
1658 1610 1813 1639 occupave-

1025 1649 1068 1672 rat
1082 1644 1303 1678 Atheniensium,
1319 1653 1370 1673 nee
1392 1647 1476 1674 alium
1501 1655 1667 1684 quemquam
1691 1656 1707 1677 e
1729 1651 1812 1679 sociis

1024 1689 1180 1725 depositum
1206 1690 1292 1718 fuisse
1314 1696 1414 1726 praeter
1434 1697 1553 1727 quatuor
1577 1694 1741 1727 anteriores,
1760 1696 1812 1723 De~

1025 1737 1153 1763 tuetriutn
1175 1737 1245 1769 dico,
1261 1736 1426 1770 Gabrielem,
1446 1737 1608 1774 Gregorium
1624 1744 1652 1767 et
1667 1741 1811 1775 Cnsmam,

1024 1781 1070 1816 qui
1086 1782 1196 1816 quidem
1211 1789 1266 1810 non
1283 1783 1318 1810 ob
1338 1783 1474 1815 eamdem,
1490 1791 1523 1812 ac
1549 1788 1604 1812 tres
1620 1785 1667 1812 alii
1689 1793 1811 1819 causam,

1025 1828 1071 1856 sed
1098 1832 1207 1864 propter
1232 1829 1385 1857 calumnias
1401 1829 1494 1857 Romae
1510 1836 1674 1867 propagatas
1704 1840 1720 1860 a
1747 1834 1812 1861 sede

1025 1878 1148 1902 remotus
1177 1878 1231 1902 est.
1258 1875 1353 1903 Omnia
1383 1879 1410 1902 et
1438 1876 1544 1911 singula
1573 1884 1624 1904 suo
1649 1878 1812 1906 ordinantur

1026 1923 1171 1954 tempore;
1199 1920 1332 1955 quidquid
1364 1925 1454 1948 autern
1489 1922 1660 1949 cenrenienti
1691 1928 1812 1958 tempoto

1026 1969 1167 1999 peractum
1188 1973 1242 1994 non
1262 1966 1356 1999 fuerit,
1376 1967 1429 1994 erit
1452 1966 1664 2002 imperfectum;
1685 1968 1814 2004 imperfe-

1026 2017 1098 2039 ctum
1119 2016 1209 2039 autem
1233 2012 1389 2040 necessario
1413 2020 1468 2040 non
1495 2013 1588 2040 stabit.
1606 2014 1684 2046 Quod
1696 2014 1719 2042 si
1744 2019 1813 2042 tent-

1025 2065 1091 2092 pora
1113 2057 1294 2092 ponderasses
1312 2062 1339 2086 et
1358 2066 1449 2086 rerum
1466 2058 1653 2092 dimcultates,
1672 2065 1812 2095 nunquam

1027 2103 1140 2131 fecisses
1155 2111 1216 2138 quae
1228 2105 1277 2131 abs
1292 2107 1319 2131 te
1337 2108 1403 2132 sunt
1415 2109 1536 2140 peracta.
1555 2105 1688 2140 Equidem
1704 2106 1813 2134 nescius

1027 2156 1100 2182 sum,
1118 2150 1257 2184 quomodo
1273 2150 1306 2178 ad
1320 2144 1365 2177 illa
1382 2151 1511 2179 incitatus
1526 2152 1619 2179 fueris.
1646 2151 1675 2180 Si
1700 2160 1752 2188 qua
1765 2153 1813 2180 tibi

190 2197 289 2230 ξασθαι
317 2195 373 2223 οἷόν
401 2204 440 2223 σοι
463 2196 676 2231 διαπέπρακται.
702 2195 778 2222 Ἐπεὶ
804 2196 832 2222 δὲ
853 2196 903 2222 οὐκ
918 2193 971 2222 alia

1028 2202 1093 2222 cura
1104 2199 1146 2222 est
1156 2203 1190 2223 ne
1205 2195 1321 2231 amplius
1331 2197 1455 2224 turbetur
1470 2196 1602 2230 Ecclesia,
1618 2205 1706 2233 neque
1720 2203 1813 2226 nostra

188 2245 263 2275 ὅπως
275 2244 316 2275 είς
330 2242 410 2270 τοῦτο
437 2242 590 2278 προήχθης,
616 2241 724 2273 πάντως
748 2242 775 2267 εἴ
791 2242 818 2268 τί
837 2250 877 2269 σοι
898 2242 974 2277 μέλει

190 2292 254 2327 περὶ
265 2290 312 2317 τοῦ
330 2289 367 2325 μὴ
378 2289 424 2316 ιπι
439 2288 520 2315 πλέον
537 2287 716 2323 χειμάζεσθαι
733 2287 782 2322 τὴν
798 2287 973 2322 Ἐκκλησίαν,

189 2337 238 2365 καὶ
250 2338 316 2372 περὶ
327 2337 376 2371 τῆς
387 2335 467 2371 ἡμῶν
489 2335 667 2371 μετριότητος
688 2334 737 2369 τῆς
755 2334 870 2361 καθόσον
883 2335 974 2370 ἐγχω-

192 2384 234 2419 ρεῖ
247 2383 376 2414 ἀνέσεως,
394 2382 443 2417 τὴν
455 2381 610 2417 ἐπισκοπὴν
624 2382 638 2407 ὁ
651 2381 793 2416 ἄνθρωπος
804 2380 974 2415 άπολαυέτω,

189 2428 237 2453 καὶ
254 2426 406 2460 διαμενὲτω
425 2426 476 2456 ἕως
494 2425 527 2452 ἂν
553 2425 590 2451 τὰ
614 2425 743 2452 δοκοῦντα
771 2426 804 2460 τῇ
826 2424 976 2460 Ἐκκλησία

191 2474 230 2504 εἰς
249 2472 335 2507 πέρας
349 2471 431 2504 ἔλθοι,
446 2471 494 2498 καὶ
509 2471 526 2506 ἠ
541 2471 605 2506 περὶ
627 2470 681 2498 τῶν
697 2471 869 2498 πταισάντων
889 2471 975 2506 ἀμφι-

1029 2245 1141 2268 vcxetur
1155 2241 1309 2275 humilitas,
1326 2242 1484 2278 episcopatu
1501 2242 1630 2278 fatigatur
1645 2244 1686 2270 vir
1704 2248 1732 2271 et
1752 2252 1814 2279 per-

1028 2291 1148 2320 maneat,
1168 2286 1255 2315 donec
1277 2287 1376 2323 placita
1401 2287 1530 2316 Ecclesia:
1554 2288 1763 2317 tnanifestcntur
1787 2295 1815 2317 et

1029 2332 1226 2360 malevolorum
1236 2332 1397 2368 disceptatio
1410 2333 1489 2361 cedat
1501 2334 1528 2360 in
1544 2334 1758 2365 damnationem.
1773 2337 1813 2362 \‘cl

1031 2378 1113 2405 aliam
1130 2378 1338 2406 conversionem
1355 2379 1465 2406 habeat.
1480 2378 1568 2406 Juheo
1578 2385 1604 2407 te
1619 2379 1709 2407 valere
1724 2380 1815 2408 anima

1026 2428 1052 2451 et
1069 2430 1194 2457 corpore,
1216 2427 1244 2450 et
1268 2423 1450 2452 humilitatem
1475 2429 1599 2452 nostram
1616 2425 1744 2460 precibus
1761 2426 1814 2452 tuis

1026 2470 1260 2496 commendamus.

190 2518 267 2545 δολία
281 2517 384 2554 ἐναργῆ
396 2518 558 2552 κατάκρισιν
585 2517 602 2553 ἢ
637 2517 720 2553 ἄλλην
755 2517 816 2544 τινὰ
837 2517 948 2552 δέξηται
982 2515 1153 2551 οἰκονομίαν.
1189 2515 1344 2551 Ἐῥρῶσθαί
1375 2525 1405 2543 σε
1441 2516 1489 2543 καὶ
1532 2515 1604 2551 ψυχῇ
1635 2517 1684 2543 καὶ
1708 2517 1814 2553 σώματι

191 2563 375 2600 ἐπενχόμεθα,
396 2563 508 2597 καὶτῆς
533 2562 612 2599 ἡμῶν
632 2563 832 2598 ὑπερεὺχεσθαι
861 2563 1049 2599 μετριότητος.

275 2621 345 2648 PlA’.
365 2621 514 2654 Βασιλείῳ
534 2620 738 2655 μητροπολίτῃ
753 2620 894 2653 Χαλὸίας.

233 2681 264 2708 'H
284 2680 332 2715 μὲν
349 2678 478 2710 ὑπόθεσις
503 2677 548 2704 τοῦ
579 2657 742 2713 γράμματος
763 2678 902 2712 ἀναγκαία
927 2678 976 2713 μὲν

1148 2618 1240 2648 CXIV.
1258 2619 1359 2647 Basilio
1377 2619 1497 2647 Cltaldia:
1509 2618 1693 2653 monopolium

1061 2676 1149 2711 Hujus
1166 2676 1287 2712 epistola:
1298 2677 1413 2704 materia
1428 2675 1572 2705 tabellario
1584 2677 1739 2704 necessaria
1756 2682 1815 2709 est;

192 2727 231 2762 τῷ
247 2725 388 2759 κομίζοντι
405 2724 436 2750 τὸ
453 2724 580 2759 γράμμα.
595 2723 644 2750 Διὰ
655 2723 733 2750 τοῦτο
750 2725 797 2750 καὶ
810 2723 971 2759 πληροῦντες

1026 2723 1104 2758 cujus
1129 2723 1239 2758 quidem
1263 2722 1443 2758 postulationi
1459 2722 1660 2752 satisfacientes
1675 2723 1814 2751 scribendi

192 2772 241 2806 τὴν
259 2771 350 2804 δέησιν
361 2767 443 2795 αὐτοῦ
459 2768 506 2794 καὶ
521 2768 570 2802 τὴν
585 2769 637 2794 ὑπό
656 2777 713 2794 εσιν
729 2769 832 2803 ταύτην
849 2769 895 2795 τοῦ
912 2769 971 2804 γρά-

1027 2775 1122 2796 ausam
1151 2770 1308 2798 habuimus.
1335 2769 1449 2797 Materia
1475 2771 1533 2805 ipsa
1552 2775 1644 2797 autem
1668 2770 1748 2798 nobis
1766 2779 1816 2798 nec

194 2826 255 2852 φειν
272 2815 441 2850 ἐσχήκαμεν.
466 2814 547 2848 Ἡμῖν
560 2814 589 2840 δὲ
606 2813 667 2841 οὔτε
696 2814 829 2851 πρότερον
843 2814 904 2842 οὗτε
931 2815 978 2842 νῦν

316 2862 448 2894 Pyram"
463 2862 519 2890 Gtt.
534 2861 617 2892 CXL

1029 2819 1108 2844 antea
1126 2823 1176 2844 nec
1192 2816 1339 2844 hodiedum
1355 2816 1461 2844 videtur
1472 2815 1638 2844 necessaria.
1652 2815 1735 2845 Nobis
1744 2817 1816 2845 enim

1597 2861 1629 2891 ll
