2020 3080
269 172 321 203 3M

827 176 983 206 NICOLAI
1002 177 1058 208 (ΖΡ.
1078 178 1176 208 ΡΑΊἮ
1184 178 1338 208 ΙΑΒΟΗιΕ

1851 177 1907 209 295:3

270 234 360 263 ignem
403 228 571 257 incedentes.
602 229 665 257 llaec
691 229 754 257 dum
789 234 907 258 mentem
933 232 1063 265 subeunt,

1120 232 1164 260 καὶ
1180 233 1324 268 στομάτων
1352 232 1456 267 θηρίων
1470 232 1538 258 Θεοῦ
1565 232 1700 267 ῥυομένου
1723 231 1908 268 θεράποντας.

271 281 373 308 ιιιεκηο
390 274 455 302 mihi
469 280 532 302 sunt
555 275 654 302 solatio
665 279 692 303 et
707 276 828 304 animum
843 277 972 306 reddunt.
998 277 1060 306 Ilaec

271 326 319 346 vos
333 327 454 354 quoque,
479 320 525 347 lilii
543 320 605 350 mei.
621 321 760 348 vobiscum
778 327 905 356 reputate
925 331 932 350 :
961 323 983 350 si
998 331 1061 359 gra-

272 373 318 393 ves
338 366 407 394 forte
421 366 564 394 inciderint
579 368 756 401 tentationes,
773 369 805 396 ad
823 377 898 404 spem
919 370 1060 397 meliorem

270 411 352 439 corda
374 412 484 447 erigite,
514 412 594 440 sicuti
610 414 773 442 sacerdotali
789 415 940 443 conditioni
963 420 1060 443 vestra:

271 457 418 490 convenit;
444 457 480 484 ita
509 458 618 486 fortiter
655 459 718 487 illas
743 461 920 495 superabilis.
959 461 1058 489 Multas

270 503 343 530 enim
365 511 398 530 ex
421 503 475 531 Deo
490 504 623 532 habemus
637 506 875 540 repromissiones,
900 506 947 541 qui
968 506 1063 534 oculos

269 555 346 580 suos,
377 549 415 576 uti
442 549 561 583 conﬁdo,
589 555 696 578 avertet
720 558 735 577 a
761 551 881 585 peccatis
907 551 998 584 meis,
1029 551 1063 578 ad

270 595 352 622 linem
373 602 461 630 usque
484 603 514 623 se
540 596 690 631 benignum
717 601 888 624 servatorem
914 596 1064 631 praestabit,

270 648 321 668 nec
352 649 472 676 unquam
511 641 636 669 auxiliari
678 641 808 670 cessabit.
857 642 905 669 Sin
946 642 1065 676 peccatis

270 686 339 714 meis
375 687 554 715 Contristatus
597 688 734 723 paulisper
786 688 919 724 castigat,
965 688 1066 715 nihilo-

270 733 361 761 minus
388 741 495 761 summa
532 734 646 769 recipiet
669 734 858 770 benignitate;
893 742 942 763 eos
973 739 1063 761 autem

270 779 319 814 qui
341 779 443 807 malitia
471 788 520 808 sua
546 780 609 808 elati
630 786 703 814 sunt,
729 781 815 808 multo
842 781 947 815 majore
969 781 1066 816 plectet

271 825 366 852 dolore
379 830 406 852 et
418 826 540 858 tristitia,
558 834 639 862 quam
659 826 806 854 hodicdum
823 827 977 861 gloriantur
996 827 1066 854 ιίειί-

271 872 320 898 t‘a.
336 870 431 899 Saluto
447 879 494 900 vos
507 872 532 899 in
549 871 665 899 Domino
680 877 706 899 ιιι
722 872 799 908 quasi
810 879 931 907 praesens
949 872 1067 907 comple-

1110 280 1157 307 καὶ
1172 280 1288 314 καμίνου
1305 279 1390 314 impr);
1419 278 1547 310 ἀὸλαϐεῖς
1570 279 1741 314 τηρουμένου
1773 279 1838 311 τοὺς
1857 280 1915 315 τὴ]

1111 324 1216 351 ἑαυτῶν
1233 324 1370 359 σωτηρίαν
1389 325 1423 359 τῇ
1444 324 1551 359 ὑψίστῳ
1575 324 1763 359 ἀναθεμένους
1778 327 1906 360 προνοίᾳ.

1112 369 1204 398 Ταῦτά
1221 379 1265 406 μοι
1282 370 1392 396 ἐπιόντα
1408 371 1447 402 εἰς
1459 369 1533 402 νοῦν,
1546 370 1651 405 μεγάλη
1665 370 1848 406 παράκλησις,
1859 372 1908 397 aut

1111 418 1161 452 τῆς
1177 417 1298 452 ἀθυμίας
1317 417 1470 451 ἀνάκτησις
1489 416 1607 450 γίνεται.
1624 416 1718 443 Ταῦτα
1739 419 1787 443 καὶ
1815 418 1908 451 ὑμεῖς,

1111 463 1195 490 τέκνα
1210 462 1276 497 ἐμὰ,
1286 461 1348 489 καθ’
1364 462 1479 493 ἑαυτοὺς
1493 460 1676 496 λογιζόμενοι,
1698 461 1723 487 εί
1739 461 1786 487 καὶ
1812 460 1909 495 βαρεῖς

1113 510 1137 536 οἱ
1157 509 1328 542 ἐπικείμενοι
1344 507 1493 543 πειρασμοὶ
1510 507 1580 542 μετὰ
1604 507 1653 541 τῆς
1670 506 1815 541 ἀμείνονος
1831 505 1908 533 ἐλπίς

1113 555 1157 586 δος
1180 553 1345 588 ὑψηλότερον
1373 553 1404 579 τὸ
1422 553 1552 588 φρόνημα
1565 552 1614 579 καὶ
1638 553 1743 587 πρέπον
1777 553 1810 588 τῇ
1827 552 1908 587 ὑμῶν

1114 600 1295 635 ἀρχιερατικῇ
1324 598 1485 632 τελειότητι·
1498 598 1589 633 πάσης
1609 597 1792 633 στενοχωρῖας
1805 598 1907 634 φέρον-

1115 654 1160 676 τες
1172 645 1320 672 διατελεῖτε
1336 653 1343 660 ·
1366 644 1495 672 πλείστας
1513 644 1612 679 ἔχομεν
1643 643 1829 679 πληροφορίας
1856 644 1908 678 τῆς

1116 689 1212 724 Θεῖκῆς
1224 689 1405 724 ἀντιλήψεως,
1422 689 1470 715 καὶ
1490 688 1610 715 πέποιθα
1632 688 1670 720 ὡς
1683 688 1838 723 παρόψεται
1857 688 1908 723 μὶν

1116 733 1166 765 τὰς
1190 733 1261 767 ἐμὰς
1281 733 1430 768 ἁμαρτίας,
1461 733 1601 768 διαρκέσει
1625 732 1654 759 δὲ
1681 733 1763 768 μέχρι
1787 733 1910 764 τέλου;ὸ

1116 779 1218 814 ἀγαθὰς
1235 778 1512 814 ἀντιλαμὸανόμενος,
1531 780 1579 805 καὶ
1596 779 1626 806 οὐ
1649 779 1774 814 διατεμεῐ
1784 779 1832 814 τὴν
1847 779 1911 814 βοή·

1118 826 1205 853 οειαν.
1227 825 1258 852 Ei
1273 825 1301 851 δ’
1315 826 1369 860 ἀρα
1388 825 1557 861 δυσχεράνας
1571 826 1632 857 ταῖς
1653 826 1734 860 ἐμαῖς
1757 825 1909 860 ἁμαρτίαις

1121 870 1220 906 μικρὸν
1237 869 1397 902 ὑπενδώτει,
1413 870 1495 905 τυχὸν
1520 870 1582 905 ἐμοὶ
1609 870 1639 896 τὸ
1656 869 1779 896 ἐκποδὼν
1801 871 1908 896 οίκονο-

271 921 331 944 ctor
354 917 472 952 spiritu,
501 923 681 953 nostramque
709 919 835 953 precibus
864 919 964 946 vestris
987 925 1064 945 com-

1120 917 1201 951 μήσει
1217 915 1354 950 γενέσθαι,
1371 915 1448 951 ὑμῶν
1467 916 1496 942 δὲ
1516 915 1623 947 πάντως
1637 915 1816 950 ἀντιλήψεται
1842 924 1908 942 συν-

272 963 372 991 mcndo
385 964 577 992 humilitatem.

1118 963 1202 998 ήοως,
1219 963 1266 990 καὶ
1291 962 1373 995 δείξει
1389 963 1452 994 τοὺς
1464 963 1511 989 ἐπὶ
1525 962 1680 997 κακουργῖᾳ
1705 961 1909 997 ὡφρυωμένους

272 1011 363 1047 πολλῷ
378 1011 459 1038 πλέον
476 1012 492 1047 ἢ
513 1012 574 1038 ὅσον
594 1012 640 1038 ἐπὶ
655 1011 742 1047 ταύτῃ
774 1011 868 1043 ἔδοξαν
881 1011 1010 1047 ἡσθῆναι,
1031 1010 1079 1038 καὶ
1097 1010 1285 1045 λυπουμένους
1316 1010 1364 1036 καὶ
1372 1008 1629 1045 σκυθρωπάζοντας.
1652 1008 1824 1042 Ἀσπλζομαι
1836 1008 1909 1043 ὑμᾶς

272 1057 302 1082 ὲν
318 1056 425 1092 Κυρίῳ,
445 1057 492 1083 καὶ
504 1057 541 1089 ὡς
557 1056 652 1093 παρὼν
667 1057 717 1094 ήδη
729 1056 767 1092 τῷ
779 1057 921 1092 πνεύματι
940 1057 1123 1092 περιφὺομαι,
1144 1058 1191 1084 καὶ
1204 1056 1256 1092 τῆς
1273 1056 1352 1092 ήμῶν
1372 1056 1489 1083 δυσωπῶ
1518 1055 1721 1091 ὐπερεύχεσθαι
1749 1056 1911 1089 ταπεινότη-

275 1111 333 1134 τις.

355 1172 501 1200 CXXXIII.
518 1173 598 1200 Petro
614 1173 761 1201 Alanorum
777 1174 984 1209 archiepiscopo.

310 1239 435 1267 Iliscrias
459 1248 528 1274 quas
543 1247 575 1268 ex
594 1240 692 1269 litteris
709 1241 763 1268 tuis
783 1241 929 1269 didicimus
942 1246 969 1268 et
979 1249 1070 1269 rerum

276 1291 365 1315 status
384 1287 432 1322 qui
460 1295 533 1315 nunc
554 1292 597 1315 est
623 1288 718 1316 dolore
734 1289 857 1316 animum
884 1293 1009 1317 nostrum
1028 1290 1071 1317 af-

277 1332 410 1364 fecerunt,
436 1340 490 1359 non
518 1337 608 1361 autem
621 1334 719 1362 solatio
736 1334 849 1362 omnino
874 1335 991 1370 rejecto;
1014 1341 1071 1364 ete-

277 1378 334 1405 nim
360 1377 552 1406 afﬂictionibus
585 1383 612 1407 et
644 1380 867 1408 tribulationibus
899 1389 962 1416 spes
988 1382 1073 1410 inter-

278 1423 362 1457 cedit,
381 1424 415 1452 ad
443 1424 566 1452 intimam
581 1425 700 1453 animam
726 1430 850 1462 penetrat
864 1432 891 1454 et
905 1427 995 1455 verbis
1009 1436 1074 1455 sua-

278 1469 375 1497 silibus
402 1470 580 1498 acerbitatem
607 1470 714 1498 adimit.
745 1470 845 1498 Rerum
879 1479 930 1499 nos
959 1472 1070 1507 quidem

276 1516 464 1544 conditionem
495 1516 528 1544 ad
557 1525 638 1551 quam
657 1525 673 1544 a
693 1517 796 1552 Spiritu
814 1523 911 1546 sancto
925 1523 1071 1554 provectus

275 1571 316 1595 es,
333 1571 365 1590 ex
380 1563 464 1598 longo
482 1567 605 1598 tempore
624 1567 716 1590 notam
739 1564 881 1598 habentes,
896 1572 946 1592 nec
964 1565 1069 1592 facilem

272 1609 431 1644 judicamus
449 1617 501 1637 nec
524 1610 664 1638 laboribus
682 1610 806 1638 liberam.
828 1611 865 1638 Ex
884 1611 984 1639 litteris
1002 1611 1071 1639 vidi-

277 1664 338 1683 mus
354 1657 411 1683 tuis
425 1663 486 1692 qua:
503 1656 551 1684 tibi
569 1657 738 1690 acciderunt,
759 1657 852 1692 ibique
873 1658 941 1685 nihil
957 1666 1070 1694 perspe-

277 1701 368 1729 ximus
396 1702 590 1736 improvisum,
613 1702 663 1730 etsi
691 1702 783 1730 tristes
808 1705 864 1730 sint
884 1710 946 1734 res:
968 1703 1070 1730 malum

277 1752 369 1775 tamen
397 1747 478 1775 nobis
502 1747 610 1775 videtur
634 1748 819 1780 tolerandum,
844 1749 909 1784 quia
928 1748 1072 1777 habiturus

278 1801 310 1821 es
324 1794 545 1821 retributionem.
563 1793 621 1821 Hoc
639 1799 729 1822 autem
745 1794 862 1822 dicimus
878 1801 932 1822 non
957 1794 991 1822 ad
1006 1802 1072 1829 prte-

279 1845 372 1868 sentes
390 1840 533 1868 molestias
546 1840 732 1875 denegandas.
748 1839 815 1868 Illud
831 1848 896 1868 vero
909 1840 988 1868 nobis
1002 1841 1073 1868 vide-

279 1892 324 1914 tur
341 1885 553 1922 haudquaquam
573 1887 743 1915 tolerandum
761 1891 789 1914 et
817 1887 946 1914 letltalem
964 1887 1071 1922 plagam

279 1931 388 1965 inﬂixit,
405 1932 478 1968 quod
493 1932 659 1968 suspicaris.
679 1938 708 1960 ιιι
731 1941 779 1968 per
795 1932 899 1960 litteras
910 1938 972 1961 tuas
994 1940 1072 1960 com-

279 1983 385 2013 pertum
399 1979 544 2013 habemus,
565 1984 590 2007 te
604 1979 682 2014 quasi
699 1987 730 2007 ex
747 1979 829 2006 corde
845 1983 939 2006 nostro
953 1979 1069 2014 ejectum

278 2033 351 2052 esse.
373 2024 442 2052 Illud
465 2033 605 2061 nunquam
624 2033 657 2052 ne
687 2025 722 2052 ab
745 2024 864 2053 inimicis
887 2025 996 2060 quidem
1020 2033 1071 2052 nos

279 2072 423 2099 audituros
445 2079 506 2099 csse
533 2071 740 2099 contidcbamus
766 2071 867 2099 nedum
903 2079 917 2098 a
939 2071 1001 2099 ﬁliis
1023 2075 1071 2099 aut

280 2118 390 2146 amicis!
425 2118 570 2152 Quomodo
591 2118 664 2146 enim
697 2119 748 2146 nisi
775 2118 851 2153 prius
877 2118 926 2146 Dei
969 2123 997 2145 ct
1020 2126 1070 2154 po-

280 2163 334 2198 puli
348 2164 445 2192 salutis
459 2164 572 2197 oblitus,
590 2164 669 2199 cujus
692 2168 720 2191 tu
733 2164 899 2192 constitutus
911 2171 942 2192 es
965 2164 1021 2192 dux
1040 2168 1068 2192 et

1204 1173 1277 1200 PM"
1305 1173 1404 1207 Πέτρῳ
1421 1172 1647 1207 ἀρχιεπισκόπῳ
1671 1173 1819 1206 Ἀλανιιις.

1155 1241 1196 1268 Τὰ
1213 1241 1262 1275 μὲν
1286 1241 1353 1267 ἀλλα
1369 1241 1416 1267 τοῦ
1440 1241 1614 1276 γράμματος,
1641 1240 1682 1267 δι’
1703 1238 1740 1267 ὧν
1759 1241 1823 1272 τοὺς
1847 1241 1910 1272 σοὺς

1120 1288 1165 1315 ἀνε
1171 1287 1341 1322 μανθάνομεν
1354 1287 1451 1318 πόνους
1459 1287 1505 1313 καὶ
1511 1286 1561 1321 τὴν
1568 1285 1620 1313 τῶν
1632 1287 1804 1321 πραγμάτων
1816 1295 1849 1312 πε
1854 1287 1897 1321 ρίσ
1906 1301 1912 1306 -

1119 1341 1208 1365 τασιν,
1232 1333 1320 1368 λύπην
1349 1333 1399 1368 μὲν
1420 1333 1476 1364 τοῖς
1499 1332 1566 1359 ὠσὶν
1587 1332 1666 1367 ἡμῶν
1689 1333 1807 1359 ἐνεποίει
1824 1340 1912 1367 προσ-

1119 1379 1263 1411 πίπτοντα,
1286 1379 1356 1414 πλὴν
1372 1379 1421 1414 οὐχ
1439 1378 1510 1405 οὕτω
1528 1378 1653 1413 δριμεῖαν
1668 1377 1729 1405 οὐδὲ
1745 1377 1909 1414 παρακλήσ-

1118 1434 1170 1456 εως
1198 1425 1365 1460 ἁποροῦταν,
1391 1425 1457 1451 διότι
1479 1424 1570 1460 πάσης
1600 1425 1646 1451 καὶ
1674 1423 1836 1459 δυσχερείας
1863 1424 1912 1450 καὶ

1121 1472 1237 1506 θλίψεως
1249 1472 1328 1502 ἐλπὶς
1349 1470 1534 1506 προλαϐοὗσα,
1565 1471 1613 1497 καὶ
1632 1467 1688 1496 οἷον
1714 1469 1912 1504 ὲγγυμνάσασα

1121 1518 1172 1553 τὴν
1186 1517 1275 1553 ψυχὴν
1291 1519 1325 1552 τῇ
1340 1516 1441 1551 ἑαυτῆς
1457 1515 1551 1551 ὁμιλίᾳ
1569 1516 1784 1551 προαφαιρεῖται
1799 1515 1830 1542 τὸ
1844 1515 1912 1542 πολὺ

1122 1565 1171 1599 τῆς
1187 1563 1350 1599 βαρύτητος,
1360 1562 1470 1589 ἐπειδὰν
1497 1560 1638 1597 καταλάϐῃ
1658 1561 1693 1587 τὰ
1715 1561 1843 1597 δυσχερῆ.
1857 1561 1913 1588 Καὶ

1122 1610 1203 1644 ἡμεῖς
1228 1607 1275 1636 οὖν
1294 1607 1450 1643 προειδότες
1473 1606 1523 1642 τὴν
1543 1607 1597 1633 τῶν
1625 1607 1797 1641 πραγμάτων
1829 1606 1914 1633 κατά-

1123 1663 1229 1688 στασιν,
1244 1654 1286 1689 ἐφ’
1299 1654 1333 1690 ἢν
1348 1654 1400 1680 ὑπὸ
1413 1653 1459 1680 τοῦ
1470 1652 1605 1687 παναγίου
1617 1652 1776 1688 Πνεύματος
1788 1660 1915 1688 προεχει-

1123 1701 1278 1738 ρίσθης,ὡ;
1288 1701 1339 1727 οὑκ
1351 1700 1473 1734 εὔλογος,
1500 1699 1560 1726 οὐδὲ
1585 1699 1674 1725 πόνων
1703 1698 1914 1734 ἀπηλλαγμένη,

1122 1747 1170 1774 νῦν
1199 1747 1248 1774 τοῦ
1282 1746 1331 1773 σοῦ
1361 1746 1527 1781 γράμματος
1553 1744 1768 1779 ἀναγγέλλοντος
1794 1745 1830 1770 τὰ
1849 1744 1915 1779 ὑμῖν

1123 1793 1308 1824 συναντῶντα,
1337 1792 1368 1824 ἐξ
1384 1789 1422 1819 ὧν
1448 1791 1509 1818 οὐδὲ
1527 1791 1593 1826 πρὶν
1622 1790 1787 1825 ⁴ἠγνοοῦμεν,
1817 1791 1842 1817 εί
1868 1790 1916 1817 καὶ

1121 1838 1273 1874 ἀνιώμεθα,
1287 1839 1357 1874 πλὴν
1375 1838 1406 1865 τὸ
1418 1838 1504 1870 πάοος
1515 1836 1634 1873 φορητὸν
1648 1837 1767 1872 μάλιστα
1779 1835 1827 1863 καὶ
1843 1837 1912 1872 πρὸς

1121 1886 1170 1918 τὰς
1188 1885 1348 1917 ἀντιδόσεις,
1361 1885 1399 1920 τῷ
1415 1883 1541 1919 λογισμῷ
1556 1883 1784 1919 ὑπερκύπτοντες
1801 1883 1849 1910 καὶ
1864 1883 1916 1918 τὴν

1121 1932 1225 1958 ἐκεῖθεν
1240 1931 1402 1964 ἀπῧλαυσιν,
1417 1931 1480 1958 οὐδ’
1492 1931 1555 1957 ὅσον
1581 1931 1670 1957 εἰπεῖν
1687 1932 1751 1962 τοὺς
1776 1930 1916 1966 παρόντας

1121 1978 1354 2014 ἀποκρυπτούσας
1379 1977 1603 2009 πόνους.⁷Εκεῖνο
1616 1977 1644 2004 ὁὶ
1660 1977 1796 2013 ἀφόρητον
1814 1976 1917 2015 ἐδόκει⁹

1121 2026 1168 2052 καὶ
1184 2025 1234 2059 τὴν
1250 2025 1358 2061 πληγὴν
1376 2025 1489 2060 καιρίαν
1504 2024 1589 2051 ἔδωκε
1603 2024 1635 2051 τὸ
1648 2023 1763 2051 τοιαῦτα
1789 2023 1917 2058 ὑπολαμ-

1121 2072 1276 2104 6άνειν,καὶ
1287 2072 1326 2108 μὴ
1343 2072 1424 2107 μόνον
1433 2070 1662 2104 ὑπολαϐεῖν,ἀλλὰ
1670 2070 1718 2098 καὶ
1730 2069 1854 2106 φανερὰν
1867 2069 1918 2104 τὴν

1119 2118 1253 2153 ὑπόληψιν
1268 2118 1449 2154 καταστῆσαι,
1462 2117 1494 2144 δι’
1503 2115 1541 2144 ὧν
1554 2117 1688 2152 ἔγραψας,
1702 2116 1741 2149 ὡς
1755 2116 1919 2150 ἐκσὲὗλησαι

1119 2164 1167 2200 τῆς
1183 2164 1264 2200 ήμῶν
1279 2164 1405 2199 καρδίας,
1417 2165 1466 2191 καὶ
1480 2165 1497 2199 ἡ
1514 2163 1548 2199 σῆ
1565 2163 1689 2190 ἀπόλωλε
1708 2163 1815 2199 μνήμη.
1834 2161 1919 2189 Τοῦτο

280 2208 333 2236 sali
341 2213 417 2242 ator,
433 2209 569 2237 secundus
584 2214 672 2237 tamen
686 2217 701 2237 a
711 2209 800 2245 primo
818 2213 911 2238 nostro
925 2209 1068 2237 Salvatore

1123 2211 1183 2238 οὐδὲ
1208 2211 1262 2237 τῶν
1281 2210 1388 2246 ἐχθρῶν
1407 2209 1540 2243 λεγόντων
1563 2209 1680 2236 ἀκοῦσαι
1695 2209 1861 2245 ἠλπίσαμεν,
1884 2203 1920 2243 μὴ

281 2257 308 2280 et
326 2253 391 2286 Deo,
403 2254 429 2281 in
445 2254 525 2282 istius
534 2255 607 2283 modi
627 2255 811 2291 suspicionem
829 2255 978 2284 inciderit?
1003 2255 1069 2289 Quid

1128 2257 1170 2283 ὅτι
1188 2264 1219 2290 γε
1243 2256 1297 2283 τῶν
1318 2255 1422 2282 τέκνων
1446 2255 1463 2289 ἢ
1484 2254 1539 2281 τῶν
1563 2254 1651 2286 ἄλλως
1670 2253 1831 2288 φιλούντων.
1859 2253 1920 2284 Πῶς

281 2299 354 2326 cnim
381 2299 509 2328 miserius
528 2301 641 2336 cogitari
658 2306 746 2336 potest
757 2310 839 2337 quam
857 2302 967 2330 oblivisi
986 2301 1032 2330 Dei
1049 2308 1069 2329 et

1128 2301 1185 2336 γὰρ
1197 2301 1222 2327 εἰ
1246 2301 1284 2335 μὴ
1298 2300 1433 2335 πρότερον
1452 2298 1521 2325 Θεοῦ
1539 2299 1652 2334 μνήμης
1674 2298 1785 2334 ἔρημοι,
1807 2299 1856 2326 καὶ
1873 2298 1920 2333 τῆς

282 2345 425 2373 hominum
448 2347 635 2375 conversionis
648 2347 682 2374 ad
706 2348 782 2375 illum
814 2348 861 2384 qui
881 2355 933 2376 nos
949 2355 964 2375 a
982 2352 1069 2384 tyran-

1129 2347 1174 2373 τοῦ
1190 2346 1256 2373 λαοῦ
1276 2345 1425 2381 σωτηρίας,
1450 2342 1481 2372 οὗ
1506 2345 1538 2371 σὺ
1566 2345 1665 2379 ὁδηγδς
1686 2344 1844 2380 ἀπεστάλης
1875 2345 1922 2372 καὶ

283 2391 342 2419 nica
361 2396 495 2427 potestate
503 2392 603 2420 diaboli
619 2393 717 2421 liberat
729 2393 741 2420 ἲ

1131 2393 1234 2427 σωτὴρ,
1253 2391 1323 2427 μετά
1333 2399 1365 2426 γε
1378 2391 1424 2418 τὸν
1439 2391 1548 2427 πρῶτον
1561 2391 1640 2426 ἡμῶν
1651 2391 1766 2426 Σωτῆρα
1781 2392 1830 2418 καὶ
1841 2391 1919 2422 Θεὸν,

278 2437 360 2464 τοῦτο
391 2437 487 2465 παθεῖν
516 2439 590 2472 εἰκὸς
619 2439 665 2466 τὸν
695 2439 874 2472 ὑπονοοῦντα,
913 2439 943 2471 ὅς
967 2448 1009 2470 τις
1028 2437 1142 2475 δ’ἃνῇ
1170 2439 1184 2465 ὸ
1201 2437 1422 2473 ὑπολαμᾶιὶνωνς
1456 2438 1518 2470 Πῶς
1544 2439 1619 2474 ἡμᾶς
1643 2439 1693 2466 οὐκ
1721 2439 1762 2469 είς
1799 2438 1919 2473 ἐσχάτην

280 2482 384 2517 ἀπάγει
397 2484 581 2520 κατηγορίαν,
621 2486 669 2513 καὶ
695 2483 729 2523 ἧς
755 2486 806 2513 οὐκ
819 2486 852 2513 ἂν
876 2495 919 2519 τις
947 2486 1024 2522 εὖροι
1058 2487 1232 2524 βαρυτέρανς
1254 2486 1287 2513 Τί
1309 2485 1364 2522 γὰρ
1393 2485 1544 2523 βαρύτερον
1577 2484 1625 2513 τοῦ
1649 2486 1829 2521 ἀμνημονεῖν.
1852 2485 1918 2512 Θεοῦ

282 2532 328 2558 καὶ
343 2532 392 2566 τῆς
424 2532 579 2568 ἀνθρώπων
614 2534 783 2570 ἔπιστροφῆς
792 2535 862 2571 πρὸς
885 2535 978 2568 αὑτὸν,
996 2536 1044 2562 καὶ
1054 2536 1104 2570 τῆς
1123 2536 1155 2562 ὲκ
1171 2535 1217 2563 τοῦ
1232 2535 1357 2562 διαϐόλου
1375 2535 1545 2570 τυραννικῆς
1562 2534 1654 2570 χειρὸς
1675 2534 1863 2569 ἀνακλήσεως.

320 2578 411 2612 Vides,
435 2579 473 2607 mi
497 2580 546 2613 lili,
571 2584 676 2615 quanto
697 2588 816 2609 maerore
833 2585 888 2609 tute
908 2582 1004 2610 litterae
1018 2582 1077 2610 alli—

283 2625 357 2652 ciant
375 2633 431 2660 prae
454 2626 586 2654 omnibus
607 2627 688 2655 malis
705 2627 817 2662 quibus,
835 2633 1011 2662 peccatorum
1029 2636 1077 2655 no-

284 2677 403 2700 strorum
429 2679 525 2706 causa,
546 2673 769 2701 circumdamur?
786 2674 914 2701 Attamen
931 2674 955 2701 si
970 2678 1078 2709 tempus

286 2718 439 2746 recordaris
463 2719 536 2753 quod
557 2719 702 2748 uobiscum
727 2725 791 2748 ante
812 2720 864 2747 iter
880 2725 957 2748 tuum
972 2724 1078 2749 transc-

286 2763 361 2797 gisti,
376 2769 402 2792 te
420 2765 552 2793 oblivioni
578 2767 673 2794 datum
698 2774 759 2794 esse
784 2774 924 2802 nunquam
946 2767 1080 2800 invenies,

288 2809 388 2837 relictis
426 2811 547 2839 humano
585 2820 660 2840 more
697 2812 812 2841 infernis
846 2818 873 2841 ct
901 2813 941 2841 eis
967 2813 1014 2848 qui
1046 2813 1082 2840 ibi

291 2854 411 2890 priorem
439 2857 624 2887 conditionem
659 2859 771 2887 habent.
799 2860 840 2887 Ab
877 2860 920 2887 his
959 2867 1081 2887 ret-csse-

289 2907 353 2930 t'unt
370 2902 483 2937 invidia,
499 2903 599 2933 bellum
631 2910 657 2934 et
678 2906 782 2935 insidia:
800 2906 901 2940 quibus
926 2913 976 2934 nos
1006 2905 1080 2933 iudc-

1172 2583 1265 2617 Ὁρᾷς,
1283 2583 1390 2614 τέκνον,
1406 2580 1449 2608 οἶα
1465 2580 1676 2616 κεκακωμένους
1690 2581 1765 2615 ἡμᾶς
1790 2579 1838 2607 ἐπὶ
1854 2579 1920 2607 πᾶσι

1131 2629 1187 2659 τοῖς
1202 2627 1246 2655 διὰ
1272 2627 1322 2659 τὰς
1339 2627 1478 2662 ἁμαρτίας
1498 2627 1578 2661 ἡμῶν
1592 2625 1736 2661 συνέχουσι
1751 2624 1781 2652 τὸ
1806 2624 1852 2651 σὺν
1868 2624 1920 2651 διέ-

1133 2674 1200 2710 θηκε
1211 2673 1352 2709 γράμμα;
1373 2673 1428 2699 Καὶ
1445 2681 1488 2699 τοι
1516 2673 1585 2708 πρὸς
1604 2672 1655 2707 τὴν
1674 2671 1788 2706 πορείαν
1814 2670 1920 2697 στελλό-

1134 2729 1226 2755 μενος,
1241 2720 1270 2746 ὲν
1284 2716 1324 2750 οἷς
1338 2717 1487 2750 κατέλιπες
1505 2718 1579 2753 ἡμᾶς
1601 2718 1652 2744 οὐκ
1667 2718 1726 2744 ἔστι
1748 2716 1920 2751 διανοηθῆναι

1134 2766 1172 2798 ὡς
1184 2765 1354 2800 ἐπιλέλησαι.
1380 2763 1448 2791 Εἶτα
1477 2764 1637 2792 καταλιπὼν
1650 2765 1700 2790 ὅσα
1716 2772 1748 2796 γε
1761 2763 1796 2790 τὰ
1817 2762 1922 2797 ἀνθρώ-

1136 2819 1201 2838 πινα
1225 2809 1427 2845 παροικοῦντας
1441 2811 1470 2836 ὲν
1494 2809 1534 2845 τῷ
1551 2810 1613 2846 ᾄδῃ,
1645 2810 1746 2845 μᾶλλον
1765 2809 1792 2835 δὲ
1808 2809 1856 2835 καὶ
1868 2809 1921 2835 τῶν

1136 2858 1195 2884 ἐκεῖ
1224 2855 1427 2891 παροικούντων
1456 2855 1646 2892 χαλεπώτερον
1675 2854 1865 2890 διακειμένους
1891 2855 1919 2880 οὐ

1140 2905 1193 2938 γὰρ
1215 2903 1271 2929 ἔστι
1286 2900 1345 2927 κη’
1362 2900 1451 2928 αὐξῶν
1465 2902 1478 2927 ὀ
1494 2901 1600 2936 ’ίοὼνοῆ
1617 2902 1645 2927 οὗ
1658 2901 1785 2936 πόλεμος,
1799 2900 1846 2927 οὐκ
1863 2900 1920 2926 ἐπι-
