2020 3080
177 101 227 132 357

904 97 1107 130 EPISTOLE.

1749 108 1803 141 353

209 158 265 184 Οὐκ
280 154 314 192 ἦν
328 157 400 188 sixth;
410 155 496 184 ταῦτα
511 156 628 193 γράφειν
638 157 791 194 ἡμᾶς’θείᾳ
805 157 861 194 γὰρ
870 158 942 194 χάριι

993 168 1000 190 λ
1049 157 1109 186 Non
1130 158 1244 187 decebat
1261 168 1311 190 nos
1329 161 1386 190 hac
1399 161 1533 196 scribere,
1552 163 1627 199 quod
1643 163 1730 198 gratia
1755 166 1801 194 De‘

173 203 311 231 διδάσκειν
334 203 517 236 κατασταθεὶς
544 203 666 239 ἑτέρους,
682 203 730 230 καὶ
751 203 869 239 μάλιστα
899 213 962 231 παι-

172 250 248 277 δόθεν
263 250 396 281 τοιούτοις
420 249 582 285 διδάγμασιν
608 249 837 285 ἐντεθραμμένος,
852 249 902 276 οὐκ
930 250 961 276 ιν

171 296 251 332 χρείᾳ
265 294 368 322 τούτων
381 294 554 329 καθέστηκας
568 295 700 330 ἑτέρωθεν
712 295 859 322 ἐπακούειν
883 294 961 322 Ἀλλ’

171 341 215 368 ῐνα
230 341 268 376 μὴ
287 341 410 375 δόξωμεν
426 340 522 376 ὥσπερ
536 340 660 374 ἀκίνητοι
675 340 744 375 πρὸς
761 340 795 366 τὰ
808 340 958 375 γραφέντα,

170 387 322 414 καὶταῦτα
344 387 510 422 γέγραπται,
535 387 583 413 καὶ
601 386 680 421 ὀλίγα
708 387 748 413 ἑτι
775 387 959 422 προστεθήσε-

169 444 225 461 ται.
235 434 400 469 ’Δπόὸλεψον
411 433 478 470 πρὸς
491 433 554 465 τοὺς
571 432 724 468 μακαρίους
735 432 781 459 τοῦ
791 432 958 468 Εὑαγγελίου

171 482 306 517 κήρυκας,
326 479 363 508 ὧν
380 481 412 507 σὺ
431 480 603 515 mmemor},-
616 479 655 514 τῷ
672 480 816 515 καταλόγῳ
831 479 959 515 συναριθ-

170 528 301 564 μηθῆναι,
337 529 386 554 καὶ
410 527 444 554 τὰ
477 527 589 553 ἐκείνων
617 527 691 562 πάθη
722 526 770 553 καὶ
801 527 864 558 τοὺς
889 526 958 554 καθ’

167 576 275 610 ἡμέραν
298 574 430 605 θανάτους
456 573 502 600 καὶ
535 572 584 608 τὴν
615 573 703 608 χαράν
725 573 758 609 ἠν
783 573 830 599 ἐπὶ
851 572 958 604 τούτοις

167 623 288 658 ἔχαιρον,
305 622 353 648 καὶ
365 622 499 649 κατάλιπε
519 621 550 647 τὸ
567 621 678 656 θρηνεῖν
705 619 753 646 καὶ
779 619 810 646 τδ
829 619 954 654 ἀθυμεῖν,

164 670 231 696 διότι
244 669 282 705 μή
290 669 324 696 τά
341 668 501 704 ἀνθρώπινα
513 667 663 703 πράγματα
674 666 744 693 κατὰ
755 665 819 701 ῥοῦν
830 666 895 701 ἡμῖν
908 663 956 699 φέ-

165 724 253 751 ρεται.
279 715 474 751 Ἐνθυμήθητι,
488 714 589 750 μᾶλλον
613 713 641 740 δὲ
657 714 700 740 ἀεὶ
715 713 796 739 τοῦτο
815 712 896 747 φέρον
912 712 956 737 ὲν-

164 761 271 797 θύμιον,
289 762 326 793 ὡς
339 761 420 798 χάρις
433 760 492 788 ἐστὶ
511 760 558 787 καὶ
570 760 632 795 φιλο
643 758 722 794 τιμία
735 757 838 786 ἀνωθεν
857 758 888 784 τὸ
900 757 954 784 ﬁd-

163 817 238 844 σχειν
245 807 315 843 ὑπὲρ
324 806 455 842 Χριστοῦ.
468 806 605 841 Σεμνύνου
618 805 687 838 μετὰ
696 805 742 831 τοῦ
749 804 872 835 εἰπόντος
880 803 953 830 θείου

1013 205 1118 238 positus
1146 205 1184 232 sis
1207 206 1240 232 ad
1263 207 1332 234 alios
1348 207 1513 240 edocemlos,
1528 213 1556 236 et
1572 210 1646 244 quod
1669 211 1705 237 ab
1722 211 1801 240 lucu-

1013 248 1113 275 nabilis
1136 250 1257 277 nutritus
1286 252 1326 278 sis
1341 252 1474 286 ejusmodi
1485 253 1631 286 doctrinis,
1653 261 1722 289 opus
1748 256 1797 283 tibi

1012 300 1066 320 non
1087 293 1138 321 fuit
1154 295 1252 322 alienis
1269 295 1452 324 documentis.
1467 297 1661 326 Verumtamen
1678 308 1711 327 ne
1726 302 1797 329 tardi

1011 340 1153 367 videamur
1184 341 1217 368 ad
1255 343 1431 370 scribendum
1464 345 1606 378 praesentia
1635 347 1797 381 scripsimus

1011 386 1149 414 modicum
1173 388 1238 421 quid
1257 388 1388 416 addituri.
1401 389 1440 416 Ad
1462 389 1637 418 beatissimos
1656 391 1796 427 Evangelii

1011 440 1151 467 przecones
1165 434 1309 468 respicias,
1320 442 1436 469 quorum
1447 436 1571 471 catalogo
1582 436 1753 465 adnumerari
1767 444 1795 466 ιιι

1010 479 1139 513 dignatus
1149 487 1178 507 es
1193 489 1200 507 :
1217 480 1326 507 illorum
1346 482 1477 517 martyria
1493 486 1520 508 et
1537 487 1640 509 mortes
1659 485 1796 511 quotidia-

1009 532 1059 552 nas
1074 526 1236 553 consideres
1247 529 1274 553 et
1293 527 1423 562 gaudium
1446 535 1500 562 quo
1518 527 1588 554 inter
1606 528 1715 556 dolores
1730 530 1795 558 elati

1008 573 1090 601 sunt;
1104 570 1202 597 deinde
1227 578 1242 597 a
1261 570 1505 600 lamentationibus
1530 579 1556 599 et
1574 573 1609 599 ab
1629 574 1722 600 animo
1746 576 1794 601 de-

1007 620 1134 650 sperante
1160 624 1306 652 assurgas.
1333 619 1355 645 si
1380 618 1449 645 forte
1465 619 1582 646 humana
1610 620 1716 655 negotia
1740 627 1795 647 non

1006 663 1128 690 secundo
1148 662 1259 691 ﬂumine
1292 666 1450 700 procedant.
1475 665 1576 693 Tecum
1595 671 1717 700 reputes,
1744 674 1792 693 seu

1005 709 1098 742 potius
1111 708 1138 735 in
1157 710 1240 737 corde
1258 715 1306 737 tuo
1331 718 1440 746 semper
1457 712 1581 740 revolvas
1599 712 1715 747 gratiam
1731 719 1794 739 esse

1004 758 1031 780 et
1046 761 1196 789 supernum
1214 755 1335 784 favorem
1353 757 1376 784 si
1390 759 1453 792 quis
1469 766 1518 793 pro
1532 757 1645 786 Christo
1661 759 1792 792 patiatur.

1004 796 1072 825 Illud
1086 799 1141 825 divi
1156 799 1279 834 Apostoli
1296 809 1351 836 prae
1372 802 1460 830 oculis
1477 803 1580 830 habeas
1594 811 1602 830 ;
1615 803 1666 830 hoc
1681 810 1791 838 quoque

163 837 324 887 ἀποστόλου,
344 837 478 880 καὶτοῦτο
486 837 551 888 ἡμῖν
558 837 688 887 Excipiaqu
697 851 750 878 ἀπὸ
760 849 828 877 Θεοῦ
843 849 874 877 τὸ
883 849 942 884 ὑπὲι

1005 844 1084 871 nobis
1108 852 1123 872 a
1141 845 1196 873 Deo
1216 853 1378 874 concessum
1393 853 1434 875 est
1459 853 1488 875 ut
1507 856 1556 883 pro
1573 849 1683 876 Christo
1705 837 1792 883 patia-

162 900 282 934 Χριστοῦ
299 899 424 934 πάσχειν.
438 899 536 926 Πολλοὶ
546 899 600 925 τῦιν
610 898 664 924 σῶν
674 897 768 924 παθῶν
776 895 858 923 πόθον
872 896 951 931 ἐχου-

112 949 116 952 “
163 953 189 971 σι
207 945 331 972 κοινωνοὶ
356 944 484 979 γενέσθαι
504 943 552 970 καὶ
563 943 612 978 τῆς
624 943 772 974 κακώσεως
780 941 884 976 καὶτῆς
896 949 952 967 στε-

162 990 306 1026 νοχωρίας,
320 990 388 1017 ἀλλά
396 991 437 1017 σοὶ
447 989 527 1016 τοῦτο
539 988 669 1025 ἐχαρίσθη
682 987 791 1023 εὐδοκία
803 986 849 1014 τοῦ
861 986 950 1013 πάντα

161 1037 208 1062 καὶ
243 1036 296 1071 πρὸ
318 1038 447 1069 γνώσεως
474 1035 663 1070 ἀφορίσαντος.
691 1033 764 1069 Πρὸς
793 1033 843 1068 τήν
870 1033 950 1068 χάριν

159 1083 259 1118 ἀφόρα,
285 1083 332 1110 καὶ
344 1083 382 1118 μὴ
398 1079 524 1117 πρὺεῒὴν
539 1081 670 1117 ὲπήρειαν
679 1081 733 1107 τῶν
747 1080 876 1116 τῇχάριτι
889 1079 948 1106 δια-

160 1129 362 1164 φθονουμινων.
386 1128 440 1155 εἴτε
467 1128 592 1159 δαίμονες
618 1127 684 1160 εἶεν,
714 1127 769 1154 stu
809 1126 947 1161 ἄνθρωποι

157 1175 294 1211 δαιμόνων
323 1176 469 1210 πρόσωπον
499 1174 656 1208 ἐνδυόμενοι
687 1175 735 1200 καὶ
756 1174 806 1208 τῆς
831 1172 946 1199 ἐκείνων

157 1221 259 1250 κακίας
283 1220 462 1254 τυγχάνοντες
477 1219 606 1254 μιμηταί.
630 1217 663 1245 Τί
687 1218 742 1252 γὰρ
757 1218 782 1244 ετ
807 1225 848 1248 τις
869 1217 945 1251 παρὰ

158 1265 291 1300 βασιλέως
304 1265 457 1300 στρατηγὸς
470 1263 702 1300 προσεὸλημένος,
712 1261 770 1290 εἶτα
784 1262 946 1298 διαφθονού-

158 1311 233 1346 μενοί
258 1319 332 1342 τινες
357 1310 431 1346 αὐτῷ
459 1311 654 1338 ἐπανίστανται
680 1311 727 1336 καὶ
747 1309 834 1342 λύπας
868 1309 944 1345 αὐτῷ

157 1357 308 1393 προσάγειν
319 1357 517 1392 δωνενόηνται,
534 1358 579 1384 διὰ
595 1358 673 1385 τοῦτο
687 1358 737 1393 τῆς
750 1357 833 1392 τιμῆς
848 1357 943 1392 ὥσπερ

156 1405 329 1439 ἐπιλήσεται,
347 1402 381 1441 ἦς
397 1404 511 1440 ἠξιώθη,
530 1405 579 1432 καὶ
594 1405 662 1440 πρὸς
681 1405 778 1440 μόνους
797 1406 861 1437 τοὺς
874 1406 944 1440 ἐπη-

155 1451 272 1485 ρεαστὰς
285 1451 462 1483 ἀποϐλέπων,
473 1451 587 1486 ἀθυμῶν
601 1452 678 1478 ἔςται
691 1451 739 1478 καὶ
760 1451 941 1486 ὀδυνώμενος,

155 1498 190 1524 Ἣ
205 1497 305 1532 μᾶλλον
319 1498 446 1532 φρόνημα
474 1497 565 1532 φέρων
589 1497 709 1531 εὐγενὲς,
724 1497 777 1524 τῶν
805 1497 854 1532 μὲν
882 1498 940 1524 ἀντ’
954 1507 978 1538 c

154 1543 263 1574 οὐδενὸς
283 1544 420 1579 ἡγήσεται
439 1544 488 1578 τὴν
504 1544 646 1578 ἐπήρειαν,
662 1543 711 1578 τήν
731 1544 760 1570 δὲ
781 1544 856 1577 τάξιν
868 1544 941 1571 ἑννο-

153 1589 281 1623 ούμενος,
297 1589 337 1619 εἰς
350 1589 385 1623 ἣν
399 1588 534 1623 ἀνηνέχθη
550 1589 625 1624 παρὰ
639 1588 687 1615 τοῦ
702 1588 844 1623 τάξαντος,
859 1592 940 1618 παντὶ

152 1636 247 1672 τρόπῳ
263 1634 381 1670 σπουδὴν
399 1635 565 1668 ἐπιδείξεται
588 1636 638 1671 τῆς
660 1636 716 1662 τῶν
741 1636 938 1672 ἀντικειμένων

151 1682 266 1718 ὁρᾶσθαι
293 1682 461 1717 ὑψηλότερος
488 1682 643 1718 ἐπηρείας;
673 1682 753 1710 ’Λλλά
788 1683 844 1710 τῶν
888 1684 938 1719 μὲν

151 1728 279 1755 τοιούτων
306 1728 537 1763 παραδειγμάτων
560 1727 631 1760 ἃλις.
656 1729 738 1765 Ὁρᾷς
755 1726 799 1756 οἷα
811 1730 858 1756 καὶ
884 1731 939 1766 πρὸ

150 1775 205 1802 τῶν
221 1775 326 1801 ἐκεῖθεν
340 1774 481 1810 στεῳάνων
497 1775 544 1801 καὶ
556 1775 605 1809 τῆς
621 1774 715 1811 θεῖκῆς
728 1775 889 1808 ἀντιδόσεως
903 1776 938 1803 τὰ

151 1821 267 1848 ἐνταῦθά
283 1830 324 1848 σοι
338 1821 457 1856 ἀπαντᾷ,
473 1823 487 1848 ό
501 1821 576 1856 παρὰ
589 1821 643 1848 τῶν
657 1822 805 1858 γνωρίμων
815 1822 937 1854 ἔπαινος,

149 1867 166 1903 ἢ
176 1867 252 1903 παρά
262 1867 316 1894 τῶν
324 1868 374 1894 οὐκ
383 1867 504 1901 εἰδότων,
514 1867 581 1894 ἀλλά
598 1867 667 1904 μόνῃ
681 1868 749 1903 ἀκοῇ
761 1868 811 1904 τὴν
819 1870 869 1904 σήν
878 1878 894 1894 α
898 1877 938 1903 ρει

148 1913 198 1950 τήν
211 1913 406 1949 θαυμαζόντων
419 1913 555 1949 εὐφημία,
583 1915 632 1941 καὶ
660 1914 822 1947 συνελόντως
835 1916 935 1948 εἰπεῖν,

1002 898 1074 918 mur.
1092 890 1169 919 Multi
1184 893 1296 927 cupiunt
1309 894 1364 928 pati
1377 895 1450 928 quod
1465 899 1493 921 tu
1512 895 1622 928 pateris,
1654 899 1681 921 et
1692 899 1791 923 contn-

1002 937 1146 965 meliarum
1170 945 1198 966 et
1214 941 1347 974 angustiae
1360 941 1417 968 lieri
1438 941 1585 976 participes
1600 950 1608 968 :
1626 941 1678 968 hoc
1696 947 1788 968 autem

1002 984 1048 1012 tibi
1065 985 1158 1012 datum
1178 985 1230 1013 fuit
1247 986 1417 1022 betteplacito
1444 988 1530 1020 illius,
1548 989 1594 1023 qui
1611 988 1704 1016 omnia
1725 993 1789 1015 ante

1001 1032 1139 1060 notionem
1156 1033 1289 1061 decrevit.
1305 1035 1344 1061 Ad
1358 1035 1472 1069 gratiam
1488 1036 1619 1070 respicias
1637 1040 1664 1063 et
1681 1043 1735 1063 tton
1751 1035 1787 1062 ad

998 1077 1193 1106 detrimentum
1209 1080 1282 1114 quod
1300 1085 1394 1115 gratiae
1409 1081 1559 1108 adversarii
1577 1082 1708 1114 inierunt,
1728 1082 1786 1109 sive

998 1123 1137 1152 daemones
1148 1125 1206 1153 sive
1217 1125 1343 1154 homines
1362 1127 1418 1154 sint
1429 1127 1476 1162 qui
1499 1127 1621 1162 speciem
1637 1127 1787 1154 damonio-

997 1176 1058 1196 rum
1069 1170 1213 1198 induentcs
1236 1171 1368 1199 malitiam
1378 1179 1488 1207 quoque
1498 1173 1651 1200 imitantur.
1659 1172 1730 1206 ind
1738 1173 1750 1199 Ἰ
1758 1172 1782 1199 si

996 1215 1083 1250 quisa
1105 1224 1167 1252 rege
1191 1218 1375 1252 praeﬁceretur
1395 1219 1495 1254 copiis.
1522 1224 1550 1246 et
1573 1219 1685 1254 quidam
1714 1218 1784 1246 forte

998 1261 1124 1290 invidiosi
1155 1263 1298 1292 obstarent
1320 1269 1348 1292 et
1377 1265 1517 1293 molestias
1540 1271 1667 1293 crearent
1695 1273 1780 1292 num-

995 1308 1059 1342 quid
1069 1313 1179 1344 propter
1193 1317 1277 1336 unum
1291 1310 1359 1338 illud
1375 1310 1511 1339 obliturus
1534 1312 1587 1338 erit
1608 1311 1721 1339 honoris
1736 1311 1785 1338 tri-

995 1353 1064 1386 buti,
1074 1359 1100 1380 et
1113 1355 1146 1382 ad
1160 1356 1234 1383 solos
1246 1355 1395 1391 respiciens
1407 1358 1591 1392 importunos,
1602 1358 1723 1385 animum
1734 1358 1783 1385 de-

991 1399 1068 1433 jiciet
1084 1405 1111 1427 et
1123 1409 1241 1429 maerore
1251 1403 1430 1430 conﬁcietur?
1447 1404 1542 1431 Nonne
1563 1404 1653 1439 potius
1664 1411 1782 1440 genero-

993 1453 1040 1473 sos
1056 1448 1182 1474 evocabit
1195 1456 1303 1482 sensus,
1323 1450 1464 1478 molestias
1480 1451 1633 1485 despiciet,
1649 1451 1682 1477 ad
1698 1458 1781 1485 quam

994 1497 1104 1519 evectus
1121 1499 1163 1520 est
1174 1493 1334 1528 dignitatem
1356 1496 1544 1523 considerabit
1562 1501 1590 1523 et
1604 1504 1714 1524 omnetn
1731 1497 1783 1524 itu-

994 1539 1093 1572 pendet
1104 1539 1315 1568 sollicitudinem
1334 1547 1362 1568 nt
1382 1542 1466 1569 altius
1491 1543 1610 1570 emineat
1625 1550 1718 1577 ,quam
1732 1543 1780 1578 qui

994 1584 1104 1612 ﬂbslant
1113 1585 1217 1613 inimici
1225 1586 1236 1613 2
1244 1586 1296 1614 Sed
1304 1587 1360 1622 jam
1371 1592 1414 1615 sat
1424 1588 1508 1615 multa
1521 1588 1676 1622 huiusmodi
1686 1595 1780 1616 exem-

993 1631 1048 1666 pla.
1066 1631 1147 1659 Vides
1173 1640 1234 1667 quae
1248 1633 1369 1661 [lituram
1382 1641 1512 1662 coronam
1524 1641 1551 1662 et
1565 1635 1685 1662 divinam
1699 1634 1779 1662 retri-

992 1676 1132 1706 butionem
1148 1680 1314 1715 praecedunt,
1334 1680 1394 1708 vide
1407 1686 1508 1716 quanta
1526 1685 1551 1708 te
1567 1681 1610 1708 hic
1631 1684 1756 1707 maneant
1770 1687 1778 1707 :

992 1724 1066 1753 Laus
1082 1726 1116 1753 ab
1128 1733 1177 1754 ore
1205 1726 1329 1754 omnium
1351 1727 1397 1762 qui
1416 1733 1442 1755 te
1467 1727 1604 1761 noverint,
1620 1721 1783 1754 bonafama

990 1771 1063 1807 apud
1089 1779 1185 1800 omnes
1203 1773 1249 1807 qui
1265 1778 1291 1800 te
1303 1781 1356 1801 non
1372 1773 1489 1801 viderint
1503 1777 1531 1801 et
1548 1778 1623 1801 tuam
1640 1773 1713 1801 bona
1725 1773 1778 1800 ﬁde

989 1818 1095 1845 aurium
1112 1818 1204 1846 mirati
1215 1819 1271 1846 sint
1286 1819 1413 1846 virtutem
1426 1828 1433 1852 ;
1452 1824 1481 1846 ιιι
1511 1827 1567 1847 uno
1579 1819 1662 1846 verbo
1673 1819 1775 1851 dicant,

989 1864 1024 1892 ab
1047 1864 1176 1892 erunibus
1194 1865 1286 1899 magni
1311 1865 1457 1892 astimaris
1477 1871 1588 1901 propter
1607 1864 1775 1900 apostolicos

991 1918 1099 1944 cursus,
1120 1911 1267 1946 praeconia,
1291 1916 1320 1938 et
1335 1912 1444 1940 tandem
1467 1912 1646 1947 apostolicam
1660 1916 1773 1939 sortem.

147 1963 161 1988 ό
180 1961 258 1997 παρὰ
278 1962 386 1988 πάντων
405 1962 581 1997 μακαρισμὸς
613 1961 706 1989 ἕνεκεν
726 1963 774 1990 τοῦ
784 1962 966 1991 ἀποττολικοῦ
986 1962 1088 1998 δρόμου
1100 1961 1149 1988 καὶ
1166 1959 1213 1987 τοῦ
1232 1960 1410 2003 κηρύγματος
1427 1960 1476 1988 καὶ
1491 1961 1541 1997 τῆς
1557 1961 1680 1996 ἰσοτίμου
1699 1961 1775 1988 ὲκεί-

150 2016 208 2039 νοις
231 2007 346 2042 λήξεως.

188 2053 270 2080 Ἀλλά
294 2053 330 2079 τά
347 2053 396 2086 μὲν
411 2052 529 2079 ἱνταῦθα
555 2054 678 2082 τοιαῦτα.
704 2055 821 2089 Δογίζου
844 2056 873 2083 δέ
889 2065 935 2091 μοι

146 2100 194 2125 καὶ
208 2098 243 2125 τὰ
259 2097 377 2129 ἐκεῖθεν,
391 2097 473 2124 ὁπότε
482 2097 641 2131 ἀγαλλίασις
656 2099 796 2132 ἀδιάλυτος
808 2101 868 2127 ἀντὶ
878 2101 934 2127 τῶν

145 2145 194 2172 νῦν
208 2153 236 2172 σε
251 2144 453 2180 περιστήσεται
464 2144 593 2180 θλίψεων,
607 2145 669 2172 ἀντὶ
687 2146 737 2181 τῆς
749 2146 931 2182 γυμνότητος,

144 2191 268 2226 ἀντὶτῆς
296 2191 379 2227 ἄλλης
407 2191 526 2226 ἀπορίας
553 2191 669 2223 πλοῦτος
692 2193 723 2219 οὐ
751 2193 932 2228 προσιέμενος

144 2237 223 2272 λόγον
238 2237 278 2269 είς
300 2237 447 2273 ἔκφρασιν.
473 2237 527 2264 Καὶ
556 2237 583 2264 τί
597 2237 685 2264 ταῦτα
709 2238 797 2272 Myer);
820 2239 849 2265 '0
863 2241 932 2274 μετά

142 2283 198 2309 τῶν
209 2283 360 2318 φωστήρων
373 2281 422 2309 τοῦ
436 2282 539 2317 κόσμου
555 2281 601 2308 τοῦ
617 2282 689 2309 θείου
706 2282 794 2317 φωτὸς
809 2283 931 2310 ἐπιπλώ.

145 2338 224 2365 μενος
239 2329 346 2365 σταίης,
363 2329 411 2356 καὶ
426 2328 473 2355 ire
488 2329 520 2365 δὴ
537 2330 593 2360 τοῖς
609 2328 720 2356 ἐκείνων
728 2338 932 2366 συμμεμορφω-

146 2375 227 2410 μένος
246 2375 389 2410 παθήμασι
398 2376 431 2410 τῇ
442 2374 503 2410 θείᾳ
515 2375 577 2410 δόξῃ
588 2376 794 2410 ἁπαστράπτων
805 2376 926 2413 όφθείης.

143 2421 176 2447 Τί
188 2421 297 2454 λέγειςς
312 2421 496 2456 Πενθήσωμεν
511 2421 551 2447 ἑτι
566 2421 660 2449 καὶτὰ
674 2421 730 2448 τῶν
747 2423 928 2457 ἀθυμούντων

142 2464 313 2499 «etaetatis;
341 2465 376 2491 Ἦ
406 2464 531 2499 ῥίψωμεν
549 2465 640 2491 πᾶσαν
664 2465 797 2501 ἀθυμίαν,
814 2466 863 2494 καὶ
878 2469 928 2494 σὺν

141 2511 175 2546 τῇ
191 2511 295 2538 ἀνωθεν
309 2510 439 2545 εὐμενείᾳ
455 2513 566 2537 πάντων
575 2511 705 2546 ὑπεράνω
728 2512 783 2539 τῶν
810 2512 926 2540 λυπούν-

140 2565 196 2582 των
211 2555 467 2590 καταστησώμεθας
482 2557 536 2584 Καὶ
550 2557 607 2588 πῶς
622 2558 710 2590 άλλως
730 2558 781 2594 ἐμὲ
805 2559 864 2586 δέον
880 2560 926 2586 ἑλ-

141 2602 250 2634 πίζεινς
288 2601 319 2628 Et
349 2602 386 2637 μὴ
415 2601 496 2637 λῆρον
521 2603 624 2638 ήγήσῃ,
652 2603 720 2639 ὂπερ
750 2605 860 2637 ἀνάξιον
875 2606 924 2642 τῆς

140 2649 191 2684 σῆς
219 2648 354 2679 συνέσεως
374 2647 408 2674 τὰ
436 2649 527 2684 μικρῷ
551 2649 670 2684 πρόσθεν
695 2651 762 2685 ἡμῖν
776 2652 920 2687 εἰρημένα.

174 2693 223 2720 Διά
238 2693 318 2720 τοῦτο
334 2693 426 2720 λοιπὸν
441 2693 492 2729 ήδη
503 2694 627 2729 παύομαι
641 2694 689 2722 τοῦ
702 2695 783 2723 πλέον
792 2705 818 2724 τι
832 2697 922 2732 λέγειν

137 2740 185 2767 τοῦ
203 2740 233 2766 σὲ
265 2740 316 2776 τῆς
351 2740 521 2775 κατεχούσης
538 2741 654 2776 ἀκηδίας
684 2742 840 2772 ἀναλαϐεῖν.
863 2745 923 2772 Ἐπ’

137 2786 222 2820 ἀλλην
235 2786 263 2813 δὲ
278 2786 420 2821 τρέπομεν
435 2786 482 2812 τὸν
497 2786 576 2820 λόγον
600 2787 739 2822 ὑπόθεσιν,
759 2791 806 2816 καὶ
818 2797 920 2825 παραι-

135 2831 245 2864 νοῦντες
260 2832 478 2869 προτρεπόμενοι
495 2832 543 2868 τῆς
570 2832 724 2870 προσούσης
741 2843 783 2862 σοι
797 2836 919 2871 1291:6111-

1021 2053 1085 2082 llaec
1097 2054 1129 2082 ad
1143 2054 1311 2089 praeteritam
1323 2054 1405 2081 vitam
1418 2058 1557 2089 spectant;
1576 2053 1694 2080 futuram
1709 2060 1773 2080 vero

988 2108 1061 2128 nunc
1091 2104 1188 2135 reputa
1218 2100 1262 2127 tibi
1295 2100 1455 2127 indesinens
1466 2101 1518 2126 erit
1533 2099 1681 2127 exsultatio
1698 2107 1706 2126 :
1722 2106 1772 2134 pro

987 2146 1233 2178 tribulationibus.
1260 2153 1311 2181 pro
1337 2147 1460 2174 nuditate
1494 2151 1520 2174 et
1547 2147 1687 2178 miseriis,
1719 2146 1772 2172 im-

945 2183 972 2213 D
988 2199 1097 2219 mensas
1120 2192 1273 2227 possidebis
1296 2193 1416 2221 divitias.
1435 2192 1506 2226 Quid
1526 2192 1584 2221 hare
1605 2191 1770 2220 dicomum

983 2237 1078 2265 mundi
1092 2238 1119 2265 lu
1131 2238 1250 2266 minibus
1273 2239 1358 2267 stabis
1371 2239 1464 2266 divina
1487 2239 1548 2267 luce
1568 2239 1688 2274 repletus
1703 2247 1710 2265 :
1727 2239 1769 2266 his

981 2282 1054 2310 enim
1079 2283 1292 2311 transl’ormatus
1318 2283 1505 2318 passionibus,
1529 2284 1621 2311 divina
1648 2284 1767 2319 remige.

980 2327 1024 2356 bis
1049 2329 1144 2363 gloria.
1171 2328 1242 2362 Quid
1269 2331 1436 2365 respondes?
1452 2329 1522 2358 Nutu
1538 2331 1690 2366 lugebimus
1717 2331 1766 2357 ad-

979 2374 1034 2402 huc
1049 2379 1077 2402 et
1107 2380 1208 2403 sortem
1229 2376 1338 2403 illorum
1359 2376 1522 2405 habebimus
1549 2378 1595 2412 qui
1614 2377 1768 2412 desponde-

979 2425 1043 2448 runt
1059 2421 1202 2449 animum?
1226 2421 1322 2449 Nonne
1340 2423 1433 2458 potius
1449 2430 1558 2450 omnem
1576 2423 1651 2450 anini
1667 2423 1767 2457 despe-

979 2466 1114 2494 rationem
1129 2467 1305 2502 abjiciemus,
1319 2473 1346 2495 et
1361 2468 1453 2495 divina
1464 2468 1578 2503 iuvante
1597 2468 1767 2500 constantia.

977 2519 1074 2539 omnes
1105 2513 1296 2548 superabimus
1329 2514 1458 2541 dolores?
1483 2513 1555 2551 Quid
1589 2513 1663 2541 aliud
1697 2513 1766 2540 mihi

977 2558 1142 2592 sperandum
1160 2557 1248 2586 foret?
1264 2559 1306 2586 Au
1323 2567 1354 2587 ea
1375 2568 1436 2595 qute
1452 2559 1573 2587 diximus
1589 2559 1667 2587 ﬂocci
1681 2560 1766 2587 facies

975 2609 1002 2631 et
1030 2604 1141 2633 minime
1161 2606 1254 2634 studio
1266 2611 1294 2634 et
1316 2606 1424 2642 ingenio
1444 2613 1492 2634 tuo
1506 2607 1602 2649 _digua_
1618 2606 1766 2635 censebis?

1010 2699 1063 2726 Sed
1076 2699 1133 2734 jam
1153 2700 1264 2728 dicendi
1286 2701 1365 2728 ﬁnem
1388 2701 1521 2730 faciemus
1535 2702 1569 2729 de
1584 2702 1636 2734 his,
1653 2706 1680 2729 et
1699 2701 1760 2729 ani-

974 2754 1046 2774 mum
1071 2752 1146 2774 tuutn
1164 2749 1313 2776 reereaturi
1334 2749 1367 2776 ad
1391 2750 1472 2776 aliam
1495 2750 1638 2777 materiam
1660 2750 1762 2776 transi-

973 2799 1043 2819 mus.
1075 2793 1196 2822 lnuatam
1224 2795 1271 2821 tibi
1304 2795 1449 2823 hortamur
1473 2801 1502 2823 ut
1530 2795 1703 2824 dulcedinem
1733 2799 1760 2822 et

971 2838 1164 2875 benignitatem
1187 2846 1215 2870 et
1239 2849 1288 2878 per
1312 2841 1454 2871 Christum
1477 2843 1661 2872 humilitatem
1685 2850 1761 2871 nune
