2020 3080
256 83 312 115 359

814 74 968 106 NICOLM
989 74 1044 105 CP.
1064 74 1321 106 PATRIARCHAS

1841 75 1893 103 ficit)

256 138 377 166 maxime
398 142 510 164 exseras
531 134 568 162 ita
588 137 618 161 ut
645 132 716 160 inter
731 131 860 158 virtutem
880 135 1000 158 vestram
1016 135 1044 158 et

1098 139 1142 163 to;
1156 132 1204 158 καὶ
1216 131 1369 162 ἐπιεικείας
1385 130 1431 157 καὶ
1442 129 1489 165 τῆς
1498 129 1542 156 διὰ
1554 129 1640 165 Χριστ
1650 129 1680 155 ὸν
1697 127 1895 161 ταπεινὼτεως

255 187 386 221 pietatem
405 183 453 210 filii
475 181 574 215 nostri,
592 179 738 213 Patrisque
761 177 799 204 tui
814 176 919 203 domini
944 176 1046 212 Euthy—

257 230 305 258 mii
326 229 429 257 zizania
453 227 610 255 inserantur
630 224 722 259 qualia
741 222 905 250 vaferrimus
922 222 967 250 ille
981 229 1047 249 con-

257 276 359 305 suevit.
381 275 424 302 Ab
451 274 530 301 initio
547 272 620 299 enim
644 270 730 298 Deum
757 269 827 296 inter
852 273 880 296 et
903 272 1046 296 creaturas

258 321 389 349 malitiam
411 317 629 347 interseminavit
654 320 736 350 atque
750 315 841 342 intulit
869 314 1046 346 inimicitias,

257 374 286 396 et
309 370 413 395 secreto
435 364 580 396 fermenta,
608 362 708 398 quibus
733 365 761 388 et
776 360 868 388 unitas
893 361 920 387 in
941 359 994 387 Deo
1020 364 1048 386 et

256 418 348 441 nostra
376 411 551 447 perturbatur
576 409 707 436 eliaritas.
735 406 775 434 Tu
803 412 894 433 autem
917 413 981 433 cum
1008 405 1047 433 sis

257 460 340 487 homo
356 457 402 484 Dei
425 460 452 484 et
469 455 593 483 omnium
619 453 726 481 animos
741 452 897 480 demulcere
917 450 1046 484 didicisti,

255 505 282 532 in
300 511 334 531 eo
351 502 486 538 imprimis
507 502 615 528 labores
633 504 662 527 ut
675 498 850 534 Euthytnium
867 498 939 525 lucri
954 496 1039 524 facias

254 555 281 578 ct
295 557 392 578 omnes
412 548 460 584 qui
483 553 547 576 sunt
572 555 634 574 cum
652 546 709 577 illo,
732 552 821 580 neque
844 543 980 571 concedas
996 551 1048 570 un-

254 604 338 632 quam
363 599 394 622 ut
412 594 543 621 minimus
561 592 700 620 distantia;
724 595 752 618 et
779 589 962 625 separationis
980 596 1048 624 prte-

255 649 344 671 te'xtus
359 642 460 670 valeat.
476 640 514 667 De
531 645 631 667 caetero
651 638 693 665 vir
717 637 769 665 iste
784 636 870 664 Deum
895 643 991 663 amans
1005 639 1048 662 cst

253 697 336 726 atque
352 690 486 716 virtutum
504 686 596 722 opifex
615 694 622 714 :
639 689 783 721 propterea
798 683 874 710 omni
892 682 1045 710 reverentia

253 741 281 764 et
308 737 413 763 honore
445 733 604 765 habendus,
638 730 773 766 imprimis
800 729 873 764 quod
900 734 963 756 ante
995 734 1044 755 vos

1099 178 1147 205 νῦν
1159 178 1205 204 ἐπὶ
1217 178 1299 204 πλέον
1311 176 1524 208 ἀντιποιεῖσθαι,
1540 175 1611 203 ὥστε
1625 175 1711 211 μηδὲν
1725 175 1828 210 μεταξὺ
1841 176 1891 211 τῆς

1098 224 1178 259 ὑμῶν
1193 223 1296 259 ἀρετῆς
1310 223 1358 249 καὶ
1372 222 1419 249 τοῦ
1444 222 1646 249 εὐλαϐεστάτου
1668 221 1728 248 υίοῦ
1744 222 1834 257 ἡμῶν,
1848 222 1893 248 καὶ

1099 269 1217 304 ἀδελφοῦ
1243 277 1292 296 σου
1322 269 1367 295 τοῦ
1399 268 1484 303 κυροῦ
1511 267 1650 302 Εὐθυμίου
1677 267 1827 303 δυνηθῆναι
1848 268 1893 294 τὸν

1099 315 1219 351 πονηρὸν
1232 315 1396 351 ὲπισπεῖραι
1420 315 1540 347 ζιζάνια,
1567 314 1635 350 μηδὲ
1650 311 1695 341 οἷα
1718 313 1791 348 φιλεῖ
1810 313 1892 340 πολι,-

1100 362 1223 396 μήχανος
1239 361 1276 388 ὢν
1292 361 1332 393 είς
1349 361 1450 388 κακίαν
1467 361 1516 387 καὶ
1533 360 1581 387 ἀπ’
1600 360 1688 396 ἀρχῆς
1707 359 1809 394 μεταξὺ
1824 359 1892 386 Θεοῦ

1099 408 1148 435 καὶ
1163 407 1211 434 τοῦ
1227 407 1387 443 πλάσματος
1403 407 1453 442 τὴν
1473 406 1577 442 ἔχθραν
1590 405 1767 441 ἐκϐεϐληκὼς
1786 405 1855 441 λάθῃ
1868 414 1894 432 τι

1100 452 1325 488 παρεισενεγκὼν
1352 453 1402 486 τῆς
1417 452 1445 479 ἐν
1465 452 1560 488 Κυρίῳ
1577 453 1705 486 ἑνότητος
1719 451 1767 478 καὶ
1781 452 1893 486 ἀγάπης

1103 500 1181 535 ὑμῶν
1200 499 1370 534 ἐναντίωμαα
1385 499 1443 526 ἀλλ’
1457 497 1501 525 οἶα
1523 498 1591 525 Θεοῦ
1612 497 1758 533 ἅνθρωπος
1785 497 1893 532 ἀληθῶς

1099 545 1147 572 καὶ
1164 544 1242 576 εἰδὼς
1258 544 1363 574 πάντας
1389 544 1556 579 κερδαίνειν,
1582 542 1655 570 οὕτω
1671 543 1736 578 περὶ
1761 542 1894 575 πλείστην

1098 591 1213 627 γνώμην
1230 590 1378 623 ἀναλαὸοὖ,
1390 589 1462 617 ὥστε
1478 590 1605 617 κάκεῖνον
1620 589 1668 616 καὶ
1684 589 1747 621 τοὺς
1762 589 1810 616 σὺν
1819 589 1894 624 αὐτῷ

1098 637 1241 673 κερδάναι,
1259 637 1308 664 καὶ
1325 636 1461 673 μηδεμίαν
1479 638 1508 663 ὲν
1525 637 1622 672 μηδενὶ
1633 637 1772 673 πρόφασιν
1787 645 1894 672 παρεμ-

1100 684 1195 710 πεσεῖν
1223 683 1357 718 διαφορᾶς
1381 683 1430 710 καὶ
1455 683 1645 715 διαστάσεως’
1674 683 1722 710 καὶ
1738 683 1825 713 ἄλλως
1844 684 1894 718 μὲν

1101 731 1157 765 γὰρ
1174 731 1187 756 ὁ
1202 729 1272 765 ἀνὴρ
1288 729 1417 764 θεοφιλὴς
1440 729 1488 756 καὶ
1516 730 1616 764 ἀρετῆς
1628 730 1759 765 ἐργάτης.
1785 729 1841 757 Καὶ
1853 729 1894 756 δει

252 782 364 818 pietatis
386 788 476 816 praeco
496 779 523 806 in
550 782 630 813 gente
651 777 703 804 ista
729 775 848 803 surrexit
867 779 893 802 et
916 774 1045 801 doctrinae

1101 775 1150 802 καὶ
1164 775 1208 802 διὰ
1217 775 1298 802 τοῦτο
1315 776 1344 802 ὲν
1362 775 1439 811 πάσῃ
1456 775 1526 802 αίδοῖ
1543 775 1590 803 καὶ
1603 777 1670 811 τιμῇ
1696 776 1774 810 ἄγειν
1791 776 1892 803 αὐτόν’

252 808 358 856 sentina
374 808 504 861 dispersit
521 830 603 860 atque
620 824 646 851 in
663 823 791 858 przesenti
811 829 861 849 ceu
880 825 1044 855 cooperator

1103 823 1221 858 μάλιστα
1238 823 1267 849 δὲ
1284 824 1325 850 ὅτι
1343 823 1390 850 καὶ
1407 808 1461 858 πρὸ
1478 823 1553 858 ὑμῶν
1569 808 1726 858 κήρύέτῆς
1743 822 1890 854 εὐσεὸείας

251 877 354 904 missus
367 881 410 904 est
423 874 472 910 qui
485 873 600 908 auspice
616 871 671 898 Deo
685 875 713 898 et
728 869 835 906 pondus
852 869 970 904 Spiritus
984 876 1046 903 gra-

253 924 290 950 tia
314 923 438 949 laborum
465 925 616 947 vestrorum
638 917 767 952 operibus
793 915 851 944 suis
873 915 1040 943 sublevavit.

251 967 433 998 Gaudendum
458 966 542 1001 igitur
565 968 593 992 et
617 963 651 991 de
677 963 720 990 bis
740 966 830 997 grates
847 962 902 988 Deo
921 961 1044 996 ageitdaa,

253 1015 353 1042 nedum
379 1012 511 1041 cruciet-is
541 1017 630 1046 neque
658 1008 772 1043 patiaris
803 1007 869 1043 quid
897 1007 1043 1038 charitate,

253 1060 406 1097 praesertim
420 1058 554 1094 Spiritus,
572 1057 726 1091 indignum.

1099 869 1138 904 τῷ
1148 868 1221 895 ἔθνει
1245 869 1351 903 γέγονε,
1366 868 1415 896 καὶ
1434 868 1515 900 αὐτὸς
1530 868 1576 895 τὸν
1603 869 1704 904 σπόρον
1728 868 1895 895 κατεῦάλετο

1099 915 1148 950 τῆς
1163 913 1352 946 διδασκαλίας,
1372 915 1419 941 καὶ
1437 914 1486 941 νῦν
1498 915 1545 941 ἐπὶ
1557 913 1638 941 τοῦτο
1659 914 1802 941 ἐστείλατο
1825 913 1894 949 πρλς

1100 962 1172 997 ὑμᾶς
1190 960 1237 989 τοῦ
1250 962 1423 996 συνεργάτης
1439 960 1567 995 γενέσθαι
1591 961 1640 987 καὶ
1653 961 1700 987 σὺν
1726 959 1786 995 Θεῷ
1809 959 1896 994 φάναι

1097 1008 1130 1042 τῇ
1152 1007 1282 1042 κοινωνίᾳ
1297 1006 1347 1041 τῆς
1375 1006 1570 1042 πνευματικῆς
1593 1006 1725 1042 ἐργασίας
1740 1004 1896 1041 ἐπελαφρῦ-

1097 1053 1141 1081 ναί
1154 1062 1196 1080 σοι
1211 1053 1242 1080 τὺ
1255 1053 1339 1089 βάρος
1355 1053 1409 1080 τῶν
1423 1053 1525 1080 πόνων.
1552 1053 1669 1089 Χαίρειν
1682 1053 1728 1080 οὖν
1743 1053 1790 1079 ἐπὶ
1803 1052 1893 1085 τοῦτο,

251 1108 332 1144 χάριν
349 1106 493 1141 ὁμολογεῖν
508 1104 568 1132 δέον
595 1102 665 1138 Θεῷ,
686 1101 747 1137 οὐχὶ
762 1101 790 1128 δὲ
805 1100 966 1136 ἀνιαθῆναι,
979 1099 1042 1127 οὐδὲ
1059 1101 1157 1128 παθεῖν
1183 1109 1211 1129 τι
1245 1100 1357 1134 ἀνάξιον
1384 1100 1496 1136 ἀγάπης
1519 1100 1639 1135 μάλιστα
1667 1101 1715 1136 τῆς
1730 1099 1778 1127 τοῦ
1808 1099 1894 1125 Πνεύ·

253 1162 350 1190 ματος.

290 1199 353 1226 llaec
379 1197 472 1226 scribo
497 1205 555 1225 non
571 1203 688 1232 sperans
713 1200 805 1224 tamen
835 1203 880 1224 res
907 1194 957 1223 tibi
977 1194 1045 1223 tales

253 1249 401 1272 crentnras
419 1251 494 1277 esse,
515 1244 563 1271 sed
582 1247 731 1275 versutam,
749 1242 859 1277 maligni
879 1242 1044 1270 simultatem

254 1291 483 1324 perhorrescens;
509 1289 612 1317 etenim
633 1288 714 1316 bonis
739 1288 833 1316 favere
858 1296 914 1316 non
946 1291 1046 1323 potest,

255 1336 304 1363 sed
322 1339 484 1371 perpetuum
505 1343 568 1362 eum
590 1335 624 1362 iis
651 1334 751 1362 bellum
777 1334 848 1370 gerit
872 1334 953 1370 idque
977 1341 1050 1361 nunc

254 1383 375 1410 maxime
393 1389 457 1410 cum
482 1385 588 1408 tantum
613 1380 646 1408 ad
673 1380 816 1408 hominum
845 1380 961 1408 salutem
990 1379 1049 1407 fieri

255 1429 329 1456 videt
347 1437 354 1456 τ
369 1428 404 1456 ab
433 1428 511 1455 initio
544 1426 616 1454 enim
641 1426 745 1454 nullam
772 1426 869 1453 habuit
893 1425 1048 1454 satietatem

254 1476 395 1503 hominum
409 1481 495 1510 genus
511 1473 538 1500 in
553 1473 734 1508 perditionem
752 1471 914 1507 projieicndi
930 1479 938 1504 ;
955 1471 1047 1499 studio

252 1528 394 1556 nunquam
409 1504 593 1548 satisfactum
619 1525 681 1546 esse
707 1504 823 1553 putavit,
847 1524 899 1545 nec
923 1504 1081 1552 unquamC

252 1568 319 1595 huic
343 1566 495 1594 inimicitiae
526 1565 608 1593 linem
638 1565 771 1600 imponet.
806 1563 896 1599 Hujus
920 1563 1044 1591 artitieiis

251 1613 379 1647 cognitis.
395 1612 433 1639 mi
453 1612 505 1644 tili,
519 1616 548 1638 et
560 1619 608 1646 per
627 1619 689 1646 qua
712 1610 875 1645 scripsimus
898 1614 981 1645 atque
998 1616 1045 1637 tua

253 1659 340 1694 ipsius
370 1657 541 1692 experientia
569 1657 696 1688 edoctus.
726 1656 800 1684 illius
827 1656 1045 1684 machinatiOnes

253 1705 371 1737 videbis,
396 1705 513 1739 teipsum
539 1709 630 1732 autem
645 1704 778 1731 honorem
793 1703 867 1739 apud
884 1702 968 1730 Deum
994 1702 1044 1730 tibi

254 1755 425 1778 reservatum
441 1749 576 1785 gustabis,
601 1749 672 1784 apud
689 1749 815 1776 homines
840 1752 931 1776 autem
949 1755 1044 1783 ecquos

253 1796 360 1831 judices
375 1795 486 1823 virtutis
501 1799 528 1823 et
544 1795 626 1823 studii
644 1795 786 1828 indefessi,
802 1794 894 1830 justos
915 1801 1044 1821 remune-

255 1845 361 1869 ratores
377 1841 438 1876 jure
451 1845 477 1869 et
491 1841 589 1868 merito
601 1840 736 1868 invenies.

1133 1193 1236 1230 Γράφω
1265 1193 1355 1221 ταῦτα
1370 1194 1419 1228 οὐχ
1448 1193 1535 1225 οὕτως
1562 1192 1680 1225 ἐλπίζων
1701 1193 1894 1229 συμϐήσεσθαι

1098 1240 1132 1266 τὰ
1149 1240 1213 1275 περὶ
1234 1239 1276 1272 σὲ,
1295 1239 1363 1267 ἀλλὰ
1375 1240 1426 1276 τὴν
1449 1239 1619 1274 πολύτροπον
1643 1238 1819 1274 ὑφορώμενος
1844 1239 1892 1266 τοῦ

1101 1285 1220 1322 πονηροῦ
1236 1286 1411 1321 δυσμένειαν,
1424 1288 1472 1312 καὶ
1497 1283 1553 1316 οἷος
1567 1286 1671 1316 ἐκεῖνος
1693 1285 1744 1311 οὐκ
1762 1284 1832 1320 ἔχων
1847 1285 1893 1312 ἐπὶ

1098 1332 1154 1363 τοῖς
1170 1331 1262 1363 καλοῖς
1280 1332 1406 1367 ἠρεμεῖν,
1423 1331 1493 1358 ἀλλὰ
1511 1331 1554 1358 διὰ
1573 1331 1674 1361 παντὸς
1687 1330 1782 1365 ἀγῶνα
1796 1331 1892 1358 ποιού-

1099 1385 1179 1412 μενος
1194 1376 1242 1404 τοῦ
1258 1377 1432 1412 λυμήνασθαι
1449 1378 1561 1409 αὐτοῖς·
1593 1369 1711 1412 μαλίσῖσ.
1732 1377 1760 1403 δὲ
1777 1377 1823 1403 ἐπὶ
1843 1376 1892 1403 τοῦ

1098 1422 1244 1458 παρόντος,
1275 1422 1358 1449 ὁπότε
1387 1422 1518 1450 τοσοῦτον
1553 1423 1722 1458 κατόρθωμα
1747 1422 1892 1457 γινόμενον

1097 1469 1201 1504 καθορᾷ
1213 1469 1260 1496 καὶ
1275 1469 1413 1505 σωτηρίαν
1433 1470 1481 1496 τοῦ
1498 1469 1668 1504 πλάσματος,
1687 1469 1757 1503 ὅπερ
1778 1469 1885 1499 ἐκεῖνος

1098 1516 1139 1547 είς
1151 1515 1293 1542 ἀπώλειαν
1315 1515 1345 1548 ἐξ
1361 1515 1450 1551 ἀρχῆς
1464 1516 1512 1542 καὶ
1529 1515 1610 1551 μέχρι
1622 1516 1670 1541 τοῦ
1682 1514 1730 1541 νῦν
1753 1515 1804 1540 οὐκ
1826 1513 1890 1549 ισχε

1099 1561 1179 1597 κόρον
1201 1561 1325 1594 amem.
1342 1561 1403 1587 οὐδὲ
1420 1561 1522 1592 πάσαις
1547 1562 1655 1597 τέχναις
1672 1562 1718 1588 καὶ
1736 1563 1890 1596 περινοίαις

1097 1605 1144 1632 τὸν
1159 1605 1356 1641 μισάνθρωπον
1371 1605 1468 1632 τοῦτον
1486 1606 1587 1642 δρόμον
1605 1606 1759 1641 τιθέμενος.
1775 1607 1889 1638 Τούτου,

1099 1651 1194 1678 τέκνον
1208 1651 1298 1687 ἡμῶν,
1312 1651 1346 1679 τὰ
1369 1651 1547 1688 τεχνάσματα
1571 1652 1767 1687 ἐπιστάμενος,
1791 1653 1838 1680 καὶ
1854 1652 1888 1679 δι’

1099 1694 1137 1724 ὧν
1153 1698 1315 1734 ιγράψαμεν
1329 1698 1423 1735 ὥσπερ
1442 1700 1713 1736 ὑπομιμνήσκοντες,
1738 1701 1785 1727 καὶ
1798 1701 1832 1727 δι’
1851 1698 1888 1727 ὧν

1097 1745 1179 1778 αὐτὸς
1191 1745 1387 1780 ἐπιγινώσκεις
1400 1748 1434 1782 τῇ
1450 1747 1528 1783 θεῖκῇ
1542 1747 1736 1783 συναντιλήψει
1752 1747 1890 1782 δυναμού-

1101 1800 1195 1827 μενος,
1221 1792 1268 1819 τὸν
1299 1793 1350 1828 μὲν
1375 1793 1495 1830 ὀφλῆσαι
1522 1793 1632 1828 γέλωτα
1666 1793 1889 1829 παρασκεύασον,

1099 1840 1215 1868 σεαυτὸν
1240 1840 1270 1868 δὲ
1291 1842 1376 1877 τιμῆς
1399 1842 1476 1875 ἄξιον
1492 1844 1539 1870 καὶ
1563 1843 1642 1877 δόξης
1663 1844 1738 1877 παρὰ
1754 1841 1822 1869 Θεοῦ
1840 1842 1890 1869 καὶ

254 1888 309 1915 τῶν
321 1888 367 1915 ἐπὶ
380 1888 438 1920 τοῖς
461 1887 594 1918 τοιούτοις
615 1887 831 1922 κατορθώμασιν
860 1887 1045 1923 ὀφειλομένων
1079 1888 1199 1916 ἐπαίνων
1215 1889 1263 1916 καὶ
1288 1890 1339 1925 τῆς
1373 1889 1569 1926 ἁνακηρύξεως
1600 1890 1675 1925 παρὰ
1690 1890 1744 1917 1τῶν
1767 1890 1889 1917 ἐπαινεῖν

252 1934 363 1963 εἰδότων
374 1934 425 1969 τὴν
440 1933 540 1969 ἀρετὴν
566 1934 616 1961 καὶ
641 1933 844 1969 ἀνακηρύττειν
870 1933 920 1968 τὴν
943 1935 1046 1970 ταύτης
1064 1934 1257 1972 λαμπρότητα,

305 1988 450 2017 CXXX“.
471 1988 756 2058 Steplnaqonbficltaeli
770 1992 796 2016 et
810 1988 997 2022 Constantino,

592 2032 621 2051 ra
636 2032 659 2050 rt
680 2033 720 2051 ιιε.

592 2032 720 2051 ramaus.

289 2070 399 2100 Homini
424 2069 622 2098 conscientiam
637 2089 645 2102 ,
668 2071 788 2098 maxime
819 2070 942 2099 divinam
969 2079 1047 2100 reve-

251 2117 335 2148 renti,
346 2116 475 2144 facillime
486 2115 631 2143 adhibetur
644 2114 711 2143 fides
723 2115 764 2143 vel
776 2115 835 2144 sine
845 2116 1041 2151 jurejurando;

253 2163 354 2191 multos
381 2163 456 2191 enim
473 2162 554 2191 docet
580 2162 750 2198 experientia
770 2161 842 2192 datis
864 2163 1040 2198 juramentis,

254 2217 351 2244 parum
366 2209 491 2242 stetisse,
507 2213 590 2244 atque
600 2208 713 2243 decepta
721 2208 818 2237 fiducia
831 2209 946 2236 aliorum
963 2209 1044 2238 fidem

255 2255 366 2290 penitus
382 2255 519 2284 delerunt.
546 2254 602 2283 Nos
617 2255 740 2290 quidem,
752 2255 790 2282 mi
805 2255 855 2288 illi,
876 2260 901 2283 te
919 2263 1043 2284 veracem

249 2301 408 2337 judicamus
446 2309 462 2329 a
486 2309 542 2336 quo
582 2309 723 2337 nunquam
757 2301 873 2338 decepti.
913 2302 1045 2331 Novimus

252 2349 327 2377 enim
353 2355 445 2376 mores
481 2351 545 2375 tuos
568 2353 596 2376 et
629 2347 684 2375 tuis
718 2347 808 2376 verbis
842 2348 930 2383 magis
960 2349 1047 2376 conli-

250 2397 343 2425 dimus
365 2403 448 2432 quam
461 2396 654 2431 plerarumque
681 2394 895 2429 assertionibus,
917 2397 1044 2430 quamvis

251 2451 316 2472 eum
340 2442 525 2478 jurejurando
554 2442 582 2469 in
605 2441 726 2469 medium
756 2441 879 2476 prolatis.
901 2441 996 2477 Itaque
1021 2442 1045 2469 si

251 2497 307 2518 non
323 2489 457 2521 fallimur,
471 2488 575 2524 gratias
592 2486 739 2515 referimus
754 2487 810 2515 Deo
826 2497 833 2516 :
849 2488 892 2515 sin
908 2495 952 2515 res
965 2487 1046 2515 aliter

252 2543 283 2562 se
302 2535 413 2567 habeat,
428 2525 526 2561 omnia
537 2534 618 2568 longe
630 2533 808 2568 projiciantur
818 2541 869 2561 nee
877 2533 929 2561 nisi
939 2533 967 2561 in
979 2541 1044 2568 peco

253 2585 315 2608 cata
339 2588 400 2609 mea
425 2580 606 2609 transferatur
625 2580 716 2616 culpa.
742 2579 821 2614 Quod
850 2580 949 2608 deinde
970 2580 1046 2616 pacis

255 2625 422 2653 mentionem
437 2623 518 2658 facis,
532 2625 585 2652 hoc
599 2625 672 2658 dico,
690 2633 743 2653 non
758 2625 792 2652 ad
807 2625 855 2652 tibi
875 2625 1045 2653 suadendum

255 2679 305 2699 nee
324 2671 437 2698 cuilibet
453 2671 498 2699 alii
515 2671 561 2706 qui
582 2678 680 2706 pacem
706 2670 833 2705 amplecti
851 2671 926 2699 visus
950 2671 1044 2704 fuerit,

255 2716 304 2744 sed
329 2715 452 2751 apertius
476 2717 512 2745 ad
535 2717 612 2745 illum
629 2717 736 2752 loquar,
766 2717 812 2745 cui
837 2717 929 2745 omnia
951 2718 1044 2746 cordis

255 2766 361 2790 secreta
376 2767 487 2796 patent;
503 2766 609 2790 tantum
622 2763 696 2791 enim
710 2763 776 2791 mihi
791 2763 861 2791 inest
878 2764 1044 2792 desiderium

257 2808 408 2836 Ecclesiam
420 2807 467 2837 Dei
481 2816 548 2845 pace
558 2809 694 2838 fruentem
705 2810 826 2846 videndi,
837 2817 863 2838 ιιι
875 2811 896 2839 si
908 2811 1045 2840 desiderio

1094 1991 1188 2025 I'Aq'.
1223 1990 1382 2026 Στεφάνῳ,
1411 1991 1556 2056 $532,170
1572 1993 1623 2020 καί
1657 1993 1888 2028 Κωνσταντίνῳ,

1451 2036 1565 2063 saga/9.

1137 2073 1286 2110 ’Δνθρώπῳ
1315 2074 1424 2101 σύνεσιν
1449 2074 1567 2110 τιμῶντι
1591 2076 1640 2102 καί
1665 2075 1783 2110 μάλιστα
1798 2075 1887 2107 θείαν,

1095 2121 1232 2157 εὐσταθὴς
1250 2122 1353 2158 τρόπος
1364 2121 1458 2149 δίδωσι
1480 2122 1511 2148 τὸ
1527 2123 1719 2155 πιστεύεσθαι,
1736 2123 1785 2158 οὺχ
1801 2123 1817 2158 ή
1831 2122 1888 2149 τῶν

1062 2186 1082 2214 D
1095 2167 1186 2214 ὅρκων
1215 2168 1383 2214 παράληψις.
1406 2167 1536 2214 Πολλοὺς
1549 2168 1604 2203 γάρ
1632 2168 1788 2214 ἤλεγξεν-η
1806 2170 1889 2204 πεῖρα

1098 2213 1170 2249 μετά
1196 2213 1252 2241 τῶν
1273 2214 1365 2249 ὅρκων
1389 2214 1499 2249 χείρους
1526 2213 1672 2248 ὀφθέντας,
1695 2213 1730 2240 δι’
1747 2212 1785 2242 ὧν
1809 2214 1888 2250 ἔσχον

1096 2260 1169 2286 κατὰ
1178 2259 1233 2286 τῶν
1249 2259 1456 2286 πιστευσάντων
1474 2259 1557 2286 πλέον
1577 2260 1618 2290 είς
1627 2259 1728 2286 κακίαν
1749 2261 1887 2293 ἐπιδείξι-

1097 2305 1171 2339 σθαι,
1186 2305 1203 2340 ἧ
1218 2305 1242 2331 ει
1255 2305 1294 2340 μὴ
1309 2305 1526 2336 πεπιστευκότες
1551 2304 1694 2339 ὤφθησαν.
1715 2305 1810 2340 Ἡμεῖς
1827 2306 1887 2339 οὖν,

1095 2351 1194 2377 τέκνον
1209 2350 1299 2385 ἡμῶν,
1315 2351 1341 2377 εἰ
1359 2350 1397 2385 μὴ
1413 2350 1617 2387 ἐξηπατήμεθα
1636 2351 1687 2378 οὐκ
1701 2351 1735 2378 ἂν
1751 2352 1784 2388 δὴ
1803 2354 1888 2388 φαίην

1096 2397 1151 2424 τῶν
1165 2396 1314 2432 εὐσταθείᾳ
1332 2397 1435 2432 τρόπου
1451 2397 1662 2432 σεμνυνομένων
1682 2398 1784 2430 εἰδότες
1802 2399 1887 2434 ὑμᾶς,

1101 2444 1146 2470 ὅτε
1158 2445 1193 2470 τὰ
1208 2443 1330 2479 ὑμέτερα
1347 2442 1544 2479 ὲγινώσκομεν,
1569 2443 1661 2480 ἐκείνῃ
1691 2445 1792 2480 μᾶλλον
1811 2445 1889 2471 τιθέ-

1099 2491 1170 2525 μεθα
1183 2491 1216 2525 τῇ
1237 2489 1303 2525 περὶ
1322 2489 1400 2525 ὑμῶν
1427 2490 1573 2526 ὑπολήψει,
1588 2491 1605 2526 ἢ
1617 2492 1650 2526 τῇ
1668 2491 1700 2517 ὲκ
1723 2491 1779 2518 τῶν
1795 2491 1887 2527 ὅρκων

1097 2535 1308 2572 προϐαλλομένη
1325 2535 1500 2571 πληροφορίᾳ
1510 2543 1517 2549 ·
1540 2537 1588 2564 καὶ
1601 2537 1627 2563 εί
1638 2536 1688 2572 μὲν
1704 2537 1755 2564 οὐκ
1776 2537 1888 2563 ἅπατῶ‹

1098 2589 1149 2616 μεν
1159 2580 1197 2616 τῷ
1209 2580 1268 2616 Θεῷ
1280 2581 1371 2616 χάρις.
1401 2581 1432 2608 El
1451 2581 1474 2608 δ’
1485 2581 1573 2612 ἄλλως
1594 2580 1664 2616 εχει,
1677 2581 1736 2609 ἀλλ’
1763 2582 1888 2617 ἑρῤίφθω

1097 2626 1179 2654 τοῦτο
1193 2627 1233 2659 είς
1247 2627 1358 2663 τρισους
1370 2626 1503 2659 ἀϐάτους,
1525 2627 1572 2654 καὶ
1586 2627 1675 2659 οὕτως
1698 2627 1786 2660 οὐδεὶς
1807 2628 1887 2659 ἄλλος

1096 2671 1145 2707 τὴν
1170 2672 1260 2699 αἰτίαν
1287 2671 1357 2705 ἔξει,
1376 2671 1436 2698 ἀλλ’
1462 2672 1503 2702 είς
1532 2672 1582 2704 τὰς
1609 2671 1679 2706 ἐμὰς
1701 2671 1887 2706 ἀνυσθήσεται

1098 2719 1246 2753 ἁμαρτίας.
1268 2718 1344 2744 Ἐπεὶ
1357 2718 1385 2744 δὲ
1402 2718 1516 2754 είρήνης
1531 2718 1682 2753 ὲμνήσθης,
1695 2717 1786 2744 ἐκεῖνό
1802 2726 1885 2752 φημι,

1096 2764 1127 2790 οὐ
1141 2765 1171 2790 σὲ
1187 2764 1302 2798 πείθων,
1317 2763 1372 2790 οὐδ’
1390 2763 1471 2791 ἄλλον
1486 2763 1532 2790 τὸν
1547 2763 1573 2789 εἰ
1589 2771 1631 2795 τις
1653 2763 1727 2790 δοκεῖ
1741 2762 1886 2797 ὀνομάζειν

1097 2811 1220 2847 εἰρήνην,
1238 2811 1308 2840 ἀλλὰ
1323 2811 1391 2847 πρὸς
1403 2810 1508 2838 ἐκεῖνον
1530 2811 1637 2846 φανερὰ
1657 2810 1739 2844 λέγω,
1759 2806 1780 2843 ᾧ
1798 2810 1887 2838 πάντα
