2020 3080
159 139 209 171 3η

881 141 926 168 ΕΡ
933 138 1085 168 lS'l'OIJE.

1721 139 1770 169 302

159 186 192 211 τὰ
203 185 253 218 τῆς
266 185 377 219 καρδίας
393 185 471 220 ἡμῶν
487 185 685 220 πεφανέρωται.
711 184 748 215 ὡς
763 184 880 218 τοσαύτη
897 193 930 216 pa

997 191 1058 209 meo
1095 181 1260 212 sutislierct,
1296 182 1397 208 ultimis
1420 190 1462 208 me
1498 191 1658 215 exponerem
1683 185 1770 210 malis.

159 229 250 264 ἔφεσις
259 229 305 256 τοῦ
317 231 365 265 τὴν
373 230 535 264 Ἐκκλησίαν
549 229 707 264 εἰρηνεῦσαι
721 228 785 255 ἰδεῖν
798 229 845 254 τοῦ
859 229 936 259 Θεοῦ,

159 275 195 305 ὼς
208 276 232 301 ει
242 275 320 302 τοῦτο
328 275 481 310 ἠκολούθει,
501 276 567 310 μηδὲ
579 275 628 308 τὴν
647 276 686 305 εἰς
700 274 813 307 γέενναν
826 273 872 299 τοῦ
887 281 937 298 πυ-

161 320 206 353 pb;
228 320 452 355 παραιτήσασθαι
481 321 567 355 ῥίψιν.
583 320 640 346 Νῦν
661 319 689 345 δὲ
704 320 737 354 ἣν
751 320 775 346 οἱ
789 318 938 353 ἀπερισκέ-

160 372 234 395 πτως
251 365 426 399 ἐπιζητοῦσιν
455 365 577 399 εἰρήνην,
608 364 685 391 οὐδὲν
700 364 794 398 ἕτερόν
822 364 905 394 ἐστιν,
920 363 937 397 ἢ

159 409 311 444 πρόσληψις
328 410 381 436 τῶν
397 411 434 444 μὴ
450 410 595 440 συνόντων,
614 410 659 436 καὶ
675 409 794 444 ἀποϐολὴ
809 409 863 435 τῶν
879 417 942 434 συν-

159 453 252 478 όντων.
269 453 354 479 Τοῦτο
368 454 389 479 δ’
405 454 438 480 ἄν
457 462 498 484 τις
513 454 584 480 εἴποι
596 454 692 480 ἕνωσιν
710 453 757 478 καὶ
770 451 940 487 εὐφροσύνην

142 499 144 519 ἰ
157 498 208 530 τῆς
220 498 265 524 τοῦ
281 498 349 524 Θεοῦ
381 492 558 533 Ἐκκλησίας,
571 498 629 524 ἀλλ’
646 499 677 524 οὐ
695 497 773 533 ῥῆξιν
788 497 880 531 πολλῷ
896 496 940 523 ἁ).-

157 543 313 579 γεινοτέραν
329 544 377 570 καὶ
388 544 612 579 σκυθρωπότητα,
624 544 676 570 οὒκ
690 541 749 570 οἶδα
764 543 841 574 ποίας
857 543 939 577 ἐσχα-

993 227 1080 260 Quam
1100 232 1189 254 autem
1210 227 1247 253 illi
1269 234 1363 261 pacem
1382 227 1582 255 inconsiderate
1599 229 1769 262 perquirunt,

993 273 1061 299 nihil
1071 273 1143 299 aliud
1158 277 1200 299 est
1209 280 1290 306 quam
1302 274 1451 306 assumptio
1460 273 1610 300 absentium
1622 278 1649 300 et
1660 273 1770 306 reiectio

993 317 1180 351 prtesentium.
1208 315 1275 348 Quis
1294 323 1358 343 vero
1381 316 1535 344 istiusmodi
1549 325 1605 344 rem
1627 322 1770 344 voratur-us

992 362 1027 388 sit
1043 362 1170 388 unionem
1189 365 1216 388 et
1231 361 1440 395 prosperitatem
1463 361 1591 389 Ecclesite
1605 362 1671 388 Dei!
1689 362 1770 396 Equi-

990 406 1050 432 dem
1074 406 1175 432 nullam
1201 406 1279 432 video
1303 412 1442 440 rupturam
1468 407 1512 433 illa
1537 407 1768 441 perniciosiorem,

989 452 1090 478 nullam
1110 452 1189 486 cujus
1209 451 1272 479 ﬁnis
1287 452 1322 478 sit.
1343 452 1538 479 miserabilior.
1554 452 1637 479 Vobis
1655 454 1770 487 pruden-

990 497 1063 524 tibus
1080 505 1133 524 non
1159 497 1247 525 solum
1273 498 1442 531 apparentia,
1464 497 1505 524 uti
1518 497 1558 530 ﬁt,
1574 499 1769 525 consideranda

989 547 1064 575 sunt,
1081 543 1128 570 scd
1144 548 1169 570 et
1185 544 1228 570 illa
1248 551 1309 578 quae
1323 551 1354 570 ex
1371 544 1564 577 apparentibus
1579 549 1716 571 ctnanant.

156 591 214 620 τιᾶς
241 591 289 616 οὐκ
311 587 392 616 οὖσαν
414 590 619 625 ὲσχατωτέραν;
642 590 701 624 Χρὴ
729 589 757 616 δὲ
787 589 934 624 φρονίμους
966 589 1044 621 ὄντας
1070 590 1142 623 ὑμᾶς
1160 590 1197 624 μὴ
1227 590 1306 623 μόνον
1333 590 1363 616 τὸ
1384 589 1414 621 ἐξ
1436 591 1567 625 ἐπιπολῆς
1586 591 1651 626 όρᾷν
1681 592 1772 626 φαινό-

158 645 246 673 μενον,
270 636 337 663 ἀλλά
359 636 404 662 καὶ
420 637 470 662 ὅσα
485 637 539 667 τοῖς
556 637 730 671 φαινομένοις
749 635 929 669 ἐξακολουθεῖ.

241 694 323 721 PAZ'.
351 694 481 729 Ἰγνατίῳ
499 694 703 729 μητροπολίτῃ
721 693 856 723 Κυζίκου.

194 751 380 787 Ἐπιστὰμεθα
396 751 445 787 τὴν
464 751 602 786 ὑμετέραν
624 751 800 786 τελειοτάτην
815 751 933 783 σύνεσιν,

154 796 200 822 καὶ
215 798 299 831 χωρἰς
311 797 359 831 τῆς
382 798 520 832 ἡμετέρας
536 797 705 831 προτροπῆς,
721 796 827 822 οἴκοθεν
843 804 933 822 κινου-

1040 691 1194 718 CXXXVII.
1212 693 1318 726 Ignatio
1335 692 1523 727 Cyziceuorum
1542 693 1726 727 ntetropolita'.

1024 747 1164 774 Summam
1174 752 1289 775 vestram
1302 748 1504 782 intelligentiam
1518 750 1641 776 novimus
1661 757 1720 783 quae
1735 758 1767 776 ex

986 793 1114 827 ipsamet,
1133 793 1212 821 nobis
1238 802 1290 821 non
1317 794 1500 827 hortantibus,
1515 795 1581 822 bene
1605 796 1692 822 vultei
1723 797 1769 830 qui

155 841 239 875 μένην
253 841 403 875 συμπαθῶς
417 841 489 876 ἔχειν
501 841 570 876 πρὸς
593 841 638 866 τὸν
652 842 823 875 κατατχόντα
840 840 888 875 τὴν
906 841 930 866 ὲν

985 842 1056 871 ante;
1072 845 1120 865 vos
1157 838 1351 873 Cyzicenornm
1369 839 1518 866 Ecclesiam
1548 840 1634 872 rexit;
1671 840 1770 867 nihilo-

153 884 264 920 Κυζίκῳ
284 885 446 919 Ἐκκλησίαν
462 885 513 919 πρὸ
530 885 578 919 τῆς
596 885 646 919 σῆς
666 886 815 919 ὁσιότητος.
838 885 933 919 Ὅμως

152 929 180 954 δὲ
192 929 232 954 ὃτι
243 929 292 955 καὶ
303 930 377 964 ἡμᾶς
392 928 508 961 ἀξιῶσαι
522 929 536 954 ὁ
552 928 695 962 ἄνθρωπος
705 927 829 962 διενοήθη
841 927 934 952 ἕνεκεν

152 975 198 1002 τοῦ
211 976 312 1010 γράψαι
325 975 392 1010 πρὸς
405 976 433 1001 σε
457 975 526 1001 ὥστε
559 974 764 1009 ἀνεπηρέαστον
787 972 862 1007 αὐτῷ
883 972 933 1006 τὴν

153 1020 226 1052 ζωὴν
240 1018 310 1046 εἶναι
322 1021 353 1046 ἐκ
369 1020 422 1046 τῶν
446 1019 595 1054 φιλούντων
611 1018 787 1052 ἐπεμόαίνειν
804 1018 864 1048 ταῖς
888 1017 933 1043 ἀλ-

150 1065 271 1101 λοτρίαις
283 1065 399 1101 θλίψεσι,
418 1066 468 1100 φεῦ
485 1066 535 1099 τῆς
547 1064 841 1098 καταδυναατευσὰσης
852 1066 881 1089 ὲν
894 1063 932 1097 τῷ

151 1111 314 1145 ἀνθρωπίνῳ
335 1111 408 1144 γένει
425 1109 524 1141 κακίας
538 1110 544 1135 l
559 1109 588 1135 τὸ
608 1109 697 1142 παρόν
717 1116 757 1134 σοι
777 1107 930 1141 διεπέμψα-

152 1166 202 1191 μεν
224 1157 357 1191 γράμμα,
387 1157 479 1182 ἐκεῖνα
506 1155 539 1181 δι’
569 1154 652 1181 αὑτοῦ
684 1152 930 1189 προτρεπόμενοιᾶ

150 1201 333 1237 προλαῆόντες
349 1202 463 1235 εἴπομεν
480 1201 527 1226 καὶ
541 1200 649 1234 φρονεῖς
671 1199 718 1224 καὶ
736 1199 833 1228 ποιεῖς,
848 1198 879 1230 τῇ
897 1198 928 1231 σῇ

149 1246 331 1281 φιλανθρώπῳ
347 1246 505 1280 κινούμενος
519 1245 648 1271 διαθέσει.
666 1243 804 1278 Ἐστιδὲή
818 1242 929 1274 ἀξίωσις

151 1292 184 1326 ἢν
200 1290 341 1326 ήξιώμεσα
351 1291 397 1317 τοῦ
422 1290 532 1317 καθίσαι
550 1291 631 1316 αὑτὸν
657 1290 686 1316 ὲν
703 1289 741 1323 τῷ
757 1287 930 1324 μοναστηρίῳ

148 1335 177 1362 οὗ
190 1334 224 1371 ἦν
236 1337 280 1362 ὅτε
295 1337 344 1370 τῆς
361 1336 555 1371 μητροπόλεως
569 1334 754 1369 ἁπεκεκίνητο
768 1333 924 1367 καθεζόμε-

148 1390 209 1411 νο;·
236 1382 284 1407 καὶ
307 1379 376 1408 εἶναι
398 1381 472 1414 αὐτῷ
487 1381 534 1407 καὶ
545 1380 608 1411 τοὺς
624 1381 683 1406 ἐκεῖ
696 1379 928 1415 προσεδρεύοντας

148 1428 180 1461 τῇ
193 1427 297 1453 ἐκείνου
314 1427 510 1461 ἀνακειμένους
524 1426 672 1461 θεραπείᾳ,
692 1426 738 1451 καὶ
753 1425 825 1451 κατὰ
845 1424 929 1458 μηδε·

150 1473 214 1506 μίαν
230 1472 319 1499 αἰτίαν
333 1471 406 1506 αὺτῴ
424 1472 552 1506 θλίψεως,
566 1471 583 1506 ἥ
601 1470 783 1505 στενοχωρίας
801 1469 928 1503 ἀφορμὴν

149 1518 362 1552 παρεχομένους,
376 1517 492 1552 μάλιστα
507 1515 741 1550 ἐπαγγελλομένου
753 1513 846 1546 αὐτοῦ,
862 1514 932 1548 ὅπερ

148 1564 196 1588 καὶ
217 1562 398 1597 πεπείσμεθα,
419 1563 449 1588 τδ
463 1561 585 1592 ἐπιεικὲς
607 1560 655 1586 τοῦ
677 1558 822 1595 ἀνθρώπου
839 1559 931 1591 ὲπιγι-

148 1608 308 1641 νώσκοντες,
321 1608 358 1639 ὼς
377 1608 452 1634 οὐδὲν
468 1607 529 1634 οὔτε
547 1607 611 1641 ὑμῖν
632 1605 751 1639 ἐπαχθὲς
769 1606 836 1639 παρ’
849 1603 931 1631 αὑτοῦ

986 883 1077 910 minus
1103 883 1128 909 itl
1149 883 1230 910 homo
1245 888 1373 918 precatus
1395 888 1436 911 est
1458 889 1487 911 ut
1505 885 1609 912 litteras
1635 886 1667 912 ad
1682 890 1708 912 te
1723 886 1770 913 da-

986 936 1076 955 remus
1091 932 1119 955 ut
1143 928 1225 955 vitam
1246 929 1298 955 sibi
1321 929 1410 956 virere
1425 930 1510 964 possit
1534 937 1657 957 securam
1680 931 1714 957 ab
1737 932 1770 957 iis

984 975 1043 1008 qui,
1072 977 1182 1008 propter
1207 974 1377 1008 congenitam
1407 975 1546 1002 hominum
1572 975 1714 1006 malitiam,
1741 977 1768 1003 in

985 1019 1082 1045 alienis
1112 1018 1280 1046 olfentlendis
1306 1019 1483 1046 delectantur.
1513 1021 1660 1048 Pra‘sentes
1689 1022 1770 1056 igitur

983 1063 1080 1090 damus
1107 1063 1209 1090 litteras
1230 1065 1302 1097 licet,
1333 1069 1362 1091 ut
1392 1073 1475 1100 supra
1503 1066 1632 1098 diximus,
1658 1069 1769 1102 proprio

983 1109 1129 1135 voluntatis
1162 1114 1235 1136 tnotu
1266 1117 1326 1136 eum
1343 1110 1399 1144 jam
1429 1111 1597 1138 humanitate
1634 1117 1679 1139 tua
1712 1120 1769 1140 οισι-

982 1153 1117 1187 plectat-is.
1139 1153 1268 1181 Precatur
1282 1162 1390 1189 quoque
1415 1160 1443 1182 ut
1475 1163 1522 1190 per
1550 1165 1593 1184 tne
1618 1158 1668 1192 ipsi
1689 1159 1767 1193 copia

982 1199 1027 1225 ﬂat
1048 1199 1075 1224 in
1091 1199 1286 1225 monasterium
1306 1200 1435 1226 redeundi
1459 1208 1513 1235 quo
1540 1202 1656 1233 vivebat,
1671 1210 1733 1229 cum
1753 1211 1767 1230 a

981 1242 1122 1276 metropoli
1157 1248 1357 1276 amoveretur;
1391 1244 1457 1278 petit
1498 1250 1527 1272 ut
1560 1246 1607 1280 qui
1637 1253 1769 1274 monaste-

980 1288 1021 1314 rio
1040 1293 1066 1315 et
1082 1287 1194 1314 servitio
1211 1292 1343 1322 prresunt,
1366 1288 1392 1315 in
1423 1290 1495 1316 nulla
1516 1297 1545 1317 re
1565 1291 1651 1325 ipsum
1681 1292 1768 1319 laces-

979 1338 1041 1361 sant
1067 1339 1114 1361 aut
1147 1333 1375 1361 oﬂ'entliculorum
1408 1335 1579 1363 occasionem
1610 1338 1767 1370 suscitent;

979 1379 1114 1414 promittit
1141 1380 1190 1412 (et
1214 1380 1379 1407 conlidimus
1404 1381 1449 1414 qui
1478 1381 1621 1416 benignam
1650 1383 1767 1409 hominis

980 1429 1105 1451 naturam
1123 1425 1271 1459 novimus),
1296 1433 1348 1452 nec
1367 1426 1456 1457 vobis.
1475 1434 1523 1454 nec
1548 1428 1574 1453 in
1602 1430 1766 1455 monasterio

982 1470 1144 1504 degentibus
1173 1470 1338 1498 incommodi
1352 1472 1416 1505 quid
1431 1480 1479 1499 sua
1497 1474 1575 1507 culpa
1588 1479 1746 1502 eventurum
1759 1484 1766 1507 ;

986 1515 1041 1541 imo
1070 1515 1188 1549 majores
1213 1516 1311 1542 animae
1343 1520 1370 1542 et
1393 1517 1516 1551 corporis
1546 1520 1765 1548 commoditates.

981 1566 1062 1593 quam
1091 1559 1190 1592 quibus
1220 1560 1248 1586 in
1280 1561 1407 1594 praesenti
1435 1561 1569 1593 fruantur,

980 1612 1072 1632 9888..

1608 1570 1767 1590 accessurus

147 1654 309 1687 ἀπαντήσει,
327 1653 388 1679 οὒτε
403 1655 459 1684 τοῖς
475 1654 504 1679 ἐν
523 1652 562 1687 τῷ
585 1651 757 1687 μοναστηρίῳ
772 1651 803 1677 τὸ
817 1651 923 1684 διάγειν
943 1649 1071 1684 λαχοῦσιν
1083 1659 1090 1665 ·
1109 1651 1177 1677 ἀλλὰ
1208 1652 1308 1685 μᾶλλον
1321 1653 1414 1684 αὐτοῖς
1447 1655 1656 1689 περιγενήσεται
1675 1656 1766 1691 πλέον,

147 1702 163 1734 ἦ
191 1701 253 1726 ὅσον
278 1700 325 1725 νῦν
350 1699 515 1725 ἀπολαύουσι
540 1698 662 1733 ψυχικῆς
688 1698 735 1724 καὶ
761 1698 923 1731 σωματικῆς
942 1696 1076 1731 ὡφελείας
1092 1697 1107 1731 ή
1123 1698 1307 1732 περιποιησις.

408 1755 495 1781 PAH’.
518 1753 559 1786 Τῷ
579 1752 670 1786 αὐτῷ.

190 1813 337 1848 Ἀνηνὲχθη
353 1812 392 1847 τῷ
415 1811 484 1846 ἁγίῳ
499 1810 558 1846 Θεῷ
572 1810 732 1845 εὐχαριστία
746 1810 822 1845 ἡμῖν,
836 1809 929 1844 ὥσπερ

149 1858 222 1890 ἔθος,
235 1858 321 1893 ὲπὶτῇ
336 1857 412 1892 ὑμῶν
433 1856 555 1891 σωτηρίᾳ
577 1857 623 1882 καὶ
643 1856 819 1890 συντηρήσει,
835 1855 929 1881 τέκνον

148 1904 225 1938 ὴμῶν
240 1903 322 1938 ἱερὸν,
340 1903 387 1929 καὶ
403 1902 540 1938 εὐχόμεθα
555 1902 602 1928 καὶ
618 1901 659 1928 ἐτι
683 1909 713 1926 σε
737 1900 928 1935 διατηρεῖσθαι

147 1948 199 1975 ὑπὸ
212 1949 271 1980 ταῖς
287 1948 374 1979 θείαις
389 1948 501 1982 πτέρυξι
518 1946 718 1980 φυλαττόμενον
731 1946 816 1973 κακοῦ
827 1945 927 1976 παντὸς

148 1993 251 2027 ἀπαθῆ.
268 1993 307 2019 Τὰ
320 1993 348 2018 62-:
366 1993 487 2026 ἡμέτερα
502 1993 527 2018 τί
545 1992 576 2018 ἂν
591 1993 677 2023 εῐπω;
704 1991 776 2026 Πλὴν
792 1990 870 2017 τοῦτό
888 1999 929 2016 σοι

146 2038 272 2072 γνωρίζω
285 2038 353 2072 πρὸς
372 2037 454 2072 μόνην
468 2038 516 2071 τὴν
532 2037 587 2064 ἂνω
602 2037 804 2070 ἁποσαλεύομεν
825 2036 927 2070 ἀγαθό-

145 2092 227 2118 τητα,
244 2083 377 2118 κρύπτειν
395 2083 547 2117 δυναμένην
560 2083 594 2108 τὰ
610 2082 700 2118 πλήθη
716 2082 769 2108 τῶν
781 2082 925 2117 ἁμαρτιῶν

146 2127 235 2163 ἡμῶν,
251 2127 280 2159 ἐξ
295 2124 332 2153 ὧν
349 2127 395 2152 καὶ
410 2127 475 2161 ἡμῖν
491 2127 537 2152 καὶ
551 2126 631 2152 παντὶ
649 2126 689 2161 τῷ
703 2126 784 2160 κοινῷ
802 2126 922 2160 ἐπεχύοη

145 2173 159 2198 ὁ
175 2172 301 2203 τοσοῦτος
325 2172 406 2206 ζόφος
422 2172 475 2198 τῶν
489 2171 623 2206 θλίψεων·
647 2172 713 2206 πρὸς
726 2172 756 2198 ὃν
769 2171 927 2205 ἀπαγορεύ-

145 2227 241 2250 σαντες
265 2217 355 2252 ζῶμεν
371 2218 399 2243 οὐ
425 2217 535 2249 ζῶντες,
552 2217 599 2244 καὶ
622 2217 796 2253 βαρυνόμεθα
813 2218 860 2248 τὰς
878 2216 926 2242 τοῦ

145 2265 222 2300 ἡλίου
254 2263 370 2299 ὁρῶντες
395 2264 517 2295 ἀκτῖνας,
546 2264 593 2289 καὶ
624 2263 693 2297 μετὰ
717 2263 772 2289 τῶν
790 2264 818 2289 ὲν
831 2263 925 2297 τάφοις

145 2309 297 2344 ἀγαπῶμεν
329 2308 433 2344 μᾶλλον
464 2307 670 2339 συντάττεσθαι,
694 2307 710 2342 ἦ
731 2307 784 2333 τῶν
809 2308 860 2333 ὑπὸ
888 2307 927 2342 τῷ

146 2355 213 2389 ήλίῳ
228 2355 385 2388 διαγόντων.
413 2354 454 2380 Τὰ
474 2353 524 2388 μὲν
541 2353 663 2388 ἡμέτερα
674 2352 795 2379 τοιαῦτα.
814 2352 846 2378 Σὲ
856 2351 896 2383 δὲ,
913 2351 926 2378 ὂ

145 2402 192 2427 καὶ
215 2400 321 2434 φθάσας
347 2398 434 2430 εἷπον,
461 2399 504 2432 εἴη
525 2399 614 2433 πάσης
646 2397 793 2429 κακώσεως
815 2399 848 2432 τῇ
867 2397 927 2431 θείᾳ.

146 2445 345 2481 φρουρούμενον
360 2444 486 2479 εὐμενείᾳ.
498 2444 625 2478 ὑπεράνω
641 2443 782 2469 διατελεῖν.

267 2513 348 2540 ΡΛΘ’.
366 2513 410 2545 Τῷ
429 2513 549 2547 ἄρχοντι
571 2514 631 2539 τῶν
644 2513 807 2547 ἀρχόντων.

182 2583 264 2609 Οὐδὲν
289 2581 429 2612 εὐσεϐείας
459 2581 765 2616 περισπουδαστότερον,
794 2581 854 2607 οὐδὲ
881 2581 920 2614 τῷ

144 2628 227 2655 παντὶ
243 2627 292 2662 βιῳ
306 2627 360 2653 τῶν
371 2625 521 2660 ἀνθρώπων
535 2626 786 2661 σωτηριωδέστερον
796 2634 804 2642 ⁸
824 2627 925 2661 ταύτης

145 2674 199 2708 γὰρ
220 2671 480 2707 ἐμπολιτευομένης,
498 2670 548 2697 οὐκ
573 2670 670 2705 ἄδηλον
685 2670 722 2701 ὡς
741 2670 923 2704 θεραπεύεται

144 2719 222 2750 Θεός.
238 2717 305 2743 Θεοῦ
321 2717 349 2742 δὲ
364 2716 498 2751 θεραπεία
513 2716 600 2742 πάντα
618 2716 666 2750 μὲν
682 2717 793 2750 χορηγεῖ
806 2716 839 2742 τὰ
854 2715 924 2742 καλὰ

144 2765 192 2791 καὶ
209 2762 396 2798 συμφέροντα,
414 2761 523 2787 πάντων
542 2760 569 2786 δὲ
586 2760 640 2786 τῶν
670 2760 836 2794 ἀσυμφόρων
857 2761 923 2786 ἀπε-

143 2810 236 2836 λαύνει
255 2808 303 2843 τὴν
324 2807 486 2842 παρουσίαν.
499 2807 592 2837 Οὕτως
607 2807 653 2832 καὶ
671 2806 724 2841 ἰδίᾳ
740 2806 856 2837 ἕκαστος
871 2815 924 2840 μα-

300 2856 432 2885 Ριτιιοι..
453 2855 510 2884 Gn.
529 2854 603 2885 CXI.

1232 1752 1300 1780 CXX
1307 1753 1326 1779 λ
1334 1753 1399 1780 VIII.
1432 1754 1534 1782 Eidem.

1018 1807 1070 1834 Pro
1092 1809 1179 1836 salute
1202 1813 1230 1835 et
1251 1810 1456 1837 conservatione
1480 1816 1579 1843 vestra,
1596 1813 1630 1838 mi
1656 1813 1705 1846 (ili,
1725 1815 1763 1840 uti

979 1854 1111 1887 solemus,
1137 1854 1192 1882 Deo
1214 1861 1308 1882 sancto
1324 1856 1424 1890 gratias
1440 1857 1546 1890 egimus
1564 1865 1590 1884 et
1607 1859 1695 1893 ipsum
1714 1861 1763 1886 ad-

980 1908 1122 1934 precamur
1142 1906 1171 1927 ut
1189 1901 1240 1928 sub
1264 1901 1365 1928 divinis
1383 1902 1433 1928 alis
1457 1907 1606 1936 protectum
1634 1910 1659 1930 te
1673 1909 1764 1931 custo‘

981 1946 1036 1972 diat
1053 1946 1087 1973 ab
1106 1946 1181 1972 omni
1199 1946 1270 1972 malo
1301 1946 1479 1974 incolumem.
1510 1949 1578 1981 Quid
1604 1950 1636 1976 de
1663 1951 1763 1977 nostris

979 1991 1089 2018 dicam?
1107 1991 1164 2018 Hoc
1179 2000 1262 2018 unum
1279 1991 1326 2018 tibi
1347 1997 1439 2019 notum
1453 1994 1525 2025 volo,
1535 2001 1585 2020 nos
1601 1995 1626 2021 in
1647 2003 1763 2029 superna

978 2035 1096 2063 bonitate
1122 2037 1267 2068 conlidere,
1283 2045 1344 2071 qua:
1361 2038 1418 2065 sola
1446 2039 1645 2066 multitudinem
1663 2048 1760 2074 pecca-

976 2084 1066 2107 torum
1083 2087 1236 2108 nostrorum
1252 2082 1337 2116 possit
1350 2083 1486 2116 obtegere,
1503 2084 1573 2112 unde
1584 2086 1660 2112 nobis
1677 2091 1703 2112 et
1720 2091 1762 2112 to-

974 2125 993 2151 ti
1009 2126 1130 2153 societati
1161 2131 1235 2153 tanta
1265 2127 1470 2155 tribulationum
1499 2130 1617 2164 procella
1642 2131 1763 2158 immissa

945 2168 1031 2202 Desl,
1048 2171 1074 2198 in
1099 2179 1151 2205 qua
1172 2172 1289 2200 vivimus
1319 2174 1402 2200 vitam
1426 2182 1481 2201 non
1508 2176 1635 2209 vitalem;
1658 2178 1762 2211 gravati

979 2215 1101 2242 videmus
1113 2216 1204 2244 radios
1216 2217 1281 2244 solis
1292 2223 1318 2244 et
1332 2219 1418 2246 satitts
1431 2219 1555 2248 ducimus
1571 2221 1598 2248 in
1629 2223 1762 2256 sepulcris

980 2261 1140 2295 degentibus
1165 2264 1340 2291 annumerari
1359 2272 1438 2298 quam
1457 2267 1508 2293 sub
1526 2267 1584 2294 sole
1598 2268 1761 2294 viventibus.

980 2306 1018 2333 En
1033 2313 1133 2334 nostra.
1148 2309 1227 2335 sicuti
1252 2314 1335 2340 sunt;
1358 2316 1384 2337 te
1402 2316 1493 2339 autem
1514 2313 1548 2340 ab
1563 2314 1636 2340 omni
1658 2315 1761 2341 malilia

979 2351 1119 2379 liberatum
1130 2374 1136 2384 ,
1152 2355 1382 2388 quemadmodum
1400 2357 1453 2391 iam
1469 2357 1540 2390 dixi,
1557 2359 1647 2386 divina
1667 2360 1761 2386 Provi-

978 2398 1067 2424 dentia
1083 2399 1222 2425 custodiat
1235 2404 1261 2427 et
1277 2403 1419 2435 protegat!

1134 2513 1276 2542 CXXXIX.
1296 2514 1413 2558 Principi
1427 2517 1586 2551 principum.

1012 2578 1054 2606 Nil
1080 2580 1178 2614 pietate
1204 2581 1326 2609 sedulius
1344 2583 1555 2616 exquirendum,
1573 2584 1610 2611 nil
1637 2586 1763 2613 humanae

976 2625 1037 2651 vitae
1050 2625 1206 2653 salutarius.
1233 2625 1269 2653 Ea
1287 2626 1314 2653 in
1341 2627 1478 2661 republica
1493 2634 1629 2663 versante,
1645 2631 1759 2658 manife-

975 2674 1046 2698 stum
1065 2671 1094 2697 tit
1108 2672 1178 2706 quod
1195 2671 1265 2699 Deus
1276 2672 1393 2700 colitur:
1410 2673 1484 2708 atqui
1500 2673 1546 2701 Dei
1566 2675 1654 2704 cultus
1670 2678 1761 2704 omnia

976 2716 1084 2743 adducit
1103 2717 1172 2743 bona
1186 2718 1393 2752 commodaque,
1422 2726 1516 2746 omnes
1542 2726 1630 2748 autem
1655 2728 1762 2749 amovet

977 2763 1145 2790 calamitates
1156 2771 1162 2789 :
1172 2763 1235 2791 hinc
1249 2763 1361 2791 feliciter
1372 2765 1443 2792 vivet
1453 2771 1479 2793 et
1491 2766 1608 2801 qttisque
1620 2768 1758 2802 privatim,

973 2812 1000 2834 et
1023 2807 1131 2842 domus,
1161 2813 1187 2836 et
1206 2809 1311 2842 civitas,
1332 2810 1425 2845 utique
1439 2815 1467 2838 et
1480 2819 1545 2846 gens
1560 2819 1668 2847 quoque
1691 2813 1762 2843 felici

1529 2857 1564 2888 12
