2020 3080
170 171 223 202 3T3

904 169 1106 199 EPISTOLE.

1739 162 1792 196 3η

172 226 291 262 ἰδιωτείᾳ
317 227 404 262 λόγων
436 229 525 263 ψυχῆς
557 229 670 264 ἄλγημα
698 228 827 263 σφοδρόν.
858 227 957 260 ’Λκοὴν

1011 225 1074 252 bum
1091 225 1174 252 animi
1195 225 1315 252 dolorem
1341 225 1480 259 perspicit.
1504 224 1665 260 simpliciter
1688 223 1791 250 scribo.

171 273 331 308 ἠκούσαμεν
352 275 422 308 μετὰ
432 275 482 308 τὴν
499 274 547 301 τοῦ
562 275 694 310 βασιλέως
709 275 738 307 ἐξ
754 274 833 309 ἡμῶν
848 271 956 307 ἀναχώ-

173 326 262 352 ρησιν,
280 319 317 349 ὡς
331 319 549 354 ἀρχιεπίσκυπον
569 320 644 354 παρὰ
660 320 709 354 τῆς
733 319 813 354 ἡμῶν
835 327 958 353 χειροτο-

171 362 287 397 νηθέντα
300 364 496 399 ταπεινότητος
512 361 600 400 (οὗτος
615 365 642 391 δέ
655 366 728 391 ἐστιν
743 366 757 391 ὁ
769 364 957 397 Νεαπόλεως),

172 408 326 440 ἑκδιώκετε,
345 410 391 435 καὶ
418 411 541 444 πέμπετε
568 411 647 438 ἄλλον
669 410 698 436 ὃν
724 411 876 445 ὲσφράγισε
910 411 957 436 καὶ

173 452 364 484 ἐξαπέστειλεν
379 455 446 486 ἐκεῖ,
462 457 475 481 ὁ
487 457 534 482 καὶ
551 457 591 487 είς
603 455 653 490 τὴν
673 457 814 491 ἡμετέραν
839 455 894 482 τῶν
909 464 958 482 τα-

173 498 287 528 πεινῶν.
314 500 360 526 καὶ
386 500 494 527 πάντων
524 501 677 536 ἀνθρώπων
711 500 957 535 ἀμαρτωλοτέρων,

171 542 246 574 ὅμως
273 543 301 569 δὲ
327 544 395 575 οἵοις
418 543 475 571 οἶδε
499 544 632 579 κρίμασιν
655 545 859 580 όσυναρμόσας
884 545 959 579 ἡμᾶς

171 587 257 622 ταύτῃ
277 589 393 621 Χριστός
409 598 472 624 μου,
485 590 576 622 καθὼς
593 590 670 616 αὐτοὶ
685 590 843 622 ἐπίστασθε,
861 591 959 625 είσπη-

170 633 264 667 δήσας.
281 635 398 661 Βλέπετε
412 636 439 662 τι
453 637 566 663 ποιεῖτε.
580 637 662 672 Ὁρᾷς
676 638 734 668 πῶς
751 637 825 664 ἁπλᾶ
839 638 938 672 γράφω
951 647 958 654 ο

170 680 257 712 ἀοῶός
269 682 327 715 είμι
353 682 523 716 τῆςαίωνίου
556 683 706 718 καταδίκης
733 684 825 718 ὑμῶν·
855 684 959 717 αἰωνίῳ

171 726 224 760 γὰρ
247 727 432 762 κατακρίματι
455 729 501 755 τὸν
524 729 604 755 τοῦτο
629 728 760 756 ποιοῦντα
781 729 920 760 ὑποὸαλῶ,
935 730 959 755 εἰ

171 773 218 798 καὶ
235 772 399 808 ἁμαρτωλός
414 774 483 808 εἰμι,
501 775 648 810 ἀρχιερεὺς
663 775 700 802 ὣν
712 776 764 810 τῆς
780 775 826 802 τοῦ
838 775 957 810 Χριστοῦ

177 817 342 852 Ἐκκλησίας
375 819 423 845 καὶ
455 821 653 855 συναρμοσθεὶς
683 822 753 856 αὐτῇ
784 821 814 847 οὐ
844 821 902 857 βίᾳ,
927 821 957 847 οὗ

172 862 351 898 περιδρομαῖς
375 865 466 898 ἐμαῖς,
498 866 527 892 οὐ
555 866 656 902 σπουδῇ
689 867 857 902 ἀνθρωπίνῃ,
892 866 959 892 ἀλλὰ

1011 270 1104 298 Fando
1119 271 1283 305 audivi,post
1299 271 1369 305 regis
1386 279 1400 298 a
1417 271 1494 298 nobis
1511 271 1673 301 discussum.
1690 269 1792 296 archie-

1009 316 1149 350 piscopum
1165 316 1200 343 ab
1216 317 1367 344 humilitate
1381 322 1476 344 nostra
1491 317 1648 343 ordinatum
1678 314 1791 348 (Neapw

1011 361 1123 387 titauum
1139 361 1211 395 dico)
1228 370 1243 388 a
1260 361 1336 389 vobis
1349 362 1493 396 expulsum
1511 362 1594 388 fuisse
1608 366 1634 387 et
1651 360 1735 387 alium
1758 359 1792 384 ab

1011 405 1069 439 ipso
1082 406 1217 441 signatum
1243 413 1270 434 ct
1293 408 1386 435 eodem
1416 407 1529 434 missum
1549 414 1625 440 asque
1648 405 1790 432 excidisse.

1010 451 1082 478 Idem
1098 453 1130 478 ad
1150 460 1199 480 nos
1226 453 1344 480 humiles
1367 453 1488 487 confugit
1512 452 1634 480 omnium
1660 451 1792 478 maximos

1010 503 1168 531 peccatores
1187 508 1193 526 :
1210 505 1340 532 attamen,
1360 499 1460 534 quibus
1483 499 1541 533 ipse
1557 497 1697 525 resoiverit
1713 496 1792 523 Clu-i-

1011 549 1068 570 stns
1083 545 1192 578 judiciis
1215 553 1242 572 et
1262 554 1277 572 a
1291 545 1367 572 vobis
1391 545 1461 572 haud
1480 544 1578 579 ignotis
1595 551 1655 571 cum
1672 541 1793 568 Ecclesia

1011 591 1057 618 illa
1088 600 1137 619 nos
1154 593 1296 628 conjunxit
1313 599 1340 621 et
1369 594 1552 626 gubernacula
1569 592 1675 620 tribuit.
1699 590 1794 617 Vith'lt:

1013 637 1079 672 quid
1092 637 1217 666 faciatis!
1236 639 1276 666 lle
1290 639 1452 674 simpliciter
1466 639 1628 666 scribentem
1644 637 1794 672 perspicis:

1011 687 1121 709 aeterna:
1159 684 1345 712 damnationis
1396 689 1494 711 vestrae
1535 691 1596 711 sum
1645 683 1795 713 innocens;

1011 733 1112 755 aeterno
1152 734 1242 757 tamen
1279 731 1383 766 judicio
1410 731 1486 758 illum
1513 729 1630 764 subjicio
1666 733 1795 762 tanquam

1011 781 1098 801 reum.
1117 774 1192 802 Llcet
1207 776 1279 803 enim
1302 781 1429 811 peccator
1446 777 1510 809 sim,
1525 775 1704 803 nihilominus
1726 781 1796 808 pou-

1012 818 1076 845 tifex
1095 819 1221 848 Ecclesiae
1239 820 1341 848 Christi
1363 821 1470 853 incedo,
1487 826 1514 848 ct
1529 828 1593 848 cum
1621 820 1667 847 illa
1684 827 1738 845 non
1759 818 1797 850 vi,

1013 870 1067 890 non
1084 865 1245 894 circuitibus
1270 867 1349 900 meis,
1374 874 1428 894 non
1457 867 1599 894 hominum
1619 866 1717 894 studiis
1733 872 1799 892 con—

171 907 263 940 λόγοις
276 906 316 939 οἷς
331 907 401 935 οἶδεν
415 909 429 934 ὸ
444 910 474 936 τὸ
491 910 569 944 ἆγιον
585 909 655 946 αἷμα
680 911 752 946 ὑπὲρ
767 913 853 946 αὐτῆς
867 913 952 939 κενώ-

1011 907 1122 941 iunctus
1137 917 1210 940 sum.
1226 911 1274 938 scd
1298 911 1332 938 iis
1348 911 1512 942 rationibus,
1537 918 1605 945 quas
1628 909 1734 936 noverit
1750 907 1796 942 qui

172 961 223 985 σας
236 962 243 969 ·
266 955 314 980 καὶ
327 954 365 989 τῷ
374 955 464 991 ἀλύτῳ
477 957 575 992 ἐκείνῳ
588 958 683 993 δεσμῷ
693 956 714 992 ᾧ
727 959 761 985 ἂν
771 959 962 994 ὑποδαλοῦμεν

171 999 233 1030 τοὺς
246 999 324 1026 τοῦτο
356 1001 580 1037 ἐπιχειροῦντας,
602 1004 829 1038 παραστήσονται
855 1004 894 1040 τῷ
913 1014 962 1039 φο-

171 1044 245 1079 εερῷ
263 1045 378 1079 βήματι,
392 1047 438 1073 καὶ
454 1047 509 1080 ἐγὼ
523 1048 572 1074 σὺν
590 1049 692 1081 αὐτοῖς,
712 1051 761 1076 καὶ
776 1051 837 1076 τότε
857 1051 962 1084 γνωσὸ-

171 1090 243 1124 μεθα
259 1090 375 1117 ἐνώπιον
399 1092 491 1126 πάσης
517 1094 619 1127 σαρκὸς
636 1095 682 1121 καὶ
706 1095 752 1120 τὸν
773 1095 839 1121 ἴδιον
867 1095 960 1130 ζῆλον,

171 1137 218 1161 καὶ
234 1136 265 1162 τὸ
276 1137 415 1172 φρόνημα,
428 1139 475 1164 καὶ
489 1138 539 1173 τὴν
562 1140 718 1175 ἐντρέχειαν
735 1142 782 1167 καὶ
801 1141 853 1176 τὴν
869 1142 961 1174 φιλίαν

170 1184 216 1206 καὶ
234 1182 283 1214 τὰς
300 1183 401 1215 πολλὰς
418 1185 571 1219 περινοίας,
585 1186 720 1218 ὄτανπᾶν
735 1187 823 1220 στόμα
835 1187 958 1221 ἑμφράσ·

170 1236 263 1261 σηται.
279 1229 327 1254 καὶ
342 1229 458 1262 ἕκαστος
495 1231 565 1258 κατὰ
579 1233 613 1258 τα
638 1233 727 1258 οἰκεῖα
748 1232 818 1268 ἔργα
844 1232 960 1268 λήψεται

135 1305 140 1308 _
169 1273 219 1308 τὴν
234 1275 423 1304 ἀνταπόδοσιν.

443 1334 491 1362 ΡΜ
496 1335 534 1363 Ζ’.
555 1336 682 1369 Ἂδήλῳ.

205 1389 260 1414 Καὶ
286 1389 371 1424 χωρὶς
393 1391 444 1425 τῆς
462 1393 672 1427 προσπεσούσης
695 1395 848 1427 ὑποθέσεως
864 1397 879 1432 ἡ
895 1398 960 1432 περὶ

169 1434 219 1468 τῆς
237 1435 313 1470 ὑμῶν
325 1437 463 1472 ὁσιότητος
488 1439 567 1473 φήμη
591 1440 650 1470 ταῖς
665 1440 759 1472 ἀκοαῖς
784 1442 863 1476 ἡμῶν
890 1443 960 1476 φθά-

171 1489 252 1511 σασα,
266 1479 310 1508 οἷα
327 1483 401 1514 εἰκὸς
418 1484 590 1520 ἐπιθυμητὴν
606 1486 692 1512 ἐποίει
706 1487 756 1522 τὴν
777 1488 827 1523 σὴν
837 1488 958 1523 ὁμιλίαν,

169 1526 299 1561 ἄνθρωπε
320 1527 367 1554 τοῦ
388 1528 467 1557 Θεοῦ.
487 1530 563 1556 Ἐπεὶ
585 1531 612 1557 δὲ
632 1531 679 1558 καὶ
703 1532 738 1558 τὰ
750 1533 801 1567 τῆς
817 1533 960 1568 παρούσης

1012 959 1137 981 sanctum
1152 963 1236 990 super
1250 955 1322 982 illam
1336 956 1431 984 elfudit
1452 957 1624 991 sanguinem.
1639 954 1694 982 lloe
1712 954 1800 981 indis-

1012 1000 1120 1027 solubili
1136 1001 1244 1029 vinculo
1262 1002 1412 1030 vinciemus
1428 1002 1623 1037 rcos;;stabunt
1638 1006 1702 1029 ante
1718 1002 1800 1028 tribu.

1012 1046 1057 1073 nal
1082 1047 1214 1074 horribile
1236 1053 1263 1075 et
1285 1056 1348 1075 cuin
1370 1048 1423 1075 illis
1438 1056 1488 1082 ego
1505 1057 1511 1075 :
1531 1053 1595 1075 tunc
1614 1055 1707 1075 coram
1723 1047 1797 1074 omni

1011 1096 1136 1119 creatura
1152 1098 1352 1128 cognoscentur
1373 1099 1400 1120 ct
1426 1101 1504 1120 mens
1528 1099 1554 1120 et
1577 1093 1757 1127 cogitationes
1772 1097 1798 1119 ct

1011 1138 1143 1172 amicitiae;
1165 1143 1192 1166 et
1217 1140 1381 1172 simultates,
1406 1147 1466 1167 cum
1498 1140 1619 1166 omnium
1649 1147 1696 1166 ora
1721 1139 1797 1166 clau-

1010 1183 1109 1210 dentur
1134 1188 1161 1211 et
1185 1185 1376 1220 unusquisque
1400 1192 1512 1220 operum
1535 1193 1648 1212 suorum
1680 1185 1799 1212 retribu-

1011 1231 1112 1257 tionem
1132 1230 1258 1265 accipiet.

1272 1335 1399 1363 CXLVII.
1421 1336 1537 1364 Incerto.

1047 1393 1104 1420 Etsi
1121 1400 1238 1427 presseris
1251 1393 1313 1420 data
1329 1401 1384 1421 non
1403 1393 1503 1421 fuisset
1533 1394 1655 1426 occasio,
1677 1395 1709 1422 dc
1729 1402 1801 1423 reve.

1012 1438 1099 1465 rentia
1115 1443 1204 1465 tamen
1220 1444 1308 1466 vestra
1319 1439 1353 1466 ad
1367 1447 1448 1467 aures
1465 1444 1573 1467 nostras
1587 1448 1618 1467 ea
1638 1441 1694 1474 jam
1709 1449 1802 1475 perve-

1012 1488 1088 1510 nerat
1102 1483 1183 1516 fama.
1208 1489 1238 1511 ut
1266 1486 1483 1513 conversationis
1505 1491 1601 1512 vestrae
1624 1487 1801 1518 desiderium,

1012 1536 1029 1554 o
1058 1529 1140 1556 homo
1156 1529 1214 1561 Dei,
1230 1535 1346 1557 tuentem
1361 1531 1493 1563 subierit;
1519 1539 1581 1558 cum
1610 1536 1700 1558 autem
1733 1541 1802 1567 prae-

169 1573 326 1605 ὑποοέσεως
340 1575 481 1609 συνῆλθεν,
496 1578 543 1603 καὶ
561 1577 604 1604 διὰ
626 1578 729 1613 ταύτην
748 1579 786 1610 ὡς
806 1579 958 1613 ἀναγκαίαν

1011 1582 1076 1602 seos
1101 1576 1287 1608 supervenerit
1303 1576 1424 1608 occasio,
1449 1581 1476 1603 et
1503 1576 1612 1609 quidem
1635 1578 1801 1609 necessaria.

168 1616 265 1651 οὖσαν,
284 1621 372 1646 καὶτὸ
390 1620 474 1656 μέρος
498 1623 673 1657 χαριζόμενοι
695 1625 727 1659 τῇ
749 1624 899 1660 ἐπιθυμίᾳ·
918 1626 959 1652 ὅτι

172 1665 210 1698 μὴ
224 1665 330 1696 ἔξεστιν
349 1667 461 1701 ἑτέρως,
480 1667 534 1694 ίδού
552 1677 593 1694 σοι
610 1670 830 1704 προσομιλοῦμεν
852 1671 896 1696 διὰ
911 1671 958 1697 τοῦ

171 1711 346 1745 γράμματος.
366 1712 454 1738 Καλὸν
474 1713 523 1747 μὲν
540 1714 587 1740 καὶ
605 1714 664 1748 Θεῷ
684 1715 803 1749 ἀρέσκον
821 1715 901 1750 ἔργον
913 1717 960 1742 καὶ

171 1757 296 1792 διενοήθη
314 1759 360 1784 καὶ
375 1759 560 1794 διεπράξατοὸ
571 1760 697 1795 θεοφιλὴς
713 1758 789 1792 οὗτος
806 1762 958 1797 ἅνθρωπος,

169 1802 200 1834 ὃς
230 1803 294 1838 ἦκει
324 1805 416 1840 φέρων
438 1814 478 1832 σοι
508 1806 539 1832 τὸ
566 1807 753 1842 γράμμ.α,τδν
780 1809 896 1841 σταυρὸν
912 1809 959 1834 τοῦ

171 1848 290 1883 Χριστοῦ
315 1851 464 1885 ἀράμενος,
481 1852 529 1878 καὶ
553 1853 644 1879 πάντα
661 1852 748 1879 λιπὼν
773 1855 807 1880 τὰ
821 1854 849 1880 ὲν
864 1855 959 1889 κόσμῳ

171 1894 220 1921 καὶ
244 1895 319 1928 ἄξιον
338 1896 375 1927 ὡς
391 1896 498 1932 ἀληθῶς
520 1899 569 1933 τῆς
589 1898 672 1924 αὐτοῦ
694 1899 805 1934 ἀρετῆς.
822 1899 911 1931 Καλὸς
930 1900 960 1926 δὲ

171 1941 219 1967 καὶ
237 1942 318 1973 αὐτὸς
339 1943 435 1978 ὁδηγὸς
453 1943 527 1979 αὐτῷ
546 1945 662 1978 γέγονας
684 1946 731 1971 καὶ
751 1946 802 1980 τῆς
818 1946 886 1980 πρὸς
905 1954 958 1972 σω-

169 1987 268 2021 τηρίαν
295 1988 355 2015 ὁδοῦ
371 1989 419 2015 ἀπ’
439 1990 528 2025 ἀρχῆς
552 1991 598 2017 καὶ
617 1991 696 2027 μέχρι
720 1991 767 2017 τοῦ
782 1991 839 2024 νῦν,
855 1993 892 2022 ὡς
911 1992 959 2018 καὶ

170 2034 252 2066 αὐτὸς
268 2035 426 2070 εὐχαριστεῖ
441 2036 650 2071 καθηγούμενος
664 2036 712 2063 καὶ
726 2037 833 2068 δεικνὺς
846 2038 891 2064 διὰ
909 2037 957 2064 τοῦ

169 2080 240 2110 ὅλως
270 2080 436 2116 ἐξηρτῆσθαι
460 2081 510 2116 τῆς
540 2082 588 2116 σῆς
617 2082 767 2116 ὁσιότητος,
797 2083 844 2110 καὶ
875 2084 958 2118 μηδὲν

172 2126 318 2160 ἀνέχεσθαι
334 2127 466 2161 πράττειν
481 2127 528 2153 σοῦ
547 2128 584 2162 μὴ
606 2128 774 2159 κελεύοντος,
792 2129 830 2160 ὠς
845 2130 958 2166 τοιούτῳ

172 2173 332 2208 περιέτυχεν
347 2172 464 2208 ἁλείπτῃ
477 2174 544 2207 πρὸς
558 2174 620 2205 τοὺς
633 2175 838 2209 πνευματικοὺς
850 2176 958 2209 ἀγῶνας

169 2219 219 2254 οἴῳ
239 2219 346 2251 πάντως
362 2219 484 2254 ἐντυχεῖν
495 2219 605 2254 ηὔχετο,
625 2220 681 2247 Καὶ
700 2218 733 2256 ἦν
750 2221 800 2255 μὲν
821 2222 956 2256 σωτήριον

173 2265 256 2300 μηδὲν
283 2266 439 2299 ἀπαντῆσαι
463 2265 539 2299 παρὰ
566 2265 614 2291 τοῦ
641 2265 731 2300 φθόνῳ
746 2266 789 2292 ἀεὶ
815 2267 887 2292 κατὰ
908 2266 958 2300 τῆς

171 2310 308 2346 σωτηρίας
326 2310 404 2345 ἡμῶν
423 2310 588 2345 μαινομένου
601 2311 729 2345 δαίμονος
748 2311 878 2343 ἐναντίον,
891 2311 959 2346 μηδὲ

170 2358 268 2392 τραχὺ,
287 2356 352 2392 μηδὲ
368 2356 535 2391 προκόπτειν
547 2357 581 2383 τὰ
593 2358 698 2384 ἐκείνου
714 2357 873 2392 διαὸήματα
890 2357 958 2391 πρὸς

170 2403 216 2429 τον
232 2402 282 2436 τῆς
298 2403 441 2436 ἀσκήσεως
464 2402 564 2437 δρόμον
583 2401 724 2436 ἐμποιοῦν,
744 2402 822 2428 Οὖτω
838 2402 893 2436 γὰρ
912 2402 960 2429 καὶ

171 2446 252 2478 αὐτὸς
268 2446 440 2481 εὐχαριστῶν
459 2446 498 2479 τῷ
520 2445 579 2481 Θεῷ
595 2447 674 2481 ἡμῶν
697 2447 745 2473 καὶ
765 2446 872 2482 Σωτῆρι
890 2456 959 2482 καρ-

171 2492 258 2526 τερῶν
283 2491 405 2522 διετέλει,
425 2493 453 2518 ὲν
473 2488 495 2525 ᾦ
519 2490 568 2526 τὴν
585 2492 672 2526 ἀρχὴν
693 2493 848 2527 κατήντησε
873 2493 958 2529 τόπῳ,

172 2539 219 2564 καὶ
236 2538 317 2567 αὐτὸς
334 2537 403 2571 ἔχων
419 2537 536 2571 ἐγγύθεν
559 2537 605 2563 τὸν
627 2538 761 2572 μαθητὴν,
776 2539 819 2564 ἀεὶ
843 2538 876 2565 τὰ
900 2540 960 2564 ἐπι-

172 2583 305 2610 ϐάλλοντα
323 2582 506 2615 ὲξεπαίδευες.
529 2583 606 2609 Ἐπεὶ
621 2583 660 2615 δὲ,
687 2583 724 2614 ὦς
746 2592 778 2618 γε
794 2585 861 2619 ἡμῖν
874 2583 960 2618 ἐγνώ-

174 2630 236 2664 σθη,
251 2630 312 2656 ἀντὶ
329 2630 462 2663 γαλήνης,
483 2629 544 2655 ἀντὶ
559 2629 670 2663 λιμένος
690 2629 790 2661 εὐδίου,
812 2630 960 2665 τρικυμίαι

173 2677 221 2702 καὶ
237 2675 364 2705 κλύδονες
382 2674 456 2709 αὑτῴ
468 2675 673 2707 ἐπανίστανται,
689 2675 735 2701 καὶ
751 2674 890 2710 ἄνθρωποι
903 2675 959 2702 είτε

173 2721 239 2757 παρ’
267 2721 373 2748 ἑαυτῶν
397 2722 512 2756 ἠρεμεῖν
526 2722 577 2748 οὐκ
594 2721 704 2753 είδὸτες,
724 2721 781 2747 εἴτι
809 2721 886 2756 παρὰ
910 2720 958 2748 τοῦ

171 2767 298 2801 δαίμονος
315 2767 504 2802 κεκινημένοι,
514 2766 561 2793 καὶ
578 2766 683 2797 ἑαυτοῖς
697 2767 743 2792 καὶ
755 2765 842 2800 τούτῳ
854 2765 958 2800 βλάϐης

172 2812 297 2848 πρόξενοι
314 2812 445 2847 γίνονται,
461 2813 486 2840 τί
505 2813 546 2840 δεῖ
560 2814 657 2847 ποιεῖν,
671 2812 688 2848 ἢ
710 2812 819 2848 πᾴντως
840 2812 956 2840 αὐτόθεν

209 2884 218 2899 ²
230 2881 323 2910 Matth.
342 2890 368 2909 κ.
383 2882 427 2911 25.

1014 1619 1149 1646 desiderio
1166 1625 1260 1647 nostro
1281 1619 1453 1655 indulgemus
1470 1629 1476 1647 :
1494 1620 1572 1647 aliter
1590 1621 1663 1648 enim
1688 1629 1802 1649 conver-

1012 1666 1065 1693 sari
1082 1670 1170 1693 tecum
1186 1674 1240 1694 non
1260 1667 1324 1694 licet
1346 1667 1397 1694 nisi
1416 1675 1464 1699 per
1475 1667 1619 1702 epistolas.
1645 1667 1749 1695 Bonum
1775 1674 1801 1695 ct

1013 1712 1068 1739 Deo
1084 1718 1239 1748 pergratum
1256 1721 1325 1746 opus
1341 1713 1455 1740 intendit
1471 1713 1554 1740 homo
1575 1718 1601 1740 et
1617 1714 1739 1748 perfecit,
1754 1715 1801 1749 qui

1013 1760 1082 1786 hanc
1098 1759 1129 1786 ad
1147 1764 1172 1786 te
1187 1760 1328 1794 epistolam
1343 1759 1430 1786 defert
1444 1768 1449 1786 :
1464 1767 1572 1786 crucem
1589 1759 1689 1787 Christi
1705 1768 1800 1787 susce-

1011 1806 1050 1840 pit
1064 1810 1090 1832 et
1102 1805 1232 1832 mundum
1246 1805 1390 1839 dereliquit
1404 1805 1496 1832 virtuti
1512 1805 1560 1832 soli
1590 1805 1725 1832 addictus.
1751 1805 1802 1831 Bu-

1011 1859 1063 1878 nus
1080 1855 1107 1877 tu
1124 1851 1182 1885 ipse
1200 1851 1249 1878 fias
1266 1850 1302 1876 illi
1325 1850 1475 1877 conductor
1493 1851 1519 1876 in
1536 1851 1577 1876 via
1593 1851 1699 1883 salutis,
1712 1852 1801 1886 qualis

1010 1896 1130 1924 abinitio
1146 1901 1174 1923 et
1184 1897 1217 1924 ad
1227 1904 1300 1923 nunc
1311 1904 1397 1930 usque
1412 1896 1482 1923 diem
1498 1896 1637 1927 exstitisti;
1653 1897 1720 1924 illee
1734 1905 1802 1924 corr

1010 1949 1050 1971 tra
1066 1945 1106 1971 sic
1116 1943 1395 1978 adjutus,revercnti:e
1411 1948 1506 1970 vestra:
1518 1951 1629 1977 prorsus
1641 1943 1801 1975 adhaerebit,

1010 1990 1075 2016 nihil
1091 1989 1296 2028 suseipie.iisi
1313 1994 1339 2016 tu
1354 1989 1469 2023 iusseris
1484 1988 1590 2016 felicem
1610 1996 1639 2016 se
1664 1989 1803 2016 a'stimans

1010 2036 1084 2070 quod
1113 2037 1194 2063 talem
1239 2037 1272 2062 ad
1299 2043 1404 2070 pugnas
1429 2035 1586 2070 spiritualcs
1610 2035 1726 2071 adeptus
1765 2037 1801 2063 sit

1010 2087 1201 2118 praeceptorem
1228 2082 1336 2116 qualem
1367 2081 1550 2108 desiderabat.
1579 2081 1646 2108 Nam
1684 2082 1798 2109 salutent

1009 2128 1140 2162 consequi
1156 2135 1209 2154 non
1226 2131 1315 2162 potest
1341 2131 1451 2161 propter
1468 2126 1596 2153 invidiam
1626 2126 1738 2158 diaboli,
1752 2126 1798 2160 qui

1010 2179 1104 2201 contra
1121 2174 1235 2201 salutem
1261 2178 1382 2200 nostrain
1402 2173 1478 2204 Furit,
1496 2171 1669 2199 dilIicultates
1683 2173 1801 2200 suscitat

1009 2224 1037 2246 et
1057 2219 1196 2254 profectus
1213 2219 1240 2246 in
1269 2219 1398 2246 virtutum
1423 2219 1518 2245 semita
1543 2219 1665 2252 impedit.
1690 2219 1719 2246 In
1748 2226 1802 2253 quo

1014 2272 1103 2293 autem
1132 2266 1183 2292 fuit
1207 2265 1265 2293 loco
1290 2270 1317 2292 et
1337 2265 1519 2300 principatum
1542 2267 1712 2298 obtinuerat,
1738 2273 1800 2293 cum

1016 2312 1167 2346 gratiarum
1200 2311 1311 2338 actione
1337 2316 1363 2338 et
1388 2311 1588 2345 perseverantia
1613 2319 1676 2346 erga
1704 2311 1801 2338 Salva-

1015 2362 1101 2384 torem
1117 2357 1199 2384 Deum
1234 2359 1419 2391 perseveravit
1435 2365 1442 2384 :
1460 2357 1533 2384 hunc
1563 2357 1723 2391 discipulum
1740 2365 1800 2383 cum

1013 2411 1097 2439 penes
1122 2408 1149 2431 te
1178 2403 1316 2435 habueris.
1333 2402 1522 2430 convenientia
1553 2403 1681 2430 docebas.
1715 2401 1798 2429 Nobis

1012 2451 1085 2477 enim
1104 2455 1196 2477 notum
1212 2453 1254 2477 est
1271 2449 1310 2476 illi
1328 2457 1378 2484 pro
1393 2449 1591 2484 tranquillilatc
1606 2453 1633 2476 ct
1644 2453 1724 2483 portu
1742 2453 1800 2475 toto

1013 2500 1189 2530 tempestates
1199 2500 1225 2522 et
1236 2495 1358 2522 turbines
1372 2502 1532 2529 exsurgere,
1545 2495 1603 2522 sive
1619 2495 1749 2521 tollantur
1765 2496 1799 2522 ab

1013 2541 1171 2568 hominibus
1187 2541 1233 2575 qui
1252 2540 1364 2575 paciﬁce
1380 2540 1470 2567 vivere
1483 2541 1618 2572 nesciunt,
1633 2541 1689 2567 sive
1704 2541 1800 2568 amulo

1012 2588 1153 2618 (lannone;
1176 2585 1299 2620 profecto
1314 2590 1340 2612 et
1357 2584 1466 2612 sibimet
1489 2585 1556 2620 ipsis
1570 2589 1595 2611 et
1612 2585 1650 2612 illi
1668 2585 1798 2612 tia-irinum

1012 2633 1111 2660 inferre
1141 2636 1254 2659 tentant.
1277 2630 1348 2664 Quid
1374 2630 1551 2658 faciendum?
1573 2630 1642 2659 Num
1666 2630 1801 2658 obstinate

1012 2678 1281 2706 reluctattdurtt‘IAst
1304 2685 1356 2706 non
1373 2684 1476 2710 meum,
1488 2677 1535 2703 sed
1553 2677 1659 2703 Domini
1698 2684 1799 2709 prame-

1012 2731 1087 2761 ptnm
1099 2730 1140 2752 est
1157 2734 1163 2752 :
1184 2723 1226 2751 ἐἰ
1243 2731 1291 2751 vos
1304 2724 1332 2753 in
1348 2723 1398 2750 hac
1412 2725 1477 2749 urbe
1493 2726 1701 2757 persequuntur,
1715 2722 1801 2756 iugite

1012 2772 1039 2798 in
1057 2772 1138 2798 aliam
1153 2771 1192 2798 ’.ι
1223 2770 1275 2797 Hic
1298 2774 1401 2802 autem,
1419 2769 1457 2795 uti
1482 2768 1557 2798 dicit.
1583 2768 1800 2802 persecutionem

1012 2825 1044 2845 ex
1062 2817 1114 2845 illis
1125 2815 1322 2850 experitur,qni
1337 2822 1430 2851 pacem
1447 2821 1501 2842 non
1520 2818 1654 2848 amant,ct
1668 2819 1800 2848 persecu-
