2020 3080
190 153 243 188 403

560 158 712 189 NICOLAI
732 159 786 188 CP.
804 155 1061 188 PATRIARCHIE
1073 155 1122 186 DE
1137 155 1227 186 VITA
1241 156 1468 187 MONASTICA.

1766 153 1818 187 LM

226 215 270 243 t5.
286 215 377 244 Unum
392 223 475 251 porro
502 217 610 245 tandem
631 217 757 252 adjiciam
776 215 976 248 necessarium,

1065 214 1110 249 ιγ’.
1130 215 1192 242 Ἔτι
1215 215 1364 251 προσθήσω
1379 212 1426 242 οὖν
1440 213 1534 241 λοιπὸν
1549 213 1598 241 σὺν
1612 213 1719 246 τούτοις
1731 214 1818 249 ἀναγ-

191 264 219 287 et
250 260 301 287 hoc
329 261 467 295 posterius
493 261 646 289 elucidasse
678 269 721 289 me
756 269 790 288 ne
810 260 975 289 crimineris.

191 305 275 332 Istam
292 304 404 332 intendo
420 305 615 333 hebdomadam
629 311 690 333 aute
699 313 809 334 carnem
830 305 977 333 tollendam

192 356 274 382 quam
305 351 531 385 cognominamus
568 350 713 378 Arteiborii
752 350 976 378 hebdomadam:

192 395 315 430 plerique
343 403 446 423 morem
464 396 584 430 jucunde
611 396 741 431 epulandi
769 399 975 428 contraxerunt,

195 441 264 468 male
278 444 404 475 putantes
419 441 491 475 quod
509 442 640 469 mundani
653 449 764 470 carnem
776 449 895 473 sumere,
906 441 979 469 sicut

170 494 174 498 ·
195 486 319 514 monachi
337 494 458 519 caseum.
476 492 603 522 possunt,
628 493 656 516 et
679 488 716 515 ita
731 487 872 516 facientes.
898 487 927 515 Si
945 488 979 516 de

193 532 265 559 tribu
281 532 391 566 quidem
407 533 600 561 Armeniorum
624 534 822 562 descenderent
839 533 980 561 haeresim-

191 585 245 611 que
267 578 412 606 Arteiborii
440 583 587 613 tenerent,
613 580 683 608 bene
711 580 832 607 facerent
868 587 977 607 onmem

191 623 326 651 solventes
355 625 538 659 suspicionem
561 626 633 661 ;qui
659 631 751 654 autem
777 627 811 654 ab
839 626 898 653 avis
915 630 979 654 sunt

191 669 283 696 ﬁdeles
299 669 455 703 orthodoxi,
468 670 569 698 frustra
584 672 648 706 quid
665 676 816 706 praetexunt
840 672 978 699 solventes

188 715 388 750 jejuniumJlli
407 717 481 744 enim
507 722 560 745 Iota
576 718 744 746 hebdomade
763 718 898 754 jejunant,
920 718 978 746 solo

191 768 260 794 pane
275 769 338 788 cum
359 769 429 796 aqua
444 762 556 797 saleque
573 767 717 791 vescentes
735 771 743 790 :
761 771 812 792 nos
832 767 922 791 autem
944 763 979 790 ab

194 807 252 840 ipsa
277 807 400 834 secunda
415 807 460 835 die
476 808 618 836 solvimus.
635 807 693 836 Hoc
712 809 771 843 ipso
785 814 911 836 caeterum
929 816 979 836 nos

190 860 253 880 cum
270 853 329 881 istis
344 860 399 880 non
414 854 618 882 communicare
633 855 802 883 ostendimus
815 861 823 888 ;
834 854 977 883 etirustra

191 897 363 932 pmlendunt
377 898 405 926 lii
429 898 626 932 Arteiborium,

227 991 271 1019 Η.
291 991 359 1019 Cum
382 997 472 1020 autem
495 999 547 1019 nos
572 992 700 1028 quadam
722 993 834 1029 parvula
863 993 978 1029 questio

190 1038 288 1069 Inluit,
314 1037 348 1064 ad
378 1045 437 1065 eam
478 1038 680 1066 dilucidandam
712 1039 758 1067 hic
786 1040 877 1067 venio.
895 1040 974 1068 Casei

191 1084 359 1112 hcbdomada
386 1084 474 1113 soluta
504 1089 615 1116 manet.
643 1093 704 1112 cum
742 1090 840 1120 quarta
868 1093 976 1114 necnon

190 1135 265 1158 sexta
298 1131 353 1159 die.
388 1131 422 1159 Et
444 1131 515 1159 unde
545 1131 616 1164 hoc,
646 1130 739 1160 forsan
763 1131 837 1160 dicet
860 1131 976 1167 aliquis.

191 1177 292 1205 factum
324 1182 366 1205 est
391 1178 589 1206 manifestum?
617 1178 760 1212 Jacobitm,
783 1178 855 1205 sicut
869 1178 977 1209 dicunt,

193 1223 264 1250 lianc
280 1223 479 1251 hebdomadam
496 1229 526 1252 ut
541 1228 743 1253 sacrosanctam
761 1231 793 1251 ac
804 1223 978 1258 purissimam

191 1267 341 1300 celebrant,
354 1269 414 1296 solo
429 1276 498 1303 pane
513 1275 539 1297 et
551 1277 622 1305 aqua
635 1274 742 1297 utentes
759 1279 766 1296 :
779 1274 806 1297 et
828 1269 890 1297 ideo
915 1277 980 1297 vere

193 1315 360 1342 honcraliilis
397 1315 584 1351 Nicepliorus,
609 1315 883 1350 Constantinopoleos
918 1323 977 1342 ma-

193 1367 266 1394 gnus
282 1359 413 1394 pontifex,
423 1360 465 1388 his
477 1361 573 1388 diebus
584 1361 706 1388 solvendi
723 1361 853 1388 canonice
866 1360 980 1388 tradidit

193 1415 284 1439 usum,
315 1408 348 1433 ad
376 1405 523 1434 evertenda
540 1406 667 1439 dogmata
693 1406 808 1433 duarum
826 1405 978 1439 liaareseon,

191 1452 297 1484 Jacobi,
328 1452 464 1487 inquam,
496 1455 522 1479 et
540 1450 752 1484 Quadritarum.
778 1450 882 1478 Exinde
905 1451 979 1478 venit

192 1498 424 1526 monasteriorum
438 1496 618 1530 consuetudo,
636 1497 711 1524 finita
729 1504 800 1524 nona
821 1497 978 1532 hymnoque

191 1550 309 1578 iesperu:
323 1541 406 1574 dicto,
426 1546 489 1569 tunc
502 1542 612 1569 demum
626 1541 659 1569 ad
674 1548 846 1569 communem
857 1548 978 1569 mensam

189 1591 222 1617 ad
239 1596 317 1618 csum
331 1588 414 1621 casei,
428 1587 543 1623 piscium
556 1592 583 1616 et
595 1593 688 1623 potum
702 1588 757 1614 viui
773 1588 950 1615 conveniendi
969 1596 977 1620 ;

191 1643 242 1662 nos
276 1641 342 1662 vero
371 1633 444 1668 quod
460 1633 570 1668 quidem
584 1633 716 1669 scriptum
733 1633 896 1666 invenimus,
913 1633 980 1660 scri-

191 1681 299 1716 psimus
318 1688 325 1706 :
341 1680 365 1707 si
383 1679 445 1714 quis
465 1684 554 1706 autem
568 1687 621 1707 non
633 1679 730 1714 recipit
750 1686 800 1707 nec
811 1679 898 1706 credit
915 1678 978 1712 ista,

191 1728 263 1753 sicut
280 1726 338 1752 vult
365 1729 392 1752 et
420 1724 491 1752 sicut
519 1724 557 1752 illi
586 1725 686 1759 placet,
715 1725 804 1752 abeat.
841 1724 978 1759 Adjiciam

193 1780 284 1800 tamen
299 1772 371 1799 aliul
407 1771 479 1798 circa
509 1771 622 1798 alteram
649 1771 862 1803 hebdomadam,
895 1779 977 1806 quam

193 1819 315 1846 omnium
336 1818 498 1846 Sanctorum
524 1817 748 1852 cognominamus
772 1825 854 1852 quam
868 1817 979 1853 quidam

194 1867 266 1894 mala
287 1866 444 1901 cOnjectnra
476 1865 610 1900 planaque
643 1865 808 1899 ignorantia,
841 1873 895 1892 nou
919 1872 979 1894 esse

193 1913 310 1940 solutam
327 1912 498 1939 existimant.
517 1910 573 1938 Divi
591 1911 665 1938 enim
689 1911 806 1946 apostoli
820 1915 848 1938 et
869 1911 978 1947 legisla-

192 1965 264 1986 tores
279 1958 400 1984 omnium
418 1965 475 1984 caui
493 1964 554 1984 esse
583 1957 699 1984 solutam
723 1957 907 1992 scripserunt.
924 1957 978 1985 Sed

192 2008 262 2031 torte
279 2003 476 2031 Guosticorum
503 2003 602 2037 aliquis
627 2003 796 2030 contradieet
813 2022 821 2035 ,
847 2003 893 2030 ubi
925 2004 978 2032 hoc

192 2049 402 2076 memoraverim
428 2048 554 2083 discipuli
573 2048 664 2080 verbi,
681 2048 852 2082 deposcens;
883 2049 978 2076 sedulo

191 2099 330 2122 scrutetur
344 2098 370 2120 et
385 2094 436 2120 hoc
454 2098 528 2121 certe
543 2093 663 2120 inveniet
679 2101 686 2120 :
704 2101 758 2120 non
772 2101 886 2128 possunt
901 2094 976 2121 enim

190 2145 290 2168 «uncta
308 2141 451 2175 speciatim
467 2139 616 2174 explicare.
632 2139 685 2172 Qui
715 2146 780 2166 vero
807 2139 976 2175 Scripturam

191 2188 306 2223 impigre
320 2191 490 2220 scrutantur,
513 2185 660 2221 perfectam
674 2194 707 2213 ex
729 2193 761 2214 ea
775 2187 976 2215 convictionem

190 2233 347 2269 acquirunt.

227 2376 270 2403 t3.
289 2374 353 2402 llaec
381 2374 464 2409 igitur
493 2373 565 2401 inter
581 2373 669 2400 multa
689 2372 737 2400 tibi
755 2380 842 2408 pauca
866 2373 974 2408 scripsi.

192 2422 337 2450 Tcstiiicor
361 2425 452 2448 antem
466 2425 493 2447 et
521 2419 665 2447 certiorem
693 2424 718 2446 te
741 2419 812 2450 volo,
841 2420 927 2454 quod,
952 2419 976 2447 si

190 2469 286 2495 talium
300 2466 420 2494 videaris
438 2469 543 2497 custos,
558 2465 714 2493 cautionem
729 2465 883 2498 interpono,
904 2469 977 2492 stare

189 2514 222 2541 ad
237 2514 378 2541 dexteram
391 2512 555 2545 Salvatoris,
573 2516 601 2539 et
629 2519 690 2539 cum
707 2511 767 2546 ipso
787 2518 895 2545 unaque
912 2518 976 2538 cum

190 2560 318 2587 omnibus
345 2559 471 2589 sanctis,
502 2557 665 2585 bmreditarc
691 2565 804 2592 regnum
845 2556 975 2583 caelorum

189 2610 375 2639 aeternamque
404 2604 486 2631 vitam
531 2603 664 2630 obtinere.
694 2603 762 2630 licce
788 2610 870 2636 ergo,
912 2601 975 2635 ﬁli,

189 2652 348 2686 petitionem
375 2656 447 2678 tuam
483 2657 532 2685 pro
567 2649 672 2676 viribus
701 2653 727 2676 et
757 2649 885 2677 facultate
915 2656 975 2676 mea

189 2697 342 2732 complevi:
356 2701 383 2723 tu
411 2697 468 2724 scis
483 2696 556 2724 enim
580 2703 624 2723 me
637 2702 751 2730 prorsus
772 2695 932 2722 illiteratum
948 2698 976 2721 et

190 2743 224 2769 :ul
251 2743 316 2769 talia
344 2741 490 2769 scribenda
513 2741 595 2776 plane
620 2740 727 2768 rudem.
757 2739 786 2767 Si
801 2740 874 2774 quod
895 2739 975 2774 juxta

190 2788 265 2814 vires
279 2787 318 2818 lit,
338 2786 392 2813 Deo
410 2791 518 2820 gratum
537 2790 592 2818 est,
624 2786 717 2820 accipe
732 2790 759 2813 et
784 2790 813 2812 tu
844 2789 973 2820 tanquam

188 2833 291 2861 bonum
309 2832 398 2860 solam
413 2832 604 2860 intentionem.
620 2831 669 2859 Hic
695 2832 803 2859 tandem
833 2831 973 2866 proposito

188 2877 366 2914 sermonique
395 2876 475 2905 ﬁnem
504 2878 671 2914 imponinus.
703 2878 730 2906 Si
752 2878 798 2906 tibi
830 2877 884 2906 sint
917 2878 973 2906 haec

1029 260 1120 292 καῖον,
1146 261 1194 287 καὶ
1217 263 1254 296 μὴ
1283 260 1403 296 μεμφθῶ
1428 260 1467 292 ὡς
1489 259 1605 294 ὕστερον
1628 259 1709 286 τοῦτο
1723 259 1819 286 διασα-

1029 306 1130 340 φήσας.
1149 306 1201 333 Ἦν
1226 305 1361 341 ἑῦδομάδα
1381 305 1454 339 λέγω
1467 304 1514 332 οὖν
1529 305 1580 340 τὴν
1606 304 1660 341 πρὸ
1682 305 1731 340 τῆς
1748 306 1818 333 ἀπο-

1029 351 1122 386 κρέου,
1138 351 1188 387 τὴν
1203 351 1252 378 καὶ
1266 351 1472 386 ἐπονομάζομεν
1484 351 1534 387 τὴν
1547 350 1594 378 τοῦ
1613 351 1818 386 ’Δρτζιδουρίου

1029 397 1191 424 οἱπλεῖστοι
1215 397 1275 429 ἔθος
1290 397 1388 425 ελαὸον
1406 397 1491 429 ἀδεῶς
1512 396 1660 424 καταλύειν
1672 406 1679 412 ·
1699 397 1817 432 τετράδα

1030 443 1078 470 καὶ
1093 443 1273 479 παρασκευὴν
1285 444 1310 471 oi
1324 444 1455 479 κοσμικοὶ
1465 443 1496 470 τὸ
1510 444 1605 478 κρέας.
1621 443 1755 474 ὡσαύτως
1769 444 1817 470 καὶ

1029 489 1055 515 ol
1073 489 1186 524 μοναχοὶ
1209 488 1294 523 τυροῦ
1315 489 1547 523 μεταλαμσάνειν,
1573 487 1668 520 κακῶς
1694 487 1817 519 νοοῦντες

1029 534 1138 570 άληθῶς
1153 535 1200 561 καὶ
1215 535 1380 570 πράττοντες
1393 534 1504 570 ὁμοίως.
1521 534 1554 562 Et
1573 535 1623 570 μὲν
1643 534 1729 570 φυλῆς
1750 543 1817 562 κατ-

1029 581 1143 615 άγονται
1166 581 1199 608 ὲκ
1218 580 1270 616 τῆς
1288 580 1343 608 τῶν
1369 580 1531 616 Ἀρμενίων,
1548 581 1595 607 καὶ
1618 577 1691 615 εἶχον
1706 581 1754 608 καὶ
1768 581 1817 616 τὴν

1030 627 1136 662 αἰρεσιν
1149 626 1199 661 τὴν
1208 626 1255 652 τοῦ
1271 625 1487 662 Ἀρτζισουρίου,
1507 626 1598 658 καλῶς
1619 626 1727 653 ποιοῦσι
1741 627 1818 653 λύον-

1029 681 1075 705 τες
1088 672 1199 700 ἅπασαν
1212 673 1332 708 ὑποψίαν
1341 680 1348 688 ·
1361 672 1385 699 εί
1396 672 1425 699 δὲ
1443 673 1536 700 πιστοὶ
1549 672 1685 708 δρθὸδοξοί
1699 675 1752 700 εἰσι
1769 674 1817 700 καὶ

1031 719 1063 745 ὲκ
1080 718 1233 753 προγόνων,
1250 718 1290 749 εἰς
1307 718 1395 752 μάτην
1408 718 1624 752 προφασίζονται
1640 718 1750 750 λύοντες
1766 719 1816 753 τὴν

1030 763 1168 798 νηστείαν.
1195 764 1310 790 Ἐκεῖνοι
1326 763 1382 799 γὰρ
1397 763 1575 798 νηστεύουσιν
1594 764 1659 799 ὃλην
1676 764 1726 799 τὴν
1741 764 1817 791 ἑϐδω

1031 809 1114 844 μάδα,
1130 809 1206 845 ἄρτῳ
1223 809 1297 844 μόνῳ
1307 808 1480 844 τρεφόμενοι,
1495 809 1571 836 ὕδατι
1584 809 1718 836 ἆλατίτε·
1736 811 1817 844 ἡμεῖς

1031 855 1059 881 δὲ
1073 855 1246 890 καταλύομεν
1273 854 1320 882 ἀπ’
1336 855 1422 889 αὐτῆς
1445 855 1496 890 τῆς
1509 855 1649 891 δευτέρας.
1667 855 1768 882 Λοιπὸν
1783 856 1816 883 ἑκ

1030 900 1126 928 τούτου
1154 901 1300 935 δείκνυμεν
1323 901 1361 936 μὴ
1379 901 1575 933 κοινωνοῦντες
1590 901 1740 934 τοιούτοιςο
1769 903 1816 929 καὶ

1031 947 1120 982 μάτην
1133 947 1349 982 προφασίζονται
1362 945 1436 976 οὗτοι
1451 947 1497 974 τδν
1519 947 1547 974 Ἀ
1553 947 1735 983 ρτζιδούριον.

1065 993 1106 1020 ιδ’.
1128 993 1207 1020 Ἐπεὶ
1226 993 1256 1020 δὲ
1278 993 1376 1021 ἔλαθεν
1397 995 1472 1030 ἡμᾶς
1494 993 1624 1026 ὑπόθεσις
1651 994 1740 1030 μικρά
1762 1003 1818 1027 τις,

1028 1040 1194 1075 διασαφῆσαι
1219 1039 1335 1074 ἔρχομαι
1358 1040 1407 1067 καὶ
1430 1040 1496 1076 περὶ
1516 1041 1618 1076 ταύτης
1642 1040 1738 1072 οὕτως.
1761 1041 1819 1075 Τῆς

1029 1085 1142 1120 τυρινῆς
1159 1083 1176 1119 ἡ
1194 1084 1314 1120 ἑϐδομὰς
1327 1084 1465 1120 λελυμένη
1477 1085 1606 1121 ὑπάρχει,
1620 1086 1667 1113 καὶ
1681 1087 1697 1121 ἡ
1718 1086 1816 1121 τετρὰς

1028 1131 1083 1158 τῶν
1098 1130 1219 1166 ἡμερῶν,
1236 1130 1368 1162 ὡσαύτως
1384 1131 1432 1158 καὶ
1451 1132 1467 1166 ή
1490 1131 1570 1166 ἕκτη.
1589 1131 1646 1159 Καὶ
1669 1131 1752 1158 πόθεν
1766 1131 1815 1166 δῆο

1029 1177 1075 1204 λον
1089 1177 1213 1211 πέφυκεν
1227 1176 1318 1208 τοῦτο,
1341 1177 1405 1212 εῐπῃ
1427 1185 1469 1209 τις
1489 1176 1574 1211 (cum;
1597 1176 1762 1210 Ἰακωδῖται,
1778 1177 1817 1208 ὥς

1030 1230 1109 1256 φασι,
1119 1221 1169 1258 τὴν
1186 1221 1321 1257 ὲσδομάδα
1333 1223 1436 1258 ταύτην
1449 1223 1578 1256 ὸλὸαγνον
1589 1222 1755 1257 φυλάσσουσι
1769 1223 1817 1249 καὶ

1030 1267 1154 1303 καθαρὰν
1177 1268 1298 1300 τελείως,
1320 1268 1404 1303 ἄρτου
1426 1267 1507 1303 μόνου
1525 1269 1668 1303 γευόμενοι
1690 1268 1736 1294 καὶ
1749 1268 1815 1295 i351-

1029 1323 1076 1347 τος
1088 1314 1190 1350 ὁμοίως
1202 1322 1209 1330 ·
1223 1315 1271 1340 καὶ
1284 1314 1329 1340 διὰ
1346 1313 1426 1341 τοῦτο
1441 1315 1455 1340 ὸ
1469 1314 1552 1344 καλὸς
1563 1314 1602 1349 τῷ
1615 1314 1672 1341 ὄντι
1689 1314 1815 1349 Νικηφόο

1033 1370 1077 1397 ρος
1088 1362 1102 1388 ὁ
1119 1361 1431 1392 Κωνσταντινουπόλεως
1450 1361 1464 1387 ό
1480 1360 1569 1396 μέγας
1589 1360 1719 1395 ίεράρχης
1733 1368 1816 1386 κοίνου

1031 1407 1113 1438 νικῶς
1128 1406 1272 1440 παρέδωκε
1288 1406 1334 1432 τοῦ
1351 1406 1495 1432 καταλύειν
1511 1405 1635 1438 ταύταις,
1650 1405 1815 1441 ἀνατρέπων

1029 1454 1063 1480 τὰ
1079 1453 1203 1487 δόγματα
1214 1452 1345 1486 αἱρέσεων
1359 1452 1412 1478 τῶν
1421 1452 1479 1483 δύο,
1490 1451 1537 1478 τοῦ
1558 1451 1689 1478 Ἰακώϐου
1702 1460 1731 1477 τε
1743 1451 1815 1486 φημὶ

1031 1498 1080 1525 σὺν
1096 1498 1143 1525 καὶ
1164 1499 1221 1530 τοίς
1241 1497 1426 1533 Τετραδίταις.
1441 1498 1521 1525 Ὀθεν
1535 1498 1570 1525 τὰ
1588 1499 1755 1532 μοναστήρια
1769 1497 1815 1524 οὖ-

994 1553 1014 1582 c
1031 1553 1086 1576 τως
1107 1545 1214 1579 ἔχουσιν
1239 1544 1311 1577 ἔθος,
1334 1544 1384 1579 τὴν
1407 1544 1521 1579 ὲννάτην
1546 1543 1743 1579 πληρώσαντες
1768 1543 1816 1571 καὶ

1032 1590 1116 1626 ὕμνον
1132 1591 1182 1624 τῆς
1198 1590 1329 1625 ἑσπέρας,
1346 1589 1432 1622 οὕτως
1448 1590 1618 1625 εἰσέρχονται
1631 1589 1723 1616 λοιπὸν
1739 1591 1767 1616 ἐν
1782 1590 1814 1623 τῇ

1030 1637 1108 1672 κοινῇ
1127 1636 1263 1672 τραπέζῃ,
1279 1636 1362 1672 τυροῦ
1386 1636 1643 1671 μεταλαμϐάνοντες
1667 1635 1767 1670 ίχθύων
1784 1644 1814 1661 τε

1031 1683 1080 1710 καὶ
1104 1683 1189 1710 οῐνου.
1204 1683 1260 1709 Καὶ
1279 1683 1359 1717 ἡμεῖς
1384 1683 1435 1718 μὲν
1451 1681 1613 1717 ἐγράψαμεν
1635 1680 1672 1713 ὡς
1694 1680 1815 1715 εὕρομεν

1030 1728 1177 1764 ἐγγράφως
1191 1736 1199 1745 ·
1220 1729 1244 1754 εί
1268 1728 1296 1754 δέ
1318 1736 1362 1758 τις
1385 1728 1416 1754 ού
1442 1727 1585 1762 προσίεται
1606 1726 1667 1752 οὐδὲ
1693 1725 1814 1752 πιστεύει

1029 1775 1126 1807 ταῦτα,
1140 1774 1178 1806 ὡς
1197 1774 1268 1800 θέλει
1293 1774 1340 1800 καὶ
1363 1773 1401 1804 ὡς
1426 1773 1562 1808 βούλεται,
1590 1771 1676 1804 οὕτως
1696 1771 1743 1798 καὶ
1766 1780 1814 1798 πο-

1031 1820 1164 1856 ρευέσθω.
1187 1819 1338 1855 Προσθήσω
1353 1819 1443 1845 τοίνυν
1466 1818 1561 1854 ἕτερον
1577 1818 1611 1845 δι’
1635 1817 1718 1853 ἄλλην
1739 1817 1815 1843 ἐϐδο-

1031 1867 1113 1902 μάδα,
1127 1867 1161 1901 ἢν
1177 1865 1225 1892 καὶ
1245 1864 1454 1900 ἐπονομάζομεν
1474 1863 1524 1899 τὴν
1548 1863 1604 1890 τῶν
1626 1863 1725 1897 Ἀγίων
1747 1863 1814 1890 πάν-

1029 1919 1103 1940 των
1133 1911 1206 1943 τινὲς
1230 1910 1470 1945 ὑπολαμϐάνοντες
1496 1909 1534 1945 μὴ
1559 1907 1631 1936 εἷναι
1653 1908 1813 1944 λελυμένην,

1029 1959 1124 1991 κακῶς
1140 1957 1359 1990 ὑποτοπάζοντες
1375 1958 1422 1983 καὶ
1437 1957 1505 1988 ὅλως
1516 1955 1689 1990 ἀγνοοῦντες.
1704 1956 1736 1982 Ol
1749 1955 1814 1981 θεῖοι

1030 2006 1084 2041 γὰρ
1099 2004 1246 2032 ἀπόστολοι
1260 2003 1307 2030 καὶ
1323 2002 1468 2039 νομοθέται
1484 2002 1593 2029 πάντων
1607 2002 1655 2028 καὶ
1672 2002 1736 2035 περ)⁸
1747 2002 1812 2028 ταύ-

1028 2061 1077 2087 της
1094 2051 1218 2087 ἔγραψαν
1235 2050 1283 2077 τοῦ
1309 2048 1380 2077 εἶναι
1405 2049 1566 2084 λελυμένην.
1590 2048 1661 2075 Ἀλλ’
1681 2048 1746 2077 ἴσως
1769 2048 1814 2074 ἁν-

1034 2098 1207 2133 τιφθέγξοιτό
1219 2106 1262 2129 τις
1275 2097 1330 2124 τῶν
1349 2095 1592 2131 γνωστικωτέρων,
1611 2095 1660 2121 καὶ
1677 2094 1732 2121 Ποῦ
1748 2094 1813 2120 ταὺσ

1030 2145 1262 2180 τηςὲμνήσθησαν
1276 2144 1301 2170 oi
1314 2143 1434 2178 μαθηταὶ
1448 2142 1494 2169 τοῦ
1505 2142 1592 2176 Λόγου
1605 2149 1613 2174 ;
1630 2141 1814 2176 Ἐρευνησάτο·

1030 2190 1153 2226 ἁκριὸῶς
1172 2190 1220 2216 καὶ
1235 2189 1344 2220 πάντως
1365 2188 1433 2223 εὕρῃ
1450 2187 1531 2214 τοῦτο
1544 2195 1550 2201 ·
1569 2186 1692 2213 ἀδυνατῶ
1714 2186 1768 2221 γὰρ
1787 2186 1814 2212 ἐι

993 2222 1017 2251 D
1033 2222 1124 2271 λεπτῷ
1140 2236 1228 2262 πάντα
1242 2222 1441 2262 ἀναδιδάσκειν.
1457 2234 1490 2260 Ol.
1502 2234 1530 2260 δὲ
1545 2232 1759 2267 φιλοπονώτερον
1766 2233 1813 2265 τήν

1033 2282 1146 2318 Γραφὴν
1170 2280 1334 2316 ἐρευνῶντες
1355 2279 1543 2314 πληροφορίαν
1573 2277 1702 2304 λαὸοὖσιν
1721 2277 1751 2309 ἐξ
1765 2279 1812 2304 αὑ·

1033 2329 1082 2363 τῆς
1095 2329 1145 2362 τὴν
1161 2328 1280 2354 τελείαν.

1069 2377 1110 2401 ιε’.
1126 2373 1220 2399 Ταῦτά
1233 2381 1274 2398 σοι
1284 2371 1372 2398 τοίνυν
1384 2370 1492 2405 ἔγραψα
1503 2371 1535 2397 ὲκ
1549 2370 1602 2396 τῶν
1614 2369 1718 2397 πολλῶν
1728 2370 1805 2404 ὀλίγα

1039 2419 1109 2445 Ἀλλ’
1125 2417 1172 2444 οὖν
1194 2416 1416 2453 διαμαρτύρομαι
1435 2417 1482 2443 καὶ
1499 2416 1603 2450 βεϐαιῶ
1627 2425 1667 2443 σοι
1681 2418 1771 2449 τοῦτο,
1792 2418 1813 2443 εἰ

1031 2465 1136 2491 τούτων
1151 2463 1240 2498 φύλαξ
1261 2471 1291 2489 τε
1306 2464 1405 2497 φανῇς,
1422 2462 1565 2498 ἐγγυῶμαι
1583 2471 1624 2489 σοι
1639 2462 1736 2494 ταῦτα,
1754 2463 1812 2489 atd-

1033 2519 1102 2542 σεως
1113 2510 1164 2545 τῆς
1178 2510 1210 2536 ἐκ
1221 2509 1315 2542 δεξιῶν
1331 2508 1379 2536 τοῦ
1398 2509 1522 2543 Σωτῆρος
1541 2509 1634 2543 τυχεῖν
1648 2517 1688 2540 σε,
1705 2509 1753 2535 καὶ
1768 2509 1814 2535 σὺν

1032 2555 1107 2590 αὐτῷ
1135 2555 1314 2590 κληρονομεῖν
1329 2554 1376 2581 καὶ
1404 2555 1471 2581 πᾶσι
1495 2555 1551 2585 τοῖς
1565 2554 1654 2587 ἁγίοις
1678 2554 1814 2588 βασιλείαν

1031 2601 1086 2627 τῶν
1110 2599 1234 2636 οὐρανῶν
1253 2600 1301 2626 καὶ
1327 2599 1400 2634 ζωὴν
1428 2600 1479 2634 τὴν
1509 2600 1615 2634 ἀγήρω.
1636 2599 1702 2626 Ἰδοὺ
1726 2599 1814 2626 τοίνυν

1032 2646 1203 2681 πεπλήρωκα
1224 2644 1273 2680 τὴν
1299 2645 1408 2680 αῐτησίν
1430 2653 1491 2677 σου,
1516 2644 1622 2676 τέκνον,
1643 2644 1681 2674 ὡς
1705 2643 1814 2676 ἐφικτὸν

1030 2691 1136 2727 ὑπῆρχέ
1165 2699 1211 2726 μοι
1232 2691 1279 2717 καὶ
1303 2689 1445 2725 δυνάμεως
1470 2688 1555 2724 εἶχον.
1580 2689 1616 2715 Σὺ
1644 2689 1699 2724 γὰρ
1724 2689 1814 2722 καλῶς

1030 2737 1176 2764 ἐπίστασαι
1188 2736 1219 2764 τὺ
1235 2736 1352 2771 πάμπαν
1369 2735 1489 2770 ἄμουσόν
1506 2743 1557 2769 μου
1574 2735 1621 2762 καὶ
1632 2735 1700 2766 ὅλως
1717 2735 1813 2762 ἰδιωτι-

1029 2783 1077 2810 κὺν
1093 2783 1161 2818 πρὸς
1177 2783 1208 2810 τὸ
1227 2782 1342 2809 τοιαῦτα
1358 2782 1487 2818 γράφειν.
1502 2782 1533 2808 Εἰ
1547 2780 1576 2808 δὲ
1600 2781 1632 2807 τδ
1647 2781 1717 2807 κατὰ
1736 2781 1813 2807 δύνα-

1030 2839 1076 2866 μιν
1090 2830 1166 2866 φίλον
1179 2829 1238 2865 Θεῷ
1253 2830 1384 2865 ὑπάρχει,
1395 2828 1470 2861 δέξαι
1485 2828 1532 2855 καὶ
1549 2829 1581 2855 σὺ
1601 2828 1638 2859 ὡ;
1649 2827 1752 2862 ἀγαθὸν
1764 2828 1813 2861 τὴν

1029 2878 1188 2913 προαίρεσιν
1215 2877 1309 2912 μόνην.
1338 2876 1470 2904 Ἐνταῦθα
1493 2875 1627 2910 σταίημεν
1647 2874 1739 2901 λοιπον
1763 2873 1811 2900 τοῦ
