2020 3080
120 185 171 217 449

683 186 769 216 ιίΤΑ
791 186 823 216 S.
843 186 954 216 ιι]εῶ
973 184 1164 216 JUNIORIS.

1685 185 1739 216 450

122 240 225 267 καὶτὸν
239 239 332 266 ἄδικον
349 237 531 270 ὲκκαλύπτεις
546 238 637 273 φόνον.
656 238 700 264 ἵνα
717 240 764 265 καὶ
774 239 805 265 τὺ
821 239 898 265 Θεῖον

956 239 1046 274 lingua
1058 259 1066 271 ,
1091 239 1233 271 biseeute;
1264 237 1386 265 subdens
1413 243 1525 265 sanctus
1542 247 1549 265 :
1569 247 1578 264 ι
1592 237 1717 271 Quandiu
1729 253 1738 267 .

121 285 200 318 φύσει
225 284 408 320 μισοπόνηρον
432 283 484 316 ὃν,
519 283 617 320 μικρδν
645 284 733 315 οὕτως
764 284 906 320 ἱξιλεώσῃ,

120 330 272 364 κατήγορος
291 329 405 356 σεαυτοῦ
420 329 567 363 γενόμενος
581 337 588 361 ;
605 337 614 353 ι
625 328 654 354 Ὀ
671 328 700 354 δὲ
715 328 793 363 μόλις
809 329 906 355 ἑαυτὸν

121 375 352 409 ἀποδασάμενος,
369 376 477 409 συνεχεί
492 375 539 401 καὶ
551 375 763 409 διακεκομμένῳ
786 374 825 410 τῷ
840 375 907 402 ἀσθ-

121 427 195 454 ματι·
209 419 259 446 «Ti
272 421 336 455 παρ’
351 421 439 455 ήμῶν,
454 420 541 453 λέγει,
557 419 604 446 τοῦ
616 420 685 446 Θεοῦ
697 420 835 455 ἄνθρωπε,
853 430 908 456 μα.

121 465 175 491 θεῖν
195 466 332 497 ἀπαιτεῖς,
349 466 367 492 ἃ.
382 466 429 492 καὶ
447 466 499 501 πρὸ
516 465 597 500 ήμῶν
614 465 697 497 αὐτὸς
709 465 761 492 ὑπὸ
772 466 822 501 τῆς
835 467 906 492 ἔνοι-

120 508 220 544 κούσης
238 505 280 536 iet
298 510 410 545 χάριτος
422 510 576 545 ἐδιδάχθης.
591 510 649 537 Οὐκ
663 510 768 545 ἐκρύϐη
783 510 838 545 γὰρ
850 511 905 538 ἀπὸ

120 555 167 580 σοῦ
183 554 197 581 ὃ
210 555 350 590 πεποίηκα
371 556 400 582 ἐν
421 557 524 591 κρυφῇ.
551 556 625 590 Πλὴν
648 556 716 583 ἀλλά
736 556 776 591 τῷ
796 556 835 592 σῷ
856 565 904 583 κε-

119 599 252 635 λεύσματι
275 601 343 627 είκω
364 601 411 628 καὶ
427 601 509 635 λέγω,
526 602 575 628 καὶ
592 601 751 637 θριαμϐεύω
767 602 799 629 τὸ
812 603 905 634 κακῶς

119 646 261 680 ἐργασθιν.
277 655 286 672 ι
304 646 398 678 Οὕτως
418 646 515 680 εἰπὼν,
543 647 669 682 φανερῶς
691 648 741 684 τὴν
767 648 905 684 ἁμαρτίαν

119 691 289 726 ἐξαγορεύει,
310 692 421 719 διελθὼν
449 693 567 726 ἕκαστα,
580 694 639 725 πῶς
662 702 692 720 τε
710 696 757 721 καὶ
777 694 841 728 ποῦ,
856 695 904 720 καὶ

117 737 149 763 δι’
165 738 198 772 ἢν
220 738 311 764 αἰτίαν
341 739 386 764 τὸν
402 739 502 766 ἑαυτοῦ
529 739 701 775 συνέκδημον
718 741 903 768 ἀποκτείνειε.

118 781 182 810 Εἶτα
199 785 367 819 προσπίπτει
384 787 441 817 τοῖς
460 785 507 812 τοῦ
520 787 598 820 ἁγίου
616 786 689 819 ποσὶ,
705 787 742 821 μὴ
760 787 903 822 παροφθῆ-

118 838 160 855 ναι
192 830 329 864 δεόμενος.
351 830 382 857 '0
403 831 432 858 δὲ
459 831 507 858 καὶ
529 829 619 858 οἶκτον
642 832 726 858 αὐτοῦ
758 832 904 867 λαμϐάνει,

116 874 164 900 καὶ
178 874 210 900 τὸ
221 875 303 909 τάχος
319 875 456 911 ἀνίστησι,
474 876 597 903 νουθετεῖ
622 885 652 902 τε
672 877 719 903 καὶ
735 877 901 912 παρακαλεῖ,

959 285 1060 320 inquit,
1075 285 1150 316 siles,
1168 291 1219 312 nec
1234 284 1323 319 palam
1344 283 1472 310 omnibus
1490 288 1629 318 peccatum
1649 284 1740 310 tradu-

958 331 1008 361 cis,
1024 338 1055 357 ac
1071 330 1192 365 iniquam
1207 330 1312 357 revelas
1329 329 1440 361 caedem,
1459 337 1513 364 quo
1530 334 1555 356 te
1581 329 1638 363 ipse
1657 337 1738 356 accu—

957 383 1033 409 sans,
1056 375 1178 402 divinum
1205 383 1317 406 numen,
1342 375 1385 402 cui
1405 383 1420 402 a
1441 379 1537 401 natura
1563 374 1625 401 mali
1645 375 1737 402 odium

956 425 1010 453 est,
1037 419 1175 447 modicum
1213 420 1381 453 aliquantum
1413 420 1557 454 propitium
1590 419 1674 447 facias
1706 427 1739 447 ac

955 466 1068 501 places?
1086 475 1095 492 ι
1116 466 1149 493 At
1174 466 1228 498 ille,
1246 466 1288 492 vix
1311 466 1419 493 tandem
1436 467 1490 492 vim
1514 465 1628 498 faciens,
1655 466 1740 492 conti-

956 519 1012 539 nuo
1035 519 1067 539 ac
1096 512 1225 539 interciso
1258 511 1405 538 anhelitu:
1424 520 1433 536 ι
1452 510 1534 544 Quid,
1564 511 1663 545 inquit,
1691 509 1739 537 Dei

955 558 1047 589 homo,
1063 565 1078 584 a
1094 557 1172 584 nobis
1185 557 1254 591 petis
1269 556 1387 587 discere,
1401 564 1462 590 quae
1474 556 1542 589 ipse,
1559 555 1651 582 divina
1668 555 1694 582 in
1713 560 1740 582 te

955 603 1095 630 habitante
1111 602 1195 637 gratia
1208 602 1349 634 edocente,
1364 605 1428 628 ante
1444 601 1584 628 didicisti?
1599 600 1653 628 Nec
1665 601 1738 628 enim

956 654 971 674 τι
985 653 1011 674 te
1028 647 1078 674 fuit
1092 648 1270 679 occultatum,
1293 647 1365 682 quod
1379 647 1430 673 I'eci
1455 647 1481 673 in
1504 646 1622 673 occulto.
1647 645 1741 672 Enim-

956 701 1021 720 vero
1035 693 1141 728 jubenti
1168 693 1216 720 tibi
1241 700 1343 720 morem
1375 700 1451 728 gero,
1475 700 1507 719 ac
1525 693 1597 723 dico,
1612 691 1742 726 quodth

956 739 1027 766 male
1055 744 1160 774 gestum
1191 737 1253 770 fuit,
1283 738 1371 772 palam
1401 739 1527 765 traduco.
1546 747 1555 763 ι
1586 736 1621 764 lis
1648 737 1739 769 dictis,

955 784 1044 818 palam
1077 788 1218 818 peccatum
1245 784 1400 814 conﬁtetur,
1427 784 1582 810 edisserens
1610 782 1738 817 singula,

956 829 1104 864 quomodo,
1122 836 1155 856 ac
1170 829 1227 861 ubi,
1245 829 1490 864 quamobrcmque,
1509 828 1615 855 itineris
1633 828 1739 855 socium

956 874 1113 901 occidisset.
1140 873 1209 900 Tum
1227 874 1314 901 sancti
1341 874 1457 909 pedibus
1497 873 1664 905 advolvitur,
1695 881 1740 900 ro-

115 920 161 946 καὶ
179 920 288 946 κανόσιν
304 920 487 955 ἀσφαλίξεται
500 923 556 952 τοῖς
573 922 646 957 αὐτῷ
664 924 806 957 φορητοϊς,
821 922 898 949 τοῦτο

954 926 1021 953 gans
1037 922 1065 945 ut
1081 919 1150 946 nolit
1163 919 1312 953 despicere.
1329 920 1354 946 Is
1371 924 1474 952 autem,
1490 926 1552 946 cum
1574 918 1634 953 cjus
1657 918 1740 945 mise-

115 965 176 989 κατ’
188 964 327 1000 ἐξαίρετον
338 966 506 1001 ἐπισκήψας·
521 968 560 998 είς
573 968 618 994 τὸν
631 967 716 1001 τάφον
728 967 905 1002 οῐχεσθαιτοῦ

114 1010 326 1044 πεφονευμένου·
339 1010 445 1046 δάκρυά
457 1020 487 1038 τε
501 1011 582 1038 αὑτοῦ
598 1012 686 1038 πολλά
700 1014 901 1046 κατασπεῖσιι,

115 1055 161 1080 καὶ
186 1056 267 1090 τρίτα
294 1056 343 1083 καὶ
368 1058 466 1084 ἔννατα
492 1058 542 1084 καὶ
569 1060 779 1092 τεσσαρακοστὰ
805 1059 901 1086 τούτου

114 1100 267 1133 πολυτελῶς
291 1103 442 1130 ἐκτελέσαι·
476 1103 597 1138 γονάτων
626 1105 731 1136 κλίσεις
745 1106 804 1131 ἐκεῖ
819 1114 899 1140 ποιη·

116 1146 244 1180 σάμενον,
260 1148 285 1172 εἰ
302 1147 415 1174 δυνατὸν
430 1148 479 1175 οὐκ
498 1149 628 1181 ἐλάττους
649 1150 705 1176 τῶν
730 1150 898 1185 τρισχιλίων·

115 1191 216 1225 μᾶλλον
230 1191 258 1218 δὲ
272 1192 316 1219 διὰ
332 1192 390 1228 βίου
406 1194 456 1228 τὴν
469 1194 607 1230 ἁμαρτίαν
624 1195 746 1230 θρηνεῖν,
764 1196 811 1222 καὶ
832 1195 899 1222 ἑνώ-

114 1242 175 1259 πιον
190 1235 274 1270 αὐτὴν
288 1235 371 1271 ἔχειν,
384 1239 441 1269 τοῖς
461 1239 553 1270 πίναξι
571 1239 622 1273 τῆς
652 1239 742 1274 ψυχῆς
757 1239 898 1274 ἐγγραψά-

113 1286 203 1312 μενον.
218 1280 295 1307 οὕτω
309 1283 508 1317 παραγγείλας,
521 1285 634 1320 ἀφίησιν
650 1285 755 1318 οἴκαδε,
771 1285 896 1320 καθαρὰν

112 1323 259 1357 ἐπίγνωσιν
280 1327 355 1361 αὑτῷ
370 1329 417 1355 τοῦ
434 1329 519 1356 καλοῦ
541 1331 589 1357 καὶ
606 1332 655 1366 τῆς
676 1331 815 1366 ἁμαρτίαξ
843 1339 895 1358 κα·

112 1368 248 1401 τάγνωσιν
269 1371 408 1405 ὲμὸαλὼν,
425 1374 473 1401 καὶ
491 1375 592 1410 πολλὴν
610 1376 777 1410 εἰσενεγκεῖν
806 1376 895 1410 ἔπαγ-

112 1415 273 1450 γειλάμενον
289 1420 339 1453 τὴν
353 1421 510 1454 μετάνοιαν.

956 969 1041 995 retur,
1062 968 1119 990 tum
1136 964 1228 991 statim
1249 964 1342 999 erigit,
1365 964 1550 997 admonetque
1565 971 1596 991 ac
1610 963 1740 990 exhorta-

953 1012 1009 1040 tur.
1039 1009 1214 1044 regulisque,
1241 1017 1290 1043 pro
1318 1017 1350 1036 co
1384 1014 1414 1036 ttt
1439 1009 1551 1037 ferendo
1584 1010 1738 1042 videbatur,

952 1054 1060 1087 muttit;
1077 1054 1103 1081 id
1120 1055 1257 1090 praecipue
1278 1056 1427 1087 mandans,
1445 1060 1474 1083 ut
1495 1055 1528 1083 ad
1544 1055 1630 1083 occisi
1644 1056 1736 1090 sepul-

953 1106 1031 1126 crum
1062 1100 1173 1133 vadens,
1199 1100 1381 1135 lacrytuarum
1411 1101 1466 1128 illic
1494 1102 1602 1136 copiam
1629 1098 1737 1131 liba’ref,

952 1145 1066 1179 ejusque
1091 1152 1140 1178 pro
1169 1146 1269 1178 tertia,
1299 1154 1391 1178 nona,
1413 1154 1445 1174 ac
1472 1146 1682 1181 quadragesima
1699 1145 1737 1180 (5)

953 1189 1094 1224 splendide
1116 1197 1193 1217 sacra
1217 1191 1386 1223 celebraret;
1404 1199 1579 1226 genuumque
1594 1190 1736 1222 ﬂexiones,

953 1233 1024 1261 baud
1052 1235 1141 1262 tribus
1169 1236 1288 1262 millibus
1314 1237 1476 1271 pauciores,
1511 1236 1533 1262 si
1563 1243 1606 1262 res
1636 1235 1734 1265 ferret.

952 1278 1073 1314 faceret;
1099 1281 1165 1316 quin
1193 1282 1296 1316 potius.
1325 1282 1458 1316 reliquam
1476 1281 1569 1314 vitam,
1593 1285 1735 1316 peccatum

950 1325 1081 1357 delleret,
1104 1331 1186 1361 atque
1219 1327 1303 1353 animi
1330 1327 1429 1354 tabulis
1456 1327 1616 1361 inscriptum
1638 1326 1737 1353 obver-

951 1379 1016 1398 sans
1030 1377 1162 1407 perpetuo
1177 1372 1301 1400 haberet.
1317 1371 1364 1400 His
1380 1373 1413 1399 ad
1426 1380 1488 1399 eum
1503 1372 1575 1399 datis
1589 1371 1735 1403 mandatis,

949 1416 1061 1443 dutnum
1088 1415 1213 1448 remittit,
1240 1423 1302 1443 cum
1329 1417 1502 1451 perspicuam
1529 1416 1594 1443 boni
1616 1415 1737 1450 agnitio-

114 1469 185 1495 nem.
213 1471 245 1491 ac.
274 1467 379 1500 peccati
397 1468 600 1496 damnationem
629 1470 723 1498 animo
765 1471 915 1506 iniecisset,
944 1473 1022 1508 isque
1045 1474 1159 1500 multam
1187 1481 1216 1500 se
1242 1474 1428 1508 pmniteutiam
1454 1474 1593 1500 illaturum
1620 1474 1736 1508 promit-

112 1513 190 1536 teret.

149 1555 283 1591 Ἐὕδομον
297 1557 356 1589 ἔτος
377 1559 406 1585 ὲν
433 1561 466 1594 τῇ
483 1561 554 1587 κατὰ
579 1561 625 1588 τὸν
645 1561 816 1598 Ἰωαννίτζην
831 1564 895 1599 ἐρή-

985 1565 1054 1592 Cutn
1069 1570 1171 1599 septem
1191 1565 1246 1598 jam
1265 1572 1351 1591 annos
1366 1565 1394 1591 in
1410 1564 1564 1591 Joanuitzis
1581 1565 1623 1591 illa
1641 1573 1734 1592 eremo

114 1609 157 1636 μῳ
174 1601 331 1636 πληρώσας,
349 1603 424 1630 ἄκων
439 1606 487 1631 καὶ
507 1606 588 1638 αὐτὸς
601 1607 777 1643 μετανάστης
791 1609 896 1643 γίνεται

113 1647 183 1681 μετὰ
199 1649 319 1675 πάντων.
339 1649 451 1684 Συμεὼν
465 1651 519 1686 γὰρ
537 1652 551 1677 ὁ
567 1653 614 1678 τοῦ
635 1653 769 1680 Σκυθικοῦ
803 1655 898 1687 ἔθνους

111 1694 204 1728 ἄρχων
225 1694 408 1730 (Βουλγάρους
435 1697 532 1729 αὐτοὺς
555 1697 668 1732 οἴδαμεν
693 1699 816 1733 συνήθως
848 1709 899 1727 κα-

112 1739 191 1774 λεῖν),
207 1739 259 1771 τὰς
274 1741 341 1774 πρὸς
362 1741 517 1776 Ῥωμαίους
533 1743 649 1775 σπονδὰς
661 1745 808 1780 ἀθετήσας,
827 1746 898 1780 ἐχώ-

113 1794 167 1820 ρει,
194 1788 264 1813 κατὰ
293 1789 382 1822 πάσης
416 1788 545 1823 ἠπείρου,
572 1789 622 1821 τὰς
653 1790 732 1824 ἡμῶν
760 1791 899 1826 ἁμαρτίας

112 1829 262 1865 ἀξιόμαχον
278 1831 374 1866 ὥσπερ
405 1833 484 1867 χεῖρα
511 1833 747 1868 περιζωσάμενος·
766 1835 898 1870 ἐξανδρα-

112 1875 288 1910 ποδιζόμενὸς
300 1886 329 1903 τε
347 1878 394 1904 καὶ
408 1878 577 1913 ληϊζόμενος,
595 1880 642 1905 καὶ
660 1881 724 1911 τοὺς
743 1880 793 1915 μὲν
813 1880 896 1916 ζωῆς,

110 1921 174 1951 τοὺς
187 1921 210 1947 δ’
223 1921 379 1957 ἐλευθερίας
402 1923 573 1958 ἀποστερῶν,
595 1925 644 1950 καὶ
658 1924 813 1960 ὐποςρόρους
828 1933 891 1951 ποι-

111 1966 239 2001 ούμενος.
262 1967 403 1996 Ἐντεῦθεν
417 1969 441 1995 οἰ
456 1970 507 2004 μὲν
535 1970 572 2001 ὡς
586 1970 616 1996 ιν
639 1971 760 2005 εἱρκταῖς
776 1971 792 2006 ῆ
812 1979 898 2006 φρου-

113 2015 174 2044 οαίς
189 2015 249 2045 ταῖς
264 2014 358 2042 πόλεσι
383 2016 583 2042 κατεκλείοντοο
599 2017 624 2042 οι
639 2016 667 2043 δὲ
683 2018 752 2051 πρὸς
767 2016 818 2052 τήν
840 2017 897 2043 Εὗ-

111 2058 191 2085 σοιάν
209 2069 238 2086 τε
248 2061 294 2088 καὶ
309 2061 360 2096 τὴν
374 2061 421 2088 τοῦ
437 2062 559 2093 Πέλοπος
571 2062 755 2094 ἀπεσώζοντο.

147 2106 215 2132 Τότε
244 2106 310 2140 γοῦν
337 2108 384 2133 καὶ
399 2107 424 2133 οι
437 2109 503 2143 περὶ
518 2107 564 2134 τὸν
577 2107 627 2134 τοῦ
656 2108 723 2135 Θεοῦ
754 2108 897 2145 ἄνθρωπον

110 2152 262 2187 χωρητικοὶ
289 2152 359 2186 πρὸς
388 2153 436 2184 τὰς
462 2153 494 2178 ὲκ
524 2153 652 2188 γειτόνων
667 2153 898 2190 διεπορθμεύοντο

110 2198 221 2232 νήσους·
242 2199 266 2224 εί
284 2198 331 2224 καὶ
351 2198 456 2232 φθάσας
471 2198 485 2224 ὸ
500 2198 609 2232 φθόνος,
627 2199 790 2226 ἀνέλπιστον
805 2201 897 2232 αὐτοῖς

110 2243 212 2277 ἐπάγει
238 2243 286 2270 τὸν
311 2243 448 2272 κίνδυνον.
480 2244 576 2271 Αὐτῶν
596 2245 650 2280 γὰρ
667 2246 716 2272 σὺν
736 2245 775 2281 τῷ
801 2246 896 2282 δικαίῳ

109 2289 240 2324 ἀσφαλῶς
256 2290 359 2324 διάγειν
380 2291 522 2325 οἰομένων,
538 2291 562 2317 οἱ
587 2291 739 2326 Βούλγαροι
761 2293 830 2327 πρὸς
845 2293 896 2318 αὺ-

110 2335 174 2366 τοὺς
189 2335 232 2361 διὰ
256 2335 348 2362 πλοίου
370 2336 384 2362 ὃ
406 2336 498 2371 ἔτυχον
521 2337 734 2372 ὑποκλέψαντες,
761 2338 894 2373 αἰφνίδιον

111 2380 282 2412 ἐπελθόντες,
298 2381 390 2416 ὀλίγου
405 2382 469 2415 δεῖν,
489 2384 593 2415 πάντας
621 2384 778 2417 ἀπώλεσαν,
794 2385 894 2419 ὀλίγων

110 2425 193 2452 τινῶν
208 2426 483 2461 ἐκκολυμὸησάντων,
499 2429 560 2463 μεθ’
581 2426 619 2456 ὧν
645 2432 693 2457 καὶ
709 2432 722 2457 ό
747 2431 835 2466 μέγας
852 2429 896 2467 ἦν,

111 2470 160 2497 καὶ
177 2470 249 2496 οὕτω
264 2471 313 2502 τὰς
329 2473 424 2506 χεῖρας
446 2474 535 2500 αὐτῶν
559 2473 700 2509 διαφυγεῖν
717 2475 897 2511 δυνηθέντων.

112 2515 170 2543 Εἶθ’
187 2517 273 2549 οὕτως
290 2519 502 2553 ἐπανελθόντων,
517 2521 612 2547 πλοίου
628 2521 767 2557 ἐπιτυχὼν
782 2523 896 2557 ἐκεῖνος,

111 2563 163 2589 σὺν
174 2562 228 2598 ὅλῳ
243 2563 317 2598 γένει
332 2564 378 2591 καὶ
391 2565 447 2597 τοῖς
464 2567 596 2600 γνωστοῖς
612 2568 773 2602 περαιοῦται
790 2569 830 2600 είς
843 2570 896 2595 K6-

949 1611 1097 1646 implcsset,
1112 1618 1268 1646 quanquam
1290 1611 1400 1644 imitus,
1427 1618 1480 1637 una
1497 1611 1554 1644 ipse
1578 1618 1611 1638 ac
1636 1611 1734 1646 reliqui

949 1662 1084 1692 coguntur
1099 1657 1228 1691 migrare.
1247 1658 1365 1691 Symeoa
1381 1657 1453 1684 ettim
1469 1657 1635 1691 Scytharum
1645 1663 1735 1692 gentm

949 1703 1087 1737 princeps,
1116 1702 1247 1736 Bulgaros
1267 1702 1402 1737 appellare
1428 1703 1634 1736 consuevimus,
1663 1704 1735 1730 anti-

948 1752 1032 1783 quato
1046 1756 1109 1775 cum
1133 1748 1264 1775 ltomauis
1285 1748 1399 1779 findere,
1418 1752 1501 1775 totam
1535 1749 1733 1782 continentem,

949 1801 998 1820 ceu
1012 1801 1109 1827 pugna:
1126 1793 1315 1826 idoneamanu
1336 1793 1455 1826 peccatis
1468 1794 1569 1822 nostris
1582 1795 1733 1827 accinctus,

949 1838 1126 1874 pet-vadebat,
1143 1839 1270 1866 servituti
1291 1839 1450 1873 mancipans
1466 1847 1498 1867 ac
1514 1840 1686 1874 depraedaus,
1703 1849 1734 1868 ac

948 1885 1018 1911 alios
1035 1884 1145 1919 quidem
1160 1884 1225 1915 vita,
1242 1884 1367 1911 libertate
1382 1885 1451 1911 alios
1467 1885 1588 1920 privans,
1604 1893 1636 1913 ac
1651 1887 1734 1913 vecti-

948 1931 1023 1965 gales
1056 1930 1185 1956 reddens.
1217 1929 1389 1964 Quapropter
1407 1931 1452 1956 alii
1469 1931 1579 1965 qutdem
1603 1932 1676 1958 velut
1706 1932 1733 1959 iu

947 1983 1058 2003 carcere
1082 1983 1114 2002 ac
1130 1976 1275 2010 prassidiis,
1299 1976 1407 2002 urbium
1424 1977 1528 2003 ambitu
1553 1977 1734 2003 contineban-

948 2026 1012 2055 tur;
1033 2022 1078 2049 alii
1101 2022 1164 2057 l'uga
1183 2023 1208 2048 iu
1223 2021 1354 2049 Eubmam
1367 2029 1394 2051 et
1409 2025 1636 2061 Peloponnesum,
1652 2025 1733 2051 saluti

948 2068 1140 2096 consulebant.

983 2123 1061 2151 Tunc
1089 2132 1156 2159 ergo
1188 2126 1314 2161 ejusdem
1341 2136 1451 2163 quoque
1478 2128 1530 2156 loci
1559 2129 1656 2157 incola
1680 2138 1733 2158 una

948 2177 1010 2196 cuin
1042 2170 1101 2197 viro
1121 2169 1179 2203 Dei,
1209 2171 1236 2198 in
1265 2173 1368 2202 vicinas
1396 2174 1500 2201 insulas
1530 2175 1732 2203 transmisere:

949 2221 1107 2249 quanquam
1128 2222 1266 2251 occupans
1295 2217 1415 2250 invidia,
1446 2219 1661 2254 inexspectatum
1680 2219 1734 2248 illis

949 2259 1101 2294 periculum
1116 2260 1229 2289 invexit.
1248 2262 1316 2289 Cum
1340 2264 1411 2290 enim
1427 2264 1445 2291 ii
1463 2269 1522 2292 tuto
1537 2272 1566 2292 se
1583 2272 1644 2291 cum
1659 2265 1735 2300 justo

949 2313 1029 2340 agere
1061 2307 1275 2340 existimarent,
1308 2309 1444 2338 irruentes
1480 2316 1591 2346 repente
1627 2312 1655 2339 in
1686 2319 1733 2339 eos

949 2350 1067 2385 Bulgari,
1100 2352 1209 2388 navigio
1222 2354 1296 2388 quod
1327 2354 1408 2382 furati
1426 2360 1528 2388 essent,
1556 2364 1651 2384 omnes
1675 2356 1732 2384 fere

947 2397 1135 2430 perdiderunt,
1165 2399 1260 2433 paucis
1292 2401 1457 2434 quibusdam
1486 2402 1672 2435 enatautibus,
1699 2402 1727 2429 in

946 2442 1046 2475 quibus
1057 2442 1098 2469 vir
1116 2451 1225 2479 quoque
1238 2453 1372 2480 magnus,
1393 2451 1474 2482 atque
1494 2447 1520 2474 in
1531 2455 1592 2474 eum
1620 2448 1730 2475 modqu

948 2495 1047 2516 manus
1063 2496 1157 2516 eorum
1186 2492 1377 2519 evadentibus.
1397 2492 1467 2519 Tum
1493 2500 1569 2526 vero,
1590 2493 1643 2520 illis
1655 2502 1732 2521 rece-

946 2532 1087 2565 dentibus.
1107 2535 1208 2570 navigii
1235 2535 1305 2563 l'acta
1325 2537 1415 2572 copia,
1432 2545 1494 2564 cum
1512 2542 1570 2565 toto
1584 2546 1682 2573 genere
1699 2547 1731 2566 ac

947 2579 1039 2610 netis.
1065 2579 1229 2608 Corinthum
1258 2582 1441 2616 transmittit;
1474 2590 1537 2610 cutn
1554 2583 1611 2617 jam
1645 2583 1729 2611 barba

746 2628 798 2658 Fr.
818 2631 1002 2666 Combeﬁsii
1020 2640 1114 2668 notae.

148 2694 188 2730 (ὕ)
215 2694 269 2722 Pro
287 2696 376 2728 tertia,
398 2704 481 2733 _nona,
510 2698 724 2733 quadragesima.
740 2701 825 2729 Etiam
843 2703 894 2730 Da-

112 2737 270 2766 masceuus,
296 2739 344 2758 seu
358 2731 483 2765 quisquis
499 2738 595 2759 aUt'lUI'
611 2731 649 2760 est
671 2738 806 2764 sermonis
819 2738 893 2766 illius

112 2766 236 2806 inscripti
255 2765 293 2806 De
311 2766 344 2791 iis
359 2766 404 2800 qui
423 2768 450 2792 in
474 2767 527 2806 [ide
552 2769 725 2806 dormierunt,
741 2772 818 2806 τρίτα
834 2765 892 2806 illa,

112 2801 221 2831 ἓννατα,
238 2805 265 2827 et
278 2804 485 2835 τεσσαρακοστα
503 2805 685 2835 commendat,
702 2801 892 2835 ceu-Ecclesia;

113 2836 276 2871 Irlrtllvel‘S'diis
297 2837 432 2862 constanti
461 2845 510 2863 usu
538 2840 659 2871 probata.
684 2839 798 2868 Sanctus
827 2842 889 2869 item

111 2870 199 2897 Niceti
228 2870 318 2898 libello
337 2871 375 2897 De
401 2870 749 2906 erroribusArmeniorum.
769 2881 834 2904 tom.
863 2885 890 2905 ttt

945 2706 1017 2745 _Bib_l.
1036 2708 1093 2736 PP.
1111 2717 1205 2737 eorum
1230 2711 1363 2738 meminit.
1384 2711 1496 2745 Grcgor.
1517 2711 1631 2738 Nazian.
1657 2716 1728 2739 nrat.

947 2743 972 2769 in
991 2743 1118 2780 Satyrum
1136 2745 1247 2772 fratrem
1263 2747 1313 2778 τὰς
1328 2746 1362 2772 δι’
1380 2743 1458 2777 ἔτους
1475 2747 1584 2780 μνήμας
1599 2754 1606 2761 ·
1624 2755 1730 2773 animus

944 2785 992 2815 pro
1010 2778 1141 2812 defunctis
1158 2781 1309 2813 memorias,
1335 2778 1481 2807 memorat;
1499 2778 1730 2815 Pe'rseverantque

944 2813 989 2839 illa
999 2814 1154 2851 etiamnum
1173 2815 1199 2841 itt
1215 2814 1344 2849 Ecclesia,
1361 2816 1510 2851 apostolica
1527 2824 1558 2842 ac
1571 2813 1729 2844 sanctorum

945 2848 1093 2876 traditione
1109 2850 1187 2876 l'ulta.
