2020 3080
174 146 227 179 435

740 146 788 176 DE
810 147 1008 177 PARADISD.
1031 159 1062 165 -
1083 147 1181 177 PARS
1204 148 1226 177 ἰ,

1745 149 1801 180 486

173 207 204 230 ut
225 210 303 230 sacra
335 200 441 228 Veteris
465 201 633 229 Testamenti
658 202 757 236 scripta
790 210 874 228 var-ua
908 202 962 228 sint
977 210 997 236 ν
1013 202 1099 228 disus.
1128 203 1215 236 Atque
1244 203 1299 229 hinc
1330 202 1461 231 hactenus
1485 211 1499 230 a
1519 204 1597 231 nobis
1620 209 1683 232 sunt
1706 211 1800 233 contra

174 247 297 282 mysticis
309 248 410 278 scrisis,
426 247 450 273 id
467 247 539 282 quod
555 247 653 273 falsum
669 254 729 273 esse
753 252 843 281 Ctlpllt‘.
867 247 958 279 tertio,

172 294 280 320 volente
298 292 364 323 Deo,
388 293 679 320 commonstrabimus.
701 292 792 320 Tertia
812 294 881 319 ratio
908 297 959 323 est,

173 340 194 366 si
210 338 354 374 paradisus
377 338 444 365 nihil
463 343 505 366 est
529 338 580 365 nisi
597 346 641 366 res
657 346 799 372 corporea.
816 339 960 365 coniicitur

172 393 220 412 eus
242 392 382 412 sacrarunt
400 392 491 412 rerum
516 384 642 411 doctores
661 385 791 412 mentitos
816 393 886 416 esse,
913 386 958 418 qui

173 431 342 465 incorporea:
366 431 454 465 ipsum
472 431 553 457 etiam
573 436 676 456 natura:
697 437 759 457 csse
770 429 960 464 prodiderunt.

172 476 322 502 Cunticitnr
343 476 425 510 igitur
438 484 471 503 ex
487 476 521 502 iis
543 484 604 510 quae
624 475 680 509 jam
697 475 768 502 dicta
787 479 862 506 smrt,
879 483 958 509 para-

172 522 262 549 rlisum
296 522 366 548 haud
401 522 436 548 ita
460 527 636 556 curporalum
662 529 736 553 esse,
762 526 790 547 ut
807 521 960 554 incorpmci

173 567 239 593 nihil
271 566 379 592 habeat.
397 565 503 592 Rursus
534 573 582 592 eos
609 565 655 600 qui
675 565 708 592 ad
731 567 828 591 trrenth
856 566 957 592 intelli-

173 611 291 646 gentiam
307 611 439 638 duntaxat
453 611 589 645 pertinere
603 611 679 638 aiunt
690 611 860 645 paradisum,
878 617 960 646 atque

171 658 284 684 omnino
301 658 492 691 incorporeum
518 665 590 688 esse,
617 665 663 684 sex
683 658 744 684 istis
771 665 961 693 oppugnamus

171 703 351 736 argumentis.
365 702 466 734 Primo,
486 710 599 737 prorsus
616 704 692 730 nullo
714 703 852 731 atiecissct
864 705 960 739 volup-

172 749 234 774 tatis
245 756 327 776 sensu
347 749 412 776 Adae
430 757 541 782 corpus,
563 749 609 776 sed
628 749 716 776 solum
733 750 863 782 animam,
878 755 961 784 atque

171 795 222 820 Irae
238 796 341 821 ratione
354 803 439 828 imper
456 803 565 829 quoque
581 795 623 821 nsi
648 803 755 822 sumus.
777 796 877 823 Deinde
893 796 960 823 falsa

171 845 263 866 t‘SSCIIl
276 847 336 873 quin.
353 840 386 866 de
415 840 542 873 paradiso
567 845 676 866 exstant
692 839 733 866 διο
751 840 772 867 is
789 840 871 872 dicta,
899 849 956 867 rem

172 891 343 920 corporataui
363 886 485 912 uolantia
504 894 511 912 :
527 886 681 920 cujusurodi
698 891 771 918 sunt,
797 887 869 921 quod
887 887 962 921 plan-

173 936 275 958 tarerat
287 930 417 957 Dominus
430 931 500 957 Dens
511 932 667 964 paradisum
681 932 706 957 in
724 931 796 958 Edeu
812 932 846 958 ah
862 932 959 965 initio;

172 977 244 1010 qqu
270 976 361 1010 posuit
392 975 447 1003 illic
469 977 602 1002 Adarnunr
631 984 710 1010 quem
740 977 865 1008 tinxerat,
886 977 959 1012 quod

174 1023 327 1057 procreavit
341 1031 355 1049 e
375 1028 447 1049 terra
473 1031 582 1050 onmem
607 1023 734 1050 arborem
752 1031 810 1050 visu
826 1024 960 1058 expetibi-

173 1071 237 1101 lem,
250 1073 331 1104 atque
347 1070 373 1096 in
390 1070 479 1096 eihrrrrr
498 1069 633 1100 idoneam,
650 1074 676 1095 et
691 1069 816 1096 arborerrr
840 1069 961 1096 scientiae

173 1115 234 1141 I'-():.i
260 1120 286 1141 et
308 1114 393 1147 maii;
424 1115 497 1149 quoi
527 1114 695 1149 sumpserint
727 1115 812 1141 Adam
848 1121 875 1141 et
904 1114 959 1141 Eva

174 1160 238 1187 fol‘a
259 1160 386 1193 ﬁculnea,
413 1160 582 1194 fecerimque
602 1160 654 1186 sibi
681 1159 959 1194 subligacula;quod

171 1207 409 1234 scseorcultariut
440 1207 511 1233 inter
536 1206 653 1240 paradisi
675 1206 787 1233 arbores
803 1225 811 1238 ,
843 1211 870 1233 et
899 1214 960 1240 qu.»

170 1259 231 1279 sunt
246 1253 297 1279 alia
314 1253 395 1287 hujus
409 1253 517 1287 generis
531 1261 545 1279 a
563 1252 636 1279 Mose
654 1253 758 1287 prodita
772 1255 805 1279 de
820 1252 958 1286 paradiso.

172 1299 192 1326 T
213 1306 234 1325 tl
249 1308 274 1331 ο,
293 1300 345 1326 nisi
365 1300 504 1326 habuisset
517 1300 661 1333 paradisus
676 1308 719 1326 res
730 1299 811 1326 etiam
830 1307 961 1334 corpora-

172 1353 212 1371 tas
229 1347 254 1372 in
283 1353 322 1378 sn,
353 1346 400 1380 qui
427 1346 581 1380 potuissent
605 1354 636 1372 ex
661 1347 722 1380 ipso
745 1346 855 1373 alii.:ere
883 1352 960 1380 aane

171 1391 203 1416 a.l
222 1392 373 1424 irrigaudas
390 1396 489 1423 terras,
506 1396 533 1418 ct
549 1392 581 1418 ad
612 1399 679 1418 usus
700 1392 837 1418 humanos
848 1399 960 1419 accom-

171 1437 404 1470 r:rn|;r-?erarto,
431 1438 511 1464 exiis
533 1446 593 1471 qua:
619 1437 708 1464 Moses
735 1437 838 1472 Spiritu
864 1443 961 1465 sancto

171 1483 280 1509 :.l‘:’i.rtus
305 1483 405 1517 seripta
426 1484 546 1517 reliquit,
564 1489 671 1510 eertum
690 1487 731 1509 est
746 1483 880 1510 Adamum
899 1491 962 1510 cor-

1013 253 1070 275 tres
1084 248 1144 275 illas
1163 248 1303 274 hominum
1320 249 1353 274 de
1367 250 1494 282 paradiso
1508 250 1630 278 diversas
1645 251 1797 285 opinimres;

1012 299 1103 320 nostra
1119 301 1184 321 vero
1200 294 1336 321 sententia
1361 300 1404 322 cst
1435 304 1519 322 unum
1536 304 1597 323 esse
1628 305 1692 331 para
1706 298 1798 330 'isuur,

1011 346 1065 365 non
1078 339 1162 368 duos;
1180 347 1300 374 eumque
1320 347 1404 366 unum
1423 342 1580 374 paradisum
1608 343 1722 377 duplicis
1738 351 1800 369 esse

1011 385 1177 412 conditionis
1195 393 1202 412 :
1216 393 1356 420 corporea:
1387 392 1412 412 et
1437 387 1614 421 incorporea),
1630 388 1687 414 sive
1701 393 1728 415 et
1741 389 1802 422 ejus

1010 437 1072 464 qua:
1103 437 1196 462 sensu,
1212 435 1240 457 et
1261 431 1322 464 ejus
1355 439 1415 465 qua:
1435 432 1540 458 ratione
1568 432 1801 467 irrtr-lligerrtiaque

1012 477 1111 502 mentis
1130 476 1302 510 percipitur;
1331 485 1394 510 quis:
1419 477 1528 511 quidem
1556 482 1647 504 n0stra
1667 479 1801 505 sententia

1012 521 1054 547 his
1064 522 1230 555 argumentis
1244 526 1332 555 potest
1346 523 1527 549 denrorrstrari
1545 531 1552 550 :
1567 523 1652 549 Adam
1669 531 1700 549 ex
1710 531 1743 549 an
1757 531 1800 550 ma

1011 571 1037 592 et
1050 574 1166 600 corpore
1195 569 1363 602 compositus
1390 573 1458 599 crat,
1485 576 1550 602 ergo
1577 574 1603 595 et
1635 569 1800 603 paradisum,

1012 612 1060 645 qui
1097 619 1148 646 pro
1177 612 1224 639 illo
1250 613 1412 640 oblrctando
1438 615 1565 640 conditus
1592 614 1691 646 furi-at,
1710 615 1801 649 dupli~

1010 657 1126 683 cisit-m
1148 658 1314 684 conditionis
1337 666 1397 685 esse
1421 660 1573 692 oportebat.
1610 664 1638 686 ut
1663 668 1715 694 qua
1729 666 1802 688 esst!

1010 709 1170 735 corporeus,
1183 710 1284 737 corpus
1301 712 1308 730 :
1325 712 1378 739 qua
1397 711 1459 731 vero
1471 705 1660 738 incorporeus,
1677 705 1800 732 animum

1011 747 1075 773 Adae
1088 753 1233 775 recrearet.
1253 748 1354 776 Deinde
1369 749 1478 776 beatum
1508 750 1625 784 Ephrem
1643 751 1742 785 duplici
1761 753 1801 778 ir.-

1012 795 1206 827 terpretatione
1231 795 1359 828 exposuit
1391 795 1490 822 librum
1530 795 1612 824 Ilosis
1645 797 1801 831 prophetat;

1012 846 1129 872 quarum
1151 839 1235 866 altera
1268 841 1381 875 mystica
1410 846 1463 872 cst,
1483 846 1564 876 atquo
1595 849 1694 868 arcana
1730 844 1802 870 eruit

1014 891 1113 916 sensa;
1128 885 1212 911 altera
1234 893 1277 912 res
1302 886 1375 920 ipsas
1387 891 1533 920 pertractat
1547 894 1561 913 a
1588 887 1661 914 Mose
1677 888 1802 923 descrip-

1014 933 1066 956 tas.
1090 929 1141 956 Sed
1159 934 1185 956 et
1198 930 1277 957 divus
1296 931 1425 966 Cyrillus,
1452 933 1551 966 legales
1570 934 1651 959 etiam
1671 941 1802 960 czcrerno-

1012 976 1080 1005 nias.
1092 975 1141 1002 etsi
1153 984 1180 1001 re
1190 975 1248 1010 ipsa
1257 977 1472 1009 celebrabantur,
1486 978 1630 1013 mysticum
1640 983 1728 1005 tamen
1736 979 1804 1014 quid

1012 1025 1094 1055 atque
1120 1029 1251 1048 arcaunnr
1280 1023 1450 1050 continuisse
1467 1028 1582 1051 testatus
1596 1029 1649 1052 est.
1668 1025 1800 1052 l’ratteren

1013 1067 1159 1094 venerandi
1173 1075 1316 1094 sacrarum
1333 1076 1424 1096 rerum
1438 1070 1564 1096 doctores
1579 1071 1676 1105 partim
1690 1072 1724 1098 de
1738 1078 1800 1098 cor-

1011 1121 1106 1147 poreo,
1120 1113 1164 1140 alii
1179 1114 1212 1140 de
1228 1114 1389 1149 incorporeo
1406 1116 1532 1150 paradiso
1547 1121 1613 1143 sunt
1630 1117 1712 1144 locuti
1728 1125 1735 1149 ;
1750 1125 1801 1145 nec

1011 1166 1076 1185 sane
1088 1159 1135 1186 ahs
1151 1167 1180 1186 re
1199 1159 1334 1191 aLerutri,
1346 1169 1408 1187 cum
1422 1161 1466 1189 ille
1479 1163 1622 1196 utriusque
1641 1162 1723 1190 luerit
1735 1171 1800 1190 cott-

1011 1203 1132 1231 ditionis.
1152 1203 1264 1240 Mystice
1280 1206 1352 1232 enim
1378 1207 1411 1233 de
1429 1207 1556 1241 paradiso
1572 1208 1626 1241 agit
1651 1208 1801 1242 Gregorius

1011 1249 1167 1285 Theologua
1183 1251 1208 1277 in
1223 1258 1254 1277 ea
1265 1252 1388 1278 oratione
1399 1260 1483 1286 quarti
1501 1253 1535 1280 de
1548 1253 1648 1281 Christi
1660 1253 1735 1282 Natal
1751 1256 1801 1281 bus

1011 1298 1189 1330 Composuit,
1219 1296 1264 1323 ubi
1291 1297 1424 1324 Adamunr
1449 1297 1487 1325 ait
1515 1299 1640 1326 colonum
1663 1299 1749 1327 fuisse
1772 1301 1800 1327 in

1012 1342 1148 1376 paradiso,
1166 1342 1321 1377 plantarum
1332 1342 1528 1371 immortalium
1543 1363 1551 1376 ,
1568 1352 1665 1380 trcrnpe
1679 1346 1801 1380 ipsarum

1011 1388 1166 1416 divinarum
1184 1391 1326 1418 nationum
1340 1395 1367 1418 et
1392 1391 1590 1427 simpliciOrnrn
1620 1398 1646 1420 et
1666 1394 1802 1427 perlectu-

1012 1442 1072 1461 rum
1089 1443 1096 1467 ;
1113 1435 1176 1462 item
1196 1437 1334 1469 arborem,
1359 1436 1446 1464 fuisse
1471 1437 1675 1464 meditationem
1703 1439 1802 1472 animi,

1013 1486 1144 1516 quantum
1161 1481 1217 1516 ipse
1232 1487 1306 1509 certe
1317 1483 1473 1509 meditetur.
1488 1483 1602 1518 Mystice
1618 1484 1681 1510 item
1695 1483 1800 1520 Grego-

172 1537 221 1563 p‘rs
236 1529 365 1555 imbuisse
381 1537 412 1555 ex
429 1529 486 1555 luto
503 1534 686 1563 eorrrp.retrrrrr,
703 1529 784 1563 idque
797 1529 960 1556 collocatum
976 1535 998 1566 ε
1015 1527 1070 1554 rius
1086 1527 1224 1562 Nysseuus
1242 1529 1268 1555 in
1281 1529 1487 1556 Commentario
1503 1529 1538 1556 de
1556 1530 1675 1562 homine,
1691 1538 1750 1565 cap.
1766 1530 1805 1557 ΞΟ

171 1574 255 1600 ιι-ἱςδα
268 1581 282 1600 a
313 1573 366 1600 Deo
381 1574 406 1600 in
433 1574 578 1608 paradiso;
602 1579 660 1600 erat
675 1581 740 1607 ergo
760 1579 786 1601 et
805 1573 882 1601 locus
913 1573 959 1600 ille

172 1621 198 1646 in
216 1627 271 1654 quo
289 1619 315 1646 id
342 1628 441 1654 corpus
473 1620 631 1652 tlia‘islt‘bnl,
662 1628 822 1654 corporeus.
850 1620 962 1654 Quinto,

172 1674 313 1692 Mnt'hSlllll
335 1671 374 1693 est
402 1672 576 1700 eurpuratum
605 1674 666 1693 esse
701 1667 869 1701 paradisum,
889 1668 962 1700 quod

172 1713 306 1739 liliOchet
322 1711 396 1739 Elias
429 1712 456 1738 in
486 1721 519 1738 eo
550 1717 678 1744 manent,
706 1717 735 1738 ιιι
764 1713 883 1739 allirrnat
912 1713 961 1739 do-

175 1758 264 1784 minus
294 1757 413 1792 Ephrem
445 1758 472 1784 iit
501 1765 533 1784 t‘o
563 1758 755 1792 opere,quod
783 1758 880 1785 librum
907 1758 961 1785 Ge—

171 1811 276 1834 neseo-‘,
305 1803 357 1829 hoc
389 1807 440 1834 est,
473 1803 506 1830 de
535 1811 627 1830 rerum
665 1809 726 1831 ortu
753 1804 960 1836 interpretatur,

169 1855 196 1875 et
211 1849 236 1875 in
260 1849 294 1875 iis
319 1848 399 1875 otiati)
417 1849 591 1875 sermonibus
614 1857 682 1883 quos
696 1849 729 1876 de
747 1849 873 1883 pararlrso
892 1857 961 1875 cou-

169 1893 292 1928 scripsit.
324 1893 361 1920 illi
382 1894 456 1920 enim
483 1894 544 1926 viri,
570 1902 632 1921 curn
666 1901 803 1929 corpora“
828 1895 884 1922 sint
913 1896 961 1929 (ut

169 1940 214 1974 qui
243 1939 304 1966 vita:
332 1939 414 1974 hujus
443 1941 560 1967 vinculis
591 1941 679 1967 adhuc
712 1946 777 1967 sunt
804 1941 959 1975 (Σιὶιὶέίιιί),

170 1990 383 2012 consentaneum
401 1989 442 2012 est
457 1989 486 2010 ut
504 1985 531 2018 i_u
553 1986 744 2020 corporalibus
760 1994 869 2021 quoque
894 1987 960 2013 lueis

170 2035 307 2059 maneant.
322 2030 407 2057 Sexto
436 2030 564 2064 denique,
577 2036 666 2058 exstat
679 2032 821 2058 doctorum
837 2032 958 2058 virorum

169 2077 341 2108 auctoritas,
371 2076 422 2102 ﬁde
452 2076 688 2110 diguissimorum,
708 2086 762 2111 qua
786 2083 957 2112 corporat-rm

169 2130 230 2148 es‘se
245 2121 402 2155 paradisum
418 2122 577 2148 aliirmatur.
600 2121 683 2149 Recte
702 2124 784 2157 igitur
805 2124 959 2159 colligimus

169 2165 268 2193 l‘alsutn
302 2174 363 2194 esse
389 2167 466 2198 illud,
501 2167 658 2201 paradisum
690 2169 740 2195 sub
771 2169 856 2196 solam
883 2178 958 2196 u.en-

1013 1576 1041 1599 et
1055 1573 1100 1599 2!.
1115 1573 1427 1602 Sirrriliterl’liiloxenus
1444 1575 1617 1609 Mabugensis
1629 1577 1655 1602 in
1673 1583 1800 1603 sermone

1013 1618 1046 1645 de
1062 1618 1238 1646 meditatione
1256 1627 1318 1654 quae
1334 1620 1407 1647 circa
1421 1620 1548 1648 arborem
1569 1621 1631 1648 vita:
1651 1626 1777 1649 versatur
1792 1631 1800 1655 ;

1013 1665 1051 1690 ait
1063 1665 1136 1691 enim
1164 1673 1274 1693 arcana
1294 1674 1375 1692 censa
1393 1667 1553 1700 ruentisque
1566 1667 1757 1694 meditationes
1769 1669 1803 1694 de

1013 1712 1139 1744 paradiso
1157 1711 1259 1738 haberi.
1281 1712 1400 1746 Denique
1418 1713 1548 1740 Dominus
1578 1712 1697 1741 Jocobus
1719 1713 1803 1741 Orru-

1013 1756 1085 1783 lraita
1116 1765 1149 1783 eo
1171 1765 1298 1785 sermone
1326 1767 1407 1792 quem
1425 1759 1457 1785 de
1481 1758 1629 1795 Theologia
1653 1760 1751 1791 edidrt,
1764 1762 1802 1787 ait

1013 1801 1105 1828 Mosen
1126 1801 1239 1836 figurate
1259 1803 1378 1829 locutum
1395 1811 1454 1830 esse
1477 1804 1510 1830 de
1538 1805 1675 1837 paradiso.
1695 1803 1801 1832 Rursus

1013 1848 1045 1873 de
1059 1855 1192 1881 corporeo
1205 1848 1332 1881 paradiso
1355 1848 1466 1883 scripsit
1489 1849 1616 1876 durrrirrus
1640 1848 1757 1877 Joannes
1772 1859 1800 1877 ιιι

1012 1894 1136 1921 oratione
1157 1894 1199 1920 cui
1219 1894 1328 1920 titul-un
1342 1894 1402 1920 fecit
1419 1904 1425 1920 :
1443 1894 1499 1921 Cur
1509 1895 1589 1921 arbor
1604 1895 1652 1921 ils'a
1664 1896 1800 1929 appellata

1012 1939 1044 1965 sit
1061 1939 1141 1965 arbor
1152 1939 1269 1966 scierrtiw
1280 1939 1340 1966 boni
1353 1946 1376 1965 tt
1388 1940 1461 1972 mali,
1474 1945 1498 1966 ρι
1516 1941 1579 1975 quid
1592 1940 1643 1966 sibi
1659 1941 1717 1967 verit
1733 1941 1800 1967 illud

1011 1983 1129 2010 Christi:
1152 1992 1159 2008 r
1177 1983 1262 2010 llodie
1285 1991 1392 2010 mecum
1407 1985 1463 2011 eris
1480 1985 1507 2011 in
1527 1985 1668 2019 paradiso,
1682 1995 1691 2011 ι
1708 1986 1801 2013 multis

1011 2030 1083 2057 enim
1102 2030 1166 2056 illud
1179 2031 1277 2057 astruit
1296 2031 1465 2064 argumentis
1483 2038 1645 2065 corporeum
1660 2031 1801 2058 exstitisse

1011 2075 1166 2109 paradisum
1192 2083 1200 2102 :
1229 2075 1300 2102 inter
1320 2077 1372 2102 alia
1402 2076 1550 2110 inquiens,
1585 2076 1680 2103 Adami
1712 2078 1802 2104 oculis

1011 2126 1164 2156 aspectum,
1181 2121 1293 2147 auribus
1306 2122 1441 2153 auditum,
1461 2124 1553 2148 animo
1569 2122 1687 2157 denique
1704 2123 1800 2149 abso.-

1012 2173 1104 2194 vatum
1125 2175 1185 2194 esse
1200 2169 1368 2201 paradisum,
1380 2172 1407 2194 tt
1423 2167 1577 2201 huiusmodi
1594 2168 1657 2195 alia.
1669 2168 1801 2195 Similizrr

169 2214 204 2238 tis
232 2212 436 2248 intelligentiam
467 2213 576 2246 cadere,
603 2219 685 2248 atque
710 2215 789 2249 plane
806 2223 837 2241 ex
862 2223 955 2242 earum
973 2204 997 2233 Ῐ)
1010 2214 1138 2240 dominus
1159 2213 1276 2241 Severus
1291 2215 1414 2242 oratione
1429 2214 1474 2247 9.2,
1487 2215 1520 2242 de
1538 2215 1697 2249 l‘lpitlrrouio
1710 2236 1717 2247 ,
1731 2222 1799 2242 cou-

170 2266 261 2286 rerum
277 2267 339 2286 esse
355 2267 468 2286 numero
484 2267 544 2294 qua:
560 2260 729 2294 incorporea:
743 2266 817 2288 suzrt.
838 2262 959 2296 Denique

169 2306 202 2332 iis
217 2306 262 2340 qui
276 2307 345 2332 duos
361 2309 475 2332 cursent
502 2313 563 2332 esse
582 2306 731 2340 paradisos,
762 2306 875 2334 alterunt
897 2316 958 2334 eor-

169 2356 307 2386 poratum,
325 2352 518 2386 incorporeum
537 2353 664 2384 alterum,
692 2353 836 2388 olrjicinrus
867 2353 957 2380 Mosen

168 2397 214 2430 qui
229 2404 282 2422 non
298 2397 324 2422 in
342 2397 448 2423 duobus
460 2397 602 2430 paradisis,
615 2397 661 2423 sed
677 2397 703 2423 iu
721 2405 773 2423 uno
793 2398 955 2424 collocatum

168 2442 302 2468 Adanrum
316 2450 323 2474 ;
341 2450 427 2476 neque
441 2450 537 2469 rursus
549 2450 563 2469 α
579 2443 696 2475 duobus,
706 2444 751 2470 sed
769 2444 795 2470 in
819 2452 872 2470 uno
884 2443 956 2478 rjee-

170 2494 226 2515 tum
244 2497 258 2516 a
279 2489 331 2516 lico
344 2489 464 2523 scripsit.
482 2489 520 2516 Ad
538 2490 598 2519 hoc,
621 2490 751 2516 Dominus
774 2495 863 2517 noster
876 2490 954 2517 Chri-

169 2539 227 2561 stus
243 2543 295 2561 nou
310 2535 379 2561 duos
395 2536 548 2569 paradisus,
563 2534 610 2562 sed
640 2537 750 2562 uuir-unr
780 2536 955 2570 promittebat

169 2580 266 2607 latroni
287 2581 412 2614 inquiens
428 2590 434 2608 :
454 2580 540 2607 Hodie
554 2589 652 2607 mecum
669 2581 719 2608 eris
734 2582 760 2608 in
790 2583 916 2614 paradiso
933 2583 954 2610 ⁸.

169 2625 262 2660 Neque
281 2633 346 2652 sane
353 2631 566 2653 consentaneum
583 2632 634 2659 est,
646 2631 676 2654 ut
689 2627 852 2661 cjuscemndi
865 2629 957 2660 dictis,

168 2673 332 2706 scriptisque
348 2674 466 2699 oraculis
479 2674 558 2699 tidem
575 2674 757 2708 abi-oguinus;
774 2674 806 2700 ris
819 2682 881 2700 vero
897 2683 957 2709 quae

170 2726 258 2752 neque
273 2719 344 2745 diila
367 2727 455 2753 neque
473 2719 572 2752 scripta
589 2724 698 2746 exstant
711 2721 737 2746 itr
755 2721 840 2747 sacris
856 2719 955 2753 Libris,

169 2765 356 2792 allribi-amus.
374 2765 432 2792 Non
454 2765 535 2799 igitur
557 2766 621 2797 duo,
646 2766 691 2792 sed
710 2767 855 2794 uuicnsesl
877 2775 954 2801 para-

205 2843 214 2860 ³
235 2843 300 2871 Luc.
321 2853 375 2871 xxu
392 2844 436 2871 153.
478 2845 568 2871 θαι-ιι.
586 2853 614 2876 ιι,
636 2846 674 2876 lt},
694 2846 734 2872 17.

1011 2261 1066 2288 licit
1081 2268 1242 2295 corporeum
1263 2260 1348 2288 fuisse
1368 2262 1536 2295 paradisum.
1560 2261 1624 2289 dum
1641 2261 1722 2288 etiam
1740 2262 1800 2296 ipse

1010 2305 1126 2333 aliirmat
1145 2307 1278 2333 Adanrum
1297 2308 1383 2334 oculis
1409 2308 1485 2334 illum
1511 2308 1638 2334 intuitum
1659 2315 1729 2339 esse.
1750 2315 1798 2334 au-

1011 2353 1140 2386 luit-sque
1159 2353 1307 2381 audivisse.
1325 2353 1392 2380 Nam
1405 2354 1518 2386 audivit,
1530 2354 1630 2389 inquil,
1645 2354 1690 2381 illa
1708 2353 1753 2380 Dei
1764 2353 1798 2380 ad

1009 2408 1039 2425 se
1055 2400 1134 2425 verba
1152 2407 1158 2425 :
1180 2399 1217 2425 Ur
1242 2400 1313 2426 onrut'
1330 2400 1423 2426 arbare
1437 2408 1495 2434 qua:
1519 2400 1546 2426 in
1559 2401 1686 2432 paradiso
1700 2405 1796 2433 enim,

1008 2446 1127 2477 rest-eris,
1149 2451 1246 2479 prwter
1263 2446 1383 2472 arborem
1400 2447 1556 2482 cognitionis
1572 2447 1633 2473 boui
1645 2452 1668 2473 et
1686 2447 1748 2473 ntali
1765 2447 1796 2474 δε

1008 2497 1034 2517 et
1044 2491 1310 2526 intueriigiturhanc
1322 2493 1419 2527 potuit,
1433 2494 1503 2520 vesci
1517 2501 1580 2520 vero
1592 2493 1798 2528 prohibebatur.

1009 2537 1158 2572 Gregorius
1173 2546 1267 2564 rursus
1276 2539 1442 2574 Tneologus,
1458 2541 1483 2565 in
1498 2540 1622 2566 oratione
1642 2540 1676 2566 de
1689 2540 1796 2573 patien-

1010 2583 1092 2615 tia,ad
1110 2583 1182 2610 hunc
1193 2585 1301 2610 modunn
1316 2586 1348 2611 de
1367 2585 1493 2619 parauiso
1508 2593 1639 2619 corporeo
1652 2585 1770 2619 loquitur
1788 2593 1796 2612 :

1016 2638 1024 2654 ‹
1042 2629 1154 2663 Ligurum
1167 2630 1298 2657 adversus
1310 2631 1410 2665 lignum
1423 2632 1541 2664 ;erucis,
1552 2632 1682 2658 adversus
1695 2632 1797 2666 lignum

1009 2676 1129 2702 scientia:
1146 2676 1209 2702 horti
1222 2681 1249 2703 ct
1261 2677 1336 2703 mali.
1352 2687 1362 2702 ι
1379 2677 1427 2703 Ειι
1440 2679 1521 2711 igitur
1537 2683 1752 2705 consentaneum
1768 2681 1798 2704 ut

1010 2730 1154 2757 ltll'tllllqlte
1164 2727 1211 2749 aut
1222 2728 1394 2757 corporatum
1410 2724 1511 2759 lignum
1530 2724 1621 2757 fuerit,
1632 2728 1680 2751 aut
1691 2728 1797 2751 utrum—

1009 2777 1062 2802 que
1096 2770 1220 2804 corporis
1247 2777 1366 2804 expers,
1400 2777 1480 2805 atque
1509 2771 1561 2798 sub
1587 2771 1795 2806 intelligentiam
