2020 3080
156 131 209 164 4)9

721 130 769 160 DE
789 130 988 160 PARADISO.
1012 143 1045 148 -
1065 131 1161 161 PARS
1179 132 1206 161 Ι.

1728 133 1782 165 490

157 190 275 221 quantur
291 186 408 214 absurda
429 194 571 215 necessum
585 192 637 215 est.
656 186 747 214 Primo
762 188 835 215 enim
853 187 939 215 Vetus
956 197 976 224 Α
992 187 1124 216 Praeterea
1149 188 1234 217 Hosis
1247 193 1399 224 serpentem
1415 197 1520 218 aeneum
1535 196 1614 225 quem
1631 190 1658 217 in
1672 190 1783 218 deserto

158 232 365 261 Testamentum
378 233 447 260 nihil
465 233 517 261 nisi
531 241 619 260 meras
635 234 778 269 nuJasque
792 235 945 262 continebit

157 278 288 307 historias
317 288 323 306 :
350 279 508 314 carebitque
544 287 656 315 prorsus
699 280 821 316 mysticis
860 280 945 307 sancti

159 325 278 360 Spiritus
304 326 404 360 sensis,
429 325 525 354 deinde
556 325 749 354 obfirmabitur
777 326 889 353 lllanetis
920 331 947 353 ct

158 371 305 399 Marcionis
322 371 468 405 sententia,
486 372 532 407 qui
548 372 676 400 dicebant
690 371 771 400 Vetus
783 372 944 399 Testamen-

160 422 216 444 tum
234 425 404 452 nequaquam
419 418 453 445 ab
468 422 578 445 auctore
596 418 642 444 Dei
658 417 760 445 Christi
774 417 857 445 Patre
868 425 941 445 esse.

162 462 298 490 Praeterea
331 463 385 490 nisi
416 462 444 489 in
469 463 517 490 illo
545 463 686 490 recondita
716 463 819 490 fuerint
848 469 947 489 arcana

161 514 254 540 sensa,
290 507 362 535 unde
390 512 504 542 potuere
530 507 612 542 prisci
649 512 759 542 patres,
798 509 948 542 prophetm,

161 553 263 588 aliique
279 553 364 580 sancti
381 552 432 580 viri
448 553 600 587 intelligere
616 553 756 580 Christum
771 553 835 580 olim
853 558 949 580 ventu-

163 607 243 632 rum;
260 607 292 626 ex
314 606 402 633 eaque
418 607 447 626 re
469 603 544 626 tanto
570 598 638 626 allici
651 598 774 633 gaudio!
792 598 912 633 Denique
926 599 950 626 si

160 645 197 672 ita
211 652 274 671 cum
298 645 352 672 illis
377 644 514 672 han-elicis
530 646 677 677 sentimus,
700 645 824 680 profecto
846 645 873 672 iu
900 643 948 671 Ju-

160 691 295 718 daismum
319 690 486 722 incidimus;
504 691 604 726 quippe
624 691 721 724 Judaei,
741 695 770 718 ut
793 691 840 726 qtti
864 689 950 726 Spiri-

161 741 207 764 tus
230 737 318 764 sancti
344 741 469 772 expertes
495 743 578 770 sunt,
609 738 662 765 alia
690 746 770 772 quam
799 737 951 773 corporalia

159 790 308 818 crassaque
321 791 401 811 sensa
423 784 497 810 nulla
512 784 725 818 amplectuntur.
748 783 848 810 Verum
866 784 953 811 enim-

160 836 226 856 vero
239 829 349 856 arcanis
364 830 447 856 etiam
480 829 570 857 modis
601 834 683 864 atque
716 829 838 864 mysticis
866 830 952 864 expli-

161 876 266 902 candos
289 882 352 902 esse
368 882 464 902 sacros
490 874 598 907 Libros,
622 883 654 902 ex
681 875 715 902 iis
731 875 877 902 coniicitur
892 883 951 909 qua:

167 921 250 948 modo
270 921 444 955 subjictmus.
468 921 497 948 Si
514 922 586 948 enim
611 921 683 956 quod
708 921 833 956 capiendi
851 921 950 955 Judaei,

163 967 247 1001 inque
265 967 393 994 exsilium
410 966 542 999 ducendi,
554 967 682 1001 quodque
698 974 795 994 rursus
819 966 952 994 liberandi

163 1012 367 1045 reducendique
392 1012 419 1039 in
435 1012 551 1047 patriam
575 1017 667 1039 essent
681 1021 688 1045 ;
701 1020 760 1046 qua:
778 1013 866 1047 reipsa
884 1020 953 1039 cnn-

165 1058 303 1093 tingcntes
331 1059 422 1093 ﬁgurae
446 1058 556 1085 fuerunt
572 1066 579 1084 :
595 1058 666 1093 jussi
693 1063 757 1085 sunt
772 1059 857 1086 divini
878 1063 954 1085 vates

164 1105 261 1139 liguris
276 1108 356 1138 atque
384 1103 454 1139 typis
471 1104 635 1138 quibusdam
653 1103 812 1138 przedicet'e,
839 1112 894 1138 quo
913 1105 953 1131 vi-

164 1151 262 1178 delicet
289 1150 336 1177 Dei
364 1150 534 1185 providentia
562 1150 619 1184 jam
648 1155 705 1176 tum
729 1155 953 1184 agnOsceretur:

165 1195 238 1222 sicut
261 1194 332 1229 apud
361 1194 529 1222 Ezechielem
549 1195 582 1222 de
596 1193 730 1221 sumendo
745 1193 840 1226 latere,
863 1194 896 1220 de
911 1193 954 1220 ιιι.

165 1240 287 1267 videndis
302 1239 394 1266 barbae
412 1245 439 1266 et
452 1240 549 1275 capitis
564 1240 628 1274 pilis
651 1243 678 1266 et
692 1239 820 1266 cubando
843 1239 870 1266 in
884 1239 953 1266 late-

166 1286 253 1318 ribus,
271 1286 360 1312 videre
388 1286 457 1318 est“;
484 1285 550 1312 item
577 1284 648 1319 apud
671 1284 774 1312 Isaiam
801 1285 835 1312 de
850 1285 954 1312 amictu

167 1332 250 1362 sacci.
269 1332 358 1366 deque
384 1331 513 1358 nudando
539 1330 693 1365 corpore';
721 1335 851 1365 prmtcrea
883 1329 954 1364 apud

166 1377 312 1405 Jeremiam
339 1377 373 1404 de
402 1377 468 1412 jugo
496 1382 523 1404 et
548 1376 704 1408 vinculis';
737 1376 856 1410 denique
883 1375 956 1410 apud

166 1422 264 1450 Oscam
281 1423 314 1449 de
328 1422 453 1449 ducenda
470 1429 555 1449 uxore
581 1422 705 1448 adultera
721 1426 748 1447 et
773 1421 954 1453 meretrice”;

169 1472 249 1500 atque
263 1467 299 1493 ita
311 1467 343 1494 de
355 1467 416 1493 aliis
437 1466 563 1501 plurimis
575 1474 636 1501 qua:
653 1473 726 1492 nunc
743 1473 796 1492 non
814 1470 855 1492 est
869 1473 958 1500 operm

170 1513 288 1546 pretium
309 1519 470 1547 percensere
490 1520 497 1538 :
516 1517 619 1546 quanto
633 1512 719 1546 magis
739 1515 956 1539 consentaneum

170 1558 340 1593 putabimus,
366 1558 393 1584 in
417 1558 475 1592 lege
500 1563 583 1592 atque
606 1558 746 1593 prophetis
763 1557 875 1592 mystice
891 1557 957 1591 ligu-

171 1609 284 1638 rateque
319 1604 362 1630 illi
393 1604 553 1631 admiranda
581 1610 664 1639 atque
698 1603 956 1639 praecellentissima

171 1657 260 1684 neque
276 1657 395 1683 unquam
418 1650 485 1676 satis
504 1649 640 1676 laudanda
657 1657 739 1684 opera
761 1656 821 1683 quae
839 1647 957 1675 Verbum

172 1695 219 1722 Dei
248 1696 386 1727 Christus,
404 1695 469 1722 dum
490 1695 516 1722 in
548 1703 630 1722 carne
658 1699 792 1726 \ersatur,
821 1694 958 1728 patravit,

171 1749 286 1776 quasque
303 1741 382 1768 nobis
399 1743 424 1768 in
443 1741 546 1768 mundo
560 1741 607 1767 illo
622 1741 799 1775 sempiterno,
814 1739 893 1774 cujus
911 1746 959 1773 spe

172 1787 326 1816 certissima
335 1787 463 1819 fruimur,
473 1792 603 1814 eventura
614 1786 748 1821 promisit.
756 1793 818 1813 esse
830 1793 958 1820 praenun-

174 1834 258 1861 tiata!
287 1834 327 1861 Ad
353 1834 415 1867 hoc,
441 1833 646 1860 tabernaculum
674 1832 737 1859 illud
762 1832 860 1866 exiguo
877 1830 959 1858 dura-

173 1884 265 1906 turum
280 1884 420 1913 tempore,
440 1886 496 1913 quo
522 1883 622 1905 Ornatu
649 1884 783 1912 corporeo
810 1880 885 1904 esset
908 1884 958 1903 θι-

173 1925 334 1953 struendum
349 1933 364 1952 a
381 1923 466 1957 Mose,
483 1932 536 1951 non
552 1929 616 1951 ante
636 1924 662 1950 in
679 1923 739 1957 ipso
755 1927 848 1950 monte
865 1922 960 1958 mysti-

173 1971 214 1999 cis
229 1971 318 1998 modis
334 1970 386 2005 ipsi
406 1971 565 1998 ostenderat
579 1970 668 1997 Deus!
687 1970 760 1996 Sane
781 1976 816 1996 eo
833 1974 960 2003 spectant

175 2018 256 2044 verba
267 2017 313 2044 illa
325 2025 397 2052 quae,
409 2021 554 2051 postquam
565 2016 609 2043 ille
619 2016 807 2043 descendisset
817 2015 850 2042 de
857 2020 958 2047 monte,

173 2064 207 2090 ad
223 2064 310 2098 ipsum
335 2063 378 2089 hic
396 2062 523 2094 faciebat,
540 2062 669 2096 inquiens
687 2070 694 2087 :
714 2061 805 2088 Videte
825 2070 856 2088 ac
878 2061 960 2096 facito

175 2111 264 2137 omnia
276 2109 350 2135 adid
360 2108 496 2142 exemplar
513 2109 581 2143 quod
599 2109 646 2134 tibi
662 2108 690 2134 in
706 2113 794 2134 monte
812 2108 916 2135 ostendi
927 2108 959 2134 ‘°.

175 2155 247 2188 Quid
257 2154 392 2182 Gedeonis
408 2154 523 2181 vellus“
535 2154 546 2180 7
559 2154 629 2187 Quid
644 2153 734 2180 Ε.ιίεωὶ
751 2153 848 2188 hydria
858 2153 879 2169 ¹¹
890 2153 901 2180 ?
914 2161 962 2180 an—

175 2210 230 2229 non
257 2206 354 2236 praeter
374 2200 448 2234 ipsas
470 2207 514 2227 res
528 2207 589 2234 quas
613 2199 776 2235 agebantur,
795 2199 847 2226 alia
876 2199 959 2226 etiam
979 2211 1001 2239 ι)

176 2248 282 2274 seclusa
298 2247 323 2273 in
342 2246 410 2281 ipsis
424 2251 503 2273 erant
523 2245 624 2273 sensa?
639 2244 704 2279 quid
720 2244 853 2278 triticum,
872 2244 962 2279 palea,

177 2293 371 2325 ventilabrum,
382 2300 443 2327 quae
455 2297 652 2319 commemorat
662 2290 783 2318 Joannes
794 2290 914 2326 Baptista
923 2290 963 2317 ”?

177 2348 242 2367 num
259 2347 306 2374 pro
320 2340 388 2374 ipsis
405 2338 486 2365 rebus
499 2337 744 2373 suntaccipienda,
757 2344 790 2364 ac
807 2344 861 2364 non
875 2337 965 2371 potius

178 2393 312 2413 arcanum
332 2385 397 2420 quid
413 2392 460 2419 per
475 2392 506 2412 ea
535 2384 689 2418 signiﬁcare
700 2384 746 2411 ille
763 2383 964 2417 volebatﬂquin

178 2433 237 2467 ipse
252 2433 334 2459 etiam
353 2431 484 2459 Dominus
499 2436 593 2458 noster
619 2430 657 2457 ait
682 2430 870 2457 Abrahamqu
887 2434 965 2464 opta-

178 2480 251 2506 visse
266 2484 291 2505 ιιι
309 2478 412 2505 videret
431 2478 503 2504 diem
526 2478 631 2512 ipsius,
655 2485 687 2504 ac
706 2477 806 2504 vidisse
823 2477 966 2512 gavisam-

179 2532 233 2559 que
248 2524 353 2557 esse“;
370 2532 450 2559 quem
466 2528 556 2551 tamen
580 2524 658 2551 aliter
672 2523 828 2558 prospicere
843 2530 897 2550 non
917 2530 966 2557 po-

181 2572 233 2598 tuit
266 2571 330 2606 ille,
362 2578 445 2605 quam
469 2578 518 2605 per
536 2575 628 2605 typum
659 2577 690 2596 ac
709 2569 854 2605 mysteria,
886 2568 966 2603 quale

182 2617 248 2646 illud
276 2615 326 2644 fuit
341 2617 413 2651 quod
430 2617 514 2644 tilium
533 2623 612 2644 suum
626 2615 768 2642 immolare
781 2614 965 2650 jubebatur",

181 2670 212 2690 ea
228 2663 300 2690 enim
317 2663 428 2690 victima
444 2662 546 2689 Chriin
567 2662 638 2689 diem
659 2661 773 2697 ﬁgurate
791 2660 964 2688 ostendebat.

218 2766 229 2782 '
245 2765 343 2793 Ezech.
360 2772 398 2795 Iv.
413 2765 440 2792 5.
477 2765 487 2780 ⁷
507 2764 558 2791 lsa.
571 2770 617 2795 xx,
631 2763 659 2791 2.
698 2763 708 2778 ⁸
727 2762 828 2790 Jerem.
850 2769 935 2794 xxvii,
950 2761 978 2789 2.

182 2809 259 2835 seqq.
297 2801 320 2816 "
336 2799 370 2828 ιν
383 2800 449 2835 Reg.
464 2799 530 2835 ιιι]
555 2806 632 2833 seqq.

181 2837 204 2858 -"
224 2833 302 2866 )ban.
319 2843 348 2863 ιιι
362 2856 368 2866 ,
390 2833 435 2861 Mi
474 2833 495 2850 "
510 2834 589 2861 Joau.
612 2834 705 2866 n3“.

371 2884 504 2915 l’nnos.
529 2882 588 2914 Gn.
610 2882 684 2915 CXI.

682 2799 703 2815 "
722 2798 818 2825 Matth.
840 2806 881 2830 ιιι,
910 2797 953 2825 t2.
993 2797 1014 2813 “
1028 2796 1109 2824 Joan.
1128 2803 1188 2828 vm,
1204 2795 1249 2823 56.

747 2835 768 2849 "
780 2834 868 2862 Galat.
883 2841 921 2869 Iv,
936 2832 982 2860 2i.

997 235 1140 269 suspendit
1158 235 1194 263 ob
1209 236 1305 263 oculos
1318 235 1411 270 populi
1423 235 1456 269 η,
1474 236 1544 263 idem
1556 236 1682 264 Christus
1698 237 1783 263 inter-

998 284 1121 314 pretatur
1137 280 1251 316 mystice
1264 281 1296 307 de
1307 287 1356 308 sua
1371 287 1465 313 cruce,
1484 281 1548 308 dum
1564 281 1602 308 ait
1617 289 1624 308 :
1645 280 1783 314 Quemad-

999 326 1106 353 modum
1133 327 1160 353 in
1178 327 1260 353 altum
1284 326 1392 353 sustulit
1408 326 1492 354 Moses
1517 332 1662 361 serpentem
1676 327 1704 353 in
1717 327 1785 354 solt-

999 373 1108 404 tutline,
1129 372 1166 399 ita
1193 372 1358 398 (multabitur
1384 372 1469 399 Filius
1492 372 1646 399 hominis”.
1665 372 1784 400 Rursum

999 425 1077 453 aquae
1088 418 1140 445 illa:
1157 417 1191 445 de
1204 418 1305 452 quibus
1317 425 1379 444 cum
1396 416 1570 445 Samaritana
1598 418 1712 445 muliere
1727 417 1786 445 eol-

999 465 1114 498 loquens
1130 463 1190 490 ait:
1208 465 1290 498 Aqua
1313 471 1377 498 quas
1410 471 1456 498 ego
1483 463 1517 490 do
1545 464 1580 496 ei,
1596 463 1658 498 [ient
1683 465 1711 490 in
1729 464 1785 496 ipso

1000 510 1085 545 fontes
1097 511 1273 537 acaturientes
1287 510 1315 536 in
1330 510 1411 536 vitam
1425 515 1550 537 wternam
1561 509 1583 525 ¹⁸
1593 529 1600 542 ,
1614 517 1786 546 nequaquam

1000 556 1123 591 profecto
1149 560 1303 591 corporatze
1331 563 1421 591 aquae,
1449 557 1497 584 sed
1525 556 1646 592 mystica:
1665 557 1787 584 luerunt.

1002 601 1124 636 Denique
1152 600 1253 629 Paulus
1279 609 1391 636 quoque
1419 602 1560 636 apostolus
1587 610 1690 630 arcano
1705 609 1787 630 sensu

1002 647 1198 682 interpretatur
1219 648 1287 675 duas
1307 648 1424 675 Abrahae
1440 655 1553 680 uxores,
1566 647 1662 676 Saram
1676 653 1704 675 et
1715 648 1789 683 Aga-

1002 701 1072 726 rem,
1090 693 1207 721 duorum
1239 694 1366 728 inquiens
1389 698 1613 721 testamentorum
1638 693 1698 721 illas
1729 700 1791 722 esse

1009 739 1151 773 ligulas“.
1168 738 1300 766 Similiter
1316 745 1421 774 petram
1443 739 1516 766 illam
1534 747 1596 774 qua:
1608 739 1792 767 comitabatur

1004 785 1154 818 lsraelitas,
1177 785 1413 820 profundebatque
1440 785 1493 812 illis
1520 792 1606 820 aquas
1631 785 1658 812 in
1685 788 1790 820 potum,

1006 831 1122 866 ﬁgurate
1149 830 1269 865 explicat
1286 829 1396 865 quando
1407 830 1488 864 ait",
1513 837 1573 857 eam
1587 835 1690 865 petram
1708 829 1794 857 fuisse

967 863 1154 904 BChristum.
1185 863 1224 904 lix
1252 863 1302 904 his
1323 876 1408 911 igitur
1430 876 1557 903 omnibus
1583 863 1711 910 colligere
1738 880 1793 904 est.

1005 921 1108 948 Veteris
1140 920 1306 947 Testamenti
1339 920 1424 948 libros
1453 927 1507 947 non
1545 919 1626 948 modo
1651 920 1685 947 de
1711 919 1796 947 rebus

1004 965 1084 1000 ip.is,
1096 973 1191 993 verum
1206 965 1287 992 etiam
1304 965 1418 1000 mystice
1428 972 1460 992 ac
1473 965 1589 1000 ﬁgurate
1603 969 1682 1000 atque
1693 972 1793 992 recon-

1006 1011 1156 1039 ditioribus
1174 1012 1264 1039 modis
1280 1011 1452 1046 interpretari
1465 1011 1574 1039 debere.

1302 1057 1418 1086 CAPUT
1440 1057 1485 1085 IV.

1042 1103 1109 1131 Utra
1122 1104 1285 1138 expositione
1299 1103 1410 1138 mystica
1426 1112 1458 1130 ne
1477 1112 1512 1131 an
1532 1104 1660 1132 historica
1683 1106 1716 1132 sit
1739 1106 1798 1140 pri-

1007 1157 1079 1176 mum
1099 1150 1313 1184 interpretandus
1334 1149 1489 1184 paradisus.
1509 1150 1642 1186 —Igitur
1658 1158 1721 1179 cum
1744 1151 1792 1179 du-

1006 1196 1087 1231 plicis
1121 1195 1157 1224 sit
1186 1195 1354 1234 conditiopis
1385 1195 1547 1230 paradisus,
1581 1201 1798 1225 consentaneum

1006 1241 1089 1268 etiam
1117 1245 1161 1268 est
1175 1245 1205 1267 ut
1222 1240 1323 1275 duplici
1342 1241 1424 1268 modo
1439 1241 1653 1277 interpretetur,
1682 1242 1799 1278 mystice

1006 1291 1034 1314 et
1048 1291 1196 1321 corporale
1213 1295 1220 1313 :
1239 1286 1292 1313 hoc
1307 1291 1360 1319 est,
1379 1291 1410 1313 ut
1422 1290 1480 1314 tum
1495 1294 1540 1315 res
1552 1287 1618 1322 ipsa:
1633 1291 1800 1323 pertractat-

1008 1340 1064 1366 tur,
1080 1339 1138 1362 tum
1151 1341 1184 1369 ex
1199 1334 1280 1361 rebus
1293 1334 1421 1361 notiones
1437 1333 1497 1361 alia:
1514 1333 1594 1369 quasi
1614 1341 1662 1369 per
1683 1334 1798 1369 ﬁguram

1008 1380 1351 1415 intelligantur;caaternm
1376 1378 1422 1406 illa
1442 1379 1633 1414 interpretatio
1646 1387 1710 1407 cum
1734 1379 1799 1408 fun-

1008 1423 1139 1450 damento
1154 1427 1182 1450 et
1199 1422 1351 1457 parietibus
1365 1427 1438 1450 recte
1452 1422 1621 1450 conferatur.
1636 1423 1705 1450 Cum
1717 1423 1801 1459 igitur

1009 1474 1076 1496 tunc
1094 1468 1205 1495 demum
1229 1467 1301 1494 muri
1317 1467 1473 1494 immobiles
1488 1468 1644 1495 consistant
1662 1469 1709 1496 ubi
1736 1469 1800 1496 l'un—

1010 1514 1138 1540 damenta
1163 1518 1228 1540 sunt
1246 1513 1341 1546 ﬁrma,
1359 1520 1390 1540 ac
1415 1513 1528 1547 proinde
1556 1513 1613 1540 haec
1627 1513 1704 1547 prius
1726 1513 1799 1548 jacta

1012 1565 1168 1592 essequam
1201 1557 1241 1584 illi
1267 1562 1445 1585 exstruantur
1468 1562 1603 1592 oporteat,
1619 1558 1727 1585 tametsi
1752 1566 1801 1593 pa-

1013 1605 1106 1637 rietes,
1120 1611 1207 1639 eaque
1222 1611 1284 1639 qua:
1299 1608 1412 1638 paratus
1433 1603 1532 1630 aedium
1553 1603 1651 1636 forma,
1674 1604 1753 1638 prius
1771 1604 1799 1631 in

1013 1650 1106 1678 animo
1117 1654 1201 1686 atque
1217 1649 1383 1684 cogitatione
1404 1657 1420 1676 a
1445 1649 1525 1678 nobis
1539 1653 1686 1677 versentur
1718 1657 1800 1684 quam

1013 1697 1210 1730 fundamenta;
1240 1703 1393 1731 congruum
1419 1702 1529 1730 quoque
1548 1700 1600 1727 est.
1622 1700 1652 1723 ut
1671 1695 1706 1723 de
1721 1695 1803 1723 rebus

1014 1741 1084 1776 ipsis
1119 1740 1310 1776 interpretatio
1339 1739 1415 1775 prior
1439 1740 1642 1774 constituatur;
1665 1747 1732 1776 quo,
1747 1739 1800 1767 hac

1014 1786 1111 1814 deinde
1127 1794 1176 1814 ceu
1205 1785 1394 1820 fundamento,
1416 1786 1533 1820 mystica
1558 1785 1602 1813 illa
1631 1789 1803 1814 sustentetur

1015 1832 1182 1866 nitaturquc.

1326 1877 1440 1906 CAPUT
1463 1877 1498 1905 V.

1050 1923 1176 1955 Quotidie
1188 1923 1255 1949 inter
1268 1922 1329 1950 illos
1342 1929 1388 1950 sea:
1401 1923 1458 1950 diu
1474 1922 1569 1956 quibus
1591 1922 1712 1950 condidit
1732 1923 1802 1951 Das

1015 1969 1081 1995 hanc
1092 1969 1278 2003 aspectubilem
1287 1969 1437 1996 machinam
1451 1968 1613 1996 sitcondr'tua
1624 1973 1702 2004 atque
1713 1970 1804 1996 consi-

1016 2019 1058 2041 tus
1078 2015 1229 2049 paradisus.
1244 2030 1275 2034 —
1293 2015 1429 2042 Caeterum
1448 2013 1538 2042 Moses
1559 2014 1667 2046 scribit,
1685 2022 1732 2042 sex
1749 2015 1806 2042 dic-

1015 2059 1067 2087 bus
1075 2060 1215 2087 creuisse
1228 2059 1314 2087 Deum
1337 2060 1409 2087 hanc
1423 2060 1581 2087 machinam
1597 2061 1802 2095 inspectabilem.

1017 2106 1108 2134 Primo
1122 2106 1196 2134 enim
1223 2106 1381 2134 condidisse
1407 2105 1529 2139 coelum,
1560 2109 1673 2139 terram,
1697 2106 1804 2141 lucem;

1016 2152 1148 2184 secundo,
1171 2151 1274 2178 athera
1298 2158 1356 2178 sive
1383 2150 1604 2184 ﬁrmamentum;
1619 2151 1710 2184 tertio,
1721 2151 1804 2182 arbq.

1017 2205 1070 2230 res,
1087 2197 1198 2229 herbas,
1211 2197 1339 2229 semina;
1355 2201 1466 2231 quarto,
1493 2197 1591 2230 solem,
1619 2197 1724 2230 lunam,
1740 2198 1805 2226 stel-

1016 2244 1114 2279 lasque
1131 2247 1260 2276 caeteras;
1280 2243 1387 2279 quinto,
1404 2251 1469 2271 aves
1496 2251 1559 2271 aera
1571 2249 1757 2279 peragrantes.
1778 2250 1806 2272 et

1018 2291 1107 2325 pisces
1125 2297 1173 2325 per
1196 2297 1272 2317 mare
1288 2294 1424 2323 natantes,
1437 2297 1467 2317 ac
1484 2290 1560 2318 humi
1573 2298 1684 2326 quoque
1705 2298 1805 2326 repono

1018 2341 1058 2365 tes
1071 2338 1225 2365 animantes
1236 2346 1243 2367 ;
1256 2341 1347 2370 sexto,
1365 2337 1449 2369 feras,
1467 2341 1680 2372 mansuetasque
1693 2337 1806 2369 bestias,

1019 2391 1127 2411 necnon
1155 2383 1290 2410 Adamum
1320 2388 1347 2410 et
1378 2381 1474 2409 Evam.
1501 2382 1537 2410 At
1565 2383 1723 2418 paradisum
1745 2389 1808 2410 esse

1019 2430 1130 2464 quidem
1159 2437 1175 2456 a
1200 2429 1255 2457 Deo
1282 2429 1420 2457 consitum
1442 2434 1650 2463 commemorat,
1680 2428 1729 2457 sed
1751 2435 1807 2456 non

1018 2480 1104 2511 quoto
1120 2476 1164 2503 die
1181 2485 1189 2503 :
1210 2483 1261 2503 nos
1279 2480 1369 2502 tamen
1387 2475 1467 2502 tertio
1489 2478 1516 2503 et
1530 2474 1683 2507 conditum,
1697 2478 1726 2502 et
1738 2480 1806 2502 eon-

1018 2523 1101 2551 situm
1115 2530 1177 2550 esse
1189 2529 1223 2550 ex
1242 2522 1277 2550 iis
1291 2522 1383 2550 tet-bis
1403 2528 1465 2556 qua
1482 2521 1516 2549 de
1537 2522 1597 2557 ipso
1613 2521 1686 2557 apud
1704 2520 1808 2549 Mosam

1019 2569 1154 2596 habentur
1168 2588 1176 2602 ,
1206 2567 1408 2604 intelligimus:
1429 2567 1469 2595 ait
1495 2567 1570 2594 enim
1587 2567 1691 2595 dixisse
1720 2565 1808 2594 Deum

1019 2614 1063 2641 die
1079 2614 1180 2642 wrtio:
1196 2612 1332 2641 Producat
1346 2617 1420 2640 terra
1438 2611 1538 2640 herbas
1552 2612 1747 2647 germinantes,
1765 2618 1809 2640 as-

1020 2660 1156 2695 minisque
1170 2659 1276 2688 fsraces
1289 2659 1315 2688 in
1328 2666 1380 2688 suo
1391 2665 1488 2693 genere
1498 2658 1531 2684 ²¹.
1547 2657 1601 2686 Nee
1626 2666 1679 2686 non
1695 2658 1810 2686 arborea

1033 2763 1044 2778 '
1061 2761 1131 2789 Osee
1144 2769 1164 2794 ι,
1178 2761 1204 2788 1.
1262 2761 1284 2777 ¹⁶
1303 2758 1390 2788 Exod.
1409 2767 1474 2794 xxv,
1497 2759 1542 2788 40.
1581 2761 1602 2777 ἰ
1616 2760 1706 2788 Judic.
1719 2767 1756 2793 vr,
1774 2757 1811 2789 87

1302 2795 1323 2811 ¹¹
1338 2794 1408 2824 Gen.
1428 2803 1496 2828 xxn,
1510 2796 1539 2823 2.
1577 2796 1598 2812 ¹⁶
1611 2795 1680 2823 Num
1707 2802 1763 2823 xxI.
1780 2794 1809 2826 9.

1020 2832 1043 2848 '°
1067 2831 1154 2861 lCor.
1175 2839 1203 2865 x,
1219 2831 1246 2859 4.
1285 2831 1306 2847 "
1320 2829 1390 2860 Gen.
1409 2837 1418 2858 ι
1447 2831 1491 2858 lt.

1595 2877 1634 2911 ισ
