2020 3080
229 118 277 151 Mil

871 115 986 147 lIOSIS
1006 115 1081 145 ΒΔΗ
1102 114 1226 144 CEPHA

1809 112 1864 145 4:2

229 179 384 206 frurtileras
408 178 451 206 sui
482 185 603 213 quasque
620 175 727 211 generis
743 194 751 207 ,
785 180 838 203 etc.
869 174 1017 202 Paradisus
1031 179 1053 207 Α
1068 173 1193 201 Profecto
1210 173 1271 200 dico
1285 173 1344 206 tibi,
1365 172 1448 200 (ludi:
1463 173 1516 200 eris
1535 181 1633 200 nierum
1650 173 1676 200 in
1693 174 1821 208 paradiso
1830 177 1864 198 ’⁸.

230 229 321 259 itaque
336 229 398 251 ante
421 223 555 250 Adamum
571 222 697 250 conditus
713 226 754 248 est
775 225 802 248 et
822 220 902 247 veluti
918 227 1020 254 sponso

230 272 394 298 tlralamusa
419 269 474 296 Deo
489 272 656 303 praeparatus
679 271 760 302 atque
776 267 937 294 instrui-tus.
950 266 1019 292 Nam

230 316 302 350 quod
318 314 404 341 Moses
415 314 534 349 paradisi
559 313 662 341 conditi
689 313 853 340 mentionem
867 317 930 347 post
942 319 1019 339 crea-

229 366 286 388 tum
299 361 433 388 Adamum
455 359 527 392 facit,
541 359 600 386 ideo
617 360 656 391 fit,
669 359 741 393 quod
761 359 795 386 ad
813 359 931 386 nondurrr
955 357 1021 384 satis

229 408 392 443 explicatam
425 407 458 435 de
484 407 612 442 paradiso
636 407 744 433 consito
762 406 944 433 narrationem
968 405 1020 432 sibi

232 451 433 483 revertendum,
449 458 565 486 eamque
586 451 778 479 absolvendam
805 451 930 485 putavit,
960 457 1014 477 non

233 500 324 522 autem
347 495 426 530 quasi
445 495 490 522 ille
517 500 577 530 post
595 495 737 522 conditum
767 495 903 522 Adamum
932 494 1020 521 fartus

231 546 275 568 διι.

533 587 646 615 CAPUT
670 587 714 615 Vl.

267 633 353 666 Quam
378 633 410 660 ob
439 641 549 660 causam
576 633 727 660 condiderit
759 632 828 659 Deus
866 632 1020 667 paradisum

231 687 397 714 rarporeum.
422 694 457 699 —-
482 679 577 714 Neque
607 687 672 706 vero
699 679 812 706 dnbiurn
832 683 874 705 est
901 681 966 712 quin
996 683 1022 704 et

231 725 429 752 cobouestandi
451 729 478 752 et
503 725 642 760 voluptate
658 724 792 751 alliciendi
819 724 914 750 Adarni
936 723 1022 758 gratia

234 767 304 795 Deus
318 769 475 803 paradisum
494 768 665 802 condiderit,
690 768 779 801 utqui
801 768 877 794 illuttr
892 768 943 794 sibi
963 775 1022 794 trra-

229 814 289 849 jore
314 822 381 841 cura
406 814 554 849 studioque
575 814 795 849 prosequendum
825 814 913 846 duxit,
939 821 1020 848 quam

1073 220 1131 247 Non
1147 227 1238 247 autem
1254 220 1323 247 dxit
1339 220 1365 246 in
1383 222 1463 253 «mlo,
1480 220 1543 254 quia
1563 227 1650 255 neque
1673 220 1732 254 ipsa
1756 220 1863 248 Domini

1072 265 1163 292 anima
1181 265 1272 300 (simul
1297 270 1380 299 atque
1398 271 1412 290 a
1439 271 1555 298 corpore
1571 263 1720 290 dissociata
1737 263 1792 299 est)
1806 271 1863 291 caa-

1073 311 1127 338 Ium
1154 311 1332 342 conscendit,
1364 310 1411 337 sed
1441 310 1484 336 die
1517 309 1598 336 tertio
1627 317 1738 336 rursum
1764 317 1864 343 corpus

1073 355 1158 383 subiit
1185 363 1271 390 neque
1287 355 1358 382 latro
1373 362 1482 389 qrroque
1495 363 1528 381 eo
1545 355 1589 381 die
1612 354 1640 381 in
1657 355 1756 382 crelum
1777 359 1865 388 retin:

1073 400 1197 430 eradere,
1210 407 1272 426 curn
1287 400 1361 426 dicat
1378 399 1505 427 Christus
1516 400 1654 426 neminem
1668 400 1864 427 conscendisse

1073 446 1100 472 in
1114 445 1212 473 caelum
1238 449 1335 480 prmlet‘
1363 452 1426 472 eum
1443 445 1489 480 qui
1516 445 1700 472 descendisset
1724 446 1758 472 de
1783 445 1864 476 etelo,

1073 491 1170 518 Filium
1202 491 1333 522 lrorninis,
1360 491 1406 525 qui
1433 495 1506 518 esset
1525 491 1552 517 in
1568 491 1678 518 ςωιυιε.
1694 490 1757 517 Fuit
1782 492 1866 525 igitur

1073 538 1232 572 paradisus,
1249 545 1303 564 non
1324 538 1350 564 in
1367 538 1447 570 caelo,
1460 537 1507 564 sed
1530 537 1556 564 in
1572 537 1662 564 terris.
1678 536 1791 571 Insuper
1806 545 1867 564 Cor-

1075 590 1177 618 porata:
1195 584 1309 611 arbores
1321 604 1328 615 ,
1347 584 1441 618 quales
1467 591 1561 610 revera
1581 585 1606 610 in
1629 584 1756 617 paradiso
1773 589 1864 610 exsta-

1075 630 1140 657 bant
1154 638 1186 657 ex
1203 631 1277 665 ligno
1292 635 1438 663 concretas,
1452 638 1466 657 ρ
1481 635 1552 656 terra
1565 634 1630 657 satin
1643 630 1786 664 ptrllrrlarrl,
1809 636 1866 656 non

1073 681 1164 703 autem
1195 684 1278 711 supra
1309 676 1406 703 emlum
1436 681 1596 702 nascuntur.
1617 674 1739 710 Denique
1755 675 1865 702 Patrum

1073 722 1246 755 auctoritate,
1257 722 1300 749 cui
1313 722 1378 748 lides
1389 722 1480 755 negari
1493 725 1546 747 no‘u
1560 725 1657 754 potest,
1667 721 1732 748 satis
1740 727 1867 755 compro-

1074 767 1154 794 batur
1168 772 1326 794 terrestrern
1353 766 1437 794 fuisse
1455 766 1622 801 paradisum.
1644 766 1711 792 Nam
1734 765 1864 792 dominus

1075 814 1194 842 Joannes
1210 813 1238 840 in
1253 821 1284 840 ea
1300 814 1425 840 oratione
1439 820 1492 847 qua
1514 812 1626 839 disserit
1643 819 1692 839 cur
1718 812 1800 839 arbor
1819 812 1864 838 illa

232 859 313 886 ullam
340 867 430 887 rerum
456 864 616 887 cazterarum
632 867 692 894 qum
711 867 792 894 super
809 864 908 886 terram
922 863 1023 886 essent.
1040 856 1062 883 Β
1077 861 1113 889 sit
1145 864 1241 887 vocata
1270 859 1392 887 scientia:
1414 859 1477 886 boui
1493 863 1520 886 et
1542 858 1618 890 mali,
1638 858 1733 885 scribit
1753 858 1780 884 in
1794 859 1866 885 banc

232 905 318 940 Igitur
348 905 580 940 quemadmodum
613 905 776 940 impensiore
801 906 890 940 ipsum
915 904 1021 932 Ironore

231 958 312 984 quinti
327 950 397 978 alias
418 959 462 978 res
475 958 490 977 a
510 958 539 978 se
551 955 659 978 creatas
674 950 812 982 allecerat,
834 950 875 978 sic
888 949 946 978 suis
963 949 1021 985 ipse

231 997 369 1030 manibus,
389 1001 472 1032 atque
492 997 525 1024 ad
542 1004 619 1024 suam
636 996 782 1032 imaginem
798 997 874 1023 illum
888 995 1019 1029 condere,

231 1047 259 1070 et
273 1042 400 1076 paradiso
419 1042 501 1069 veluti
522 1042 662 1070 donricilio
680 1050 735 1077 pra:
763 1042 870 1070 caeteris
882 1042 1021 1070 honorare

231 1087 327 1115 voluit.
360 1087 454 1123 Itaque
479 1088 569 1115 Iocurn
600 1087 625 1114 ei
658 1087 804 1114 destinavit
822 1091 848 1114 et
878 1086 1022 1114 consuerit

232 1133 448 1166 oroatissimurn,
466 1132 768 1168 magnificentissimum
784 1152 791 1164 ,
809 1131 1022 1165 voluptuosissi-

232 1185 320 1210 ntum,
333 1182 361 1205 et
377 1178 412 1205 ob
427 1185 565 1205 summam
586 1177 748 1212 elegantiam
776 1177 1023 1212 pulchritudinem-

232 1229 287 1258 que
312 1222 430 1249 nraxime
460 1222 646 1257 expetibilem,
674 1222 774 1256 inquo
797 1222 842 1250 ille
869 1226 1024 1249 versaretur

235 1267 446 1301 lrabitaretque;
463 1274 552 1301 neque
577 1266 701 1300 permisit
720 1270 749 1292 ut
772 1272 931 1293 (intererunt
949 1273 1025 1294 more

234 1311 416 1339 animantium
433 1332 440 1344 ,
459 1319 519 1346 qua‘.
547 1311 651 1339 ratione
680 1316 788 1342 vacant,
816 1315 916 1338 terram
940 1311 1023 1346 depa-

235 1362 336 1386 θείνει.

536 1404 651 1431 (_I.\I’LT
670 1404 723 1432 VII.

270 1451 308 1478 De
323 1451 460 1486 paradiso,
479 1459 556 1485 super
578 1456 687 1482 terram,
708 1459 742 1477 an
770 1451 798 1477 in
822 1450 885 1478 mlo
900 1451 1021 1479 exsistat.

231 1497 410 1532 ~<Suntqui
438 1497 464 1524 in
489 1497 556 1524 coelo
584 1497 739 1532 paradisum
765 1504 826 1524 esse
855 1501 959 1531 putent,
989 1504 1022 1524 eo

232 1544 305 1578 quod
339 1529 417 1570 divus
458 1542 558 1570 Paulus
584 1529 726 1578 apostolus
751 1543 786 1570 de
817 1529 907 1578 seipso
937 1529 1058 1575 dicat,c

230 1595 338 1625 raptum
357 1597 386 1617 se
400 1589 483 1616 fuisse
510 1589 537 1616 in
566 1589 674 1616 tertiqu
704 1589 815 1621 malum,
831 1594 857 1616 et
872 1590 898 1616 in
916 1589 1022 1624 paradi-

231 1643 291 1663 sum
302 1636 344 1668 “;
368 1643 456 1669 ireque
470 1634 542 1661 enim
560 1635 610 1661 hoc
627 1635 797 1668 adjecturum
814 1634 910 1667 fuisse,
927 1635 1020 1670 ιιιεὶρη

231 1681 302 1708 ctrlo
327 1685 399 1708 esset
417 1679 570 1715 paradisus.
593 1679 690 1706 Verum
718 1687 769 1708 nos
787 1680 821 1707 ad
847 1687 880 1708 ea
906 1688 1022 1716 respon-

233 1728 341 1760 demus,
354 1727 408 1754 duo
433 1726 517 1753 fuisse.
529 1727 586 1753 visa
602 1726 646 1753 illa
664 1727 690 1752 in
721 1733 782 1760 qme
805 1726 904 1754 Paulus
929 1732 1022 1762 raptus

231 1778 309 1806 erat;
323 1780 380 1799 .non
408 1772 528 1805 unicum,
556 1779 617 1799 cum
638 1772 714 1807 ipsus
730 1772 803 1799 dicat
826 1780 833 1800 :
860 1771 966 1799 Veniam
987 1772 1022 1799 ad

233 1819 290 1846 vita
305 1824 383 1853 atque
402 1818 436 1845 ad
457 1817 647 1853 patefactionet
668 1817 824 1850 Domini";
850 1825 904 1845 non
931 1822 1020 1845 autem

235 1865 268 1892 ad
287 1865 375 1892 visum
398 1869 424 1891 rt
439 1865 471 1891 ad
489 1863 708 1899 patefactionem.
735 1862 827 1898 Neque
847 1870 910 1890 vero
925 1863 1023 1890 desunt

233 1912 314 1939 etiam
331 1910 410 1938 nobis
428 1911 573 1944 Scriptura:
591 1909 642 1936 loci
655 1910 755 1944 quibus
769 1909 964 1936 convincamus
980 1908 1022 1935 di-

233 1964 326 1985 versas
351 1956 436 1983 fuisse
451 1955 520 1983 duas
550 1955 609 1983 illas
638 1954 848 1990 parefactiones;
881 1958 909 1982 et
932 1955 1023 1989 priore

232 2001 342 2037 quidem
361 2002 386 2028 in
405 2001 515 2034 ccelum,
539 2001 623 2027 altera
639 2007 703 2027 vero
725 2001 752 2027 in
768 1999 923 2034 paradisum
940 1999 1023 2026 fuisse

234 2048 369 2075 sublatura
394 2047 520 2074 Paulum.
537 2045 592 2073 Nos
615 2046 698 2081 igitur
725 2053 807 2080 super
835 2050 933 2073 terram
962 2053 1023 2073 esse

234 2093 390 2129 paradisum
403 2093 561 2124 statuimus,
579 2092 662 2127 idque
683 2092 724 2119 his
746 2092 915 2127 argumentis
935 2091 1023 2119 :Con—

234 2145 333 2172 servat,
367 2139 466 2174 inquit,
497 2138 626 2165 Dominus
652 2137 721 2165 Deus
734 2139 890 2173 paradisum
904 2139 932 2166 in
948 2138 1022 2167 Etlen

234 2188 267 2214 ab
295 2186 372 2213 initio
384 2185 427 2218 “;
450 2184 509 2212 sive
531 2184 634 2219 pridem
659 2193 666 2211 :
683 2184 756 2211 Iiden
773 2192 838 2212 vero
857 2185 948 2212 locum
976 2193 1022 2211 vo-
1041 2205 1061 2232 Β

233 2239 313 2260 casse
330 2231 449 2263 videtur,
477 2239 529 2257 non
543 2230 589 2266 qui
607 2238 690 2265 supra
705 2230 804 2258 corium
825 2235 906 2264 esset,
933 2232 979 2258 sed
995 2232 1021 2258 in

234 2278 326 2306 terris.
353 2276 487 2304 Przeterea
505 2276 575 2303 idem
594 2275 684 2303 Moses
700 2275 815 2303 adiuuat
828 2281 947 2310 quatuor
972 2276 1022 2304 llu-

233 2323 331 2351 minae
344 2320 472 2357 paradiso
485 2319 662 2356 proﬂuxisse,
676 2320 827 2355 Tigridem,
843 2321 1021 2356 Euphratem,

232 2370 399 2401 Gilroneum,
414 2372 441 2395 et
459 2367 607 2396 Plrisonem
631 2375 637 2393 :
654 2373 717 2401 quae
744 2367 766 2393 si
784 2373 800 2394 e
821 2367 891 2394 emlo
911 2367 1021 2402 delapsa

230 2419 334 2450 essent,
346 2419 525 2443 exeavasseut
538 2413 630 2447 utique
647 2416 728 2447 atque
744 2417 821 2441 vasto
836 2413 921 2441 halitu
934 2415 1020 2449 ipsam

233 2469 334 2491 terram
349 2461 533 2496 aperuissent,
550 2459 651 2494 quippe
664 2466 726 2494 qua:
735 2460 872 2488 sustinere
883 2462 1021 2495 nequivls-

232 2514 274 2537 set
287 2508 388 2536 molem
403 2511 519 2539 tantam.
533 2511 636 2541 quanta
662 2513 740 2540 aqua:
759 2513 792 2533 ex
816 2506 876 2533 loco
900 2512 953 2534 tam
974 2515 1020 2534 su-

231 2556 309 2584 blimi
324 2554 476 2591 praecipites
493 2553 531 2589 (et
545 2552 656 2588 quidem
679 2553 738 2580 dies
757 2557 906 2588 noctesque
930 2554 1020 2580 canti-

232 2602 420 2635 uuatoeursu)
438 2600 541 2635 absque
553 2599 608 2626 ulla
621 2599 826 2627 intermissione
840 2599 926 2634 ipsam
944 2607 1021 2634 pres-

231 2649 347 2681 sissent,
364 2654 451 2682 quare
467 2653 482 2673 e
498 2650 569 2673 terra
583 2651 764 2680 promanasse
776 2644 820 2672 illa
845 2643 955 2672 ﬂumina
973 2653 1021 2672 ne-

231 2703 309 2724 cesse
322 2698 374 2726 est,
390 2697 417 2721 et
431 2693 545 2728 proinde
563 2691 721 2727 paradisum
739 2698 847 2726 quoque
864 2695 1022 2720 terrestrem

229 2743 325 2771 tuisse.
344 2740 384 2766 Ad
401 2739 458 2767 haec
484 2737 618 2766 Dominus
635 2741 729 2766 noster
749 2737 788 2764 ait
809 2737 842 2765 ad
864 2737 999 2766 latronem
1015 2747 1022 2766 :

264 2828 288 2847 ¹¹
303 2828 326 2857 ιι
347 2827 412 2856 Cor.
430 2829 517 2863 xrr,2.
556 2828 579 2845 ¹²
592 2827 660 2857 ibid.
677 2827 704 2856 ί.
742 2827 766 2870 '_‘
784 2827 852 2867 Gen.
873 2835 904 2863 tr,
927 2827 953 2857 8.

993 2828 1015 2845 "
1028 2827 1095 2857 Luc.
1115 2835 1191 2862 xxnr,
1211 2828 1254 2856 t5.

1074 907 1235 935 sententiam
1253 915 1260 933 :
1275 906 1303 932 Si
1327 913 1440 941 regnum
1455 906 1518 933 coeli
1531 905 1658 940 promisit
1675 904 1754 931 nobis
1771 903 1865 931 Denti-

1075 961 1128 982 nus
1155 957 1259 985 noster,
1294 953 1428 980 latronem
1444 960 1509 980 vero
1538 952 1565 978 in
1597 951 1754 987 paradisum
1784 951 1867 978 modo

1075 999 1212 1032 subvexit,
1243 1005 1311 1026 sane
1336 998 1481 1026 conlicitur
1506 1006 1559 1025 non
1577 997 1747 1025 satisfecisse
1775 998 1865 1032 ipsum

1075 1045 1186 1072 latroni.
1215 1045 1283 1071 Item
1308 1043 1439 1071 dominus
1469 1042 1598 1076 Severus,
1626 1043 1750 1071 oratione
1767 1043 1813 1076 22,
1831 1046 1866 1070 de

1075 1089 1217 1125 Epitrouio
1228 1089 1268 1117 sic
1284 1090 1380 1117 scribit
1397 1098 1404 1116 :
1418 1089 1454 1116 IC-a
1466 1097 1527 1124 quae
1541 1089 1620 1116 nobis
1635 1089 1769 1124 pomissa
1788 1093 1863 1121 sunt,

1075 1135 1163 1169 ipsum
1184 1139 1247 1162 sunt
1260 1135 1322 1162 caeli
1349 1143 1480 1170 regnum;
1496 1143 1549 1162 non
1567 1140 1658 1162 autem
1669 1143 1730 1166 tune
1745 1135 1770 1162 in
1784 1143 1864 1169 para-

1075 1181 1135 1208 diso
1154 1181 1322 1216 percipiatur
1336 1181 1471 1216 voluptas.
1500 1181 1579 1208 Aliud
1598 1181 1680 1216 igitur
1696 1182 1862 1215 paradi~um,

1075 1227 1149 1254 aliud
1172 1235 1286 1261 regnum
1311 1227 1423 1254 cteleste
1442 1235 1511 1257 esse.
1528 1227 1616 1261 palam
1639 1226 1743 1253 fariuut
1770 1227 1795 1253 lri
1813 1226 1862 1252 νει-

1076 1277 1141 1300 tres.
1161 1272 1304 1300 Postremo
1333 1272 1462 1307 Ephrem,
1478 1273 1504 1299 in
1528 1281 1561 1299 eo
1579 1273 1657 1305 libro,
1672 1281 1727 1306 quo
1744 1273 1864 1306 paradisi

1078 1319 1263 1346 conditionem
1279 1319 1448 1353 exsequitur,
1471 1319 1573 1345 diserte
1593 1319 1862 1345 asseritterrestrem

1076 1372 1146 1392 esse.
1164 1364 1247 1400 Igitur
1263 1365 1438 1400 perspicuum
1454 1369 1495 1392 est
1519 1365 1546 1391 in
1564 1365 1645 1392 terris
1666 1373 1727 1392 esse
1755 1365 1864 1400 paradi-

1074 1418 1146 1442 sum,
1165 1417 1219 1438 non
1237 1410 1263 1437 in
1278 1411 1359 1438 co‘lo.

1375 1479 1492 1507 (ZAI‘UT
1515 1478 1583 1506 VIII.

1111 1545 1204 1574 Utrum
1230 1547 1373 1581 paradisus
1397 1548 1424 1573 in
1451 1547 1498 1573 hoc
1516 1551 1649 1573 terrarum
1673 1551 1759 1572 tractu
1787 1554 1863 1580 quem

1076 1600 1122 1619 nos
1138 1592 1281 1619 incolimus
1296 1593 1445 1624 exsisteret,
1459 1601 1492 1618 an
1507 1593 1533 1618 in
1547 1593 1600 1618 alia
1614 1592 1748 1626 quopiam.
1761 1591 1863 1619 ——Jam

1075 1644 1139 1664 vero
1156 1642 1333 1672 posteaquam
1356 1638 1528 1664 ostendinms
1543 1638 1569 1664 in
1588 1637 1666 1664 terris
1685 1637 1768 1664 fuisse
1783 1644 1863 1672 para-

1075 1683 1163 1710 disum
1179 1702 1186 1713 .
1214 1683 1397 1718 indagandum
1429 1683 1508 1710 nobis
1533 1688 1681 1717 superest,
1710 1691 1743 1709 an
1774 1683 1800 1708 In
1821 1683 1864 1709 his

1076 1732 1210 1756 terrarum
1244 1729 1400 1763 regionibus
1436 1737 1504 1764 quas
1543 1736 1593 1756 nos
1621 1728 1748 1756 mortales
1779 1728 1864 1755 habe-

1075 1781 1154 1805 mus,
1171 1780 1204 1800 an
1236 1774 1263 1801 in
1281 1774 1341 1802 aliis
1367 1775 1529 1808 quibusdam
1553 1774 1695 1801 exstiterit.
1729 1774 1862 1800 Caeterum

1075 1819 1221 1846 statuimus
1237 1824 1336 1846 terram
1362 1828 1443 1847 unam
1459 1819 1571 1847 omnino
1589 1827 1660 1850 esse,
1677 1824 1759 1854 atque
1782 1819 1864 1846 unius

1076 1865 1229 1892 universam
1249 1865 1425 1900 ejusdemque
1450 1870 1571 1897 naturae;
1589 1872 1705 1900 eamque
1721 1870 1820 1892 terram
1836 1865 1862 1891 iit

1075 1917 1128 1944 qua
1143 1909 1286 1944 paradisus
1301 1911 1460 1943 exsistebat,
1474 1911 1607 1938 diversam
1633 1911 1742 1945 quidem
1753 1918 1813 1937 esse
1828 1911 1863 1937 ab

1075 1955 1126 1982 hac
1144 1961 1248 1989 nostra,
1265 1965 1357 1983 verum
1374 1966 1426 1984 non
1445 1958 1665 1992 nuturaipsaque
1678 1958 1721 1984 sui
1734 1956 1860 1989 materia,

1075 2000 1123 2028 sed
1141 2002 1251 2028 raritate
1265 2002 1483 2030 ctdensitudiue.
1501 2002 1657 2030 Dividamus
1671 2002 1862 2038 igiturterram

1075 2046 1101 2073 in
1118 2046 1185 2074 duas
1199 2048 1333 2075 maximas
1361 2052 1469 2083 partes,
1495 2056 1609 2083 quarunt
1633 2049 1718 2075 altera
1744 2048 1863 2082 paradisi

1075 2097 1157 2124 terra,
1171 2093 1256 2120 altera
1271 2098 1347 2121 extra
1363 2093 1519 2128 paradisum
1539 2098 1650 2120 vocetur
1666 2102 1673 2120 :
1686 2093 1730 2120 illa
1745 2093 1862 2125 subtilis,

1075 2137 1191 2168 sincera,
1203 2145 1279 2172 pura,
1294 2138 1350 2165 lure
1361 2145 1421 2172 qua:
1432 2146 1446 2164 a
1457 2138 1534 2164 nobis
1544 2138 1651 2170 colitur,
1663 2145 1766 2169 crassa,
1778 2143 1865 2164 mate-

1075 2183 1152 2216 riata,
1163 2184 1278 2218 impura,
1288 2185 1402 2211 confusa
1420 2184 1466 2211 sit.
1476 2182 1535 2209 .lam
1549 2190 1613 2210 vero
1626 2183 1762 2216 concipit-0
1773 2185 1864 2210 animo

1077 2235 1124 2257 tuo
1135 2231 1216 2257 hasce
1226 2235 1344 2264 quatuor
1356 2239 1397 2257 res
1409 2238 1415 2256 :
1428 2230 1529 2257 eorlum
1545 2230 1671 2264 superius
1682 2229 1748 2256 illud
1761 2230 1864 2264 spiriti-

1076 2277 1290 2311 busangelisqne
1305 2276 1506 2310 frequentatum
1517 2285 1524 2309 ;
1535 2276 1632 2303 deinde
1641 2276 1714 2310 quod
1732 2276 1778 2302 illo
1794 2276 1864 2303 infe-

1077 2323 1134 2350 rius
1160 2328 1213 2354 est,
1242 2323 1500 2356 ﬁrmamentumque
1535 2330 1550 2349 a
1566 2323 1644 2349 nobis
1660 2322 1751 2349 vocari
1776 2323 1862 2355 solet;

1076 2374 1169 2404 postea
1178 2377 1238 2396 eam
1249 2373 1349 2396 terram
1360 2377 1420 2403 quae
1433 2369 1610 2404 paradisiesl;
1621 2369 1728 2395 demum
1742 2377 1800 2395 earn
1811 2374 1864 2395 ter-

1076 2421 1203 2449 ranrquze
1222 2418 1349 2441 estextra
1368 2414 1525 2448 paradisum
1535 2413 1862 2445 :deindeitaexistimata,

1075 2460 1302 2496 quemadmodum
1310 2460 1336 2487 id
1343 2461 1415 2494 quod
1427 2460 1596 2486 linnamentu
1602 2467 1626 2486 ιιι
1634 2459 1725 2486 vocari
1733 2458 1863 2492 diximus,

1075 2507 1256 2543 praecellentia
1270 2506 1389 2541 quadam
1405 2506 1564 2533 subtilitatis
1574 2505 1644 2533 ccelo
1657 2505 1695 2532 illi
1709 2505 1862 2532 sublirniori

1074 2554 1270 2589 spiritibusque
1285 2554 1374 2581 dicato
1400 2553 1487 2583 cedit:
1504 2561 1536 2580 ac
1549 2561 1659 2580 rursum
1675 2553 1768 2580 eadem
1786 2549 1865 2585 para;

1075 2599 1165 2627 disum
1181 2605 1291 2635 superat
1303 2605 1331 2627 et
1345 2600 1509 2626 crassiorem
1525 2604 1551 2626 et
1566 2599 1653 2634 magis
1670 2599 1839 2626 ruateriaturr
1855 2607 1862 2625 :

1077 2646 1113 2672 ita
1131 2650 1158 2672 et
1174 2645 1330 2680 paradisum
1352 2645 1483 2679 dignitate
1504 2646 1678 2680 puritateque
1702 2644 1862 2671 inferiorem

1077 2692 1186 2725 quidem
1212 2699 1273 2718 esse
1299 2692 1491 2724 ﬁrmamento;
1518 2691 1566 2718 sed
1593 2696 1676 2724 terra,
1701 2699 1762 2726 quae
1785 2695 1863 2717 extra

1078 2738 1166 2773 ipsum
1190 2743 1250 2771 est,
1276 2738 1505 2772 prmstantiorem.
1533 2736 1575 2763 Fit
1600 2737 1627 2763 it:
1640 2745 1691 2772 que
1715 2742 1745 2764 ut
1765 2736 1864 2772 eceluru

1294 2828 1316 2844 ¹¹¹
1328 2827 1407 2855 Joan.
1427 2835 1467 2862 nr,
1493 2826 1536 2854 13.
