2020 3080
244 147 296 179 493

814 152 861 182 DE
883 153 1085 184 PAllADlSO.
1107 167 1141 171 —
1163 154 1259 184 PARS
1281 155 1306 184 I.
1592 166 1610 180 ο

1821 163 1874 195 ιςιι

245 206 309 232 illud
326 205 466 233 beatorum
482 206 627 242 spirituum
642 207 810 235 domicilium
828 210 1029 244 pra-cellentius
1045 218 1066 242 Α
1084 214 1138 238 tate
1153 212 1323 247 genuinaque
1345 213 1471 248 puritate.
1493 214 1537 241 Ait
1551 214 1626 242 enim
1643 224 1649 242 :
1665 215 1781 252 Objiciat
1796 220 1876 247 nobis

243 254 279 279 sit
294 252 480 286 (irritamento;
497 254 711 286 lirmamcntum,
728 255 872 289 paradiso;
888 256 1032 290 paradisus

243 306 275 326 ea
291 303 362 325 terra
378 307 459 334 quant
477 307 528 328 nos
543 300 708 328 habitamus.
724 301 770 328 Est
787 301 868 337 igitur
884 302 938 329 alia
954 310 1032 337 para—

242 344 296 372 disi
309 349 392 376 tcrra,
408 345 461 373 alia
478 346 536 373 haec
550 351 661 381 ucstra;
678 347 724 375 sed
741 348 790 381 ita,
806 353 836 375 ut
851 357 904 376 non
921 355 1030 381 natura,

242 399 337 419 rerum
356 392 476 419 materia:
491 393 644 420 subtilitate
662 394 878 428 excellentiaque
894 394 1029 422 differant.

242 436 294 465 Sed
311 442 401 470 potest
414 438 439 466 id
456 439 538 466 etiam
556 440 607 466 hoc
621 445 782 474 argumento
796 448 811 467 a
824 448 917 467 rerum
934 445 1030 467 natura

240 483 325 517 petito
340 483 533 511 demonstrari.
553 483 685 512 Conditus
699 485 771 511 enim
794 484 916 513 Adamus
932 493 986 512 non
1003 486 1028 512 ili

241 528 294 555 hoc
309 535 406 555 crasso
419 528 565 563 densaeque
579 530 660 563 pleno
675 530 796 557 materiae
816 530 876 557 loco
891 532 939 565 qui
953 534 1029 557 extra

239 574 398 608 paradisum
415 578 469 606 est,
483 575 634 601 collocatus
650 582 664 601 a
679 573 734 602 Deo
749 579 801 607 est,
819 575 939 602 nondum
956 576 1028 603 enim

239 620 392 655 deliquerat
417 625 498 655 atque
522 626 666 655 peccarat;
686 628 774 656 neque
801 629 896 649 rursus
921 622 1028 656 positus

237 670 281 693 est
306 666 333 692 in
359 666 414 692 illis
435 667 653 701 praacellentibus
674 668 752 698 locis,
775 667 844 694 coelo
868 667 910 694 vel
936 667 1029 694 ﬁrma-

237 715 340 743 tnento,
360 711 428 738 nihil
448 712 521 738 enim
540 713 629 740 adhuc.
651 713 712 739 boni
734 717 855 747 patrarat
871 721 878 739 :
893 713 940 740 sed
958 713 1028 747 quod

235 760 449 784 consentaneum
475 762 545 790 erat,
563 758 707 785 collocavit
735 758 824 792 ipsum
848 757 919 786 Deus
941 759 966 785 in
996 766 1030 786 eo

235 801 296 829 loco
321 803 367 836 qui
393 802 464 829 inter
490 809 621 836 utrosque
654 803 715 830 illos
742 803 831 830 medio
856 811 886 831 se
913 804 1029 831 habebat

235 846 335 878 modo;
363 847 415 874 hoe
440 852 491 878 est,
517 847 668 881 paradiso:
689 848 731 874 hic
749 848 822 874 enim
843 853 873 875 ut
897 856 951 876 non
971 852 1026 876 tam

1087 257 1129 284 hic
1143 257 1243 292 aliquis
1260 258 1316 284 lieri
1334 266 1386 285 non
1403 267 1483 294 posse
1499 262 1572 295 (cum
1591 266 1662 290 terra
1676 264 1766 291 omnis
1795 265 1876 293 unius

1084 304 1262 338 ejusdemque
1288 308 1394 332 natura:
1415 305 1451 333 sit
1474 311 1556 342 atque
1581 309 1717 344 essentia)
1743 315 1772 338 ut
1788 311 1872 338 altera

1084 349 1143 383 ejus
1153 357 1218 384 pars
1228 349 1345 383 subtilis,
1360 358 1439 384 pura,
1454 352 1577 386 sincera;
1592 353 1676 382 altera
1691 363 1754 383 vero
1767 363 1873 389 crassa.

1086 395 1203 430 impura,
1228 395 1322 428 tnista,
1346 396 1516 432 confusaque
1538 406 1600 426 esse
1624 406 1714 436 queat.
1743 403 1795 429 Sed
1823 411 1874 430 nos

1084 441 1294 475 respondemus,
1315 441 1372 469 ﬁeri
1399 443 1511 470 omnino
1535 444 1560 470 id
1588 452 1669 479 posse
1693 456 1700 473 :
1726 448 1826 483 quippe
1845 450 1871 476 in

1083 487 1162 522 aquis
1188 495 1249 522 quae
1273 492 1337 515 sunt
1362 488 1484 523 ejusdem
1512 492 1636 519 essentia:
1661 501 1779 526 omnes,
1806 496 1874 523 alias

1084 538 1173 560 tamen
1200 533 1341 568 limpidas,
1364 535 1433 562 alias
1458 535 1598 570 turbidas;
1617 539 1748 573 quasdam
1778 540 1872 569 dulces

1083 585 1204 614 pinuque
1229 587 1329 608 suaves
1346 588 1353 614 ;
1370 581 1439 609 alias
1478 589 1596 616 amaras,
1620 589 1701 619 atque.
1727 585 1754 613 in
1779 591 1871 622 potum

1082 626 1206 660 iui-ptas:
1223 627 1285 654 item
1303 627 1329 654 in
1351 635 1431 661 aere,
1449 628 1531 655 alium
1548 637 1670 657 crassum
1690 628 1872 668 densumque,

1081 672 1165 699 alium
1181 673 1325 707 liquidum,
1341 674 1516 710 naturalique
1535 680 1715 711 temperatum
1735 680 1872 712 puritate;

1081 725 1179 745 rursus
1193 718 1277 745 alium
1293 719 1396 746 salubri
1410 725 1492 755 atque
1505 728 1614 749 amoma
1630 725 1774 757 temperie,
1789 724 1871 752 alium
1885 746 1892 751 .

1082 762 1162 789 noxia
1189 763 1350 798 intemperie
1382 765 1542 801 ingratoque
1571 766 1655 794 odore
1680 769 1838 803 experimur
1865 779 1871 795 :

1081 808 1199 843 denique
1216 809 1273 843 ipsa
1291 810 1374 836 etiam
1391 812 1516 846 corporis
1535 813 1621 839 nostri
1643 814 1765 841 membra
1781 815 1872 842 omnia

1080 853 1201 888 quidem,
1225 855 1306 882 unius
1328 860 1409 891 atque
1433 856 1557 891 ejusdem
1582 865 1688 886 naturas
1711 867 1772 887 esse
1791 868 1872 888 nemo

235 899 322 926 purtts
338 897 475 928 putus-que
489 898 531 920 est
548 901 629 928 quam
646 893 860 927 ﬁrmamentum,
876 895 913 922 ita
929 902 1027 923 rursus
1043 902 1064 929 Β
1080 901 1235 934 negaverit:
1260 906 1288 928 ct
1312 905 1402 929 tamen
1430 903 1528 931 oculus
1548 904 1657 933 lucidus
1672 911 1715 934 est
1733 912 1815 942 atque
1835 908 1869 935 li-

234 945 290 964 non
310 944 364 964 tam
382 946 477 965 crassa
501 944 650 974 coactoque
669 940 783 967 materie
805 945 923 974 COIISlal,
944 945 1026 976 atque

235 983 294 1011 haec
317 989 409 1012 nostra
430 992 490 1018 quae
515 991 592 1012 extra
619 986 775 1020 paradisutu
801 990 861 1017 est,
885 990 969 1013 terra.
995 986 1026 1013 Et

233 1037 310 1063 vero,
327 1037 360 1057 eo
377 1031 492 1057 consilio
513 1031 621 1058 videtur
641 1032 774 1066 ejusmodi
801 1032 890 1059 medio
915 1032 975 1060 loco
991 1033 1025 1059 ab

233 1077 330 1112 opilice
344 1077 398 1104 Deo
413 1077 456 1104 ille
473 1077 578 1111 positus
593 1084 663 1108 esse,
679 1082 708 1103 ut
724 1077 746 1103 si
763 1078 915 1112 morigerus
929 1078 1024 1105 obser-

233 1126 310 1149 uret
323 1122 413 1156 jussa,
432 1123 630 1149 subveheretur
650 1123 676 1148 in
700 1123 901 1150 lirinanientunt
935 1124 1023 1151 locum

232 1169 473 1203 praecellentiorcm
490 1169 686 1203 purioremque
703 1169 831 1203 paradiso
848 1177 856 1196 :
873 1170 915 1197 sin
931 1175 1023 1198 autem

232 1214 368 1241 mandatis
393 1222 446 1241 non
473 1219 592 1249 pareret,
614 1215 661 1242 sed
688 1215 871 1250 delinquerel,
889 1221 973 1250 atque
990 1217 1024 1244 ab

231 1267 262 1287 ea
279 1268 361 1295 quam
377 1261 427 1287 sibi
444 1269 511 1288 suns
527 1261 638 1288 eﬂeclor
654 1261 855 1295 imperavisset,
871 1263 928 1297 lege
942 1262 1024 1290 deﬂe-

232 1310 330 1338 cteret,
350 1306 533 1341 conjicetetnr
546 1307 573 1333 in
591 1307 661 1334 hanc
674 1307 881 1340 exsecrabilem,
901 1316 1022 1336 erassam

231 1359 264 1379 ac
277 1353 390 1380 densam
408 1358 506 1380 terram
522 1361 602 1387 quam
619 1361 669 1381 nOs
683 1358 759 1381 extra
775 1354 933 1389 paradisum
950 1363 1023 1383 nunc

232 1398 397 1425 habitamus.
413 1399 483 1432 Quin
509 1399 664 1434 paradisum
682 1400 767 1427 fuisse
791 1402 880 1428 medio
900 1401 961 1429 loco
982 1407 1023 1429 te-

232 1449 321 1471 statur
336 1446 419 1472 etiam
442 1445 608 1473 Pbiloxenus
631 1445 754 1482 Mabugie
777 1448 924 1481 episcopus
945 1447 972 1474 in
989 1455 1022 1474 co

231 1498 358 1519 sermone
384 1500 465 1526 quem
499 1493 532 1519 de
565 1493 799 1528 cantemplatione
830 1494 938 1521 arboris
962 1494 1023 1521 vita:

230 1538 394 1573 conscripsit
419 1538 461 1565 bis
487 1539 577 1566 verbis
599 1548 606 1566 :
625 1539 670 1566 Sic
693 1541 817 1567 consitus
839 1548 855 1567 a
870 1539 927 1568 Deo
943 1548 1022 1576 para-

231 1583 307 1610 disus
332 1588 388 1616 est,
416 1589 445 1611 ut
471 1586 590 1612 medium
616 1591 731 1620 occupet
755 1587 862 1620 locum;
888 1582 1057 1623 quidquid":l

230 1629 303 1656 enim
319 1631 446 1664 superius
459 1635 511 1663 est,
526 1636 573 1658 aut
589 1632 688 1659 caelum
703 1637 744 1660 est
759 1638 806 1660 aut
821 1634 891 1661 calo
905 1642 1023 1662 consen-

231 1678 340 1702 taneum
360 1684 367 1702 :
385 1683 496 1703 rursum
522 1677 652 1712 quidquid
678 1678 804 1711 inferius,
827 1680 868 1707 vel
892 1685 964 1707 terra
981 1686 1022 1708 est

230 1721 271 1747 vel
285 1721 318 1748 ad
335 1725 434 1749 terram
451 1723 579 1757 prrtinet.
596 1724 702 1759 Quippe
718 1725 807 1760 qualis
823 1731 881 1753 erat
900 1727 1020 1755 comlitio

228 1768 447 1803 eompositioque
473 1769 603 1803 hominis,
631 1772 711 1798 talem
739 1773 883 1807 oportebat
911 1781 972 1802 esse
993 1781 1018 1802 et

227 1812 317 1840 locutn
337 1814 364 1840 in
386 1822 440 1849 quo
464 1821 522 1842 crat
548 1816 593 1844 ille
617 1818 778 1851 ponendus;
807 1819 851 1847 illa
878 1827 941 1847 vero
959 1821 1019 1856 ejus

227 1865 286 1886 erat
306 1861 390 1894 modi,
410 1866 440 1888 ut
465 1862 490 1888 in
512 1863 630 1890 hominis
648 1870 722 1891 esset
745 1866 834 1899 posita
859 1866 974 1894 arbitrio
993 1873 1019 1894 et

227 1905 290 1933 boni
306 1912 332 1934 et
349 1908 412 1934 mali
430 1908 527 1937 electio
544 1909 622 1942 :jam
641 1918 704 1937 vero
721 1913 767 1946 qui
786 1913 824 1939 sic
840 1920 869 1940 se
885 1913 977 1946 habet,
995 1915 1018 1942 is

226 1953 298 1980 inter
312 1958 459 1989 utrumque
477 1956 584 1984 medius
599 1961 652 1988 est,
669 1966 719 1985 nec
732 1966 764 1985 ex
782 1958 854 1986 bono
867 1964 950 1993 totus,
969 1969 1018 1988 nec

226 2006 335 2025 rursum
360 2005 434 2027 totus
456 2009 489 2027 ex
513 2003 583 2029 malo
607 2002 752 2036 conﬂatus,
777 2005 823 2031 sed
849 2012 899 2039 pro
921 2011 1018 2041 suopte

224 2044 342 2072 arbitrio
360 2045 394 2071 ad
419 2048 555 2073 utrumvis
570 2047 649 2081 juxta
668 2056 697 2075 se
721 2049 836 2077 habens.
857 2050 892 2076 At
909 2058 940 2078 ea
957 2052 1017 2086 qui-

225 2090 286 2117 dem
303 2096 361 2117 erat
376 2091 442 2118 Adae
458 2093 590 2127 conditio,
605 2094 755 2129 eademque
772 2096 893 2131 cognitio
910 2098 1018 2125 arboris

225 2135 289 2163 boni
306 2141 332 2163 et
350 2137 413 2164 mali
429 2146 436 2164 :
450 2146 535 2172 quare
548 2143 572 2165 et
588 2140 720 2173 ejusmodi
737 2146 796 2168 erat
812 2149 923 2178 quoque
936 2151 1015 2178 para-

224 2182 277 2209 disi
292 2183 361 2210 ratio
374 2183 401 2211 in
417 2184 507 2211 medio
519 2185 625 2213 scilicet
638 2187 777 2220 collocati,
789 2192 818 2215 ut
831 2196 914 2223 supra
928 2190 1016 2225 ipSum

223 2235 314 2257 essent
337 2235 524 2265 corporatura:
556 2233 730 2268 materiaeque
752 2240 880 2270 expertes
904 2237 1016 2270 spiritus

223 2277 269 2312 qui
294 2277 350 2305 sola
375 2278 483 2305 ratione
505 2278 702 2314 intelliguntur,
728 2285 755 2307 et
780 2281 912 2316 quidquid
936 2288 1014 2311 extra

222 2330 329 2350 omnem
345 2324 574 2359 compositionem
589 2329 631 2352 est
643 2334 650 2352 :
664 2325 734 2352 infra
748 2334 811 2354 vero
828 2326 906 2354 illum
920 2327 1014 2356 bestiae

221 2372 248 2395 et
270 2369 400 2404 pecudes,
419 2374 571 2405 cazteraque
592 2371 698 2398 ratione
721 2373 853 2399 carentia.
871 2374 930 2408 Ipse
947 2381 1012 2402 vero

222 2415 365 2448 paradisus
390 2416 462 2443 inter
482 2415 540 2444 hace
554 2420 582 2443 et
598 2416 643 2444 illa
663 2417 769 2445 medius
788 2423 913 2446 maneret
930 2423 1013 2454 atque

222 2458 273 2486 bac
289 2460 394 2488 ratione
409 2468 470 2488 cum
487 2461 606 2489 hominis
623 2463 821 2491 constitutione
836 2471 1011 2500 congrueret.

221 2506 268 2539 qui
287 2510 313 2532 et
336 2505 394 2541 ipse
410 2514 442 2533 ex
461 2507 551 2534 anima
567 2508 648 2534 simul
670 2513 696 2535 et
720 2517 834 2544 corpore
857 2510 1010 2539 constabat.

221 2550 359 2579 Hactenus
381 2553 434 2579 ille.
453 2553 656 2580 Animadvertis
675 2554 756 2589 igitur
771 2555 908 2584 doctorem
927 2556 1009 2584 istum

220 2598 366 2632 perspicua
391 2599 495 2626 ratione
520 2600 674 2627 ostendisse
698 2601 855 2635 paradisum
874 2602 901 2629 in
919 2602 1010 2630 medio

220 2650 279 2670 esse
297 2644 434 2678 positum;
453 2652 540 2679 neque
556 2649 608 2672 tam
628 2645 720 2673 subtili
737 2648 868 2675 tenuitate
885 2648 1008 2676 dolatum

219 2695 301 2723 quam
315 2697 345 2716 ca
360 2697 420 2724 quae
436 2698 516 2725 supra
531 2691 619 2726 ipsutn
643 2692 791 2724 exsistunt,
808 2701 896 2728 neque
911 2702 1009 2722 rursus

218 2742 250 2762 ea
275 2735 458 2763 crassitudine
483 2737 603 2764 materia:
626 2745 679 2772 qua
700 2737 744 2764 illa
770 2739 919 2773 composita
944 2745 1008 2767 sunt

218 2789 279 2816 qua;
297 2781 368 2809 inira
387 2782 476 2817 ipsum
494 2782 639 2810 habentur.
657 2782 716 2810 Non
731 2791 797 2818 ergo
815 2785 841 2811 in
858 2785 907 2812 bac
923 2793 1006 2820 quant

217 2834 269 2855 nos
283 2827 436 2856 habitamus
453 2833 525 2856 terra
540 2829 685 2864 paradisus
701 2830 815 2863 exstitit,
831 2830 877 2857 sed
895 2831 921 2858 in
937 2832 1004 2865 alia;

216 2880 270 2902 non
285 2874 394 2910 quidem
418 2875 474 2910 ipsa
492 2882 541 2904 sua
558 2881 656 2904 natura
679 2875 832 2911 dit‘ferente,
847 2877 893 2905 sed
916 2879 1004 2907 tenui-

1080 946 1191 981 quidus,
1216 955 1314 975 manus
1335 956 1400 975 vero
1424 956 1517 978 crassa
1534 955 1562 978 et
1579 953 1720 980 materiata
1739 962 1871 990 compage

1081 996 1202 1025 constat;
1219 992 1310 1028 itaque
1322 999 1349 1021 et
1361 993 1389 1021 in
1403 998 1483 1024 terrae
1494 997 1618 1030 partibus
1633 997 1704 1026 idem
1719 1007 1770 1026 usu
1784 1001 1869 1031 \‘enit,

1081 1041 1110 1064 ut
1131 1038 1238 1066 scilicet
1251 1039 1338 1067 altera
1358 1045 1432 1068 esset
1447 1049 1517 1076 pura
1541 1047 1606 1077 puta
1624 1048 1652 1072 et
1669 1046 1759 1072 omnis
1774 1053 1871 1074 excre-

1081 1084 1164 1111 menti
1182 1091 1279 1116 vacua,
1296 1093 1328 1112 ac
1344 1087 1434 1114 tenuis
1452 1088 1626 1123 subtilisque,
1644 1091 1734 1125 qualis
1750 1097 1808 1119 erat
1823 1093 1869 1120 illa

1080 1131 1218 1164 paradisi;
1240 1132 1325 1159 altera
1341 1140 1405 1160 vero
1419 1141 1522 1165 crassa,
1542 1136 1632 1167 mista,
1649 1142 1870 1169 excrementosa.

1079 1175 1233 1209 cujusmodi
1257 1181 1299 1204 est
1319 1177 1377 1204 haec
1402 1185 1463 1212 quae
1485 1183 1560 1206 extra
1582 1180 1738 1214 paradisum
1758 1189 1773 1209 a
1791 1183 1870 1210 nobis

1080 1220 1206 1248 habetur.
1223 1221 1290 1248 Nam
1307 1227 1333 1250 et
1350 1223 1376 1249 in
1393 1223 1453 1250 oleo
1474 1224 1525 1252 hoc
1544 1225 1632 1260 ipsum
1648 1226 1828 1262 deprehendis
1842 1237 1870 1258 et

1080 1267 1106 1293 in
1124 1267 1187 1294 vino
1205 1277 1212 1295 :
1229 1270 1280 1296 etsi
1297 1270 1369 1297 enim
1388 1271 1449 1299 unis
1464 1272 1544 1299 etiam
1564 1275 1620 1301 haec
1636 1281 1761 1304 constent
1776 1285 1871 1306 essen-

1079 1313 1133 1345 tiis,
1148 1319 1236 1341 tamen
1252 1317 1370 1350 partium
1384 1317 1444 1345 alia:
1459 1318 1619 1353 liquidiores
1632 1321 1868 1360 defecatioresque

1077 1366 1110 1386 ac
1133 1359 1214 1387 veluti
1243 1362 1329 1397 magis
1356 1364 1511 1397 percolatze,
1539 1366 1634 1401 quales
1661 1373 1724 1396 sunt
1748 1377 1763 1397 a
1785 1359 1869 1398 fundo

1078 1404 1257 1437 remotiores,
1285 1406 1345 1434 alia:
1373 1416 1469 1436 rursus
1495 1410 1676 1445 lurbidiores,
1704 1413 1869 1444 feculentio-

1078 1455 1175 1484 resque
1194 1454 1275 1485 atque
1297 1453 1410 1480 omnino
1433 1454 1599 1490 impuriures
1616 1465 1677 1487 esse
1699 1467 1866 1497 cernuntur;

1077 1501 1116 1521 eae
1131 1502 1228 1530 nempe
1243 1505 1304 1531 qua:
1319 1506 1333 1524 τι
1350 1498 1434 1527 fundo
1450 1501 1560 1536 propius
1576 1503 1686 1533 absunt.

1379 1555 1494 1584 CAPUT
1515 1558 1561 1586 IX.

1111 1607 1179 1635 Eam
1201 1614 1272 1637 terra
1292 1612 1318 1638 in
1339 1620 1392 1646 qua
1412 1618 1451 1640 est
1471 1617 1613 1649 paradisus
1634 1618 1684 1646 hac
1702 1625 1793 1649 nostra
1817 1632 1865 1650 rn-

1074 1655 1220 1682 blimiorem
1238 1664 1306 1684 esse.
1330 1671 1367 1677 ~-
1392 1658 1459 1687 lllttd
1485 1661 1598 1697 insuper
1622 1666 1781 1700 asseritnus,
1803 1676 1862 1697 eam

1074 1706 1174 1729 terram
1192 1704 1217 1730 in
1233 1711 1286 1739 qua
1314 1711 1356 1733 est
1374 1708 1519 1741 paradisus
1536 1709 1658 1738 altiorem
1677 1714 1762 1742 multo
1777 1716 1864 1743 subli-

1073 1747 1244 1783 mioremque
1268 1751 1399 1779 exsistere
1424 1753 1475 1780 hac
1500 1762 1582 1789 quam
1609 1763 1658 1784 nos
1684 1758 1818 1793 colimus;
1837 1760 1863 1788 id

1070 1793 1144 1820 enim
1171 1794 1207 1821 ita
1235 1802 1264 1823 se
1293 1797 1412 1829 habere,
1448 1798 1552 1827 indicio
1579 1806 1644 1828 sunt
1673 1807 1792 1837 quatuor
1819 1805 1863 1833 illa

1071 1838 1184 1872 grandia
1207 1839 1320 1869 ﬂumina
1335 1850 1409 1877 quae,
1433 1849 1504 1878 orta,
1522 1845 1549 1872 in
1565 1847 1686 1881 paradisi
1712 1853 1784 1878 terra
1815 1858 1862 1886 per

1071 1885 1142 1912 hanc
1159 1890 1281 1914 nostram
1297 1889 1332 1916 ab
1348 1889 1392 1917 illa
1408 1890 1544 1919 diversam
1561 1892 1698 1922 feruntur.
1712 1895 1770 1923 Nisi
1788 1885 1862 1926 enim

1072 1930 1117 1958 illa
1143 1935 1215 1959 terra
1239 1933 1320 1961 altior
1339 1940 1468 1968 exstaret.
1489 1938 1546 1966 lieri
1566 1946 1622 1967 non
1648 1947 1751 1975 posset,
1776 1948 1807 1970 ut
1830 1952 1862 1972 ea

1072 1976 1184 2005 ﬂumina
1211 1979 1286 2007 illine
1310 1982 1442 2016 praecipiti
1457 1990 1538 2011 cursu
1560 1986 1611 2013 sub
1635 1994 1710 2015 mare
1733 1997 1862 2024 magnum

1069 2024 1169 2058 delata,
1195 2027 1303 2053 tandem
1322 2035 1369 2062 per
1388 2029 1457 2056 banc
1472 2037 1486 2057 a
1504 2031 1584 2058 nobis
1604 2032 1704 2061 cultam
1722 2036 1860 2070 regionem

1069 2072 1241 2105 erumpentia
1269 2079 1478 2108 spargerentur.
1505 2076 1617 2106 Certum
1639 2079 1722 2115 igitur
1746 2086 1804 2114 est,
1829 2092 1861 2112 ea

1069 2117 1193 2151 ﬂumina,
1210 2120 1274 2154 quia
1291 2127 1305 2147 e
1321 2121 1431 2149 sublimi
1455 2122 1516 2150 loco
1536 2131 1709 2160 promananl,
1726 2127 1785 2163 ipsa
1811 2137 1862 2157 sua

1069 2164 1202 2199 praecipiti
1216 2165 1336 2194 fluxione
1349 2173 1444 2196 coacta
1460 2170 1621 2206 strictaque,
1633 2178 1660 2200 et
1672 2175 1784 2208 proinde
1796 2184 1859 2205 cum

1070 2210 1170 2244 impetu
1188 2212 1278 2239 delata
1303 2214 1354 2240 sub
1379 2219 1476 2242 terram
1494 2221 1521 2251 et
1539 2225 1667 2253 magnum
1691 2228 1766 2249 tnare
1790 2224 1860 2258 rapi,

1031 2256 1054 2284 Ι)
1068 2260 1148 2290 atque
1169 2257 1204 2284 oh
1220 2257 1309 2292 ipsum
1331 2267 1394 2287 eum
1417 2261 1561 2296 impetum,
1576 2271 1631 2298 quo
1652 2273 1716 2294 sunt
1735 2256 1859 2303 delapsa,

1066 2309 1163 2330 rursus
1181 2304 1307 2338 prosilire
1329 2305 1355 2332 in
1379 2306 1431 2334 hac
1448 2313 1541 2336 nostra
1567 2313 1649 2343 terra,
1675 2319 1724 2346 per
1746 2320 1860 2349 eantque

1066 2347 1160 2376 ﬂuere.
1179 2348 1247 2376 Nam
1264 2356 1382 2385 quatuor
1397 2352 1441 2380 illa
1457 2352 1568 2381 iluinina
1587 2355 1718 2391 (Tigrim,
1734 2347 1858 2394 inquam.

1065 2393 1252 2429 Euphratem,
1281 2396 1435 2429 Gihonem,
1462 2403 1490 2426 et
1514 2399 1679 2437 Phisonem)
1705 2404 1757 2430 sub
1773 2393 1859 2433 mare

1065 2439 1141 2473 ferri,
1164 2446 1246 2476 atque
1270 2443 1296 2469 in
1322 2443 1373 2470 hac
1386 2444 1496 2472 demum
1517 2452 1598 2480 quam
1617 2454 1669 2474 nos
1700 2448 1858 2479 habitamus

1064 2489 1136 2513 terra
1165 2487 1293 2521 prodire,
1321 2493 1437 2516 testatur
1462 2490 1545 2518 etiam
1573 2491 1702 2521 dominus
1727 2494 1854 2529 Ephraem

1063 2531 1273 2560 Commentariis
1290 2533 1317 2560 in
1333 2533 1460 2563 Genesim
1471 2545 1479 2570 ;
1492 2541 1519 2564 et
1538 2544 1600 2565 eum
1625 2546 1658 2566 eo
1673 2540 1729 2567 alii.
1743 2539 1854 2570 Clarum

1064 2577 1146 2612 igitur
1157 2586 1190 2605 ex
1206 2579 1249 2607 bis
1264 2584 1316 2612 est,
1329 2588 1391 2608 eam
1408 2586 1507 2610 terram
1522 2583 1549 2610 in
1562 2591 1616 2618 qua
1633 2585 1703 2613 situs
1718 2590 1760 2614 est
1774 2595 1855 2622 pari-

1062 2623 1139 2651 disus
1171 2624 1258 2652 multo
1291 2626 1500 2655 eminentiorem
1525 2629 1769 2667 sublimioremque
1791 2641 1853 2662 esse

1062 2670 1113 2698 bac
1130 2678 1278 2705 quam.nos
1294 2679 1473 2708 occupamus.

1369 2730 1486 2759 CAPUT
1507 2732 1542 2760 X.

1095 2792 1133 2814 de
1149 2794 1227 2822 regno
1243 2787 1340 2815 ccelcstt'
1354 2789 1381 2816 in
1394 2798 1445 2825 quo
1456 2790 1526 2825 jum'
1541 2792 1674 2827 voluptate
1688 2793 1849 2831 afﬁcientur,

1059 2832 1126 2860 sitne
1148 2833 1174 2860 in
1196 2834 1273 2860 terris
1294 2842 1328 2860 an
1349 2842 1429 2870 supra
1454 2836 1558 2864 mlum.
1574 2852 1610 2857 —
1624 2837 1747 2873 Regnum
1767 2847 1850 2874 porro

1059 2879 1170 2910 caeleste
1184 2879 1250 2908 illud
1265 2880 1338 2916 quod
1355 2881 1491 2918 justorum
1507 2883 1612 2913 deliciis
1629 2885 1794 2919 destinatum
1808 2891 1849 2916 eu
