2020 3080
162 141 215 172 495
443 133 459 146 ‘

795 142 910 172 MOSIS
931 144 1005 173 ΒΑΚ
1026 145 1070 174 (ΣΕ
1076 145 1149 174 I’IIA

1737 146 1792 180 495

163 201 341 230 posteaquam
371 196 518 224 revixerint
543 197 681 229 mortales,
707 202 736 224 ut
760 198 796 225 ait
821 198 951 227 Dominus
967 205 988 231 Α
1004 201 1102 233 art-tri,
1124 202 1200 235 juxta
1225 208 1304 228 verax
1330 201 1437 228 Domini
1460 203 1643 237 promissum;
1668 204 1694 230 in
1712 212 1795 239 para-

164 247 266 274 uoster,
286 250 340 268 non
357 250 417 270 esse
438 243 464 270 in
481 243 569 273 terris,
593 243 640 269 sed
656 251 736 278 supra
759 244 859 272 ccelum
884 245 952 281 (hoc

164 293 214 320 cst.
231 296 314 323 supra
333 289 553 324 (irritamentum),
570 289 642 324 quod
659 290 782 324 proxime
798 299 879 326 supra
900 300 951 319 nos

163 339 214 368 cst,
234 335 328 362 multis
351 335 518 370 argumentis
535 337 739 371 comprobatur.
762 336 856 364 Primo
873 338 951 369 enim

163 383 252 416 ipsum
272 382 430 409 vocabulum
449 382 500 408 hoc
515 383 613 417 arguit,
629 390 682 417 quo
697 383 808 410 cmlcste
826 391 950 418 regnum,

164 436 216 455 non
236 431 365 455 terrestre
389 435 403 454 a
428 426 543 455 Domino
569 428 733 462 appellatum
759 434 800 455 est
828 436 835 455 ξ
855 428 953 456 deinde

163 474 233 501 idem
252 473 296 501 ille
321 473 452 500 Dominus
477 474 544 500 dixit
569 482 576 499 :
602 473 675 500 Vada
694 482 791 509 parare
816 475 886 500 vobis
911 474 950 500 lo-

163 528 221 546 rum
243 519 275 547 ¹⁷.
300 519 330 546 Ει
348 529 354 546 :
375 519 423 546 Ubi
446 528 492 555 ego
516 528 586 552 sum,
612 520 664 546 illic
689 525 713 546 et
735 521 855 546 minister
880 528 952 546 meus

161 568 220 593 erit.
243 565 301 592 Jatn
326 573 388 593 vero
409 565 522 592 dubium
553 566 656 592 nullum
673 571 724 599 cst,
748 566 813 600 quin
828 565 953 592 Christus

162 621 223 639 vere
236 612 262 638 in
276 612 377 639 castum
394 612 594 639 conscenderit.
609 612 740 638 Ρι·ωιιιι·ι-;ι
757 612 837 639 dirus
852 611 953 639 Paulus

162 658 255 685 scribit
278 658 305 684 in
332 657 390 685 haec
415 661 495 684 verba
521 667 528 686 :
558 657 607 684 Vos
629 662 718 684 autem
745 658 893 683 accessistis
918 657 952 683 ad

150 709 275 730 ‘montem
291 703 367 736 Sion,
380 708 404 730 et
420 704 454 730 ad
469 704 601 730 civitatem
617 703 664 729 Dei
680 703 741 734 vivi,
756 704 790 729 ad
804 702 951 730 Jerusalem

160 759 219 785 qua:
235 756 273 777 est
292 751 319 777 in
337 751 412 783 caelo,
434 756 457 777 et
479 750 513 776 ad
530 756 611 777 strtus
633 751 780 785 myriodunt
799 750 953 785 angelorum

161 802 239 831 atque
257 797 292 823 ad
312 796 458 823 Ecclesium
474 797 709 832 primogenitortuu
725 797 771 831 qui
784 797 877 831 scripti
891 803 951 824 sunt

162 845 188 871 in
212 844 275 870 coelo
289 844 322 871 ’⁸.
346 843 378 870 Ει
394 844 458 870 alibi
483 852 490 870 :
514 843 620 871 Scimus
644 844 713 870 enim
739 843 807 878 quod
832 844 951 878 quamvis

161 891 255 916 domus
271 890 327 916 Ιιιεε
340 893 432 915 nostra
447 896 505 922 qua:
520 889 547 914 in
564 889 642 915 terris
657 893 708 922 est,
725 895 825 922 corpus
846 895 952 921 nempe,
970 882 992 911 Β

161 935 333 968 dissolvatur,
352 940 516 961 structuram
534 939 621 960 tamen
641 934 784 960 habeamus
802 941 886 968 qutun
901 933 954 959 Deo

162 988 209 1015 est,
227 984 334 1009 domum
348 990 400 1008 non
417 987 595 1008 constructum
617 982 738 1007 manibus
757 982 784 1007 iu
804 981 868 1007 coelo
887 989 954 1007 scut-

161 1030 290 1063 piternam
309 1029 342 1055 ".
369 1028 408 1055 Ad
436 1028 487 1055 hoc
510 1027 629 1055 Joannes
648 1028 809 1059 monachus,
826 1035 954 1054 sermone

163 1075 253 1109 priore
278 1081 359 1109 quem
385 1074 417 1101 de
443 1074 547 1100 nmndo
574 1081 645 1100 noro
671 1074 794 1107 scripsit,
819 1074 860 1101 sic
886 1074 924 1099 ait
945 1081 953 1100 :

162 1119 310 1147 I‘luimrcro
333 1127 446 1154 regnum
473 1119 539 1146 illud
562 1119 672 1146 cmlcste
695 1120 807 1151 Christi,
824 1127 878 1146 non
896 1124 955 1146 erat

161 1166 214 1193 sub
229 1165 412 1195 ﬁrmamento.
430 1165 477 1192 sed
494 1172 576 1199 supra
592 1165 703 1196 coelum,
720 1165 766 1191 ubi
789 1169 953 1198 potestatum

161 1213 271 1241 ordines
287 1213 435 1240 exsistunt.
453 1212 551 1247 Liquet
569 1212 650 1247 igitur
668 1213 778 1240 cmleste
796 1221 909 1247 regnum
926 1213 953 1240 in

161 1266 216 1292 quo
232 1259 305 1285 beati
321 1258 460 1293 voluptate
482 1259 609 1285 fruentur
633 1263 776 1292 postquam
795 1259 954 1292 revixerint,

162 1311 244 1337 supra
259 1304 359 1330 coelum
375 1303 440 1337 (hoc
454 1308 495 1330 est
512 1303 725 1337 ﬁrmamentum)
742 1303 767 1329 id
783 1304 854 1338 quod
870 1311 954 1339 supra

163 1356 213 1376 nos
229 1354 353 1384 apparet,
370 1348 489 1383 positum
506 1356 578 1375 esse.

467 1393 582 1422 CAPUT
605 1394 648 1422 XI.

197 1442 278 1469 Aliud
295 1450 352 1469 esse
369 1450 478 1477 regnum
499 1442 612 1475 cmlesle,
635 1442 710 1468 aliud
733 1443 898 1476 paradisum.
919 1457 953 1462 —

163 1489 210 1516 Est
232 1496 296 1516 vero
321 1489 391 1516 inter
408 1489 518 1517 etuleste
543 1498 657 1524 regnum
674 1495 701 1516 et
719 1490 874 1524 paradisum
894 1496 953 1515 tua-

161 1542 213 1569 gna
240 1535 387 1562 admodum
414 1534 567 1562 differentia
593 1541 675 1570 atque
704 1535 860 1561 diversitas.
887 1534 952 1561 Nam

162 1589 275 1615 regnum
300 1582 411 1608 caeleste
437 1588 519 1615 supra
544 1582 603 1608 tmli
629 1583 830 1608 ﬁrmamentum
855 1585 908 1613 est,
927 1585 954 1608 at

162 1626 305 1661 paradisus
322 1626 374 1653 sub
393 1626 564 1653 ﬁrmamento
588 1627 614 1652 iu
638 1628 717 1653 terris
743 1635 750 1653 :
778 1627 811 1653 ad
830 1627 892 1659 hoc,
911 1634 955 1654 re-

163 1679 246 1705 gnum
277 1671 388 1698 ctelcste
407 1671 529 1704 spiritale
546 1678 604 1705 est;
624 1673 767 1706 paradisus
785 1680 850 1700 vero
879 1677 905 1699 et
920 1672 954 1700 ad

162 1725 264 1752 corpus
278 1721 304 1744 et
320 1720 352 1743 ad
370 1717 494 1750 spiritum
512 1723 628 1751 spectat,
643 1723 672 1745 ιιι
687 1720 812 1752 superitts
828 1727 955 1754 comproa

164 1762 300 1788 havimns.
316 1762 418 1788 Deinde
431 1762 550 1790 C(Blestis
566 1764 641 1798 regni
659 1766 785 1799 voluptas
797 1772 828 1792 ea
841 1770 881 1792 est
893 1773 955 1800 qutc

163 1816 196 1835 ex
215 1807 270 1835 Deo
293 1815 355 1834 cutn
385 1808 471 1835 beatis
487 1809 590 1843 angelis
608 1809 730 1844 capitur;
753 1811 871 1844 paradisi
890 1819 954 1838 vero

164 1854 269 1882 delicia:
280 1862 313 1882 ex
328 1855 474 1882 arboribus
489 1856 604 1883 amantis
619 1861 700 1891 atque
715 1857 953 1889 desiderabilibtts,

164 1908 216 1928 nec
230 1908 282 1928 non
299 1908 331 1927 ex
348 1900 450 1935 ingenti
471 1901 516 1928 illo
531 1900 644 1929 ﬂumine.
663 1902 804 1930 habentur.
823 1902 953 1930 Praeterea

162 1954 277 1982 regnum
293 1947 405 1974 cceleste
426 1955 473 1974 nec
488 1947 579 1974 oculus
595 1948 670 1980 uidit,
689 1957 736 1975 nec
753 1949 827 1975 auris
842 1949 954 1981 nudirit,

162 2000 244 2027 neque
257 1992 284 2018 in
298 2000 343 2019 cor
357 1992 473 2019 hominis
489 1994 617 2027 ascendit,
634 1998 663 2020 ut
678 1994 864 2028 apostolorum
882 1997 955 2028 prin-

161 2046 225 2073 ceps
240 2038 342 2066 Paulus
360 2039 398 2066 ait
411 2038 453 2071 ";
475 2038 523 2066 sed
542 2039 684 2074 paradisus
710 2044 736 2066 et
751 2039 816 2066 Adae
845 2043 873 2066 et
894 2040 956 2067 Eva:

162 2084 251 2112 oculis
268 2089 395 2118 aspectus
417 2089 470 2117 est,
489 2085 658 2120 auribusque
679 2085 801 2116 auditus.
824 2090 852 2112 et
872 2086 956 2113 subiit

162 2130 190 2158 in
208 2130 328 2165 ipsorqu
354 2132 472 2158 animos.
494 2130 608 2165 Insuper
625 2138 688 2158 cttm
713 2131 740 2158 iu
766 2131 834 2167 lege,
853 2135 909 2159 tum
927 2131 954 2159 in

165 2177 313 2212 Evangelia
345 2177 551 2211 distinguuntur
578 2186 586 2203 :
613 2177 640 2205 in
667 2178 726 2213 lege
757 2178 830 2205 enim
859 2178 955 2206 beatus

164 2224 254 2252 Moses
275 2223 302 2251 in
317 2232 349 2251 eo
371 2224 442 2252 libro
456 2232 537 2259 quem
562 2223 690 2254 Geuesim
709 2225 778 2260 (hoc
799 2229 851 2257 est,
867 2225 899 2252 de
913 2233 955 2252 re-

164 2278 224 2296 rum
240 2270 317 2305 ιιι-ιιι)
333 2278 474 2301 vocamus,
487 2271 519 2298 de
534 2271 662 2305 paradiso
680 2271 789 2298 locutus
804 2275 856 2303 est,
878 2279 956 2299 eum-

163 2324 218 2351 que
240 2317 299 2344 suis
322 2316 395 2344 notis
420 2316 581 2351 descripsit;
607 2319 641 2344 de
662 2317 725 2346 celi
752 2321 844 2345 autem
869 2325 954 2352 regno

163 2372 218 2393 non
243 2365 357 2393 verbum
381 2364 493 2399 quidem
524 2364 598 2391 fecit.
623 2364 732 2392 Rursus
756 2364 784 2392 in
807 2363 954 2399 Evangelia

164 2411 297 2438 Dominus
319 2413 424 2443 noster,
440 2410 556 2445 ejusque
578 2410 705 2445 discipuli
727 2415 755 2438 et
769 2409 888 2438 Joannes
904 2409 955 2437 Ba-

162 2458 246 2492 ptista
269 2457 477 2490 conciouantes,
502 2456 639 2484 adhortati
678 2461 741 2484 sunt
766 2457 897 2484 mortales
921 2456 955 2483 ad

160 2506 374 2540 paenitentiam,
407 2505 473 2541 quia
501 2505 530 2532 in
558 2505 711 2540 propinquo
739 2509 811 2532 esset
841 2511 953 2539 regnum

164 2551 274 2579 cudeste
289 2551 329 2585 ¹¹;
355 2551 403 2579 sed
428 2551 586 2587 paradisum
604 2558 664 2579 esse
688 2551 808 2578 vicinum
835 2557 888 2577 non
913 2549 955 2576 di-

164 2603 238 2624 xere.
257 2598 379 2632 Denique
395 2598 447 2626 hoc
462 2605 573 2632 quoque
588 2597 659 2624 inter
676 2596 720 2624 illa
737 2596 886 2624 discrimen
900 2601 952 2628 est,

162 2643 234 2677 quod
250 2647 313 2678 post
329 2644 558 2671 resurrectionem
572 2643 751 2671 conscensuri
768 2643 826 2671 sint
836 2643 903 2678 justi
920 2645 953 2670 ad

163 2688 275 2716 celestc
298 2696 423 2724 regnum,
449 2695 532 2725 atque
556 2689 611 2717 illic
636 2689 662 2717 in
684 2697 791 2718 summa
816 2690 954 2725 voluptate

156 2783 159 2785 _
197 2763 219 2779 ’⁷
232 2761 312 2788 Joan.
330 2769 385 2793 xtv,
398 2762 426 2789 2.

465 2763 488 2778 "
504 2761 588 2790 Ilebr.
605 2770 653 2795 xu,
670 2763 715 2797 22,
729 2763 776 2791 25.

162 2803 243 2827 Iltlt,
262 2796 307 2822 45.

198 2866 236 2898 (2)
254 2864 343 2898 Supra
358 2871 418 2899 cap.
434 2865 449 2892 7
464 2865 515 2894 sub
530 2865 622 2893 tinem.

813 2763 837 2780 ¹’
850 2763 870 2791 II
884 2762 948 2791 Cor.
968 2771 995 2797 v,
1014 2764 1038 2792 I.

1004 246 1094 274 disum
1112 254 1176 274 vero
1192 251 1252 281 post
1270 248 1496 274 resurrectionem
1511 257 1591 276 nemo
1615 249 1793 284 ingredietur,

1004 291 1052 317 sed
1070 299 1216 318 mansurus
1231 297 1273 318 est
1289 292 1333 319 ille
1354 293 1505 320 cultoribus
1523 301 1636 321 vacuus.
1654 294 1794 322 Postremo

1003 337 1111 364 diversa
1138 337 1208 364 inter
1231 345 1261 365 se
1276 346 1336 365 esse
1364 346 1477 373 regnum
1503 339 1566 366 (ξαιιί
1582 346 1608 366 et
1625 339 1793 374 paradismn.

1004 382 1139 408 afﬁrmant
1163 384 1244 410 etiam
1264 383 1401 417 doctores,
1423 386 1494 418 quos
1519 384 1631 412 honoris
1647 391 1730 411 causa
1747 391 1796 411 no-

1005 430 1078 455 tninu
1103 437 1108 455 :
1133 430 1262 457 (totuinns
1285 429 1405 457 Joannes
1431 431 1540 465 quidem
1558 432 1584 458 in
1602 438 1634 458 ea
1660 431 1795 463 oratione,

1004 475 1047 501 cui
1074 476 1169 502 titulus
1193 481 1245 507 est,
1279 475 1334 502 Cur
1362 478 1444 502 arbor
1469 477 1513 503 illa
1539 477 1660 504 scientia
1683 476 1746 503 boni
1769 482 1796 502 et

1005 522 1068 547 ntali
1087 522 1220 555 appellata
1244 522 1296 555 sit;
1316 527 1343 549 et
1365 523 1430 557 quid
1447 523 1498 550 sibi
1521 523 1586 550 velit
1603 522 1668 550 illud
1692 522 1796 549 Curiin

1005 568 1037 593 ad
1065 568 1210 600 latronem,
1237 567 1322 595 Hodie
1347 577 1448 596 mecum
1472 570 1524 596 eris
1547 570 1575 596 in
1610 569 1735 601 paradiso
1752 568 1796 596 "z

1006 612 1124 640 Severus
1150 621 1233 646 vero,
1258 615 1381 642 oratione
1406 615 1440 641 2‘2
1465 615 1636 650 Epithronii,
1662 621 1692 642 ut
1714 622 1796 649 supe-

1005 660 1064 686 rius
1082 660 1120 694 (Ξ)
1140 661 1323 687 ostendimus.

1304 707 1421 735 CAPUT
1441 707 1497 734 XII.

1043 752 1138 779 Utrum
1159 754 1185 779 in
1206 753 1254 779 hac
1272 759 1405 780 terrarum
1425 754 1487 780 orbe
1510 762 1586 789 quem
1608 754 1734 781 mortales
1751 754 1799 780 Im—

1006 799 1091 826 bitant
1105 807 1140 826 an
1153 804 1229 826 extra
1241 808 1300 826 eum
1313 801 1346 826 sit
1361 801 1513 834 paradisus.
1525 814 1559 819 —
1572 799 1797 834 Philosophorum

1006 844 1204 879 profanorum,
1228 845 1283 872 imo
1307 846 1503 872 nonnullorutn
1530 846 1610 873 etiam
1633 846 1800 873 ecclesiasti-

1006 898 1102 917 corum
1140 890 1284 917 doctorum
1314 892 1449 918 sententia
1481 897 1543 923 est,
1577 892 1711 918 elementa
1740 891 1800 926 ipsa

1006 937 1121 964 alterum
1144 937 1170 963 in
1198 937 1284 964 altero
1309 945 1381 968 esse,
1406 943 1486 971 atque
1513 939 1627 965 a'tcrum
1651 938 1684 965 ab
1713 937 1800 964 altero

1006 984 1173 1010 circumdari
1194 991 1200 1009 :
1227 989 1326 1010 terram
1347 984 1420 1010 enim
1447 984 1481 1010 ab
1507 985 1563 1018 ipsa
1590 991 1673 1018 aqua,
1699 991 1798 1018 aquam

1006 1031 1041 1055 ab
1065 1037 1139 1062 aere,
1162 1037 1252 1056 acrctu
1274 1029 1308 1056 ah
1334 1030 1394 1064 igne
1413 1030 1545 1057 contineri
1564 1030 1608 1064 (de,
1629 1038 1681 1064 qtta
1704 1038 1732 1057 rc
1750 1038 1800 1056 nus

1007 1083 1116 1110 quoque
1142 1075 1261 1103 dilucide
1285 1077 1391 1109 egimus
1411 1076 1438 1103 in
1461 1083 1493 1102 eo
1512 1076 1581 1103 libro
1603 1083 1684 1110 quem
1704 1076 1736 1103 de
1751 1083 1800 1102 sex

1005 1121 1102 1149 diebus
1116 1122 1357 1156 conscripsimus),
1371 1126 1398 1149 et
1418 1122 1531 1156 proinde
1549 1122 1708 1149 existimant
1724 1130 1800 1148 mare

1007 1167 1148 1195 Oceanqu
1175 1173 1258 1194 tatam
1281 1168 1384 1194 ambire
1408 1172 1521 1199 terram,
1547 1175 1598 1194 non
1620 1176 1698 1194 secus
1719 1172 1802 1201 atque

1006 1220 1135 1240 coronam
1159 1218 1252 1247 caput,
1278 1218 1324 1239 attt
1347 1213 1487 1247 cingulum
1513 1212 1639 1245 lumbos;
1666 1213 1701 1239 ita
1720 1217 1749 1238 ut
1767 1212 1802 1238 ab

1005 1262 1128 1286 extrema
1144 1258 1243 1286 Oceani
1270 1263 1346 1293 parte
1371 1259 1444 1284 nulla
1464 1265 1578 1292 prorsus
1593 1262 1663 1285 terra
1691 1257 1736 1289 sit,
1753 1259 1799 1284 sed

1006 1311 1053 1330 aer
1068 1304 1093 1330 ei
1111 1311 1166 1330 orae
1189 1311 1220 1330 ex
1246 1303 1320 1330 omni
1346 1303 1456 1338 regione
1480 1302 1676 1330 circumfusus.
1700 1304 1734 1329 At
1753 1303 1801 1328 alii

1006 1349 1168 1384 opinantur,
1187 1348 1313 1384 amplecti
1337 1349 1449 1384 quidem
1475 1356 1549 1376 mare
1567 1348 1705 1376 Oceanum
1728 1349 1802 1376 hunc

1007 1395 1182 1423 habitabilem
1199 1395 1306 1428 orbem,
1323 1401 1444 1430 quatttus
1465 1400 1518 1427 est,
1543 1400 1571 1421 ut
1588 1402 1690 1422 corona
1708 1401 1800 1427 caput,

1005 1442 1045 1468 vel
1063 1449 1131 1468 zona
1156 1449 1257 1476 corpus
1274 1442 1375 1477 cingit;
1398 1446 1425 1469 et
1449 1447 1540 1468 tamen
1560 1441 1630 1468 ultra
1649 1445 1799 1468 extremam

1008 1488 1082 1515 illam
1107 1487 1210 1516 Oceani
1229 1496 1304 1516 oram
1321 1496 1467 1524 superesse
1491 1497 1551 1515 eam
1575 1493 1687 1519 terram,
1704 1488 1730 1514 in
1747 1495 1800 1522 qua

1005 1535 1130 1562 consitus
1149 1534 1200 1562 fuit
1216 1535 1373 1570 paradisus.
1387 1535 1482 1570 Itaque
1498 1540 1593 1570 putant
1605 1535 1631 1561 hi
1643 1534 1799 1569 paradisum

982 1577 987 1584 ’
1006 1587 1083 1608 extra
1109 1582 1181 1608 hunc
1197 1589 1212 1608 a
1231 1582 1392 1608 mortalibus
1417 1581 1620 1615 frequentatum
1642 1581 1736 1608 orbem
1754 1588 1802 1608 ex-

1006 1627 1126 1660 stitisse;
1146 1629 1218 1661 quod
1236 1635 1301 1654 sane
1317 1628 1374 1654 suis
1390 1627 1559 1662 argumentis
1577 1635 1660 1661 posse
1676 1634 1802 1661 compro-

1007 1673 1064 1700 bari
1090 1674 1208 1700 videtur.
1234 1672 1319 1700 Nemo
1343 1674 1416 1701 enim
1445 1681 1564 1707 ttnquam
1592 1673 1749 1708 regulorum
1767 1682 1801 1699 eo

1006 1719 1147 1754 prolectus
1178 1720 1336 1754 paradisum
1359 1721 1503 1754 conspexit
1521 1729 1527 1746 :
1544 1720 1590 1754 qui
1612 1720 1634 1746 si
1653 1721 1723 1746 itttra
1740 1727 1800 1746 eam

1007 1765 1101 1793 tuttndi
1116 1771 1220 1800 partem
1238 1773 1298 1800 quzc
1312 1765 1346 1792 ab
1363 1766 1520 1793 hominibus
1538 1766 1677 1792 habitatur
1697 1766 1801 1800 positus

1007 1816 1089 1843 esset,
1111 1811 1206 1846 procul
1222 1812 1305 1838 dubio
1321 1819 1398 1846 rcges
1421 1812 1466 1846 qui
1497 1812 1522 1838 id
1541 1812 1633 1839 facere
1647 1812 1802 1846 pzttuissmt

1007 1855 1095 1882 visum
1110 1863 1173 1883 eum
1189 1857 1302 1883 insscnl
1316 1865 1323 1882 :
1338 1865 1352 1883 a
1366 1865 1420 1891 qua
1435 1865 1464 1884 re
1481 1863 1572 1884 tamen
1588 1865 1684 1884 omnes
1698 1857 1799 1889 adhue,

1007 1902 1041 1928 ob
1057 1910 1115 1929 eam
1132 1907 1161 1929 ut
1177 1904 1282 1930 videtur
1298 1911 1380 1938 quam
1396 1905 1478 1930 modo
1505 1904 1559 1930 dixi
1577 1911 1700 1935 causamI
1717 1904 1800 1931 absti-

1007 1957 1102 1976 nuere.
1118 1950 1162 1975 Ait
1186 1950 1269 1981 cuitu,
1286 1950 1332 1984 qui
1350 1951 1377 1977 in
1394 1950 1444 1978 hac
1465 1955 1529 1977 sunt
1552 1951 1698 1982 sententia,
1725 1950 1801 1976 aiunt

1007 2002 1083 2022 mare
1096 1995 1161 2022 illud
1173 1996 1245 2030 quod
1261 1996 1331 2022 inter
1346 1996 1415 2022 hanc
1429 2001 1550 2023 nostram
1567 2001 1594 2023 et
1610 1995 1684 2022 illam
1700 2000 1799 2022 terram

1007 2041 1157 2073 interﬂuit,
1192 2041 1374 2076 innavigabilis
1405 2049 1484 2074 esse,
1517 2041 1633 2076 ideoque
1663 2041 1799 2068 neminem

1008 2094 1102 2122 regum
1122 2088 1184 2114 illuc
1204 2089 1356 2121 trajecissc.
1379 2088 1430 2115 Alii
1453 2096 1517 2116 vero
1539 2088 1577 2115 illi
1596 2089 1642 2123 qui
1665 2089 1799 2115 elementa

1007 2134 1106 2161 ambiri
1122 2134 1239 2162 alterum
1256 2135 1291 2162 ab
1309 2135 1406 2167 altero,
1420 2140 1501 2170 atque
1518 2134 1621 2162 Oceani
1637 2142 1723 2169 aquas
1740 2134 1800 2161 uni-

1007 2187 1114 2207 versam
1142 2181 1254 2209 omnino
1285 2182 1457 2208 circumdare
1491 2185 1591 2208 terram
1627 2184 1743 2215 putant,
1769 2184 1800 2207 ut

972 2233 992 2260 ο
1007 2227 1113 2254 nullum
1130 2228 1252 2262 supersit
1264 2228 1353 2255 solum
1370 2229 1440 2255 ultra
1454 2235 1540 2259 mare,
1556 2228 1712 2262 paradisum
1728 2228 1799 2254 intra

1008 2281 1084 2301 mare
1097 2274 1207 2309 quidem
1225 2275 1343 2308 positum
1356 2282 1418 2302 esse
1430 2276 1517 2308 aiunt,
1532 2283 1626 2302 verum
1641 2275 1677 2301 oh
1692 2278 1800 2301 montes

1009 2319 1184 2347 diﬁicillimos
1197 2323 1224 2346 et
1240 2320 1348 2354 penitus
1363 2320 1450 2347 invios
1466 2320 1511 2355 qui
1531 2320 1602 2347 inter
1618 2320 1694 2346 illum
1709 2324 1735 2346 et
1749 2327 1800 2346 nos

1008 2366 1162 2397 exsistunt,
1191 2367 1326 2392 neminem
1353 2366 1508 2393 mortalium
1536 2366 1602 2393 illuc
1636 2366 1796 2393 accessisse.

1007 2412 1159 2440 Conﬁcitur
1184 2412 1276 2447 itaque
1300 2420 1333 2439 ex
1361 2412 1415 2445 his,
1444 2412 1602 2447 paradisum
1630 2418 1706 2440 extra
1734 2419 1797 2439 cum

1008 2463 1087 2486 terra:
1107 2459 1200 2486 orbem
1224 2467 1304 2494 quem
1331 2459 1457 2486 homines
1473 2459 1601 2492 colimus,
1618 2460 1701 2486 situm
1724 2465 1796 2485 esse.

1299 2504 1413 2532 CAPUT
1435 2505 1502 2532 XIII.

1044 2551 1077 2578 In
1094 2560 1146 2586 qua
1170 2552 1261 2578 mundi
1288 2553 1390 2586 regione
1409 2553 1511 2586 positus
1534 2553 1568 2578 sit
1591 2552 1745 2587 paradisus.
1762 2565 1798 2572 -—

1006 2597 1058 2624 Sed
1085 2603 1191 2632 quaerat
1216 2597 1336 2632 aliquis,
1363 2598 1389 2624 in
1416 2605 1536 2632 quanam
1564 2598 1659 2625 mundi
1686 2598 1798 2633 regione

1005 2645 1112 2679 positus
1134 2645 1170 2672 sit
1188 2645 1331 2679 paradisus
1350 2653 1356 2671 :
1375 2652 1469 2671 versus
1486 2644 1637 2676 Orientem,
1659 2651 1693 2671 an
1717 2645 1796 2670 Occi-

1005 2691 1130 2723 dentem,
1157 2691 1189 2717 ad
1216 2690 1370 2722 Mrridiem,
1399 2699 1432 2716 an
1459 2691 1698 2725 Septentrionem?
1728 2690 1795 2717 IIuic

1096 2765 1145 2792 “I
1165 2764 1230 2791 Cor.
1257 2772 1286 2797 tl,
1309 2764 1336 2791 9.
1394 2765 1414 2781 ³¹
1436 2765 1529 2793 Matth.
1555 2774 1596 2799 ιιι,
1623 2767 1650 2794 1.
1689 2767 1710 2782 δ’
1728 2766 1798 2796 Luc.
