2020 3080
237 197 284 225 ω’

799 194 848 222 DE
872 193 1071 223 PrlllADlSO.
1095 206 1126 210 —
1147 194 1246 223 PARS
1266 195 1290 223 l.

1818 197 1850 223 TR

238 251 445 285 rc~p..nden.us,
473 249 599 276 Basilium
634 249 741 282 quidem
768 252 795 275 ct
819 249 877 282 ejus
910 248 1018 274 fratrem
1035 248 1131 276 Adiso
1155 247 1226 274 aliini
1252 252 1322 274 terra
1343 246 1369 274 in
1404 248 1473 274 hanc
1498 252 1616 275 uestram
1653 256 1700 284 per
1723 250 1850 277 vadosum

238 297 396 331 Gregorium
413 295 574 330 Nysseuum,
598 299 678 329 atque
700 299 797 329 pra-ter
819 293 867 321 hos
883 295 1020 320 dominum

241 343 383 373 Severum,
409 341 618 375 compluresque
643 340 710 368 alios
734 339 839 374 opinari
865 339 1020 374 paradisum

239 387 273 413 ad
299 385 463 414 Orictrtalem
492 391 569 413 terra:
599 386 734 419 regionem
760 390 878 412 exstare.
905 385 1021 412 Basilius

240 432 311 458 inim
339 438 465 457 sermone
489 437 570 463 super
594 430 657 456 illud
684 429 758 456 l’auli
780 429 814 460 ",
847 429 879 455 In
901 430 970 456 omni
995 437 1021 456 re

238 478 340 511 gratias
355 478 434 512 agite,
459 477 491 503 ad
514 477 584 503 hunc
602 477 712 503 modum
730 476 822 503 scribit
844 484 851 502 :
877 485 885 500 ‹
902 475 964 502 ldco
988 475 1020 501 ad

239 523 378 550 Orientem
398 523 468 549 versi
492 522 562 549 inter
577 522 708 548 orandum
731 522 866 554 stetimus,
883 526 911 548 ut
927 521 1021 548 oculos

239 572 348 595 nostros
365 567 398 594 ad
422 567 656 601 contemplandum
681 567 839 601 paradisum
865 565 1021 594 assueface-

238 621 339 644 remus.
362 620 448 647 eoque
471 612 560 640 locum
584 617 706 639 nostrum
732 613 877 645 pristinum
900 612 1021 646 require-

238 658 498 692 renrus.Grcgorius
526 665 591 684 vero
613 657 760 692 Nyswnus.
788 665 913 683 sermone,
939 665 1019 690 quem

236 704 264 730 in
289 703 446 731 Orationem
480 703 650 730 Donrinicam
681 703 853 737 composuit.
883 703 922 730 sic.
947 704 985 729 ait
1013 712 1019 728 :

235 750 427 776 Convenimus
453 756 503 775 nos
531 749 565 775 ad
590 749 745 779 Orientem,
775 756 827 775 non
853 749 912 775 ideo
940 749 1020 775 mulo

237 794 309 826 quod
333 794 389 821 illic
411 793 483 820 Deus
507 793 542 820 sit
565 793 748 827 aspectabilis,
772 793 818 827 qui
846 793 945 827 ubiqrrc
968 799 1018 824 est.

237 846 326 873 neque
340 839 394 865 trllo
411 838 569 872 particulari
586 839 645 865 loco
658 839 769 865 omnino
786 839 943 865 cominrtur
957 847 1018 865 eum

238 891 345 910 onmem
367 891 398 910 er
422 891 500 917 atquo
517 887 646 918 occupet.
671 884 717 911 sed
738 883 800 917 quia
828 884 903 911 locus
927 889 1019 911 nosti-r

238 930 370 964 pristinus
393 930 419 956 in
443 929 554 956 Oriente
574 935 614 957 est
634 930 687 956 :de
701 937 732 956 ea
749 931 802 957 vita
820 930 916 964 loquor
938 937 1018 963 quant

239 976 265 1002 in
281 975 408 1010 paradiso
421 974 602 1010 agitabamus,
616 983 649 1002 ex
665 982 719 1009 quo
735 975 833 1002 deinde
847 975 1018 1007 excidimus;

238 1026 379 1050 conservat
393 1022 464 1048 enim
483 1021 551 1048 Dens
563 1021 717 1054 paradisum
729 1021 755 1047 in
766 1022 849 1054 Eden,
860 1021 886 1047 in
898 1020 1017 1047 Oriente.

236 1067 304 1093 Cum
319 1067 401 1101 igitur
414 1067 446 1094 ad
459 1067 595 1094 Orienteur
609 1067 752 1101 dirigiurus
764 1068 904 1094 ocrrlorum
917 1072 1019 1093 nostro-

237 1120 296 1139 rum
314 1112 411 1144 aricm,
427 1117 507 1146 atque
523 1119 615 1138 casum
639 1111 677 1146 (3)
694 1117 817 1139 nostrum
838 1120 892 1146 quo
910 1120 941 1138 ex
958 1113 1019 1139 bra-

235 1160 350 1186 tissirrris
369 1159 421 1186 illis
436 1159 501 1186 locis
517 1159 681 1189 cn‘idimns,
697 1167 856 1186 revocamus
872 1160 897 1186 in
912 1160 1018 1186 animos

237 1208 356 1234 nostros.
376 1205 472 1231 merito
496 1205 566 1231 hanc
589 1211 661 1231 luam
686 1206 868 1239 precationem
891 1206 937 1232 tibi
953 1205 1019 1232 olle-

235 1250 331 1281 rinrus.
346 1256 398 1276 etc.
413 1249 533 1283 Denique
546 1250 673 1277 dominus
687 1251 813 1281 Severus.
828 1251 950 1278 oratione
965 1258 1017 1285 qna

235 1295 345 1322 disserit
358 1302 408 1322 cur
424 1295 493 1321 versi
509 1294 542 1321 ad
556 1295 693 1322 Orientem
711 1295 866 1327 adoremus,
884 1296 940 1322 haec
955 1303 1017 1330 pro-

235 1341 302 1368 didit
319 1349 326 1367 :
341 1341 408 1373 Quia
431 1341 574 1374 paradisus
591 1341 616 1368 in
633 1341 743 1368 Oriente
765 1346 816 1373 est,
838 1346 865 1368 ct
881 1342 954 1368 illine
971 1349 1017 1368 su-

239 1394 300 1413 tnus
320 1387 432 1420 egressi,
457 1390 538 1420 atque
561 1386 593 1412 ad
616 1386 705 1413 locum
729 1391 852 1413 nostrum
875 1387 1017 1420 arrtiqurrm

237 1433 332 1459 reverti
347 1439 501 1466 speramus.
512 1436 566 1460 etc.
580 1432 649 1458 Sunt
660 1432 742 1458 etiam
755 1432 802 1465 qui
819 1432 882 1459 hinc
895 1437 1019 1459 constare

234 1477 402 1508 existiment,
429 1476 585 1511 paradisum
609 1476 637 1502 in
661 1476 771 1503 Oriente
794 1484 864 1504 esse.
887 1477 949 1510 quia
972 1477 1018 1510 qui

236 1523 334 1556 tcrupla
359 1527 406 1550 aut
427 1523 498 1549 aedes
521 1526 683 1548 construere
708 1521 801 1548 volunt
824 1521 858 1548 ad
881 1521 1017 1548 Orientem

235 1568 396 1602 spectantia.
421 1568 456 1594 ita
479 1567 648 1598 describunt,
664 1572 693 1593 ut
717 1567 750 1593 ad
775 1567 859 1593 solem
881 1566 908 1592 in
928 1575 1019 1593 mense

236 1613 318 1641 Nisau
333 1612 470 1640 Orientem
485 1613 600 1639 obversa
621 1612 655 1639 sit
677 1612 792 1642 fabrica,
807 1611 935 1638 nimirum
957 1613 1019 1645 quia

236 1661 281 1687 illo
308 1666 400 1686 mense
423 1658 463 1685 sol
486 1665 568 1692 supra
595 1657 713 1692 paradisi
738 1657 828 1684 locum
847 1657 961 1684 oriatur.
989 1657 1021 1683 Et

237 1705 333 1732 horum
349 1704 394 1731 alii
409 1705 519 1739 quidem
537 1704 607 1730 diem
629 1703 765 1730 decimum
780 1703 904 1737 quintum
920 1703 1021 1730 mensis

236 1751 317 1778 Nisan
346 1751 511 1782 observant,
538 1749 616 1784 quasi
643 1757 676 1776 co
702 1749 767 1776 solis
794 1749 863 1775 radii
890 1752 962 1776 recte
987 1755 1018 1776 ex

234 1797 415 1824 orientalibus
435 1796 563 1823 fenestris
576 1795 733 1830 prosiliant;
747 1795 791 1822 alii
805 1802 869 1822 vero
880 1799 1018 1829 quartum,

235 1852 320 1878 eoque
340 1843 366 1870 id
384 1843 440 1869 tieri
460 1847 565 1876 putant,
583 1841 655 1876 quod
676 1841 716 1868 sol
731 1847 764 1867 eo
786 1841 821 1868 sit
836 1839 880 1867 dio
901 1845 1019 1872 creatus,

234 1893 261 1915 ct
281 1896 389 1916 cursum
413 1895 493 1914 suum
520 1887 666 1920 occeperit.
690 1886 789 1912 Verum
810 1885 933 1920 Ephrtem
956 1885 1020 1912 dicit

235 1934 389 1968 paradisum
405 1934 558 1960 universam
581 1933 685 1959 arr.hire
719 1936 837 1964 terram,
854 1935 936 1966 atque
950 1932 1018 1959 ultra

235 1981 376 2006 Oceanum
401 1979 436 2004 ita
455 1977 572 2011 positum
589 1984 649 2004 esse
667 1981 695 2003 ut
718 1980 803 2002 toturn
828 1979 960 2002 terrarum
974 1982 1020 2001 0r-

235 2026 295 2052 hem
312 2024 346 2051 ab
361 2023 435 2050 omni
454 2021 604 2050 circumdet
624 2022 745 2056 regione,
766 2028 819 2047 non
843 2020 920 2047 aliter
937 2024 1021 2054 atque

236 2071 307 2097 luna
330 2069 405 2096 orbis
431 2069 525 2095 lunam
549 2067 644 2102 cingit.
670 2066 740 2093 Sunt
764 2071 854 2093 autem
882 2066 938 2092 hare
961 2065 1020 2099 ejus

237 2115 293 2142 fere
314 2115 405 2146 verba,
428 2113 526 2148 quibus
542 2113 568 2140 iu
583 2120 614 2140 ea
637 2120 685 2139 sua
706 2112 889 2146 disputatione
913 2112 1018 2138 utitur:

237 2158 305 2191 Quia
329 2157 424 2192 procul
449 2161 524 2183 extra
546 2161 722 2190 conspectum
748 2155 861 2182 dissitas
881 2160 920 2182 est
939 2163 1020 2189 para—

236 2203 324 2235 disus.
340 2210 428 2237 neque
452 2207 505 2229 tam
528 2206 606 2229 acuta
624 2202 693 2228 inest
713 2201 801 2228 oculis
816 2201 916 2227 nostris
937 2202 1018 2233 acies,

1038 915 1057 942 Β

1033 1582 1054 1611 C

1072 301 1146 320 mare
1160 293 1272 328 pedibus
1288 300 1467 325 commeasse,
1480 301 1540 320 cum
1556 299 1647 321 essent
1662 300 1775 322 staturze
1790 303 1853 330 pro-

1072 338 1238 370 cerissimm;
1269 344 1350 372 atque
1386 339 1437 365 hoc
1471 344 1527 365 tum
1556 347 1588 366 ex
1619 340 1766 367 Athanasio
1796 346 1850 367 tnnr

1072 392 1086 411 e
1099 384 1200 418 Cy-illo
1219 384 1397 418 comprobare
1412 385 1547 416 nituntur.
1570 386 1615 420 qui
1632 386 1700 412 inter
1717 386 1766 412 alia
1786 387 1853 412 scri-

1071 430 1153 462 bunt,
1169 430 1362 457 habitationem
1377 430 1490 465 primam
1508 435 1567 465 post
1583 431 1736 464 paradisum
1768 430 1853 458 fuisse

1072 476 1175 503 Adarno
1200 477 1226 503 in
1248 477 1341 504 Iudaea
1368 485 1374 503 :
1400 481 1530 511 praetcrea
1554 476 1654 510 ipsum.
1679 481 1852 511 posteaquam

1072 530 1119 556 per
1135 522 1265 557 plurimas
1281 523 1406 557 regiones
1428 527 1541 556 vagatus
1571 523 1597 548 itr
1616 522 1676 548 aliis
1692 526 1773 556 atque
1793 523 1852 549 aliis

1072 568 1222 595 habitasset
1237 568 1303 595 locis
1314 589 1321 601 ,
1341 569 1449 595 larrdem
1465 569 1516 595 sub
1533 568 1594 594 vine
1608 568 1686 595 ﬁnem
1704 568 1810 595 venisse
1827 568 1853 594 in

1072 618 1190 640 montem
1207 613 1301 643 Jebus,
1321 613 1412 648 ibique
1436 614 1570 648 sepultura
1596 621 1672 646 esse;
1692 619 1796 640 certum
1814 619 1855 640 est

1072 665 1162 685 amem
1179 658 1263 686 Jehrts
1279 666 1341 687 esse
1355 659 1516 686 Jrrusalem.
1534 658 1565 686 Et
1581 667 1644 686 vero
1668 659 1795 686 dorninus
1809 659 1855 686 Ja-

1072 705 1157 732 cobus
1173 704 1319 732 Orrohaira
1338 705 1418 732 tradit
1438 705 1520 731 etiam
1535 704 1620 731 Noanr
1636 704 1690 731 illic
1706 704 1854 737 habitasse,

1071 754 1152 783 atque
1168 750 1194 776 in
1210 751 1318 784 regione
1331 749 1511 777 Sodomorum
1529 749 1666 784 plantasse
1683 749 1742 776 illas
1757 749 1855 776 ccdros

1071 803 1103 821 ex
1128 794 1227 829 quibus
1255 802 1344 822 arcam
1365 795 1517 821 construxit
1542 803 1548 821 :
1574 802 1655 829 quam
1676 802 1767 821 arcam
1792 802 1853 821 cum

1070 846 1142 868 esset
1164 849 1216 867 una
1241 849 1303 867 cum
1330 841 1422 868 liberis
1447 841 1504 868 suis
1527 848 1728 868 conscensurus
1753 840 1855 874 impetr-

1071 886 1152 913 dente
1168 887 1282 917 diluvio,
1299 894 1390 914 secum
1408 887 1434 913 in
1452 894 1512 914 eam
1529 887 1653 914 intulisse
1669 894 1730 914 ossa
1747 887 1853 919 Arlauti,

1074 938 1160 965 eaque
1183 932 1279 958 deinde
1301 936 1360 966 post
1384 932 1514 958 diluvium
1535 939 1596 959 arra
1622 941 1779 967 egressum.
1798 933 1855 959 suis

1074 975 1136 1002 [iliis
1153 975 1334 1006 distribuisse.
1352 982 1429 1010 prout
1448 977 1540 1003 orbenr
1560 981 1692 1004 terrarum
1708 977 1778 1005 inter
1795 978 1854 1005 illos

1074 1019 1248 1047 habitandum
1271 1021 1446 1054 particbatur.
1472 1021 1551 1049 Verbi
1569 1024 1654 1058 gratia
1676 1032 1682 1049 :
1703 1023 1854 1050 Calrariam

1073 1065 1168 1092 Adami
1195 1067 1302 1094 dedisse
1326 1067 1508 1101 prinrogenito
1532 1075 1581 1094 suo
1605 1068 1680 1100 Sem,
1705 1074 1731 1095 et
1757 1075 1854 1095 terram

1073 1111 1226 1144 assignasse
1241 1112 1264 1138 ci
1280 1111 1411 1144 Juda-am,
1428 1117 1509 1147 atque
1523 1113 1559 1140 ita
1575 1115 1756 1147 posteritatem
1773 1115 1834 1141 Seni
1847 1135 1854 1145 .

1073 1163 1134 1183 cum
1158 1157 1182 1184 ei
1200 1156 1318 1184 Judream
1342 1166 1391 1185 ceu
1420 1166 1497 1185 suam
1525 1160 1708 1188 lrzerelitatem
1725 1162 1854 1192 venisset.

1073 1202 1145 1229 illam
1166 1203 1230 1230 Adae
1255 1203 1406 1230 Calvariam
1432 1212 1492 1238 qua‘.
1517 1206 1570 1232 sibi
1597 1207 1669 1233 illius
1693 1208 1801 1234 ossibus
1823 1215 1854 1234 ex

1073 1253 1184 1283 paterna
1202 1249 1394 1276 distributiOnc
1418 1251 1577 1284 ohvenerat,
1596 1253 1622 1279 in
1640 1253 1704 1280 Athe
1729 1255 1855 1289 sepulcro

1072 1294 1142 1328 quod
1167 1294 1268 1329 alioqui
1291 1295 1348 1329 jam
1373 1300 1429 1322 tum
1456 1296 1510 1324 illic
1535 1298 1668 1329 exstabat,
1689 1299 1853 1332 reposuisse.

1073 1339 1124 1366 Sed
1138 1340 1183 1366 alri
1197 1340 1365 1373 existimant,
1378 1341 1439 1368 inde
1450 1349 1482 1369 cx
1495 1350 1549 1375 quo
1562 1343 1712 1377 deliquerat
1723 1344 1854 1375 Adarnus,

1072 1392 1141 1419 eque
1157 1386 1284 1419 paradiso
1307 1385 1395 1413 fuerat
1418 1386 1578 1415 elimirratus
1592 1396 1599 1414 ε
1615 1395 1701 1421 usque
1723 1389 1756 1415 ad
1783 1389 1854 1416 dilu-

1073 1431 1157 1462 vium,
1182 1432 1310 1459 nrottalcs
1334 1440 1430 1459 omnes
1454 1434 1588 1460 mansisse
1606 1434 1632 1460 in
1650 1442 1681 1460 ea
1705 1439 1774 1460 terra
1796 1442 1855 1468 quae

1073 1479 1148 1503 trans
1163 1475 1300 1502 Oceanum
1325 1477 1427 1503 circum
1444 1477 1600 1511 paradisum
1616 1478 1741 1505 exstabat
1763 1488 1769 1505 :
1787 1480 1855 1506 hanc

1073 1527 1137 1547 vero
1152 1528 1233 1555 quam
1252 1528 1301 1547 nos
1321 1521 1378 1555 jatn
1399 1521 1531 1548 habemus
1548 1527 1648 1548 terram
1676 1523 1708 1549 ad
1725 1523 1751 1550 id
1770 1531 1855 1558 usque

1073 1569 1178 1600 tempus
1191 1573 1304 1593 vacuam
1321 1573 1434 1600 prorsus
1450 1566 1591 1593 hominum
1608 1566 1693 1594 fuisse
1707 1569 1855 1596 desertam-

1072 1619 1143 1646 que;
1162 1611 1276 1646 illosque
1299 1619 1396 1638 omnes
1419 1611 1521 1639 dilrtvio
1537 1612 1650 1639 obrutos
1666 1620 1776 1648 propter
1793 1615 1853 1641 vita:

1072 1655 1253 1691 irnpuritaterrr
1266 1657 1389 1691 periisse,
1403 1664 1457 1684 uno
1468 1656 1525 1684 Noa
1537 1658 1595 1684 viro
1603 1658 1679 1693 justo
1690 1667 1752 1686 cum
1766 1659 1853 1687 tribus

1071 1701 1163 1728 liberis
1179 1706 1260 1736 atque
1278 1701 1440 1737 coniugibus
1459 1703 1615 1736 Superstite,
1634 1709 1662 1730 ut
1679 1704 1776 1739 reliqui
1796 1708 1853 1731 turn

1072 1747 1171 1774 fuerint
1187 1747 1237 1775 soli
1255 1752 1316 1775 octo
1330 1749 1468 1776 mortales.
1484 1748 1618 1776 Caeterum
1652 1748 1735 1776 Neam
1759 1751 1854 1777 cedrus

1071 1793 1098 1820 in
1115 1793 1159 1820 illa
1176 1801 1238 1828 quae
1254 1793 1324 1820 ultra
1342 1794 1478 1821 Oceanum
1496 1799 1537 1822 est
1551 1800 1622 1822 terra
1637 1796 1750 1828 sevisse,
1773 1801 1855 1831 atque

1071 1845 1102 1865 ex
1128 1838 1181 1866 illis
1206 1846 1296 1865 arcam
1315 1839 1371 1866 illic
1397 1840 1548 1871 struxisse;
1577 1847 1662 1874 eaque
1681 1845 1770 1868 tectos
1793 1847 1855 1868 octo

1072 1876 1133 1911 illos
1149 1884 1283 1916 homines,
1301 1892 1363 1911 ctttlt
1379 1892 1393 1911 a
1408 1884 1510 1911 diluvio
1527 1886 1627 1912 servati
1643 1891 1744 1917 rssent.
1761 1894 1792 1913 ex
1810 1887 1854 1913 illa

1071 1927 1190 1962 paradisi
1210 1929 1318 1963 regione
1340 1929 1366 1955 in
1383 1928 1452 1956 hanc
1469 1935 1589 1956 nostram
1609 1931 1763 1964 pervenisse
1779 1940 1784 1957 :
1802 1939 1854 1959 non

1071 1978 1162 2000 autent
1188 1973 1300 2008 pedibus
1326 1974 1410 2001 maris
1451 1973 1549 2001 vadum
1579 1975 1773 2003 transmisisse.
1804 1976 1853 2008 Qui

1072 2017 1142 2045 hanc
1165 2019 1326 2046 sententiam
1350 2022 1471 2050 tuentur,
1495 2017 1617 2053 Ephrmm
1637 2025 1774 2047 auctorem
1799 2021 1856 2047 lau-

1071 2064 1157 2094 dant.
1191 2064 1236 2099 qui
1265 2065 1291 2090 in
1322 2064 1379 2092 suis
1408 2064 1618 2092 Commentariis
1652 2066 1692 2092 sic
1723 2066 1853 2101 scriptum

1071 2109 1181 2143 reliquit
1196 2118 1201 2136 :
1221 2118 1230 2134 ι
1246 2110 1277 2135 Et
1291 2109 1371 2144 eiecit
1384 2117 1445 2136 eum
1458 2117 1490 2136 ex
1506 2117 1538 2136 eo
1551 2109 1855 2145 (paradisumintelligo)

1071 2154 1277 2189 assignavitque
1302 2154 1352 2189 ipsi
1378 2162 1432 2181 non
1457 2154 1550 2189 procul
1575 2157 1609 2181 al)
1629 2163 1672 2181 eo.
1698 2154 1854 2190 Benignitas

1072 2204 1153 2234 atque
1169 2200 1254 2234 gratia
1274 2207 1372 2234 scoprrs
1387 2204 1429 2227 est
1445 2205 1592 2234 perpetuus
1611 2199 1683 2232 Deo;
1699 2200 1758 2233 ejus
1772 2201 1852 2227 etiam

236 2255 267 2277 ut
283 2249 358 2277 illum
377 2248 487 2283 assequi
513 2247 666 2282 possimus;
688 2247 710 2273 si
734 2247 766 2273 de
788 2246 847 2280 ipso
867 2246 1016 2280 periculurn
1036 2244 1057 2272 D
1072 2245 1110 2272 rei
1132 2244 1203 2279 aprrd
1231 2244 1332 2272 inferos
1360 2245 1471 2279 vestigia
1505 2250 1622 2272 exstant.
1653 2244 1852 2272 llahitationem

237 2295 326 2322 facere
346 2294 424 2325 velis,
450 2293 529 2320 facile
551 2292 699 2319 contuleris
722 2299 784 2319 cum
807 2292 909 2319 circulo
925 2291 1017 2318 lunam

237 2340 389 2373 anrbierrte,
415 2344 497 2373 atque
524 2339 558 2365 ita
585 2338 721 2365 intellectu
749 2337 1016 2371 comprehenderis:

241 2394 299 2413 nam
325 2386 360 2413 ira
385 2386 430 2412 ille
453 2390 480 2412 et
504 2392 579 2411 mare
595 2389 620 2410 et
637 2389 736 2410 terram
764 2383 833 2410 intra
853 2390 882 2410 se
898 2383 1018 2417 comple-

239 2433 331 2459 critur.

527 2475 639 2504 CAPUT
660 2475 729 2502 XIV.

275 2523 410 2555 Quomodo
431 2523 580 2556 trnjeceriut
605 2521 683 2555 primi
704 2526 824 2555 parentes
844 2528 876 2547 ea:
900 2519 1018 2555 paradisi

240 2574 312 2595 tt'r‘ra
333 2576 360 2593 ιιι
386 2567 450 2593 hanc
473 2571 581 2593 terram.
609 2565 642 2592 Et
667 2565 825 2592 ltabilaritue
853 2564 969 2590 Adamn:
993 2565 1018 2589 ιιι

241 2614 343 2647 regione
359 2612 610 2647 Hierosolymorum,
634 2619 730 2637 annon.
749 2627 781 2631 -—
795 2610 908 2643 Quidam
924 2617 1018 2636 eorum

239 2659 392 2690 doctorum,
417 2658 462 2692 qui
485 2662 595 2685 censent
616 2656 769 2690 paradisum
787 2657 856 2683 ultra
882 2655 1019 2682 Oceanum

239 2711 300 2731 csse
314 2704 444 2738 positum,
459 2702 552 2730 dixere
570 2702 674 2737 primos
691 2701 814 2729 homines
829 2708 860 2729 ex
881 2700 924 2727 illa
943 2708 1021 2735 para-

276 2791 298 2806 "
314 2790 322 2818 Ι
339 2789 435 2818 Thess.
451 2798 475 2823 ν,
495 2790 538 2817 ιη.

276 2881 316 2913 {3)
332 2881 405 2910 Alias
421 2881 530 2908 exitum.

1073 2290 1184 2317 dederat
1207 2290 1257 2324 ipsi
1285 2291 1310 2316 in
1337 2291 1475 2324 paradiso,
1501 2291 1547 2318 sed
1575 2292 1767 2325 praevaricatns
1789 2297 1852 2318 cst;

1073 2344 1169 2363 rursus
1190 2343 1253 2370 ergo
1274 2337 1391 2363 extrusit
1416 2336 1553 2370 paradiso,
1575 2337 1621 2364 sed
1649 2337 1675 2363 in
1704 2338 1854 2372 propinquo

1073 2381 1226 2407 collocavit.
1258 2379 1310 2407 Sed
1326 2385 1352 2407 et
1379 2380 1423 2408 hic
1450 2381 1625 2416 perditissimi
1646 2382 1770 2409 homines
1790 2382 1857 2410 deli-

1073 2429 1202 2459 querunt,
1227 2430 1252 2452 et
1270 2424 1315 2460 qui
1329 2424 1407 2458 juxta
1423 2425 1579 2459 paradisum
1598 2425 1762 2459 habitarent,
1788 2426 1856 2453 indi-

1074 2471 1118 2504 gni
1134 2474 1279 2497 evaserunt
1295 2479 1300 2497 :
1317 2478 1387 2497 arca:
1401 2470 1483 2506 igitur
1498 2470 1648 2505 imperavit,
1669 2479 1699 2497 ea
1718 2471 1744 2497 in
1760 2471 1856 2498 Arme-

1073 2516 1145 2543 niam
1163 2516 1223 2543 illos
1238 2516 1379 2551 portavit.)
1395 2515 1531 2543 Hactenus
1543 2515 1676 2550 Ephreem.
1691 2515 1757 2548 Qum
1779 2515 1800 2542 si
1816 2517 1855 2543 sic

1074 2570 1103 2589 se
1119 2562 1230 2594 lraherrt,
1249 2569 1398 2596 verumque
1410 2566 1462 2593 est,
1479 2561 1544 2588 Adae
1559 2561 1709 2588 Calvariam
1733 2562 1759 2588 in
1773 2560 1854 2588 Jebus

1075 2608 1139 2642 (hoc
1152 2611 1202 2639 est,
1219 2606 1382 2641 Jerusalem)
1410 2606 1554 2641 sepultam,
1581 2612 1606 2633 cl
1624 2605 1725 2634 Christi
1748 2613 1855 2633 erucem

1076 2654 1102 2679 in
1117 2660 1176 2679 eam
1193 2652 1308 2679 deﬁxam
1325 2651 1410 2678 fuisse
1428 2655 1550 2678 :eertum
1569 2658 1676 2686 quoque
1692 2652 1756 2683 erit,
1771 2651 1856 2678 Neam

1077 2702 1234 2732 asportasse
1250 2703 1312 2725 ossa
1330 2696 1428 2725 Adami
1447 2704 1480 2725 ex
1506 2696 1589 2724 altera
1608 2697 1657 2725 illa
1675 2700 1758 2729 terra,
1779 2703 1855 2724 cum-
