2020 3080
164 227 218 259 M19

166 293 232 318 que,
264 282 310 310 ubi

167 329 351 366 primogenita
377 327 440 355 Sem
466 330 548 360 caput
561 324 670 352 dedisse
687 332 694 350 :
710 322 845 357 lmjusquc
863 323 954 354 poste-

167 378 276 404 ritatem
301 374 367 402 illud
393 373 420 401 in
439 372 523 401 Jebus
537 371 643 406 (utpote
675 377 725 398 sua
753 370 875 402 ipsorum
894 373 956 400 pos,

168 421 304 456 sessione)
327 419 496 455 sepelivisse.
519 417 581 444 llrec
597 417 678 452 igitur
700 415 734 442 ab
760 414 813 441 illis
829 412 956 440 dicuntur

169 469 216 503 qui
246 468 392 503 opinantur
419 464 578 500 paradisum
616 463 686 490 ultra
719 467 793 488 mare
818 459 955 486 Oceanum

169 515 324 546 exsistere;
340 516 368 539 at
392 511 500 538 illorum
520 510 566 544 qui
593 511 689 544 putant
705 505 860 541 paradisum
887 503 957 529 intra

170 559 308 587 Oceanum
327 565 387 585 esse
404 556 536 592 positum.
554 562 642 589 neque
656 561 705 580 nos
724 552 793 579 mari
812 550 858 577 sed
878 548 958 575 inviis

171 610 197 633 et
212 605 282 632 haud
301 602 517 640 penetrabilibus
533 601 671 627 montibus
691 598 724 625 ab
748 597 794 624 illo
810 593 956 630 prohiberi,

173 650 271 686 partim
285 650 380 677 dicunt
394 648 457 675 Adae
477 651 589 681 nepotes
605 645 720 680 pedibus
737 651 768 670 ex
790 642 834 668 illa
849 640 959 673 regione

171 698 199 723 in
225 697 295 723 hanc
320 701 440 722 nostram
469 699 651 723 commeasse,
667 689 766 725 partim
791 694 855 714 vero
879 685 959 712 ober-

172 746 249 770 rante
265 748 328 768 arca
342 741 418 768 illinc
434 747 495 767 csse
510 739 563 765 huc
579 737 695 765 delum".

468 783 582 812 CAPUT
602 782 662 810 XV.

208 833 296 866 Quam
326 833 361 860 sit
396 831 515 866 arripiam
543 830 665 864 paradisi
694 829 819 863 spatium.
842 841 875 846 ——
899 824 961 850 Sive

173 884 264 907 autem
280 877 425 913 paradisus
443 877 469 904 in
487 875 598 910 regione
613 875 695 902 modo
713 872 843 900 Orientali
860 871 962 906 positus

174 930 228 958 est,
261 929 290 952 ut
320 925 414 952 dixere
444 923 572 955 Basilius,
602 921 761 956 Gregorius,
795 919 911 946 Severus
937 921 962 944 et

175 971 329 1005 complures
345 969 402 1002 alii,
419 975 560 996 necessum
589 971 632 994 est
651 966 800 1001 spatiosum
813 963 959 991 admodum

175 1022 260 1052 atque
291 1016 412 1051 amplum
448 1014 553 1046 fuisse;
585 1013 609 1040 ei
634 1013 706 1040 enirn
729 1011 766 1038 rei
793 1010 872 1037 fidem
898 1008 963 1036 facit

176 1064 272 1099 ingens
296 1062 360 1089 illud
380 1062 479 1089 ﬂumen
500 1067 556 1095 quo
583 1059 733 1094 rigabatur.
761 1056 829 1083 Nam
856 1056 878 1083 si
899 1055 962 1086 hoc,

176 1106 222 1134 tibi
245 1106 403 1141 paradisum
432 1105 499 1132 satis
525 1103 624 1133 abluit.
656 1104 680 1129 in
703 1106 820 1136 quatuor
848 1099 964 1133 grandes

175 1153 274 1181 ﬂuvios
289 1152 453 1182 dissecatur,
470 1151 517 1186 qui
536 1157 662 1183 magnam
687 1149 762 1175 orbis
788 1148 867 1179 hujus
883 1153 964 1179 quem

176 1206 228 1226 nos
251 1198 366 1225 colimus
380 1201 484 1232 partem
502 1204 552 1223 suo
571 1203 653 1222 cursu
669 1194 785 1223 alluunt.
814 1192 964 1219 maximum

177 1244 309 1279 profecto,
333 1243 532 1278 amplissimum
559 1246 640 1276 atque
664 1237 967 1275 profundissimum,ut

178 1291 215 1318 sit
236 1295 453 1318 consentaneum
479 1293 530 1320 est,
550 1293 695 1321 antequam
718 1286 744 1312 in
769 1287 887 1319 quatuor
905 1283 967 1310 illos

174 1337 316 1364 diductum
333 1340 413 1370 atque
424 1335 595 1369 dispertitum
614 1332 647 1359 sit
659 1333 773 1367 grandes
790 1331 895 1358 ﬂuvios.
907 1328 966 1356 Jam

177 1390 242 1410 vero
258 1390 290 1409 ex
304 1381 426 1408 ﬂuminis
441 1378 626 1415 magnitudine
640 1377 795 1408 coniicitur,
810 1374 966 1410 paradisum

175 1428 224 1463 qui
251 1428 297 1454 illo
325 1427 430 1461 rigatur
468 1424 667 1460 amplissimum
693 1429 801 1456 quoque
821 1428 891 1447 esse.
919 1419 967 1446 Sin

177 1481 245 1501 vero
261 1473 332 1508 (qum
349 1471 484 1506 Ephrrcmi
501 1469 635 1497 sententia
655 1472 708 1502 est)
721 1474 828 1493 onmem
848 1466 969 1499 undique

178 1525 281 1547 terram
311 1523 433 1546 nostram
466 1525 529 1544 cum
559 1516 669 1543 Oceano
697 1514 782 1541 ambit
815 1512 968 1546 paradisus.

178 1566 300 1602 profecto
323 1565 390 1592 nihil
416 1571 528 1600 prorsus
551 1560 731 1588 dubitationis
757 1558 891 1593 rcliluuzn
916 1561 968 1588 est,

177 1614 245 1651 quin
262 1613 298 1641 sit
314 1611 503 1647 amplissimus
520 1607 790 1644 patentis-simusque.

473 1664 585 1692 CAPUT
607 1663 674 1691 XVI.

217 1726 287 1759 Quid
307 1725 342 1752 sit
369 1723 495 1754 Edeu,et
514 1729 560 1746 cur
580 1719 719 1753 paradisus
741 1722 844 1745 vocetur
862 1715 971 1751 paradi-

183 1781 240 1800 sus.
261 1786 297 1792 -—
318 1770 392 1796 Eden
421 1768 541 1795 Hebraeis
569 1766 713 1800 voluptatis
751 1764 971 1799 signiﬁcationem

181 1818 271 1850 habet,
299 1821 324 1844 et
348 1815 471 1842 credibile
498 1818 534 1840 est
561 1812 666 1840 Graecos
695 1819 772 1838 suum
798 1809 882 1845 ἡδονὴ
912 1808 972 1835 inde

185 1866 324 1900 formasse.
340 1861 522 1890 ——C:cterunt
550 1859 624 1886 Edcn
649 1858 726 1885 locus
755 1861 795 1884 est
812 1855 919 1890 amplus
941 1861 973 1881 ac

181 1910 334 1946 spatiosus.
361 1908 400 1935 sic
423 1906 524 1937 dictus,
552 1903 626 1940 quod
647 1903 791 1934 delicatus,
818 1909 849 1928 ac
879 1899 973 1926 nmltis

184 1956 322 1990 variisque
338 1953 486 1981 arboribus
501 1955 650 1979 exornatus
664 1949 709 1977 sit.
731 1947 878 1975 Paradisus
908 1952 974 1972 vero

184 2001 339 2038 appellatur
365 1998 512 2034 paradisus
537 1997 609 2033 quod
630 1996 705 2024 locus
731 1995 766 2022 sit
782 1993 872 2020 cultus
891 1990 975 2026 pluri.

184 2048 238 2075 mis
262 2044 507 2079 pulcherrimisqne
538 2042 660 2078 plantis,
677 2048 739 2068 eum
768 2039 882 2066 odoratu
917 2041 974 2063 tum

183 2099 294 2130 gustatu
318 2091 461 2128 jucundis,
487 2089 621 2125 planeque
643 2092 794 2120 congruus,
822 2081 974 2117 appositus.

183 2139 431 2170 accommodatus,
462 2141 492 2163 ut
520 2134 555 2162 sit
588 2132 756 2161 domicilium
786 2128 921 2162 sedesque
949 2130 977 2153 et

185 2187 334 2214 amoenitas
373 2182 538 2214 hominum;
574 2186 637 2206 nam
670 2174 858 2211 hujuscemodi
886 2174 976 2200 locum

186 2233 391 2261 consueverunt
405 2227 536 2256 mortales
549 2225 685 2261 appellare
700 2221 870 2258 paradisum.
886 2219 978 2251 Quare

187 2281 284 2307 beatus
304 2277 410 2311 Moyses
429 2280 539 2309 quoque
572 2269 700 2298 Jordanis
724 2268 804 2295 etiam
827 2266 976 2300 regionem,

186 2325 252 2361 quia
278 2329 387 2351 amoma
410 2326 492 2355 atque
515 2317 672 2353 spectabilis
695 2319 769 2342 esset
787 2313 811 2340 id
835 2311 977 2346 temporis,

187 2370 347 2406 paradisum
366 2366 530 2395 nominavit.
554 2363 640 2390 Porro
659 2365 689 2388 ut
715 2359 790 2394 regio
815 2357 889 2384 Edcn
911 2363 980 2382 cun-

186 2423 247 2445 ctas
265 2416 386 2450 reliquas
402 2411 533 2448 prmccllit
550 2414 653 2440 terras;
677 2407 714 2433 ita
727 2409 753 2432 et
767 2412 798 2432 ea
826 2403 886 2438 ejus
903 2408 977 2436 pars,

187 2463 215 2490 in
242 2469 296 2497 qua
327 2448 399 2486 situs
425 2461 468 2485 est
493 2454 656 2491 paradisus,
683 2455 780 2479 czetera
807 2448 897 2476 omnia
925 2453 985 2481 quae

189 2491 264 2534 Eden
287 2503 477 2539 complectitur
500 2500 560 2527 loca
588 2502 700 2533 superat
722 2504 729 2522 :
756 2501 845 2529 neque
859 2493 931 2520 enim
957 2491 984 2517 in

189 2552 265 2579 Eden
296 2550 380 2577 ullum
408 2552 447 2575 est
482 2546 571 2573 soluto
597 2541 773 2579 prmstantius
803 2547 836 2567 eo
869 2539 896 2565 in
928 2544 984 2572 quo

194 2595 337 2631 paradisus
353 2598 394 2622 est
410 2592 544 2620 consitus.

479 2645 594 2675 CAPUT
618 2644 701 2672 XVII.

231 2700 273 2725 Αη
299 2697 402 2731 lucrinl
426 2695 535 2722 arbores
565 2693 722 2727 [ructusque
750 2687 871 2724 paradisi
895 2685 985 2721 quales

198 2746 253 2772 ha‘c
281 2747 374 2770 nostra
398 2745 469 2767 terra
485 2740 546 2774 fert,
573 2745 607 2764 an
635 2737 675 2764 his
699 2733 852 2762 dissimiles.
869 2731 985 2758 —lllud

199 2795 283 2824 porro
304 2786 473 2814 alﬁrmamus
495 2790 616 2819 qquue,
645 2787 732 2815 neque
746 2779 871 2811 arbores,
897 2776 986 2810 neque

237 2877 277 2913 (Δ)
296 2876 369 2913 Cave
388 2878 528 2913 auctorem
541 2871 622 2899 istum
637 2876 729 2897 errore
745 2867 900 2913 Graecorum
914 2871 985 2906 quo-

201 2900 333 2943 rumdam
344 2900 527 2945 implicitum,
554 2911 721 2945 sanctorum.
733 2903 839 2945 animas
851 2904 921 2945 Iante
941 2900 986 2934 ju-

201 2933 659 2978 dicii‘dile'in'iii’terrestri'paradiso
670 2938 794 2966 detineri.
810 2934 875 2965 Vide
887 2933 984 2962 librum

798 217 914 248 MOSIS
935 215 1011 246 Bm
1031 193 1154 244 carni

341 281 367 309 ln
387 281 457 309 hanc
481 283 603 307 nostram
635 275 799 312 trajecissct,
825 274 880 301 tilio
906 279 956 300 suo
970 273 993 302 Α
1010 271 1114 298 fructus
1132 266 1249 303 paradisi
1268 263 1330 300 (etsi
1347 263 1459 290 arbores
1477 260 1635 293 fructusque
1651 257 1790 291 appellen-

1738 190 1789 231 soi

1008 317 1061 349 tur)
1091 315 1158 342 tales
1185 313 1298 341 omnino
1322 310 1424 340 Missis,
1453 306 1547 342 quales
1570 305 1615 332 hic
1641 303 1711 338 apttd
1742 310 1792 330 nos

1007 363 1226 397 progignuntur;
1249 357 1295 385 sed
1319 357 1398 390 longe
1416 354 1459 381 his
1475 350 1716 387 prmeellentiores,
1737 348 1793 375 ele-

1008 408 1155 443 gantiores,
1182 405 1311 439 majores.
1327 401 1395 428 Nam
1421 404 1451 426 ut
1477 399 1513 425 ita
1529 401 1696 426 statuamus,
1718 394 1794 421 hisce

1008 453 1164 481 inducimur
1188 449 1352 478 rationibus.
1380 446 1502 472 Primum
1531 443 1568 469 illi
1604 441 1712 468 fructus
1739 447 1793 467 non

1010 500 1085 527 fuere
1105 495 1290 525 exsecrationi
1305 494 1404 520 divina:
1421 489 1534 517 obnoxii
1561 494 1649 522 neque
1662 485 1794 516 damnati,

1011 552 1040 574 ut
1064 546 1090 572 hi
1117 543 1227 574 nostri;
1250 540 1347 569 deinde
1372 539 1393 566 si
1418 538 1444 565 in
1466 537 1517 564 hac
1534 539 1626 562 nostra
1643 531 1795 559 detestabili

1010 596 1080 618 terra
1099 594 1179 622 atque
1200 586 1316 619 infelice,
1337 584 1388 611 alia
1406 584 1474 613 loca,
1501 581 1573 610 aliis.
1594 577 1796 614 prmstantiorcs

1011 636 1121 678 arbores
1137 639 1163 661 et
1177 633 1278 660 fructus
1298 629 1425 657 meliores
1441 626 1567 656 fuerunt;
1585 628 1688 658 quanto
1712 620 1797 654 magis

1303 677 1306 678 ν
1390 675 1395 678 ,
1493 671 1503 678 ,
1555 675 1560 678 ,
1645 677 1650 678 γ
1678 675 1740 678 μη
1754 666 1796 678 ηδτ

1011 667 1222 709 existimandum
1241 677 1332 710 fuerit,
1358 675 1471 702 arbores
1492 671 1654 704 fructusque
1678 666 1796 702 paradisi

1013 728 1055 754 his
1092 725 1193 752 nostris
1229 723 1315 750 multo
1351 718 1578 756 prmcellcnliores
1618 713 1798 746 melioresque

1013 772 1097 799 luisse
1111 771 1117 797 l
1136 769 1167 796 Et
1181 775 1245 795 vero
1261 767 1331 793 hanc
1346 755 1469 792 nostram
1486 759 1649 788 sententiam
1668 755 1800 792 approbat

1013 818 1094 845 etiam
1126 816 1303 844 Pliiloxeutts,
1333 819 1364 838 ea
1390 809 1514 837 oratione
1531 813 1611 841 quam
1640 804 1673 831 de
1702 803 1801 830 arbore

1012 864 1075 891 vita!
1092 862 1221 896 scriptam
1239 858 1367 892 reliquit;
1395 863 1457 883 nam
1476 855 1509 880 de
1523 851 1662 888 paradiso,
1686 849 1802 883 ejusque

1013 908 1114 943 planlis
1145 893 1227 933 verba
1258 904 1361 930 faciens
1394 899 1648 932 ait:l\'equaquam
1674 893 1802 927 subjecta

979 946 1000 974 Β
1016 958 1081 981 sunt
1103 949 1286 979 ersecrationi
1313 952 1394 982 atque
1409 943 1597 975 damnationi;
1616 942 1658 968 ha:
1678 940 1751 967 enim
1775 938 1802 964 in

1013 1007 1073 1027 cam
1103 999 1185 1025 liiOtiO
1213 1002 1314 1023 terram
1341 991 1524 1027 pronuntiata:
1549 992 1624 1020 sunt,
1646 994 1706 1021 quzc
1726 988 1803 1012 extra

1015 1045 1170 1081 paradisum
1191 1047 1242 1073 est,
1261 1046 1321 1076 post
1336 1039 1465 1066 violatam
1483 1037 1517 1063 ab
1529 1035 1634 1062 Adamo
1652 1033 1750 1066 legem.
1766 1030 1802 1057 ita

1015 1097 1044 1118 ut
1071 1090 1105 1117 ab
1125 1089 1193 1124 ipsis
1209 1086 1353 1123 paradisus
1377 1086 1500 1110 maneret
1521 1079 1663 1111 immunis,
1680 1077 1752 1104 sicut
1776 1075 1803 1102 in

1015 1137 1086 1164 hanc
1110 1142 1198 1169 usque
1223 1133 1294 1160 diem
1315 1137 1425 1166 quoque
1447 1126 1579 1154 imtnunis
1605 1125 1727 1157 liberque
1750 1124 1804 1152 est,

1016 1189 1104 1216 eoque
1119 1184 1146 1208 et
1164 1177 1366 1206 delicatissimas
1379 1178 1405 1201 et
1420 1171 1629 1208 speciosissima:
1646 1168 1759 1196 arbores
1777 1165 1806 1192 in

1018 1228 1076 1263 ipso
1090 1227 1171 1254 etiam
1187 1227 1307 1252 exstant.

1299 1277 1411 1306 CAPUT
1433 1275 1525 1303 XVIII.

1054 1350 1103 1377 Cui
1116 1349 1154 1376 vel
1169 1356 1248 1379 nunc,
1269 1346 1307 1374 vel
1319 1350 1377 1380 post
1401 1342 1619 1371 resurrectionem
1637 1339 1698 1366 usui
1711 1337 1808 1366 seruiat

1019 1395 1173 1431 paradisus.
1187 1409 1221 1414 ——
1237 1393 1289 1420 Sed
1303 1392 1393 1418 solent
1406 1390 1516 1424 quidam
1530 1386 1736 1421 disciplinarum
1753 1389 1808 1411 stu-

1020 1443 1088 1470 diosi
1107 1448 1241 1476 quaerere,
1259 1439 1321 1474 quis
1334 1438 1369 1465 sit
1384 1437 1422 1464 vel
1437 1436 1493 1470 jam
1510 1441 1582 1460 nunc
1599 1431 1716 1468 paradisi
1732 1437 1808 1459 usus.

1020 1489 1061 1515 vel
1090 1488 1153 1522 quis
1174 1487 1239 1514 olim
1260 1486 1369 1512 futurus
1385 1504 1392 1515 ,
1419 1486 1562 1516 postquam
1593 1478 1722 1505 mortales
1747 1482 1809 1502 cum
1826 1480 1835 1488 '

1021 1534 1184 1568 corporibus
1211 1528 1426 1563 revixerint(«i).
1459 1527 1506 1553 llis
1527 1533 1576 1552 nos
1603 1523 1809 1558 respondemus.

1021 1589 1054 1608 eo
1070 1580 1155 1607 fuisse
1173 1582 1295 1606 creatum
1321 1576 1412 1610 primo
1438 1572 1631 1605 consitumque
1656 1570 1691 1596 ab
1714 1567 1812 1602 opiﬁcc

981 1621 1004 1651 (ἶ
1023 1627 1078 1653 Deo
1093 1625 1261 1660 paradisum,
1275 1627 1306 1649 ut
1323 1621 1407 1648 Adam
1424 1627 1485 1647 cum
1504 1618 1561 1645 suis
1583 1617 1609 1642 in
1629 1616 1687 1650 ipso
1704 1613 1813 1640 habita—

1023 1676 1075 1700 ret.
1107 1671 1159 1704 Qui
1197 1669 1245 1697 ubi
1274 1672 1370 1695 contra
1400 1661 1560 1692 Conditoris
1589 1661 1631 1689 sui
1668 1659 1812 1694 imperium

1023 1720 1193 1754 peccassent,
1218 1712 1349 1741 eliminati
1370 1711 1433 1737 inde
1452 1709 1576 1744 pulsique
1601 1710 1675 1733 sunt.
1705 1705 1742 1731 lix
1767 1703 1813 1730 illo

1025 1748 1107 1799 porro
1125 1767 1246 1794 tempore
1271 1765 1357 1792 usque
1372 1756 1404 1783 ad
1421 1754 1521 1782 Christi
1548 1752 1695 1779 adventum
1711 1748 1810 1776 versati

1024 1798 1130 1837 suntin
1147 1806 1274 1842 paradiso
1291 1803 1384 1830 Enoch
1403 1806 1484 1835 atque
1509 1799 1603 1829 Elius;
1627 1801 1653 1823 at
1669 1803 1733 1823 vero
1752 1798 1815 1827 post

1024 1854 1126 1890 Christi
1141 1853 1211 1887 regis
1230 1851 1390 1879 adventum,
1402 1847 1467 1874 huic
1485 1851 1614 1880 prteterca
1631 1843 1668 1870 rei
1683 1842 1768 1869 servit
1783 1844 1814 1867 ut

1026 1886 1136 1935 in'ipso
1164 1886 1289 1924 habitent
1313 1894 1411 1921 animae
1432 1892 1574 1919 hominum
1596 1889 1731 1924 justorum
1759 1886 1818 1920 pio-

1027 1953 1156 1981 rumque,
1174 1948 1256 1978 atque
1272 1947 1366 1968 eorum
1383 1939 1428 1973 qui
1450 1945 1497 1972 per
1516 1935 1638 1970 corporis
1650 1934 1692 1961 sni
1711 1933 1818 1960 crucia-

1027 1999 1071 2021 tus
1101 1979 1210 2019 Christi
1243 1988 1322 2016 iidem
1354 1984 1565 2019 comprobarunt
1596 1982 1696 2015 quique
1726 1979 1819 2006 fideles

1029 2039 1112 2066 Deum
1129 2039 1268 2067 amarunt,
1285 2039 1372 2061 exuta:
1386 2030 1547 2066 corporibus
1569 2034 1656 2062 usque
1673 2026 1706 2053 ad
1725 2032 1818 2052 resur-

1028 2083 1157 2111 rectionis
1177 2082 1267 2109 diem:
1288 2079 1360 2114 quod
1383 2079 1409 2105 in
1428 2084 1460 2104 eo
1486 2081 1613 2103 sermone
1636 2072 1818 2103 ostendimus,

1028 2137 1108 2165 quem
1123 2129 1157 2157 de
1173 2128 1263 2155 anima
1279 2126 1405 2153 fecimus.
1429 2122 1496 2150 Nam
1511 2120 1627 2148 latronis
1645 2118 1764 2147 animam
1786 2123 1820 2143 eo

1029 2175 1153 2204 subvexit
1169 2174 1312 2204 Dominus,
1329 2172 1436 2199 dicebat
1452 2170 1524 2196 enim
1538 2168 1569 2195 ad
1589 2167 1678 2202 ipsum
1698 2173 1704 2191 :
1725 2163 1819 2197 Profe-

1030 2229 1071 2251 cto
1087 2224 1146 2250 dico
1161 2222 1208 2249 tibi
1222 2241 1229 2254 ,
1245 2220 1321 2247 ltodie
1345 2225 1444 2245 mecum
1467 2217 1519 2242 eris
1536 2215 1560 2241 in
1577 2212 1715 2248 paradiso.
1737 2209 1822 2236 Porro

995 2288 1018 2317 ι)
1032 2273 1092 2304 post
1105 2269 1177 2295 diem
1195 2265 1420 2295 resurrectionis,
1435 2262 1526 2289 nullus
1539 2266 1652 2296 prorsus
1673 2258 1732 2291 ejus
1748 2255 1822 2282 futu-

1286 2313 1292 2317 -
1516 2315 1523 2317 μ
1538 2315 1544 2317 .
1556 2305 1653 2317 Ληλμιλ.
1671 2309 1693 2317 ..ι
1707 2308 1809 2317 Ivnnllnc

1034 2323 1081 2343 rus
1098 2320 1139 2342 est
1154 2322 1230 2346 usus,
1247 2313 1292 2340 sed
1307 2315 1526 2346 supervacaneus
1538 2305 1657 2333 manebit
1671 2309 1696 2330 et
1707 2308 1821 2328 vacuus.

1032 2362 1092 2390 iam
1109 2369 1174 2389 vero
1200 2367 1234 2386 ne
1257 2359 1319 2393 quis
1338 2365 1386 2392 per
1410 2356 1596 2389 conjecturam
1622 2351 1680 2378 haec
1704 2357 1718 2375 a
1744 2347 1823 2374 nobis

1035 2408 1108 2435 dit-ta
1126 2411 1214 2442 putet,
1231 2405 1294 2432 libet
1314 2402 1451 2430 nonnullis
1467 2401 1492 2428 id
1510 2399 1643 2426 aiiirmare
1658 2394 1821 2423 rationibus.

1036 2453 1130 2480 Primo
1158 2455 1267 2479 constat
1290 2449 1342 2476 alia
1373 2448 1455 2475 etiam
1487 2445 1601 2480 spiritus
1635 2442 1725 2469 dicata
1753 2439 1823 2468 loca.

1037 2497 1193 2533 cujusmodi
1220 2501 1284 2524 sunt
1304 2503 1335 2522 ea
1358 2502 1390 2521 ex
1408 2493 1509 2527 quibus
1525 2489 1649 2516 diabolus
1676 2493 1738 2514 cum
1765 2483 1824 2511 suis

1038 2545 1126 2580 copiis
1139 2543 1251 2573 excidit,
1267 2548 1352 2568 vacua
1373 2540 1462 2566 adhuc
1491 2543 1602 2563 manere
1625 2539 1706 2568 atque
1726 2537 1823 2564 super-

1039 2598 1158 2619 vacanea
1175 2599 1181 2616 :
1199 2589 1231 2616 ad
1247 2589 1298 2615 hoc
1313 2594 1378 2622 pars
1403 2583 1464 2612 mali
1480 2582 1591 2609 dimidia
1614 2588 1645 2607 ea
1659 2586 1739 2614 quam
1756 2575 1824 2612 justi

1039 2642 1101 2672 post
1129 2635 1358 2664 resurrectionem
1383 2629 1514 2661 iueolent,
1539 2628 1628 2654 adhuc
1654 2632 1738 2652 vacua
1764 2627 1825 2654 est;

1038 2687 1170 2718 praeterea
1194 2681 1251 2716 ipse
1268 2684 1401 2706 terrarum
1426 2675 1500 2702 crbis
1518 2674 1675 2700 universum
1693 2670 1826 2703 tantispt'r

1040 2714 1104 2756 dum
1121 2714 1218 2762 linguae
1233 2724 1433 2754 dividerentur,
1457 2719 1597 2747 desolatus
1621 2723 1669 2752 per
1684 2714 1827 2741 hominum

1041 2757 1255 2807 infrequentiam
1281 2769 1422 2798 manebat,
1445 2769 1542 2800 pra'lcr
1567 2769 1649 2789 unam
1672 2757 1828 2794 Babyloniae

1040 2863 1133 2891 fratris
1147 2861 1259 2889 Thomze
1277 2857 1435 2889 Mabiendae,
1453 2853 1581 2890 theologi,
1604 2851 1709 2881 ordinis
1725 2846 1827 2878 Pricdi-

1042 2903 1175 2930 calorum,
1193 2897 1226 2924 de
1240 2894 1379 2931 paradiso,
1397 2900 1421 2919 e.
1438 2892 1478 2919 9.-
