2020 3080
161 189 210 224 δθι

734 195 782 225 DE
802 195 1002 226 PARADISO.
1022 208 1055 215 -—
1075 195 1171 226 PARS
1193 196 1217 226 I.

1738 198 1790 229 bl}?!

163 247 303 283 regionem
330 249 356 276 in
377 257 460 284 quam
486 249 563 276 tnttlti
590 255 776 278 convenerant
797 251 925 279 mortales
944 261 950 279 :
968 252 989 281 Α
1006 260 1081 280 uere.
1101 252 1178 285 Quod
1194 259 1276 286 porro
1294 251 1396 279 nullam
1412 252 1469 287 ipsa
1485 253 1669 288 cognitionem
1685 253 1789 279 Adamn

162 300 273 329 insuper
296 294 380 322 haece
401 295 483 322 etiam
513 301 673 331 tempestate
695 297 811 330 plurima
834 303 898 324 sunt
924 299 950 324 iu

162 333 315 367 orbe'loca
348 348 409 375 quae
438 348 528 376 neque
555 342 589 368 ab
614 341 772 369 hominibus
801 351 888 378 neque
919 344 951 370 ab

163 385 266 419 angelis
290 385 461 418 incoluntur,
479 387 594 420 plurima
613 387 676 414 item
694 388 780 415 maria
808 388 948 422 innaviga-

163 430 240 458 bilia.
258 430 380 466 Denique
396 436 458 467 post
477 433 709 460 resurreCtioncm
729 434 796 461 nihil
816 435 867 461 erit
885 442 952 468 opus

163 480 210 502 aut
237 477 304 509 sole,
328 481 375 504 attt
401 478 476 510 luna,
502 483 550 505 aut
575 478 661 506 stellis
686 481 802 512 caeteris,
824 481 865 507 vel
890 481 952 508 ullis

166 521 279 549 omnino
307 523 514 554 animantibus,
541 524 734 558 serpentibus,
763 526 869 552 avibus.
900 526 954 552 Po-

166 569 270 593 stremo
288 573 349 601 post
365 569 594 596 resurrectionem
613 570 705 598 nullus
718 571 855 605 justorurn
874 579 952 599 mau-

164 618 245 638 surus
261 616 302 639 est
318 613 345 639 in
362 613 452 645 terris,
471 615 571 649 quippe
584 615 630 650 qui
650 624 734 651 supra
749 616 952 644 ﬁrmamentum

164 658 357 690 conscendant,
373 659 420 687 sed
437 660 486 687 soli
503 660 558 688 illic
571 661 763 696 relinquentur
777 668 803 690 et
818 665 953 692 moraturi

165 705 227 728 sunt
243 702 330 736 impii.
356 703 390 730 Ut
404 712 470 739 ergo
494 705 520 732 in
537 705 580 733 bis
605 707 734 735 omnibus
749 715 811 735 eum
831 709 867 736 ita
892 717 953 738 sese

165 747 292 779 habeant,
316 749 385 776 nihil
400 750 552 778 absurdum
576 757 624 779 aut
645 753 865 787 dissentaneum,
886 756 953 783 nihil

166 793 291 820 mutilum
311 799 360 822 aut
376 795 455 823 hians
472 803 532 823 esse
545 797 664 825 dicimus
680 807 687 825 τ
705 798 742 826 ita
760 807 849 834 neque
862 801 887 827 in
905 808 951 833 eo.

162 840 234 873 quod
250 841 395 874 paradisus
415 847 477 876 post
501 845 730 872 resurrectionem
748 846 830 874 nullis
857 848 953 875 usibus

163 884 284 916 serviet,
309 887 460 920 quidquam
486 888 610 917 deforme
634 897 682 918 aut
709 891 833 919 hiulcum
862 893 954 921 inesse

164 932 303 959 statueris.
321 931 436 968 Insuper
456 942 532 968 reges
555 943 626 970 saepe
652 938 779 966 maximis
799 940 954 974 sumptibus

165 983 263 1011 magna
282 982 414 1005 extruunt
437 980 564 1013 aedilicia,
579 989 639 1016 quae
655 989 803 1018 postquam
830 985 952 1020 ipsorum

163 1023 227 1050 usui
245 1023 334 1051 fecere
361 1025 440 1058 satis,
466 1033 552 1054 vacua
579 1027 678 1056 deinde
702 1030 905 1065 relinquuntur,
927 1037 954 1059 ct

164 1074 254 1096 tamen
289 1069 401 1098 tuinitne
436 1076 557 1106 temere,
593 1078 640 1101 aut
671 1074 874 1103 inconsiderate
910 1077 955 1104 illa

164 1119 268 1142 structa
294 1116 487 1144 existimantur
501 1125 509 1144 :
525 1118 586 1152 quis
605 1120 685 1154 igitur
698 1119 782 1148 Deum
798 1122 954 1156 prudentis-

164 1161 266 1188 simum
290 1169 381 1189 rerum
402 1163 617 1197 dispensatorem
643 1166 884 1197 inconsiderantiae
908 1177 954 1197 ar-

165 1210 239 1240 guat,
255 1207 301 1242 qui
317 1215 379 1234 cum
393 1209 550 1242 paradisum
565 1212 732 1241 condidisset
743 1214 840 1242 Adami
854 1217 953 1250 gratia,

166 1260 284 1287 cumque
313 1253 339 1280 iu
373 1253 419 1280 illo
452 1255 633 1290 collocasset,
662 1264 692 1286 ut
724 1267 786 1286 cum
817 1261 956 1295 volumate

167 1298 288 1332 haberet,
305 1303 462 1334 peccantem
480 1300 544 1329 inde
569 1303 661 1338 eiecit,
680 1312 855 1342 vacuumque
877 1307 955 1334 illum

166 1345 293 1380 reliquit?

456 1397 572 1425 CAPUT
594 1397 665 1424 XIX.

200 1438 360 1474 Cujusmodi
386 1444 466 1477 fuerit
503 1444 583 1470 at‘bor
607 1445 723 1471 scientia:
748 1445 808 1472 boui
839 1451 862 1473 et
883 1447 956 1480 muli,

166 1493 245 1518 quam
276 1487 455 1515 interdixerat
480 1490 581 1516 Adamo
605 1490 686 1521 Dens,
711 1496 734 1516 et
750 1500 808 1526 qua-
829 1493 863 1518 sit
889 1493 958 1519 ratio

167 1531 224 1564 ejus
240 1534 366 1560 nominis.
383 1551 416 1555 ——
433 1535 533 1563 Beatus
549 1536 637 1563 Moses
659 1537 746 1571 prituo
764 1538 834 1564 libro
848 1539 958 1572 scripsit

1004 298 1118 328 dederit,
1131 302 1234 325 certum
1254 302 1306 329 est,
1322 297 1543 332 quandoquidem
1558 298 1602 325 ille
1619 297 1719 332 alioqui
1733 298 1789 332 jam

1003 349 1066 370 ante
1084 343 1173 370 fuerat
1185 343 1297 370 scientia
1311 343 1374 370 boni
1391 344 1509 377 maliqtte
1524 348 1636 371 ornatus
1651 353 1656 369 ε
1677 351 1790 377 corripu-

1004 389 1072 416 situs
1105 390 1178 416 enim
1208 394 1267 416 erat
1292 397 1324 416 ex
1354 390 1445 416 anima
1476 389 1600 416 rationali
1635 398 1696 425 qua:
1727 390 1791 416 b0ni

1004 435 1123 470 malique
1146 435 1250 468 judicio
1269 435 1361 469 pollet.
1380 435 1419 462 Ad
1445 435 1507 466 hoc,
1537 435 1578 462 lex
1605 435 1790 469 imperabatur

1004 481 1121 513 Adatno,
1141 482 1230 516 qualis
1257 489 1310 508 non
1337 481 1389 508 nisi
1415 481 1449 509 iis
1470 482 1516 516 qui
1539 481 1610 508 inter
1636 482 1736 508 bonum
1765 486 1794 508 ct

1005 527 1106 554 malum
1131 533 1230 555 norunt
1253 528 1412 559 discrimen,
1439 531 1514 555 recte
1540 527 1690 562 imponitur
1707 537 1713 554 :
1730 534 1791 554 nam

1004 573 1106 608 alioqui
1122 573 1206 608 (quod
1232 573 1330 609 absit!)
1357 573 1498 601 babuissrt
1522 573 1566 600 ille
1585 574 1657 608 quod
1681 574 1713 600 de
1738 573 1793 599 Deo

1004 624 1178 654 quereretur,
1205 619 1253 654 qui
1277 619 1363 654 legem
1388 619 1440 646 sibi
1463 619 1553 645 omnis
1570 626 1682 653 prorsus
1695 619 1790 652 iudicii

1005 666 1108 700 experti
1148 666 1371 701 prmscripsisset.
1410 666 1525 700 Insuper
1563 666 1614 692 nisi
1648 665 1793 692 illiusmodi

1005 712 1118 739 scientia
1141 712 1197 746 jam
1225 718 1281 739 tum
1300 711 1400 739 fuisset
1421 712 1543 738 imbutus
1563 711 1659 742 Adam,
1675 711 1721 746 qui
1743 718 1793 746 po-

1006 759 1103 785 tuisset
1121 758 1231 785 nomina
1247 758 1434 785 animantibus
1453 757 1564 784 indere?
1584 757 1629 791 qui
1644 764 1794 792 agnoscere

1005 803 1089 831 Evam
1109 812 1221 831 uxorem
1238 812 1328 835 suam,
1344 808 1426 839 atque
1442 803 1475 830 de
1488 810 1519 830 ea
1539 803 1629 830 dicere
1644 812 1650 830 :
1670 802 1727 829 Hoc
1736 802 1796 837 jam

1005 858 1034 876 oc
1052 858 1084 877 ea:
1103 850 1206 877 ossibus
1229 851 1302 882 meis,
1320 855 1344 877 et
1372 858 1434 876 caro
1455 849 1487 876 de
1512 857 1591 876 carne
1618 857 1675 876 mea
1688 848 1721 881 ³⁸,
1739 854 1793 875 etc.

1007 895 1128 930 Denique
1157 896 1310 924 divinitatis
1339 895 1477 923 desiderio
1505 895 1666 929 tangebatur
1698 895 1795 925 Adam,

1007 946 1089 975 atque
1125 941 1184 975 ejus
1217 943 1399 977 adipiscenda:
1435 951 1519 972 causa
1547 944 1580 970 de
1615 943 1713 970 arbore
1749 943 1796 969 illa

1007 988 1137 1022 gustabat
1169 996 1176 1015 :
1203 996 1290 1023 quare
1327 996 1470 1016 necessum
1505 993 1546 1016 est
1576 989 1640 1016 boni
1675 988 1796 1023 malique

1007 1033 1190 1068 cognitioumn
1218 1034 1244 1060 in
1273 1034 1332 1068 ipso
1358 1033 1452 1065 fuisse.
1473 1034 1520 1069 qui
1545 1034 1698 1061 divinitatis
1720 1042 1796 1069 prm-

1007 1079 1135 1106 stautiam
1153 1079 1372 1114 dignitatemque
1388 1080 1568 1114 intelligebat,
1592 1088 1706 1114 eamque
1730 1079 1797 1107 ail‘e-

1007 1124 1108 1152 ctabat.
1131 1123 1245 1158 Insuper
1271 1124 1425 1152 considerat
1445 1125 1535 1159 ipsum
1554 1124 1624 1151 Deus
1647 1125 1678 1152 ad
1700 1125 1796 1159 imagi-

1008 1178 1069 1197 neut
1101 1169 1365 1204 similitudiuemque
1390 1178 1488 1202 suam,
1526 1175 1553 1198 et
1584 1171 1706 1198 omnium
1737 1179 1797 1205 qu:e

1007 1216 1142 1247 viverent,
1163 1215 1402 1243 absolutissimum
1428 1215 1542 1243 iecerat.
1566 1216 1632 1243 I‘Tum
1661 1224 1724 1243 vero
1750 1218 1796 1250 qui

1010 1261 1072 1288 talis
1095 1269 1109 1287 a
1132 1261 1186 1288 Deo
1209 1261 1299 1288 fuerat
1325 1262 1465 1293 rouditus,
1490 1262 1553 1295 quis
1579 1266 1667 1297 neget.
1695 1261 1798 1294 judicio

1008 1307 1071 1341 (hoc
1087 1311 1140 1337 cst,
1154 1307 1218 1333 boni
1234 1307 1352 1341 malique
1372 1307 1538 1342 cognitione)
1555 1308 1678 1334 dotatqu
1696 1307 1799 1334 fuisse?

1008 1352 1076 1379 Nam
1088 1352 1160 1386 quod
1177 1353 1379 1380 cacodeemonis
1395 1353 1444 1379 fuit
1460 1352 1556 1379 fraude
1579 1353 1719 1383 seductus,
1744 1360 1798 1379 non

1010 1397 1075 1425 boni
1102 1398 1224 1432 malique
1250 1400 1423 1433 ignoratione
1444 1398 1554 1429 evenit;
1585 1398 1632 1425 sed
1658 1399 1720 1432 quin
1743 1406 1801 1425 sum

1011 1445 1076 1479 ipsa;
1108 1445 1263 1478 cupiditati.
1293 1444 1437 1478 pellectus.
1467 1443 1591 1470 indulsit.
1621 1443 1688 1470 Nam
1717 1443 1798 1469 etiam

1011 1488 1141 1522 nuncqui
1156 1493 1280 1523 peccant,
1296 1495 1469 1523 nequaquam
1485 1491 1514 1514 ut
1529 1487 1619 1514 omnis
1635 1487 1800 1520 cognitionis

1012 1534 1089 1560 vacui
1115 1538 1242 1568 peccant,
1260 1541 1310 1560 cur
1342 1533 1414 1560 enim
1439 1532 1508 1558 tales
1535 1531 1801 1558 cotuletuuareutur?

168 1577 195 1603 in
223 1578 295 1606 hanc
323 1581 488 1608 sententiam
505 1590 511 1607 :
531 1581 563 1608 Et
593 1584 716 1616 praecepit
740 1583 866 1610 Dominus
889 1584 994 1615 Πρωρ
1012 1579 1057 1606 sed
1082 1586 1097 1605 a
1124 1585 1174 1605 suo
1192 1578 1315 1612 ipsorum
1334 1577 1432 1604 aifectu
1458 1577 1636 1603 scducuntur.
1658 1575 1801 1602 Postremo

168 1621 245 1654 Λάαν,
265 1624 384 1659 dixitque
401 1625 449 1652 ei:
468 1625 504 1651 De
526 1627 646 1653 omnibus
671 1627 811 1655 arboribus
835 1629 957 1663 paradisi

169 1668 269 1696 edendo
284 1670 344 1696 edes
362 1679 370 1697 :
387 1677 412 1697 at
429 1672 460 1697 de
477 1672 570 1698 arbore
594 1673 712 1700 scientia
726 1673 786 1700 boni
799 1679 823 1700 et
848 1675 912 1701 mali
928 1684 958 1702 ne

167 1715 231 1742 edas
244 1723 255 1743 :
270 1724 331 1742 nant
349 1724 401 1751 quo
420 1717 462 1743 die
477 1717 509 1744 de
524 1717 574 1744 hac
592 1718 663 1751 edes,
682 1725 792 1746 mortent
811 1725 912 1753 appetes
924 1720 956 1748 “.

168 1762 202 1789 Ει
230 1763 312 1797 paulo
342 1768 402 1797 post
428 1772 433 1790 :
461 1764 492 1790 Et
520 1765 619 1798 arcepit
646 1765 744 1791 mulier
771 1765 802 1792 de
828 1766 958 1799 fructibus

168 1807 284 1841 arboris,
297 1809 410 1843 editque,
427 1817 458 1835 ac
470 1810 540 1836 dedit
557 1811 636 1836 etiam
658 1811 713 1837 viro
729 1818 788 1842 suo,
804 1811 849 1844 qui
865 1816 889 1838 et
905 1812 960 1845 ipse

171 1853 272 1881 edit".
299 1855 348 1882 IIic
373 1855 423 1881 tria
442 1863 470 1882 se
488 1855 606 1882 oﬂ'erunt
622 1856 814 1891 disquireuda,
840 1865 958 1892 quorum

171 1900 289 1933 primttm
313 1906 366 1934 est,
389 1909 437 1927 cur
460 1901 542 1928 arbor
559 1901 604 1928 illa
630 1903 767 1937 appellata
782 1903 818 1929 sit
835 1903 961 1930 scientia:

173 1944 237 1972 boui
262 1950 289 1972 et
315 1946 399 1977 mali;
421 1947 549 1978 alterum,
566 1947 631 1982 quid
659 1948 695 1974 sit
720 1947 834 1979 bonum,
852 1953 879 1975 et
896 1949 961 1984 quid

173 1990 295 2023 malum;
318 1992 438 2023 tertium.
467 1992 544 2025 cujus
567 1993 674 2026 generis
696 1993 777 2020 fuerit
796 1994 841 2021 illa
869 1995 960 2022 arbor.

172 2035 257 2068 Igitur
271 2037 343 2070 quod
363 2037 394 2062 ad
423 2037 540 2070 primum
561 2037 671 2070 attinet,
688 2038 740 2066 ltoc
762 2044 814 2071 est,
837 2041 961 2067 vocabuli

173 2081 322 2113 rationem,
339 2081 458 2109 dicimus
484 2083 598 2110 minime
613 2084 776 2118 appellatalii
797 2093 858 2112 esse
881 2086 961 2113 arbo-

175 2135 232 2154 rem
251 2127 373 2154 scieutite
391 2129 455 2155 boui
467 2133 494 2155 et
510 2129 585 2161 ntali,
601 2130 673 2164 qttod
691 2131 749 2165 ipsa
766 2136 839 2158 esset
851 2132 962 2166 praedita

172 2173 331 2207 cognitione
365 2181 418 2208 qua
448 2174 519 2201 inter
550 2175 651 2201 bonum
681 2180 708 2203 et
742 2177 844 2202 malum
871 2184 964 2211 posset

174 2218 337 2253 dijudicare,
351 2227 440 2254 neque
457 2221 539 2247 etiam
558 2220 629 2255 quod
653 2221 712 2255 ipsa
732 2221 792 2256 ejus
810 2222 848 2249 rei
874 2223 962 2250 scicn-

174 2264 239 2290 tiatn
261 2263 286 2290 in
303 2264 437 2291 Adnmum
465 2265 622 2292 contulerit.
649 2265 715 2293 Nam
742 2251 890 2294 illiusmodi
919 2275 964 2294 co-
980 2251 1002 2280 υ

173 2310 306 2345 guitiouis
335 2315 472 2345 expertem
505 2312 613 2346 penitus
645 2311 729 2340 fuisse
763 2313 891 2340 arborem
922 2314 963 2340 vel

173 2356 238 2383 hinc
262 2356 408 2390 intelligas,
437 2357 509 2390 quod
537 2365 570 2384 ne
593 2358 673 2385 bruta
697 2358 808 2393 quidem
838 2359 964 2394 (necdum

174 2402 315 2438 rationali)
350 2402 442 2429 anima
468 2402 550 2429 fuerit
577 2403 690 2437 przedita
706 2413 713 2431 :
731 2412 795 2431 nam
824 2404 847 2431 si
872 2405 965 2437 bruta,

176 2448 318 2475 mactanda
349 2448 469 2483 primum
492 2448 598 2482 inisset
626 2455 655 2476 ut
679 2457 777 2477 ea-tera
805 2450 966 2484 animantia,

175 2499 322 2530 antequam
342 2497 374 2522 de
393 2503 423 2522 ca
442 2498 596 2529 potuissent
621 2496 702 2523 cdere
723 2497 802 2531 pritni
820 2501 965 2530 parentes;

177 2540 305 2567 rationali
324 2548 390 2568 vero
415 2542 527 2569 omnino
554 2543 678 2570 caruisse
704 2542 888 2569 certissimum
913 2547 965 2573 est,

177 2592 240 2611 cuin
272 2586 346 2612 nulla
375 2586 503 2614 facultate
530 2587 612 2615 rebus
647 2595 695 2622 pro
728 2587 843 2615 arbitrio
872 2588 965 2615 utendi

177 2631 271 2659 dotata
294 2633 388 2666 fuerit,
415 2642 502 2669 neque
530 2635 649 2669 aliquam
674 2643 688 2660 a
709 2635 857 2662 Conditore
880 2634 965 2669 legem

177 2678 324 2712 accoperit,
351 2679 460 2714 qualem
487 2679 520 2707 iis
544 2680 588 2707 ille
617 2680 747 2714 imposuit
772 2687 833 2721 qpce
862 2679 967 2706 ratione

180 2724 303 2752 donavit.
319 2724 410 2758 Quare
424 2725 446 2752 si
462 2733 511 2762 per
526 2730 650 2753 uentraut
663 2726 797 2752 uictarum
811 2725 965 2752 animarum

178 2769 284 2796 vivebat
304 2770 387 2797 arbor
399 2770 455 2802 illa,
473 2770 610 2805 colligitur
624 2777 711 2805 neque
734 2768 876 2796 scientiam
894 2769 919 2795 iu
937 2776 967 2796 se

178 2815 263 2843 ullam
283 2816 412 2843 habuisse
433 2824 486 2851 qua
501 2815 602 2843 bonuut
628 2819 719 2851 posset
744 2824 758 2842 ιι
777 2815 847 2842 malo
863 2815 966 2843 discer-

217 2904 240 2920 “
254 2905 321 2933 Gen.
340 2914 368 2939 ιι,
394 2906 434 2939 I6,
456 2907 496 2934 I7.
538 2907 558 2922 ⁵⁵
573 2907 639 2935 Gen.
659 2914 698 2938 III,
715 2906 741 2933 ti.

781 2905 802 2920 ³⁸
816 2904 882 2932 Gen.
901 2912 930 2936 tt,
947 2905 974 2936 ‘1.
991 2904 1036 2931 ‘25.

1013 1624 1070 1650 ﬁeri
1093 1631 1148 1650 non
1167 1624 1253 1658 potuit
1277 1627 1306 1650 ut
1329 1623 1411 1649 arbor
1436 1629 1469 1649 eo
1491 1621 1626 1648 Adatnum
1655 1621 1799 1654 intbuetct,

1011 1677 1066 1704 quo
1083 1669 1142 1704 ipsa
1158 1670 1277 1696 carebat.
1294 1668 1437 1696 Periicitur
1457 1676 1521 1702 ergo
1537 1676 1570 1696 ex
1586 1668 1620 1695 iis
1634 1676 1694 1702 qum
1711 1668 1800 1695 adhuc

1011 1715 1082 1742 dicta
1098 1721 1173 1746 sunt,
1190 1723 1243 1742 non
1257 1715 1319 1743 ideo
1335 1715 1463 1742 arborem
1481 1714 1602 1742 scientia
1617 1714 1679 1742 boui
1697 1718 1722 1741 et
1738 1706 1801 1742 tim

1011 1766 1135 1790 vocatam
1161 1769 1233 1793 esse,
1257 1761 1330 1796 quod
1348 1761 1388 1789 vel
1412 1761 1494 1788 ullam
1519 1761 1577 1796 ipsa
1603 1761 1666 1788 boni
1693 1768 1707 1787 a
1730 1760 1802 1787 malo

1012 1807 1197 1843 distinguendi
1213 1807 1339 1842 peritiam
1366 1807 1511 1839 habuerit;
1539 1807 1579 1834 vel
1596 1807 1700 1834 Adauto
1722 1806 1755 1834 de
1772 1814 1802 1834 se

1012 1853 1101 1881 edenti
1133 1854 1278 1881 scientiam'
1299 1854 1434 1888 ejusmodi
1461 1853 1722 1880 aceotnzumlavcrit.
1747 1852 1817 1879 Sed:

1013 1907 1063 1926 cur
1085 1899 1194 1926 demum
1228 1898 1253 1924 id
1282 1897 1401 1925 nominis
1430 1898 1527 1924 sortita
1556 1897 1591 1924 sit
1620 1897 1696 1931 prius
1718 1905 1800 1930 quam

1013 1945 1210 1980 expediamus,
1235 1945 1382 1972 dicendum
1410 1949 1470 1976 est;
1495 1943 1560 1979 quid
1587 1944 1661 1976 boui,
1681 1944 1804 1979 quidque

1014 1991 1077 2019 mali
1102 1991 1242 2018 vocabulis
1269 1991 1305 2018 sit
1332 1989 1547 2024 intelligendum.
1575 1989 1679 2016 Bonum
1706 1989 1803 2023 igitur,

1013 2042 1056 2064 cst
1084 2037 1142 2072 ipsa
1171 2035 1348 2069 obedientia;
1381 2035 1482 2062 malutn
1512 2042 1598 2068 vero,
1633 2035 1808 2062 contrarium-

1015 2083 1176 2110 obedientia:
1208 2082 1322 2113 vitium,
1354 2081 1476 2108 rebellio.
1513 2079 1581 2107 Nam
1619 2080 1804 2108 obedientiam

1016 2130 1117 2157 bonum
1146 2135 1207 2156 csse
1235 2128 1383 2156 ostendunt
1407 2127 1451 2153 illa
1485 2126 1553 2161 legis
1580 2127 1660 2154 verba
1689 2136 1695 2154 :
1720 2126 1804 2161 Dilige

1016 2175 1157 2202 Dominum
1182 2174 1266 2202 Deum
1288 2179 1362 2200 tuum
1377 2174 1417 2206 '7;
1447 2181 1481 2200 cx
1503 2181 1597 2200 amore
1621 2173 1694 2201 enim
1724 2177 1806 2207 atque

1016 2221 1149 2249 cbaritate
1179 2221 1332 2248 obedientia
1364 2220 1495 2248 nascitur.
1533 2220 1580 2248 Est
1601 2220 1682 2255 igitur
1702 2220 1804 2247 bonum

1016 2265 1183 2293 obedientia.
1202 2265 1310 2293 Rursus
1329 2266 1431 2292 malum
1453 2273 1515 2293 esse
1540 2266 1715 2293 rebelliouctn
1740 2273 1805 2300 pro-

1016 2312 1081 2339 bant
1099 2311 1143 2338 illa
1159 2311 1204 2338 Dei
1220 2313 1302 2339 verba
1319 2320 1327 2338 :
1345 2311 1403 2338 Duo
1416 2311 1487 2338 mala
1503 2312 1564 2346 fecit
1576 2312 1688 2347 populus
1709 2319 1781 2338 mem
1795 2321 1805 2343 ,-

1018 2366 1059 2384 me
1084 2357 1279 2392 dereliquerum
1294 2377 1300 2388 ,
1329 2357 1428 2392 [mitem
1446 2365 1523 2389 aqum
1544 2358 1626 2390 vim,
1649 2362 1672 2384 et
1695 2357 1808 2391 profecti

1018 2401 1140 2436 foderunt
1175 2402 1226 2428 sibi
1255 2402 1339 2436 fossus
1371 2402 1497 2436 efl‘ractas
1530 2411 1589 2438 qua
1613 2411 1664 2429 non
1697 2406 1807 2437 possunt

1018 2451 1154 2477 conlinere
1175 2451 1202 2477 in
1220 2459 1247 2477 se
1261 2458 1343 2486 aqua:
1357 2449 1389 2477 ³⁸.
1410 2449 1470 2477 .lam
1489 2458 1554 2478 vero
1576 2451 1705 2482 dicimus,
1723 2450 1807 2478 arbo-

1022 2504 1079 2523 retn
1099 2496 1221 2523 scientize
1235 2496 1299 2522 boni
1315 2500 1341 2522 et
1367 2495 1430 2522 ntali
1447 2495 1522 2522 illaut
1546 2503 1608 2523 esse
1633 2495 1807 2531 appellatam,

1020 2541 1083 2576 quia
1113 2548 1161 2575 per
1193 2548 1265 2573 eam,
1291 2541 1381 2576 reipsa
1414 2540 1487 2568 facto
1519 2541 1652 2576 periculo,
1683 2541 1806 2569 Adamus

1021 2586 1131 2620 agnovit
1156 2586 1258 2613 bontttn
1288 2591 1314 2613 et
1340 2586 1453 2613 malum.
1478 2586 1513 2613 At
1537 2586 1609 2614 enim
1636 2586 1721 2618 dices,
1744 2587 1808 2614 hinc

1020 2631 1127 2666 colligi.
1144 2632 1278 2659 Adamum
1304 2631 1390 2658 fuisse
1418 2631 1570 2658 cariturum
1601 2631 1664 2658 boni
1696 2637 1722 2659 rt
1743 2633 1824 2661 mali.

1020 2675 1198 2710 cognitione,
1225 2675 1278 2702 nisi
1304 2675 1338 2702 de
1369 2675 1414 2703 illa
1444 2675 1542 2703 arbore
1575 2681 1720 2711 gustasset.
1756 2677 1808 2705 Sed

1020 2722 1229 2756 respondemus,
1251 2721 1366 2750 saivisse
1382 2722 1495 2757 quidem
1517 2722 1651 2752 Adamum
1678 2723 1809 2751 obedien‘

1020 2767 1084 2794 tiam
1106 2767 1207 2794 bonum
1230 2774 1301 2800 esse,
1318 2771 1345 2795 ct
1369 2767 1544 2795 rebellionem
1571 2768 1685 2800 malum,
1710 2775 1739 2796 ut
1761 2769 1809 2804 qui

1021 2816 1094 2840 esset
1119 2812 1151 2840 ad
1183 2811 1228 2840 Dei
1251 2812 1461 2841 similitudinem
1488 2813 1625 2846 conditus,
1653 2819 1679 2841 et
1704 2815 1808 2842 ratione.

1076 2903 1097 2919 ~"
1111 2902 1187 2931 Deut.
1205 2909 1241 2934 Vt,
1258 2902 1283 2930 5.
1343 2903 1364 2919 ³⁵
1379 2902 1479 2931 Ιῡιέιιι.
1498 2909 1527 2935 ιιἶ
1548 2901 1592 2930 15.
