2020 3080
245 195 299 227 503

861 197 976 228 MOSIS
996 180 1070 228 BAR
1088 198 1210 229 CEPHA

1811 197 1864 230 505

249 251 368 284 pollens,
388 249 570 285 facultateque
586 257 677 278 rerum
694 257 761 284 quas
779 250 871 277 animo
885 249 1030 285 concepis-
1045 252 1068 281 Α
1082 250 1196 279 edoctus
1211 251 1276 286 quid
1292 256 1364 280 esset
1386 252 1485 279 bonum
1505 252 1610 287 etquid
1634 252 1748 285 malum,
1766 254 1866 288 quippe

249 302 292 323 set
305 295 540 330 dijudicandarum
556 304 564 324 :
583 299 772 323 verumtamen
795 295 821 323 id
853 295 942 330 ipsum
957 300 1028 329 post,

250 350 299 377 per
319 342 513 377 experientiam
535 349 644 377 quoque
666 341 705 369 rei
721 342 860 373 didicisse,
877 342 921 368 ubi
942 341 1031 368 conti-

249 388 336 423 gisset
360 393 441 422 atqtte
465 391 600 422 gustasset
635 388 732 415 vetitos
763 387 878 415 fruttus.
904 387 982 415 Sicut
1004 391 1031 414 et

248 433 318 460 Eain
348 441 401 460 non
430 433 572 468 ignorabat
601 433 710 468 quidem
746 442 802 461 rem
833 433 932 460 malam
971 440 1031 460 esse

249 478 438 512 homicidium,
465 479 625 513 priusquam
653 479 679 506 id
708 483 911 514 perpetrasset;
936 485 1030 506 verum

248 523 346 551 deinde
369 524 470 552 clarius
497 524 548 552 hoc
576 525 664 560 ipsum
691 533 738 560 per
766 525 959 560 experientiam
991 524 1030 551 rei

248 569 344 597 didicit
369 570 516 597 homicidio
543 570 674 603 admisso,
691 579 750 598 cum
768 570 856 606 fugaci
880 571 1031 598 mobilitate

247 619 320 643 esset
342 615 483 643 multatus.
503 614 575 648 Quin
591 620 619 643 et
639 624 688 643 nos
713 625 823 651 quoque
849 616 974 644 novimus
998 623 1029 642 ea

247 667 309 695 quae
337 660 408 687 tnala
434 665 519 693 sunt,
549 666 695 696 antequam
728 662 797 688 mala
828 662 1029 696 desiguemus:

246 713 343 733 verum
360 706 406 733 ubi
425 706 481 741 jam
499 706 557 741 ipsa
570 707 749 741 patravimns,
767 712 823 734 lllm
841 708 928 742 reipsa
952 708 1031 734 intel-

247 750 360 786 ligimus
379 751 449 778 mala
463 759 541 785 esse;
561 757 589 779 et
608 753 716 787 quidem
732 753 818 780 multo
839 753 953 786 certius,
973 757 1029 780 tum

247 805 311 825 cum
329 798 455 824 meritam
471 799 506 825 ob
530 799 574 826 illa
593 807 703 834 pmnam
731 801 884 834 pendimus.
907 799 1030 836 Denique

247 843 479 877 quemadmodum
495 845 597 872 malum
615 853 676 873 esse
689 847 813 873 morbum
827 854 879 873 non
893 846 1029 874 nescimus

247 888 327 923 longe
341 893 488 924 antequam
501 894 675 925 aegrotamus,
687 895 713 917 et
725 896 814 918 tamen
828 891 898 918 facta
910 891 1029 926 periculo

248 933 302 961 hoc
323 934 413 968 ipsum
441 935 555 969 propius
582 936 747 971 penitusqttc
771 937 943 971 agnoscimus
966 945 1027 964 cum

249 978 344 1006 morbo
361 986 509 1013 vexamur;
535 985 561 1007 ct
579 985 608 1008 ut
636 983 780 1008 sanitatem
808 989 902 1008 omnes
930 987 1030 1009 norunt

249 1022 349 1051 bonam
374 1031 435 1051 esse
464 1025 545 1052 etiam
572 1024 684 1060 quando
707 1033 738 1052 ca
767 1030 872 1058 calent,
901 1031 1028 1053 caeterum

249 1069 296 1097 ubi
313 1070 442 1097 fruuntur
464 1070 593 1102 sanitate,
613 1071 667 1106 jam
680 1071 834 1106 cuiusmodi
853 1075 879 1098 et
898 1076 1028 1105 quantum

249 1115 351 1142 bonum
368 1116 414 1148 sit,
437 1123 484 1150 per
509 1117 705 1151 experientiam
727 1116 830 1144 certius
848 1117 1001 1151 intelligunt
1020 1125 1026 1143 ε

248 1162 286 1189 ita
297 1166 324 1189 et
339 1161 463 1189 Adamus
486 1163 590 1190 sciebat
604 1162 882 1197 quidem,antequam
896 1163 930 1190 de
950 1162 1030 1189 vetita

248 1209 346 1236 arbore
368 1213 515 1243 gustasset,
542 1208 641 1236 benam
668 1216 729 1236 esse
753 1208 947 1240 obedientiam,
975 1217 1031 1235 Ina-

250 1253 357 1289 lamque
379 1254 573 1287 rebellionem;
591 1262 684 1282 verum
703 1262 765 1281 cum
788 1255 957 1286 rebellasset,
974 1254 1029 1282 hoc

249 1298 337 1334 ipsum
353 1300 521 1334 experientia
556 1300 684 1334 magistra
706 1302 808 1327 rectius
831 1300 951 1334 agnovit.
973 1300 1030 1332 Qua

248 1344 321 1371 enim
346 1346 480 1372 sententia
500 1345 533 1372 de
549 1346 666 1379 paradisi
690 1346 769 1372 bonis
790 1346 923 1381 deiectus,
950 1349 1032 1380 atque

250 1391 276 1417 in
297 1391 366 1418 hanc
381 1390 538 1418 damnatam
565 1396 662 1418 terram
683 1392 817 1427 relegatus
840 1396 892 1422 est,
909 1392 1030 1419 eamdem

248 1444 296 1472 per
313 1437 462 1472 periculum
481 1437 577 1464 didicit
595 1443 726 1472 quantum
751 1439 852 1465 bonunt
867 1442 940 1465 esset
965 1438 1031 1464 obe-

247 1482 362 1514 dieutia,
377 1486 404 1510 et
419 1488 550 1518 quantum
566 1488 659 1510 contra
679 1484 779 1511 malum
807 1484 927 1511 rebellio.
949 1483 1032 1519 Igitur

248 1533 344 1557 vocata
369 1534 411 1557 est
444 1529 527 1557 arbor
557 1530 678 1556 scientiae
701 1529 764 1556 boni
797 1534 825 1556 et
857 1529 941 1562 mali,
968 1529 1031 1563 quia

1083 296 1110 322 in
1129 304 1161 323 ea
1178 296 1275 323 arbore
1289 297 1405 330 positum
1419 302 1477 324 erat
1493 297 1645 332 periculum
1662 302 1689 324 et
1704 297 1867 325 obedientim

1082 347 1108 369 et
1124 342 1281 369 rebellionis
1296 342 1404 374 Adami,
1431 348 1512 377 atque
1531 350 1580 377 per
1594 350 1654 370 eam
1672 343 1744 370 clare
1757 345 1867 378 agnovit

1082 387 1127 414 ille
1142 387 1204 414 boni
1229 386 1349 421 malique
1367 387 1500 414 rationem
1527 388 1587 422 ipso
1604 388 1642 414 rei
1665 387 1775 419 eﬂ‘ectu,
1793 389 1867 415 didi-

1081 433 1172 468 citque
1198 437 1330 468 quantutn
1362 438 1437 461 esset
1466 434 1529 460 boni
1560 434 1587 461 in
1617 434 1788 461 observando
1819 434 1864 461 Dei

1082 479 1210 506 mandato
1240 479 1383 514 positutn,
1408 485 1434 506 et
1464 484 1596 513 quantum
1625 484 1720 506 contra
1746 479 1809 506 mali
1838 479 1865 506 in

1083 524 1294 559 praevaricando.
1310 525 1408 551 Parere
1424 524 1496 551 enim
1515 528 1650 559 praecepto
1664 524 1785 556 bonum;
1810 531 1865 550 non

1082 578 1188 605 parere,
1205 570 1304 597 tnalum
1323 570 1468 604 appellavit
1484 569 1634 604 Scriptura.
1657 569 1719 596 Haec
1735 570 1816 604 igitur
1831 570 1866 596 de

1081 616 1200 643 nominis
1223 616 1328 643 ratione
1344 615 1415 643 dicta
1439 616 1506 643 satis
1527 620 1626 648 sunto;
1648 615 1703 650 jam
1730 615 1865 650 reliquum

1080 666 1122 689 est
1138 668 1166 688 ut
1181 662 1365 696 expendamus
1381 661 1460 696 cujus
1481 662 1527 688 illa
1545 662 1652 696 generis
1674 661 1755 688 arbor
1772 662 1863 689 fuerit.

1083 706 1152 733 Sunt
1166 707 1277 742 qttidam
1293 707 1340 741 qui
1355 707 1513 734 existiment
1525 713 1580 733 non
1597 706 1681 733 fuisse
1695 705 1820 732 arborem
1837 704 1863 732 id

1080 756 1113 783 de
1128 763 1182 790 quo
1207 754 1325 790 gustavit
1348 754 1446 786 Adam,
1467 754 1513 782 sed
1535 761 1682 781 venereum
1709 753 1864 788 amplexum

1080 808 1135 836 quo
1157 809 1218 828 cum
1241 807 1328 828 uxore
1354 800 1399 828 ille
1423 807 1523 834 corpus
1539 800 1664 830 miscuit;
1690 807 1805 834 eamque
1830 800 1865 826 ob

1082 855 1139 874 rent
1156 849 1233 874 aiunt
1247 852 1354 881 partum
1371 846 1494 873 mulieris
1505 853 1565 873 esse
1576 852 1624 880 per
1638 845 1685 872 Dei
1703 846 1864 872 sententiam

1081 893 1223 920 doloribus
1240 892 1342 920 factum
1360 892 1529 924 obnoxium;
1547 899 1635 926 neque
1655 891 1726 918 aliud
1748 891 1867 918 voluisse

1082 939 1146 966 illud
1168 942 1344 973 praeceptum,
1360 937 1399 964 Ne
1423 937 1511 965 edatis
1528 937 1561 964 de
1581 937 1626 964 illa
1645 937 1753 968 arbore,
1770 944 1864 971 quam,

1081 983 1137 1011 Non
1163 984 1276 1015 coeatis.
1299 984 1345 1011 sed
1371 989 1464 1010 sancte
1489 988 1517 1010 et
1539 983 1640 1017 absque
1664 983 1736 1009 omni
1758 981 1864 1010 Venere

1081 1030 1197 1062 vivatis;
1216 1034 1243 1057 et
1260 1039 1267 1056 :
1284 1029 1342 1062 Quo
1358 1029 1401 1056 die
1418 1030 1450 1056 de
1464 1028 1508 1055 illa
1523 1028 1618 1060 edetis,
1635 1032 1749 1055 mortem
1764 1027 1866 1054 morie-

1082 1076 1162 1108 mini,
1181 1076 1207 1103 id
1233 1083 1294 1103 csse
1313 1083 1367 1110 quo
1382 1075 1427 1102 die
1446 1081 1560 1109 corpora
1583 1074 1742 1101 miscebitis.
1766 1073 1866 1100 Verum

1083 1121 1152 1148 hanc
1179 1121 1342 1148 sententiam
1362 1120 1474 1147 minime
1497 1127 1590 1146 veram
1610 1127 1672 1146 esse
1694 1119 1735 1145 vel
1753 1118 1779 1146 id
1800 1119 1867 1146 satis

1081 1167 1172 1202 arguit
1195 1167 1267 1202 quod
1307 1167 1412 1201 integra
1448 1165 1606 1199 virginitate
1637 1165 1708 1200 pulsi
1739 1165 1795 1192 sint
1826 1164 1864 1191 illi

1083 1213 1220 1247 paradiso.
1233 1211 1352 1240 Censent
1364 1219 1429 1246 ergo
1445 1211 1489 1238 alii
1506 1210 1675 1238 frumentum
1692 1211 1779 1238 fuisse
1795 1211 1867 1237 hanc

1083 1259 1229 1290 arborem,
1264 1262 1345 1292 atque
1378 1257 1437 1284 ideo
1465 1256 1601 1284 Christum
1639 1263 1748 1291 quoque
1783 1263 1863 1283 suum

1083 1313 1183 1339 corpus
1211 1305 1237 1331 itt
1265 1311 1334 1339 pauc
1362 1304 1536 1330 dedisse:ut
1556 1310 1609 1336 qua
1639 1310 1668 1328 re
1693 1305 1865 1328 contractum

1083 1356 1155 1378 esset
1174 1350 1305 1381 debitum,
1322 1349 1415 1376 eadem
1432 1354 1459 1376 et
1477 1349 1673 1376 exsolveretur.
1695 1347 1801 1374 Rursus
1819 1346 1865 1373 alii

1083 1397 1164 1423 vitem
1192 1396 1276 1422 fuisse
1299 1394 1487 1426 contendunt,
1519 1399 1557 1421 et»
1574 1394 1676 1420 ideirco
1708 1393 1867 1428 sanguinem

1083 1450 1162 1470 suum
1177 1441 1285 1468 dedisse
1301 1440 1441 1468 Christum
1465 1441 1492 1467 in
1507 1440 1572 1467 vino
1588 1447 1640 1473 pro
1661 1439 1795 1473 expianda
1812 1439 1869 1472 pri-

1084 1494 1191 1514 tnorunt
1206 1491 1348 1521 parentum
1363 1492 1445 1512 noxa.
1462 1484 1514 1512 Sed
1529 1491 1578 1511 nos
1596 1484 1652 1511 haec
1664 1491 1726 1510 vera
1741 1490 1794 1510 non
1807 1489 1870 1509 esse

1083 1536 1227 1566 putamus;
1241 1530 1406 1557 frumentum
1418 1529 1490 1556 enim
1502 1535 1591 1563 seges,
1601 1535 1654 1555 non
1666 1528 1748 1555 arbor
1758 1527 1870 1560 dicitur,

249 1575 371 1603 Adam“
385 1582 434 1610 Per
449 1574 535 1610 ipsam
552 1579 680 1609 θιροηυε
701 1579 743 1602 εει
759 1574 825 1609 ψιῖά
842 1578 914 1602 esset
932 1574 1032 1601 bonum
1047 1578 1068 1606 C
1085 1582 1115 1604 ut
1128 1584 1216 1611 neque
1237 1576 1308 1603 \itis.
1330 1574 1413 1610 igitur
1426 1574 1591 1602 Philoxenus
1606 1573 1790 1608 Mabugensis,
1807 1579 1869 1600 ora-

247 1622 357 1658 etquid
373 1623 487 1656 malum,
501 1626 583 1657 atque
609 1622 696 1657 reipsa
724 1621 832 1656 agnovit
850 1621 1031 1648 obedientiam

249 1677 311 1697 esse
328 1669 442 1701 bonum,
458 1668 560 1694 malum
582 1675 647 1694 vero
670 1667 857 1694 rebellionem.
877 1666 930 1694 Sed
947 1666 1031 1699 enim,

251 1714 324 1742 dicet
338 1713 438 1748 aliquis
452 1733 460 1745 ,
479 1713 575 1740 demus
590 1713 724 1739 Adamum
745 1720 794 1746 per
816 1712 890 1739 illam
908 1712 1032 1739 arborem

251 1766 312 1788 esse
327 1764 466 1794 expertum
485 1758 548 1792 quid
571 1758 671 1785 bonum
692 1762 719 1785 et
744 1758 807 1792 quid
833 1758 932 1785 malum
951 1762 1032 1790 esset,

253 1814 308 1834 non
324 1805 440 1841 proinde
452 1805 523 1839 justa
540 1804 610 1831 ratio
626 1811 657 1831 ea
673 1803 789 1836 videtur,
805 1804 839 1831 ob
855 1811 936 1838 quam
953 1803 1035 1830 arbor

252 1852 311 1887 ipsa
339 1850 459 1879 scientiae
481 1850 545 1877 boni
563 1853 590 1876 et
612 1849 673 1876 tnali
692 1854 843 1882 vocaretur,
868 1857 927 1884 quae
944 1848 1035 1876 scien-

252 1897 318 1924 tiam
334 1896 362 1923 in
375 1902 405 1923 se
421 1895 523 1922 nullam
537 1894 658 1922 haberet.
675 1894 881 1929 Respondemus
899 1902 960 1922 cum
973 1901 1034 1922 esse

251 1949 356 1970 morem
372 1948 512 1969 sacrarum
527 1940 703 1972 Litterarttm,
725 1944 755 1967 ut
768 1945 795 1967 et
807 1940 873 1967 locis
889 1944 916 1968 et
932 1945 1035 1974 tempo-

252 1987 328 2015 ribus
350 1994 444 2014 earum
478 1993 569 2013 rerum
596 1985 803 2013 accommodent
823 1985 946 2017 nomina,
975 1992 1035 2019 quae

252 2033 334 2060 rebus
351 2033 417 2067 ipsis
435 2031 462 2059 in
475 2031 541 2059 locis
556 2035 582 2058 et
596 2030 765 2066 temporibus
777 2030 830 2057 illis
848 2029 1035 2057 evenientibus

251 2078 396 2106 debentur.
414 2077 459 2105 Sic
474 2081 584 2112 puteum
601 2077 746 2112 quemdam
756 2076 840 2111 jurgt‘i
853 2076 1032 2110 appellarunt,

251 2132 314 2151 cutn
330 2127 430 2159 puteus
443 2131 496 2151 non
511 2123 648 2158 jurgasset
672 2123 719 2150 sed
739 2122 772 2149 de
786 2126 867 2157 puteo
892 2122 950 2157 ipso
965 2122 1036 2149 inter

252 2178 282 2196 se
312 2168 517 2195 contendissent
545 2172 669 2202 pastores
682 2166 715 2194 ".
749 2167 780 2194 Et
820 2174 916 2195 rursus
949 2167 1034 2194 alium

251 2219 360 2249 puteum
381 2214 538 2248 juramenti,
559 2220 614 2240 non
638 2212 718 2247 quasi
745 2213 801 2246 ipse
822 2212 932 2247 juratus
951 2217 1034 2244 esset,

253 2260 302 2286 sed
335 2258 400 2294 quia
433 2258 467 2285 de
501 2258 561 2292 ipso
588 2257 660 2284 facta
692 2256 801 2284 fuerant
832 2257 987 2292 juramenta
1001 2257 1034 2283 ιο.

254 2303 385 2331 Similiter
411 2302 551 2330 cumulum
591 2302 735 2336 quemdam
764 2302 884 2336 lapidum
905 2307 1038 2330 vocarunt

254 2349 389 2377 tumulum
417 2348 560 2376 testimonii
571 2349 605 2381 “,
632 2347 678 2382 qui
707 2347 812 2375 nullum
831 2348 919 2383 potuit
946 2348 1038 2376 dicere

254 2394 453 2426 testimonium,
476 2393 522 2421 sed
538 2393 600 2428 quia
616 2393 688 2428 apud
713 2393 801 2428 ipsum
821 2399 930 2428 peracta
948 2393 1037 2421 fuerat

254 2440 418 2468 contestatio
436 2440 506 2467 inter
523 2438 606 2466 Jacob
621 2442 648 2465 et
669 2438 781 2466 Labam.
802 2438 924 2473 Denique
952 2437 1037 2465 Jaeob

254 2486 350 2513 Bethel
366 2485 518 2513 nominavit
533 2485 676 2511 exercitum
689 2484 736 2511 Dei
751 2484 785 2516 δ’,
803 2491 865 2511 cum
880 2484 957 2511 locus
981 2484 1038 2518 ipse

256 2532 331 2559 haud
353 2535 426 2559 esset
449 2531 588 2558 exercitus
607 2530 664 2563 Dei,
684 2537 776 2556 verum
793 2530 856 2564 quia
881 2529 907 2555 in
923 2536 956 2556 eo
979 2529 1038 2556 loco

255 2577 406 2604 exercitum
434 2575 479 2603 Dei
510 2575 554 2602 ille
585 2575 706 2602 vidisset.
738 2575 779 2601 Ad
805 2575 931 2601 eumdem
957 2575 1039 2610 igitur

255 2623 367 2650 modum
391 2622 473 2649 arbor
497 2621 541 2648 illa
567 2620 757 2654 cognominata
777 2624 819 2647 est
835 2620 955 2647 scientia
974 2619 1039 2647 boni

255 2671 282 2693 et
305 2665 382 2697 mali,
404 2672 457 2692 non
475 2665 546 2700 quod
565 2664 623 2699 ipsa
640 2664 681 2691 vel
708 2664 733 2691 in
754 2672 784 2692 se
800 2664 878 2691 talem
896 2665 1038 2692 scientiam

258 2710 384 2738 habuerit
402 2714 448 2736 aut
460 2717 521 2737 eam
538 2709 565 2736 in
585 2709 690 2736 Adamo
706 2708 835 2740 olfecerit.
854 2717 907 2744 qua
923 2709 968 2736 hic
981 2710 1038 2744 jam

244 2759 320 2787 ante
337 2755 465 2790 pollebat,
483 2755 530 2782 sed
546 2755 611 2789 quia
635 2762 682 2790 per
705 2762 765 2781 eam
788 2754 914 2782 arborem
930 2760 971 2782 est
993 2755 1038 2782 ille

257 2800 345 2834 reipsa
368 2804 508 2834 expertus,
533 2804 615 2834 atque
632 2800 672 2834 (ut
697 2800 733 2827 ita
762 2799 862 2835 dicam)
890 2799 1039 2828 eilicienter

293 2887 315 2904 ”
327 2886 393 2916 Gen.
411 2893 471 2919 xm,
490 2886 515 2914 7.

555 2886 578 2902 ⁸ο
591 2886 657 2914 Gen.
676 2895 730 2920 xxi,
746 2888 839 2917 29-32.
879 2890 898 2906 δ’
912 2889 979 2918 Gcn.
999 2898 1075 2924 xxxt,
1090 2892 1133 2920 t7.

1086 1623 1160 1650 tione
1172 1623 1204 1649 de
1217 1622 1316 1649 arbore
1329 1621 1401 1654 vitae,
1422 1625 1450 1648 et
1465 1620 1543 1648 multi
1557 1620 1601 1647 alii
1615 1619 1774 1647 existimant
1786 1619 1868 1646 ticum

1086 1667 1173 1695 fuisse
1187 1674 1246 1694 eam
1263 1667 1402 1698 arborem.
1419 1673 1484 1700 qua,
1500 1673 1561 1693 cum
1576 1670 1648 1692 esset
1664 1665 1768 1692 Adamo
1784 1665 1871 1691 inter-

1086 1714 1199 1745 dictum,
1211 1720 1264 1739 non
1287 1712 1428 1740 abstinuit.
1447 1711 1516 1738 lluic
1537 1710 1677 1738 sentcntiae
1695 1718 1744 1737 nos
1759 1717 1869 1744 quoque

1086 1764 1114 1787 ut
1127 1765 1192 1786 vero
1214 1758 1338 1785 similiori
1352 1756 1562 1784 subscribimus.
1581 1755 1717 1783 Credibile
1731 1755 1803 1782 enim
1816 1759 1871 1787 est,

1085 1805 1167 1832 simul
1189 1808 1270 1838 atque
1294 1804 1328 1831 de
1344 1810 1375 1830 ea
1398 1802 1495 1830 arbore
1516 1802 1646 1833 edissent,
1661 1801 1764 1835 pudore
1779 1808 1872 1828 corre-

1086 1853 1155 1885 ptos,
1169 1857 1203 1876 ex
1217 1855 1250 1875 eo
1264 1848 1335 1883 quod
1355 1849 1478 1883 proxime
1495 1848 1528 1874 ad
1541 1854 1650 1874 manum
1665 1851 1735 1877 erat,
1748 1847 1869 1881 subliga-

1085 1896 1146 1924 crrla
1162 1895 1213 1923 sibi
1228 1895 1434 1930 comparavisse
1452 1894 1553 1928 quibus
1567 1901 1617 1921 sua
1637 1892 1797 1919 obvelarent
1819 1899 1870 1926 pu-

1086 1942 1173 1969 denda
1186 1961 1193 1973 ,
1207 1948 1239 1968 ea
1261 1949 1326 1968 vero
1338 1948 1370 1968 ex
1387 1940 1508 1968 ficulneis
1526 1940 1598 1967 foliis
1621 1939 1706 1966 fuisse
1731 1939 1801 1965 facta
1828 1942 1870 1965 te—

1089 1992 1178 2015 statur
1191 1987 1250 2022 ipsa
1275 1986 1416 2021 Scriptura
1432 1987 1465 2013 ".
1488 1986 1581 2020 Neque
1605 1986 1677 2012 enim
1702 1984 1791 2012 simile
1814 1984 1870 2011 veri

1087 2036 1176 2068 potest
1190 2032 1353 2064 existimari,
1370 2031 1441 2066 ipsos
1451 2030 1632 2066 praetermissa
1651 2037 1683 2057 ea
1693 2030 1791 2056 artore
1810 2036 1871 2063 quae

1087 2078 1210 2114 proxima
1223 2082 1291 2110 erat,
1316 2077 1348 2105 ad
1371 2077 1451 2104 aliam
1469 2076 1639 2111 longiuscule
1651 2076 1775 2103 dissitam
1796 2075 1871 2102 festi-

1088 2132 1185 2157 nasse;
1198 2131 1230 2151 ex
1243 2124 1322 2158 cujus
1338 2122 1410 2150 follis
1419 2122 1590 2150 concinnatis
1604 2121 1781 2156 subligaculis
1792 2127 1869 2148 suam

1087 2175 1260 2205 contegerent
1287 2169 1449 2196 nuditatem.
1471 2167 1504 2195 Et
1535 2175 1599 2202 ergo
1626 2167 1694 2194 licus
1722 2167 1803 2193 arbor
1826 2166 1872 2193 illa

1089 2216 1210 2244 scientia:
1225 2215 1288 2243 boni
1312 2221 1340 2242 et
1364 2214 1446 2246 mali;
1466 2221 1518 2248 qua
1535 2221 1588 2240 non
1608 2213 1679 2240 vesci
1700 2220 1761 2239 cum
1781 2216 1873 2239 essent

1088 2263 1168 2297 jussi,
1186 2269 1240 2289 non
1257 2264 1405 2296 paruerunt
1421 2259 1521 2286 edicto.
1542 2259 1610 2285 Sunt
1624 2263 1712 2284 tamen
1727 2258 1772 2291 qui
1789 2257 1872 2284 velint

1091 2307 1300 2340 haudquaquam
1323 2305 1403 2331 ticum
1429 2303 1524 2334 fuisse,
1559 2301 1605 2329 sed
1632 2301 1721 2334 potius
1746 2300 1871 2326 arborem

1090 2351 1246 2386 quampiam
1267 2349 1328 2376 novi
1350 2348 1457 2384 generis
1475 2353 1556 2382 atque
1576 2346 1708 2378 inusitati,
1727 2345 1806 2379 longe
1828 2353 1874 2371 re-

1090 2396 1172 2430 liquis
1193 2393 1427 2428 prazstantiorem;
1445 2392 1524 2427 cujus
1545 2392 1678 2418 fructibus
1701 2390 1873 2417 interdictum

1092 2441 1172 2468 fuerit
1187 2441 1313 2466 Adatno:
1332 2439 1413 2472 idque
1445 2439 1497 2465 hac
1519 2437 1651 2472 colligunt
1678 2437 1792 2468 ratione,
1809 2436 1873 2469 quia

1092 2485 1208 2520 peccarit
1229 2484 1314 2510 Adam
1331 2483 1434 2510 edendo
1453 2487 1479 2510 ct
1499 2482 1629 2509 multatus
1658 2481 1704 2508 sit.
1729 2480 1796 2507 Nam
1813 2480 1874 2506 νηι-

1091 2532 1149 2566 gari
1163 2532 1309 2566 (inquiunt)
1328 2531 1417 2558 fructu
1441 2528 1587 2562 vescendo,
1606 2536 1694 2563 neque
1708 2527 1876 2563 peccavisset

1094 2577 1147 2608 ille,
1162 2584 1250 2611 neque
1273 2584 1379 2611 poenam
1396 2576 1614 2602 commeruisset.
1632 2573 1731 2601 Verum
1756 2573 1788 2600 ad
1817 2573 1876 2599 ha:c

1089 2622 1284 2656 respondemus
1300 2630 1307 2648 :
1323 2621 1390 2648 Cum
1416 2628 1460 2648 res
1483 2621 1573 2654 aliqua
1593 2620 1649 2655 lege
1670 2619 1805 2654 prohibita
1822 2623 1875 2648 est.

1090 2675 1144 2694 non
1157 2667 1194 2694 rei
1213 2667 1254 2694 vel
1269 2667 1451 2701 praestantiam
1475 2666 1688 2700 dignitatemque
1715 2664 1754 2690 vel
1775 2664 1876 2691 utilita-

1093 2717 1145 2740 tem
1164 2713 1463 2748 atquc‘indignitatem,
1479 2711 1541 2739 ditm
1557 2716 1604 2738 aut
1622 2711 1712 2738 editur
1728 2715 1775 2737 aut
1793 2709 1877 2736 omit-

1093 2758 1159 2785 titur
1184 2758 1351 2794 quidqnam.
1371 2757 1471 2786 referre
1490 2762 1536 2784 aut
1557 2757 1590 2784 ad
1612 2761 1750 2792 peccatum
1774 2759 1821 2782 aut
1841 2754 1876 2781 ad

1088 2802 1224 2837 justitiam
1246 2803 1287 2830 vel
1310 2803 1344 2830 ad
1366 2810 1472 2831 umnam
1500 2803 1685 2837 prmmiuntvc,
1712 2801 1759 2828 sed
1790 2801 1876 2835 ipsam

1182 2892 1204 2909 δ’
1217 2893 1285 2922 Gen.
1303 2900 1386 2927 xxxtt,
1402 2893 1446 2920 50.
1486 2894 1506 2909 "
1521 2892 1588 2920 Gen.
1604 2900 1643 2925 ιιι,
1661 2892 1684 2920 7.
