2020 3080
177 189 233 225 505

740 192 791 222 DE
809 189 1010 222 PARADISO.
1031 204 1062 209 -
1087 190 1182 222 PARS
1203 191 1226 220 Ι.

1749 194 1803 224 5νό

177 253 264 280 solam
291 250 336 278 hic
367 249 484 284 spectari
516 247 696 276 obedientiam
726 253 753 276 ct
777 248 962 276 rebellionem.
980 251 1001 278 Α
1018 247 1104 275 tbales
1136 247 1223 274 solent
1253 247 1406 274 interimere
1428 253 1476 274 eos
1496 246 1622 282 aquibus
1646 253 1803 276 vorantur:

177 297 258 326 Verbi
277 303 358 324 causa
375 304 383 322 ε
402 295 460 322 Divi
483 294 626 322 Machabasi
645 302 706 322 eum
720 301 734 321 s
746 295 857 329 porcina
879 300 960 321 carne

178 350 241 370 sese
261 342 439 373 abstinerent,
452 348 568 374 eamque
591 340 626 367 ob
641 347 696 366 rem
722 339 837 374 plurima
860 340 958 366 tulera-

178 392 238 414 rent
251 388 333 420 mala,
349 394 402 414 non
430 387 515 421 ipsam
535 385 694 419 spectabant
717 386 822 413 suillam
837 376 977 414 carncm,’

176 440 262 466 eaque
284 440 333 459 ceu
349 432 394 458 vili
418 436 444 458 et
473 432 669 466 euntetnptibili
689 431 750 458 cibo
767 430 958 457 abstinebant:

177 478 224 506 sed
249 478 371 504 divinttm
392 477 536 504 Versabunt
566 477 657 503 animo
691 481 866 510 praeceptum,
887 475 959 510 quod

177 523 267 551 modis
281 524 406 549 omnibus
419 522 468 549 sibi
487 521 696 552 observandum.
714 529 801 554 neque
813 521 868 548 ullo
882 526 960 555 pacto

178 568 383 596 transiliendum
401 568 556 594 statuebant
571 566 603 592 ⁸⁸.
622 567 652 592 Ει
669 571 804 602 martyres
825 572 958 593 tormenta

177 614 291 649 p‘urima
309 618 372 640 sunt
394 613 513 647 pcrpcssi
529 612 593 646 quia
609 613 642 638 de
661 612 757 639 hostiis
775 611 888 638 deorum
910 620 960 646 gu-

176 664 248 687 stare
274 659 452 690 recusabant;
479 667 532 685 non
551 659 623 693 quod
649 658 701 684 cibi
727 658 801 685 illius
828 659 959 685 rationem

176 705 306 732 haberent
324 705 369 737 qui
386 712 418 732 ex
434 705 551 731 victimis
571 705 730 739 parabatur,
745 705 791 731 sed
805 712 838 731 ne
857 713 903 730 sua
919 705 960 738 ip-

176 758 267 778 sorum
295 751 427 778 adversus
456 750 539 778 Deum
569 751 736 778 conscientia
760 751 958 784 polluerentur.

177 797 222 824 Sic
233 797 311 823 divus
324 796 425 824 Paulus
443 797 575 831 permittit
590 796 668 823 nobis
682 801 710 822 ut
726 797 793 822 cibis
811 796 885 822 nullo
898 803 959 822 cum

178 843 335 870 discrimine
363 850 522 874 vescamur,
545 842 678 876 tantisper
697 842 762 868 duttt
790 843 883 874 quales
907 842 961 868 sint

177 889 350 923 ignoramus;
376 895 469 914 verum
486 888 612 915 conscios
623 887 698 922 jubet
713 887 863 917 abstinere.
879 887 960 914 nimi-

179 941 238 960 rum
255 933 316 967 quia
336 941 390 960 non
403 933 429 959 in
450 933 515 966 ipsis
537 933 615 964 cibis,
635 928 680 959 sed
702 932 728 958 in
744 939 838 959 eorum
859 932 904 967 qni
921 932 964 959 bis

178 982 327 1004 vescuntur
341 978 507 1005 conscientia
519 997 526 1010 ,
541 985 584 1004 res
597 977 647 1004 sita
664 981 705 1004 est
718 977 751 1004 ⁸⁸.
768 977 863 1011 Itaque
879 977 963 1004 Adam

177 1030 232 1050 non
249 1031 281 1050 ex
300 1023 406 1050 arboris
420 1023 454 1049 de
483 1031 537 1058 qua
559 1023 678 1057 gustavit
695 1023 782 1056 pretio
800 1022 965 1057 dignitateve

176 1069 285 1104 agnovit
301 1068 428 1095 delictum
445 1076 535 1099 suum,
550 1067 596 1094 sed
610 1075 642 1094 ex
660 1067 718 1101 ipsa
733 1075 780 1094 sua
800 1067 963 1100 rebellione;

177 1114 341 1148 pnnitusque
357 1117 398 1140 est.
416 1113 494 1147 plane
517 1120 570 1140 non
587 1120 636 1147 pro
648 1113 747 1146 gustati
776 1106 832 1140 .cibi
855 1117 963 1144 natura,

176 1159 224 1187 sed
241 1163 351 1194 propter
366 1159 492 1186 violatam
517 1159 613 1194 legem.
627 1159 732 1192 Quippe
750 1158 775 1184 in
792 1159 964 1185 observanda

177 1209 223 1231 aut
255 1204 379 1232 violanda
404 1204 472 1239 lege,
488 1204 578 1231 omnis
601 1204 707 1238 justitia
726 1204 851 1231 consistit
881 1209 963 1238 atque

177 1249 329 1284 injustitia;
349 1257 401 1276 non
418 1255 506 1276 autem
524 1249 551 1276 in
568 1257 598 1276 ea
617 1256 646 1276 re
662 1249 696 1275 de
708 1256 758 1283 qua
777 1248 818 1275 lex
838 1249 895 1282 ipsa
912 1249 963 1276 luta

175 1299 226 1322 est.
258 1295 319 1322 Fuit
339 1295 422 1329 igitur
446 1295 514 1322 ﬁcus
546 1295 627 1322 arbor
644 1295 689 1321 illa
717 1294 838 1322 scientia!
861 1295 923 1321 boni
938 1291 965 1322 ει

176 1341 253 1374 mali,
267 1341 300 1368 de
313 1349 366 1376 qua
391 1341 551 1368 vescebatur
571 1341 700 1368 Adamns.
719 1340 766 1366 llic
784 1348 880 1367 rursus
894 1341 964 1376 obji—

175 1387 229 1414 ciet
241 1387 339 1421 aliquis
351 1395 358 1413 :
372 1385 400 1414 Si
413 1391 525 1414 mortem
545 1387 635 1413 attulit
651 1386 714 1412 Adae
737 1390 843 1421 gustata
865 1387 960 1418 arbor.

175 1432 274 1459 merito
302 1439 357 1466 prq
371 1432 505 1459 homicida
533 1432 656 1458 habenda
692 1431 791 1466 Deique
811 1432 888 1458 DOSle
904 1437 963 1464 est;

175 1484 239 1504 cum
257 1477 301 1504 ltic
323 1459 457 1504 Atlamum
477 1477 628 1504 condiderit
642 1478 751 1511 vitaque
769 1477 887 1507 donarit.
914 1477 959 1503 illa

178 1522 324 1558 perdiderit
342 1529 369 1550 et
394 1523 478 1550 vitam
503 1523 643 1557 eripuerit.
667 1522 719 1549 Sed
746 1522 779 1548 ad
805 1522 857 1549 hoc
887 1522 964 1549 facile

178 1568 367 1603 respondetur,
387 1575 440 1595 non
455 1568 570 1595 arboren
587 1567 633 1594 sed
650 1568 824 1594 rebellionem
841 1568 963 1595 attulisse
977 1588 998 1616 ϐ

177 1618 291 1641 mortem
319 1614 432 1640 Adamo.
456 1612 524 1639 Nam
551 1618 578 1640 et
603 1614 629 1640 in
654 1613 711 1647 lege
741 1612 894 1640 scribitur:
911 1612 963 1645 Qui

176 1658 323 1685 maledictis
345 1666 406 1684 usus
421 1657 543 1691 fueritjn
555 1662 654 1692 patrem
669 1662 715 1684 aut
732 1664 842 1684 matrem
865 1658 964 1684 maria-

178 1709 221 1730 tur
233 1703 268 1730 “.
282 1702 366 1730 Nemo
379 1707 469 1730 tamen
493 1703 596 1730 dixerit
620 1703 677 1737 ipsa
700 1703 856 1736 maledicta,
874 1705 898 1730 ei
915 1703 962 1738 qtti

177 1749 244 1784 ipsis
263 1753 403 1782 parentem
430 1749 590 1780 insectatur,
615 1753 727 1775 mortem
746 1749 878 1783 inﬂigere,
902 1749 964 1775 ani-

177 1801 303 1829 mamque
321 1793 381 1828 ejus
399 1801 414 1820 a
430 1801 544 1828 corpore
556 1793 683 1820 divellere
698 1802 706 1820 :
724 1793 770 1820 sed
787 1793 962 1828 impietatem,

173 1839 215 1875 ili
240 1846 301 1865 esse
325 1837 421 1865 tnortis
441 1845 565 1865 causam.
585 1838 624 1864 Ad
644 1838 706 1868 hoc.
720 1838 747 1864 in
765 1837 866 1869 lloreb,
890 1843 965 1864 mors

178 1885 396 1920 przrstituebatur
419 1885 536 1919 populo,
553 1884 676 1918 quisquis
694 1891 770 1911 oram
795 1884 896 1910 mottlis
922 1883 964 1910 Si-

178 1929 223 1956 nni
256 1929 423 1963 contingeret
442 1929 463 1944 "
482 1937 489 1955 :
509 1928 718 1963 haudquaquam
750 1934 839 1955 tamen
865 1929 962 1956 existi-

179 1974 307 2000 mandnut
332 1978 383 2005 est,
400 1981 414 2000 a
431 1979 521 2000 monte
547 1973 620 2000 Sittai
648 1982 812 2008 quemquam
841 1974 962 2002 occisum

177 2026 249 2050 esse,
266 2019 312 2046 sed
326 2019 414 2052 potius
430 2027 444 2045 a
460 2024 595 2053 praecepto
618 2019 727 2046 violato.
745 2019 863 2054 Denique
879 2020 901 2046 si
917 2028 963 2047 rex

178 2063 288 2098 aliquis,
304 2064 413 2090 civitate
434 2065 484 2090 hac
499 2068 544 2089 :utt
571 2064 631 2095 illa,
648 2063 730 2091 alicui
754 2064 806 2091 suh
830 2065 964 2099 sttpplicio

179 2109 285 2143 capitali
301 2109 481 2139 interdixerit,
499 2109 603 2135 accidat
625 2116 704 2143 porro
720 2114 749 2136 ut
770 2109 792 2136 is
809 2117 841 2136 ea
857 2110 964 2137 civitate

180 2159 233 2179 non
258 2152 408 2183 abstineat,
426 2160 457 2178 ac
475 2153 586 2186 proinde
612 2153 698 2187 capite
712 2153 864 2187 puniatura
882 2161 963 2188 rege:

179 2197 242 2232 quis
268 2197 343 2223 illum
371 2197 498 2224 dixerita
514 2197 623 2224 civitate
641 2197 816 2225 interfectum
836 2206 907 2231 esse,
933 2207 965 2226 ac

181 2250 235 2269 non
262 2243 355 2276 potius
373 2250 421 2269 sua
438 2242 526 2277 ipsum
550 2243 697 2270 rebellione
724 2244 858 2278 periisse?
873 2243 965 2279 Neque
982 2240 1003 2268 Ι)

179 2295 244 2314 vero
264 2295 363 2314 manna
380 2287 576 2321 lsraelitarum,
590 2290 662 2323 quod
679 2289 788 2316 Sabbali
813 2295 890 2316 nocte
906 2298 965 2317 ser-

180 2339 270 2361 vatum
290 2340 342 2360 non
359 2334 541 2368 putrescebat,
559 2334 671 2367 reliquis
688 2342 752 2362 vero
769 2335 892 2362 noctibus
903 2343 965 2362 cor-

180 2379 376 2412 rumpebatur;
395 2379 435 2405 vcl
463 2380 520 2414 ipsa
547 2378 659 2407 Sabbati
681 2388 734 2406 nox
762 2382 903 2412 servabat,
925 2380 965 2408 vel

179 2429 282 2450 (atterat
309 2424 455 2457 perdebant
481 2433 488 2451 :
516 2425 563 2452 sed
581 2433 613 2452 ex
647 2425 789 2452 observato
813 2426 966 2461 viciamque

180 2473 314 2504 praecepto
331 2477 373 2496 res
389 2474 444 2496 una
469 2471 601 2504 pendebat
618 2471 651 2498 ".
665 2471 723 2497 Non
751 2471 832 2505 igitur
857 2472 961 2498 Ad'amo

181 2514 221 2540 γει
237 2514 329 2545 arbor,
346 2515 386 2540 vel
402 2519 524 2548 gustatus
538 2515 644 2543 fructus
660 2520 772 2543 tnorlem
789 2516 902 2551 peperit,
918 2517 965 2544 sed

181 2558 239 2592 ipsa
254 2557 375 2584 rebellio.

216 2605 349 2630 (.‘tetcrutn
370 2603 536 2631 Pliiloxenus
563 2604 735 2639 Mabngensis
751 2607 777 2632 iu
791 2613 822 2632 ca
842 2611 883 2633 est
901 2615 961 2634 scn-

182 2649 276 2681 tentia,
294 2654 322 2675 ut
347 2654 422 2683 putet
450 2657 538 2684 neque
564 2651 689 2677 arborem
716 2651 786 2677 illam
813 2651 963 2679 fructumvc

181 2698 318 2729 gustatum
338 2694 464 2721 attulisse
488 2700 604 2722 ntortem
628 2696 722 2729 primis
743 2697 901 2730 parentibus
918 2706 924 2725 :
940 2698 964 2725 si

181 2739 266 2771 enim,
287 2739 387 2774 inquit,
400 2747 462 2766 esca
483 2740 523 2767 sic
538 2740 598 2767 illos
613 2746 762 2773 cneraSsct,
777 2747 806 2768 ut
824 2742 912 2769 herba:
928 2743 964 2770 Ie-

219 2839 272 2877 ‘f‘ll
291 2840 376 2877 Maeli.
395 2849 419 2867 VI
439 2845 467 2868 et
483 2849 538 2872 vtt;
558 2841 643 2868 Levii.
660 2850 683 2868 xt
699 2851 705 2873 ;
721 2842 799 2869 Dent.
816 2850 870 2869 atv.
888 2843 908 2859 ⁸⁵
927 2843 935 2869 l
956 2844 963 2868 l

1014 2863 1016 2869 ν
1037 2851 1062 2874 x.
1079 2844 1113 2870 τὶῦ
1127 2851 1204 2877 seqq.

186 2874 209 2891 “
225 2875 309 2903 Exod.
323 2883 378 2909 xvi,
398 2876 428 2902 Η
445 2883 537 2910 scqq.;
551 2877 632 2903 Num.
646 2884 682 2909 χι,
698 2878 729 2911 7;
747 2878 822 2904 Dcut.
841 2885 897 2909 \‘lll,
919 2879 957 2905 I6.

1015 293 1065 321 soli
1081 292 1131 324 illi,
1152 293 1191 319 vel
1208 297 1264 320 tum
1280 300 1342 319 cum
1359 293 1547 325 vescebantur,
1565 293 1604 320 vel
1620 298 1681 327 post
1694 295 1802 329 oppeti-

1012 339 1117 366 vissent
1138 342 1264 365 mortem.
1283 337 1375 372 Neque
1404 345 1498 365 rursus
1526 339 1561 365 ob
1583 339 1667 366 solam
1684 340 1796 366 rebellio

1013 393 1075 412 nem
1095 385 1157 412 illos
1172 390 1284 411 mortem
1298 385 1444 412 incurrisse
1461 393 1468 412 :
1483 385 1700 419 quandoquidem
1720 385 1802 413 David

1014 431 1104 457 tribus
1132 430 1220 458 modis
1255 431 1457 464 prmvaricatus,
1479 438 1527 465 per
1553 430 1726 463 adulterium,
1752 438 1803 465 per

1013 475 1092 508 iram,
1109 484 1156 510 per
1172 476 1359 506 homicidium,
1378 484 1429 503 non
1453 481 1541 502 tamen
1557 476 1665 509 punitus
1680 479 1731 508 est,
1757 475 1803 502 sed

1013 521 1173 548 delictorum
1196 522 1309 554 gratiam
1325 529 1339 546 a
1360 520 1414 547 Deo
1432 524 1596 547 consecutus
1613 528 1619 546 :
1641 527 1736 546 verum
1763 519 1805 547 di--

1013 566 1134 592 vinitatis
1151 565 1347 592 aﬂectatioucm
1368 565 1451 592 fuisse
1471 565 1525 592 illis
1549 572 1659 592 causam
1688 565 1804 592 mortis.

1013 611 1100 638 Simul
1123 615 1204 645 atque
1225 611 1296 637 enim
1316 611 1437 645 (inquit)
1451 611 1482 637 ad
1504 611 1585 637 Eram
1611 610 1726 637 dixisset
1744 617 1806 637 serv

1013 663 1080 691 petis
1096 664 1103 682 :
1120 655 1203 682 Erilis
1222 657 1290 682 sicut
1301 656 1350 687 dii,
1368 657 1478 683 scientes
1489 656 1550 683 boni
1564 660 1588 683 et
1604 656 1669 682 ntali
1681 657 1715 687 δ’,
1731 656 1753 682 si
1770 656 1802 682 de

1013 702 1056 729 illa
1069 703 1165 729 arbore
1177 702 1359 734 gustaveritis,
1385 702 1515 737 evestigio
1539 702 1595 734 illa,
1609 702 1725 729 maxima
1739 709 1802 728 cum

1013 747 1151 779 aviditate,
1167 752 1277 781 accepto
1300 747 1389 774 fructu
1415 748 1596 775 vescebatur:
1611 755 1696 782 quare
1709 747 1802 774 existi-

1014 792 1140 819 mandum
1162 800 1214 819 non
1228 798 1280 825 cst,
1298 793 1350 820 cibi
1368 793 1442 820 illius
1474 800 1570 828 sapore
1587 793 1702 819 illectam
1720 791 1801 818 Evam

1015 837 1130 864 \iulasse
1145 837 1287 871 imperium
1312 837 1369 868 Dei,
1385 838 1431 865 sed
1447 838 1519 872 quod
1537 841 1659 872 speraret
1681 844 1710 864 sc
1722 837 1801 864 dcam

1015 882 1083 911 fore.
1097 882 1324 917 divinitatentque
1352 883 1502 916 all'ectaret,
1519 888 1546 910 et
1567 883 1654 917 ipsam
1674 883 1763 910 edisse
1776 887 1804 909 ct

979 923 1074 954 Bviro
1097 928 1262 960 porrexisse.
1285 928 1338 955 Sed
1364 936 1452 963 neque
1476 928 1611 955 Adamum
1639 933 1686 956 attt
1713 928 1802 956 [ructu

1015 973 1135 1006 ciboque
1164 972 1211 999 illo
1237 973 1386 1000 inescatam
1424 973 1606 1001 transilivisse
1629 979 1803 1008 prtcccptum,

1014 1024 1076 1044 cum
1101 1022 1193 1045 essent
1206 1018 1234 1045 in
1252 1019 1379 1052 paradiso
1397 1019 1522 1052 plurima:
1544 1019 1657 1046 arbores
1671 1019 1730 1046 alia:
1745 1019 1805 1054 qni-

1015 1063 1066 1090 bus
1091 1064 1142 1090 sibi
1167 1064 1304 1091 libidinem
1327 1064 1360 1098 (si
1389 1072 1420 1090 ca
1450 1065 1537 1099 ipsum
1566 1068 1638 1091 tanta
1664 1065 1805 1098 tenuisset)

1015 1108 1152 1134 exsatiare
1172 1109 1313 1142 potuisset,
1331 1113 1378 1135 aut
1395 1109 1508 1136 omnino
1525 1109 1606 1136 ullius
1620 1117 1689 1136 escae
1705 1111 1803 1143 gratia.

1015 1159 1107 1188 spreto
1126 1159 1208 1189 atque
1235 1155 1358 1188 nt‘ttlcclo
1374 1155 1427 1182 Deo
1442 1155 1582 1182 conditore
1596 1156 1804 1188 suo,olilempc-

1016 1199 1122 1225 ravisse
1150 1199 1280 1227 insidioso
1305 1201 1420 1227 dannnni
1441 1208 1448 1225 :
1469 1200 1516 1228 sed
1537 1200 1692 1234 perculsum
1720 1200 1802 1226 ctiatu

1016 1242 1103 1276 ipsum
1136 1243 1287 1270 divinitatis
1319 1244 1469 1271 ambitione
1502 1244 1705 1278 praevaricatum
1733 1251 1806 1275 esse.

1015 1288 1101 1320 deque
1116 1288 1197 1315 vetita
1210 1290 1306 1316 arbore
1320 1290 1419 1316 edisse.
1433 1289 1487 1316 Nisi
1504 1289 1576 1316 enim
1598 1289 1642 1316 illa
1662 1289 1806 1316 aﬂectione

1015 1334 1202 1368 perturbatum
1219 1334 1341 1362 animum
1361 1335 1519 1367 habuisset,
1540 1335 1637 1367 inqttil,
1653 1335 1731 1362 facile
1746 1335 1805 1362 ha-c

1017 1385 1100 1415 atque
1117 1380 1273 1414 hujusntodi
1288 1381 1339 1408 alia
1352 1381 1525 1416 opposuisset.
1538 1380 1615 1407 uxdri
1627 1385 1784 1416 argumenta
1796 1387 1804 1407 :

1015 1424 1070 1452 Cur
1087 1432 1140 1451 non
1159 1433 1270 1459 serpens
1290 1425 1334 1458 qui
1358 1426 1438 1453 nobis
1457 1425 1625 1452 di\initatcm
1645 1433 1679 1451 ex
1707 1425 1805 1452 arbore

1015 1473 1121 1504 gustata
1145 1470 1289 1504 promittit,
1303 1470 1360 1504 ipse
1381 1471 1455 1504 prior
1469 1471 1534 1501 edit,
1555 1471 1678 1504 deusque
1701 1470 1806 1497 evasit?

1014 1513 1073 1541 Jam
1090 1522 1153 1542 vero
1166 1523 1253 1549 neque
1269 1521 1305 1546 te,
1320 1520 1350 1542 ut
1368 1516 1459 1546 edisti,
1489 1515 1568 1542 deam
1588 1515 1686 1542 factam
1704 1516 1804 1543 video:

1015 1559 1060 1594 qui
1083 1559 1185 1593 possim
1201 1567 1264 1594 ergo
1285 1560 1341 1593 ipse
1355 1560 1521 1587 divinitatem
1539 1567 1650 1594 sperare
1665 1559 1687 1586 si
1703 1559 1780 1586 edam
1794 1559 1805 1585 τ

1016 1605 1057 1637 Et,
1073 1605 1119 1640 qui
1140 1605 1228 1632 valeat
1243 1605 1334 1637 arbor,
1347 1613 1407 1640 qua:
1423 1606 1504 1632 etiam
1523 1605 1620 1640 spiritu
1634 1609 1718 1636 caret,
1736 1605 1804 1632 deos

1015 1649 1120 1677 ellicere
1143 1650 1188 1684 qui
1213 1658 1242 1678 se
1267 1650 1433 1678 vescantur?
1449 1651 1528 1685 qttasi
1551 1658 1614 1677 vero
1640 1658 1720 1678 suum
1745 1650 1804 1684 ipsa

1016 1698 1127 1728 superet
1150 1694 1323 1721 cll'cctorcml
1345 1695 1441 1722 \‘erum
1460 1695 1526 1722 nihil
1543 1695 1594 1722 tale
1609 1694 1747 1729 respondit
1761 1695 1805 1721 ille

1016 1739 1105 1771 uxori,
1118 1746 1206 1773 neque
1221 1747 1283 1766 cum
1299 1740 1357 1775 ipsa
1386 1745 1427 1767 est
1439 1747 1468 1767 ea
1483 1740 1517 1767 de
1537 1748 1565 1767 re
1580 1732 1803 1775 arguunt-litatum

1016 1784 1145 1811 nimirum
1171 1786 1218 1820 qui
1240 1785 1320 1812 etiam
1339 1786 1398 1820 ipse
1411 1785 1560 1813 divinitatis
1574 1786 1700 1820 cupidine
1717 1786 1804 1813 victus

1016 1838 1063 1864 per
1081 1830 1235 1857 vecordiam
1263 1831 1416 1858 tenebatur.
1440 1831 1561 1858 Eilicitur
1583 1831 1693 1865 itaque,
1717 1839 1804 1865 nequc

1016 1876 1141 1903 arborem
1153 1876 1294 1903 arborisve
1309 1876 1425 1904 fructum
1444 1877 1484 1903 vcl
1497 1885 1598 1908 escam,
1615 1884 1701 1910 neque
1716 1877 1804 1904 rebel-

1015 1921 1113 1949 lionem
1130 1922 1252 1949 attulisse
1268 1922 1363 1956 primis
1375 1921 1476 1949 nostris
1497 1921 1654 1956 parentibus
1669 1921 1795 1954 exitium,

1015 1968 1062 1993 sed
1089 1968 1179 2002 ipsum
1205 1975 1301 1995 eorum
1327 1968 1450 1995 animum
1475 1975 1530 2002 quo
1545 1967 1803 2002 prtevaricabantur,

1019 2014 1072 2041 hoc
1089 2019 1140 2045 est.
1156 2014 1241 2048 ipsam
1257 2014 1408 2041 divinitatis
1426 2014 1612 2041 ambitionem.
1628 2013 1694 2040 Nam
1709 2013 1804 2040 eadem

1022 2060 1172 2087 ambitione
1187 2060 1312 2087 diabolus
1331 2067 1439 2094 quoque
1461 2067 1523 2087 cum
1545 2059 1602 2087 suis
1626 2059 1713 2094 copiis
1736 2060 1805 2086 delia

997 2142 999 2144 η
1014 2107 1071 2141 quit
1087 2115 1093 2132 :
1111 2106 1219 2133 diccbat
1227 2106 1298 2132 enim
1312 2114 1320 2134 :
1334 2105 1435 2132 Ponant
1446 2106 1534 2133 sedem
1548 2113 1721 2139 meamsupru
1743 2107 1806 2132 uel.

1015 2151 1055 2177 las
1076 2150 1133 2180 Dei.
1150 2155 1174 2177 et
1190 2158 1233 2177 ero
1244 2151 1338 2177 similis
1349 2150 1486 2177 Αιιίειίηιο
1498 2151 1520 2167 ⁸ο
1532 2159 1540 2184 ;
1554 2155 1635 2185 atqtte
1649 2151 1683 2177 ob
1700 2151 1749 2178 hoc
1765 2152 1806 2186 ip-

1016 2203 1074 2223 sum
1083 2200 1221 2230 peccatum
1233 2196 1303 2222 cmlo
1315 2196 1449 2223 deturbati
1459 2197 1671 2230 prmcipitatique
1680 2201 1743 2223 sunt
1755 2196 1803 2223 illi.

1054 2240 1191 2268 [lactentis
1213 2241 1391 2268 Philoxettus.
1418 2241 1471 2268 Sed
1497 2249 1546 2269 tios
1568 2241 1695 2274 dicimus,
1719 2241 1803 2276 ipsam

1018 2287 1269 2322 praevaricationem
1297 2286 1380 2314 fuisse
1394 2295 1503 2315 causam
1521 2288 1615 2314 mortis
1629 2287 1748 2319 Adamo,
1765 2288 1804 2314 id-

1017 2342 1070 2368 que
1085 2334 1191 2360 duabus
1217 2333 1370 2360 rationibus
1395 2334 1617 2368 comprobamus,
1633 2341 1748 2368 quarum
1771 2340 1804 2360 ex

1019 2380 1065 2406 Dci
1097 2380 1180 2406 verbo
1203 2384 1312 2413 sumpta
1353 2379 1409 2406 hmc
1432 2385 1484 2406 cst.
1501 2379 1611 2406 Dicubat
1634 2379 1706 2406 cnim
1734 2378 1805 2406 Deus

1017 2426 1122 2451 Adamo
1139 2433 1145 2451 :
1165 2423 1222 2456 Quo
1240 2425 1282 2450 die
1301 2424 1444 2450 comederis
1469 2428 1496 2450 tu
1519 2425 1549 2450 de
1568 2423 1671 2455 arbore,
1696 2428 1805 2450 mortem

1016 2479 1037 2503 ο,
1049 2475 1119 2505 petes
1132 2470 1166 2497 ⁵“.
1182 2470 1272 2496 Altera
1286 2469 1344 2497 hac
1357 2475 1399 2496 est
1411 2478 1419 2497 ε
1433 2469 1460 2496 Si
1476 2470 1625 2497 divinitatis
1641 2477 1689 2504 spe
1703 2470 1804 2503 oblata,

1016 2514 1121 2541 (lme"
1137 2522 1190 2541 non
1204 2513 1336 2548 quivissct
1361 2513 1493 2540 Adamum
1511 2521 1594 2548 atque
1614 2513 1695 2540 Evam
1723 2513 1804 2541 scdu-

1015 2568 1086 2591 ρει-ο,
1104 2559 1196 2593 procul
1213 2559 1296 2586 dubio
1312 2559 1515 2586 immortalitate
1531 2560 1663 2594 promissa
1680 2560 1806 2594 impulis-

1019 2610 1059 2632 set
1073 2604 1105 2631 ad
1128 2605 1358 2639 praevaricandum
1379 2614 1386 2638 ;
1415 2605 1543 2639 atqueita
1574 2606 1670 2640 quovis
1696 2605 1803 2632 laudent

1018 2652 1098 2678 modo
1127 2652 1163 2678 illi
1180 2651 1339 2678 incidissent
1360 2651 1385 2678 itt
1408 2657 1522 2679 mortem
1541 2652 1639 2679 violato
1655 2653 1698 2678 Dei
1721 2652 1805 2686 impc-

1018 2697 1068 2729 rio,
1082 2704 1162 2732 quam
1179 2698 1235 2732 ipse
1251 2699 1337 2724 fuerat
1347 2698 1387 2724 eis
1400 2697 1598 2730 comminatus;
1615 2697 1726 2732 fregisse
1740 2705 1805 2731 ergo

1019 2747 1183 2777 pra-ceptum
1212 2742 1269 2774 Dei,
1286 2742 1337 2769 l'uit
1361 2743 1426 2778 ipsis
1438 2743 1516 2770 exitii
1542 2751 1634 2771 causa.
1664 2742 1716 2770 Sed
1741 2750 1802 2775 cur,
1845 2776 1851 2783 _

1244 2844 1265 2859 “
1284 2843 1366 2870 Exod.
1385 2851 1441 2874 xxi,
1463 2844 1502 2870 17.

1242 2879 1265 2894 ⁵⁸
1278 2879 1329 2906 lsa.
1348 2887 1401 2911 xw,
1415 2879 1455 2906 li.

1542 2845 1563 2859 "
1581 2844 1665 2871 Exod.
1682 2853 1736 2877 xtx,
1756 2845 1799 2872 l2.

999 2878 1020 2893 "‘
1035 2879 1101 2905 Gi-u.
1117 2886 1159 2910 tn,
1177 2878 1202 2905 5.
1242 2879 1265 2894 ⁸⁸
1278 2879 1329 2906 lsa.
1348 2887 1401 2910 xtv,
1415 2879 1455 2906 li.
1495 2879 1514 2893 “
1532 2879 1597 2906 Gen.
1613 2887 1642 2910 tt,
1665 2879 1705 2905 17.
