2020 3080
96 186 149 218 569

662 189 711 220 DE
732 188 934 220 PAllADlSO.
956 202 991 208 -
1009 189 1106 220 PARS
1127 189 1153 220 ῐ.

1671 187 1732 221 510

96 248 182 271 tuum.
201 243 252 271 Pro
269 243 438 272 cohortando
457 244 540 280 igitur
566 244 670 272 Adamo
683 245 716 272 ad
732 246 884 280 obsequen-
900 249 921 278 Α
938 245 1061 279 duraret,
1084 246 1136 272 hac
1160 247 1268 280 gustata
1296 243 1423 272 eraderet
1446 243 1630 271 immortalis?
1646 243 1730 278 Igitur

93 289 159 317 dum
186 290 247 324 legi,
278 295 375 317 vocata
396 294 438 317 est
466 291 547 318 arbor
579 291 624 318 illa
651 292 713 319 vitae
736 292 828 324 arhor,
859 297 889 319 ut

93 341 226 370 quantum
241 337 336 363 mortis
356 337 465 364 nomine
484 345 499 363 a
514 337 669 364 rebellando
680 338 866 365 deterreretur
879 358 886 369 ,

97 385 204 407 tantum
221 381 282 407 vita:
297 381 430 408 vocabulo
451 381 483 408 ad
509 381 659 416 parendum
687 381 886 415 impelleretur;

100 433 189 460 eaque
209 428 294 461 gratia
318 428 457 461 prtemium
485 435 595 462 quoque
616 428 694 462 plane
719 435 752 454 ex
774 428 887 454 adverso

96 480 184 508 preme
205 473 392 508 responderet,
408 479 436 501 et
453 474 506 501 vita
530 475 620 501 morti.
635 473 709 500 Hane
725 474 885 500 sententiam

94 519 191 554 probat
205 520 286 546 etiam
303 520 380 547 divus
403 521 530 552 Severus,
546 521 669 547 oratione
697 520 741 552 55,
769 520 800 546 de
827 519 886 554 epi-

95 565 216 597 thronio,
233 566 279 592 ubi
293 565 326 593 de
343 574 424 593 cruce
447 566 547 594 Christi
575 567 689 600 loquens
715 567 752 593 ait
770 574 777 591 τ
795 566 886 593 Altera

94 618 161 637 vero
176 610 220 637 illa
233 611 304 643 (vita:
317 611 440 637 arborem
458 611 530 645 dico)
549 611 662 645 gloriam
681 610 745 637 Adae
764 610 885 644 paritura

93 660 162 687 erat,
179 656 231 682 nisi
266 657 310 683 ille
343 656 525 690 intempestivi
548 657 677 691 cupidine
712 656 765 682 eihi
785 655 883 686 rictus,

95 708 149 728 non
167 702 303 736 paruisset
322 702 421 729 edicto.
437 707 489 730 etc.
508 703 542 729 At
559 703 630 729 enim
656 707 758 736 qua'ret
774 702 884 735 aliquis,

94 754 145 774 cur
163 754 215 774 non
235 748 326 782 potius
341 755 465 783 regnum,
484 753 531 775 aut
550 748 705 782 incorrupta
728 747 884 774 immutabi-

94 793 182 828 lisque
197 794 318 821 conditio
343 795 404 821 vitm
417 795 550 830 promissa
566 794 601 822 sit
613 794 687 826 Adae,
701 793 722 820 si
741 793 810 821 foret
826 800 884 819 mo-

94 839 211 875 rigerus.
228 840 279 866 Sed
297 840 494 874 respondemus
521 848 649 875 capacem
667 840 741 866 illum
760 840 884 874 perfectae

94 883 259 918 disciplina,
275 885 355 911 simul
372 890 454 919 atque
466 885 591 912 conditus
606 890 672 916 erat,
688 892 749 912 esse
766 892 819 911 non
837 892 884 918 po-

95 929 180 957 luisse
200 929 262 964 (ιν).
289 929 316 956 Si
332 931 403 957 enitn
422 935 482 965 post
498 931 650 957 universam
677 930 749 957 illam
775 930 842 965 legis
862 935 888 957 et

93 966 288 1008 prophetarum
304 975 467 1008 doctrinam,
482 975 637 1002 Jndzeorum
656 976 765 1009 quidam
778 976 806 1003 in
820 975 889 1003 Sad-

93 1019 265 1052 duca‘orum,
280 1024 309 1046 ut
324 1026 434 1053 vocant,
459 1025 560 1047 sectam
580 1021 698 1056 prolapsi
714 1027 789 1054 sunt,
813 1029 888 1048 mor-

95 1068 264 1100 tuorumque
291 1067 521 1094 resurrectionem
546 1071 574 1094 et
595 1067 647 1094 alia
669 1074 736 1094 sana
761 1067 887 1102 dogmata

93 1115 229 1145 negarunt
257 1120 263 1138 :
304 1117 408 1146 quanto
439 1113 526 1147 magis
560 1113 771 1140 existimandum
807 1113 888 1140 fuerit

93 1157 240 1189 Adamum,
256 1157 281 1184 in
296 1157 356 1192 ipso
375 1159 465 1185 statim
479 1158 626 1186 creationis
642 1166 698 1185 sua:
716 1159 884 1191 rudimento,

94 1202 252 1235 incapacem
269 1202 353 1230 fuisse
376 1203 508 1231 absoluta:
523 1203 596 1231 illius
612 1204 742 1231 doctrinm
754 1212 806 1239 qua
824 1212 886 1238 per-

95 1248 206 1275 suaderi
237 1248 388 1282 quivisset,
414 1257 525 1277 manere
549 1250 657 1285 aliquod
674 1250 792 1277 sublime
817 1258 887 1285 prae-

94 1295 179 1321 mium
205 1302 252 1322 ces
276 1296 321 1329 qui
350 1296 434 1323 Deum
468 1301 610 1329 amarent,
636 1302 887 1332 przeeeptorumque

96 1340 157 1374 ejus
184 1340 362 1369 observantes
388 1346 497 1372 essent;
530 1343 618 1377 ipsum
649 1350 744 1377 nempe
777 1343 888 1370 cceleste

94 1387 231 1421 regnum?
265 1387 392 1414 Profecto
416 1388 528 1416 ntlilins
555 1393 663 1415 nostros
683 1396 751 1422 quos
773 1389 887 1415 tenellos

95 1432 130 1460 ad
156 1433 248 1460 ludum
274 1433 437 1460 litterarium
471 1434 604 1461 mittimus
630 1434 806 1465 erudiendos,
824 1434 887 1468 quia

95 1478 205 1513 ingenio
225 1478 315 1506 adlmc
331 1479 390 1506 rudi
408 1484 482 1512 sunt,
500 1484 526 1506 et
542 1479 662 1506 nondum
680 1480 816 1511 absoluto,
834 1487 887 1506 non

95 1524 287 1559 hujuscemodi
316 1525 404 1552 verbis
419 1526 617 1559 prosequimur
633 1532 640 1552 :
659 1525 678 1556 Ι,
710 1525 743 1552 da
776 1533 887 1559 operam

95 1571 207 1603 litteris,
232 1576 260 1597 ιιι
288 1571 314 1597 in
331 1572 418 1597 virum
435 1571 594 1606 prudentctn
617 1576 698 1606 atque
715 1572 844 1603 doctum,
861 1577 888 1598 et

95 1617 268 1653 popularium
291 1621 401 1644 tuorum
430 1619 573 1652 primatem
593 1617 692 1645 evadas
706 1627 713 1645 :
727 1618 774 1645 sed
804 1619 887 1645 meris

95 1664 237 1691 blanditiis
255 1665 288 1691 ad
315 1664 543 1699 frequentandum
572 1664 663 1691 ludum
691 1664 888 1699 discendasque

96 1710 203 1737 litteras
243 1710 428 1742 cohortamur,
457 1715 482 1737 et
520 1711 675 1737 inducimus
694 1719 701 1737 :
719 1712 754 1737 ita
784 1711 888 1738 Adamn

97 1764 205 1791 quoque
237 1756 318 1788 Deus,
337 1765 432 1784 recens
448 1765 462 1784 a
477 1765 505 1785 se
517 1757 638 1785 conditio
656 1758 740 1792 legem
766 1758 888 1792 praescri-

97 1802 188 1834 bebat,
207 1809 255 1836 per
269 1810 350 1837 quam
372 1810 401 1830 se
423 1803 540 1830 revereri
564 1804 694 1835 disceret,
710 1811 824 1838 eamque
848 1804 887 1830 lc-

97 1856 157 1883 gcm
172 1849 193 1875 si
211 1848 370 1881 transiliret,
384 1854 498 1876 tnorteut
515 1849 692 1876 denuntiabat
706 1859 712 1876 :
732 1850 772 1877 sin
794 1849 888 1876 obser-

96 1898 191 1927 \‘aret,
215 1902 412 1922 concessurum
433 1903 463 1922 se
485 1896 536 1930 ipsi
558 1896 735 1930 promittebat
759 1896 885 1922 arborem

96 1939 170 1970 vitaz,
185 1939 218 1965 de
233 1947 286 1974 qua
301 1939 345 1966 ubi
360 1943 508 1973 gustassrt,
521 1939 635 1974 adeptus
653 1939 885 1966 immortalitatem

96 1984 219 2012 victurus
241 1990 313 2012 esset
334 1985 416 2011 vitam
439 1985 642 2019 sempiternam.
659 1983 717 2011 Non
737 1992 802 2019 ergo
825 1984 886 2012 rudi

98 2032 190 2060 adhuc
204 2038 229 2060 et
243 2032 353 2059 indocili
370 2032 474 2059 homini
490 2032 614 2059 diccbat?
632 2031 749 2059 Daturus
764 2040 824 2059 sum
838 2032 885 2059 tibi

94 2077 220 2113 jussibns
245 2077 311 2104 meis
334 2077 439 2110 parenti
460 2076 571 2103 cmlcste
593 2083 726 2110 regnum;
744 2076 791 2103 scd
806 2076 887 2102 arbo-

97 2130 155 2150 rem
173 2121 256 2148 veluti
273 2121 359 2155 digito
369 2121 530 2149 ostendebat
547 2127 654 2148 amoena
675 2121 765 2155 specie
783 2121 887 2155 appeti-

98 2171 191 2202 hilcm,
208 2169 352 2204 fructuque
369 2174 504 2203 comptam
524 2176 586 2200 suo,
618 2176 700 2203 quam
727 2169 788 2195 vita
805 2168 885 2194 arbo-

98 2223 155 2242 rem
176 2215 299 2246 renabat,
315 2215 506 2250 morigeroque
523 2214 560 2241 illi
576 2214 748 2249 promittebat
772 2213 831 2240 fore
857 2217 886 2240 ut

940 300 971 318 ex
991 292 1023 319 iis
1048 300 1108 326 quu-
1128 291 1183 325 jam
1210 290 1281 318 dicta
1305 294 1379 322 sunt,
1398 290 1501 317 clarum
1517 295 1575 322 est,
1593 290 1654 316 ideo
1669 289 1731 316 vita:

939 329 1037 364 nomen
1058 344 1072 363 a
1090 336 1144 363 Deo
1169 336 1261 362 arbori
1287 335 1325 362 illi
1341 343 1401 363 esse
1425 335 1551 366 inditum,
1568 339 1596 362 ut
1619 342 1652 362 eo
1676 343 1729 362 nun

939 383 1032 410 minus
1045 383 1179 409 Adamum
1191 382 1224 408 ad
1239 382 1437 409 observandam
1450 381 1507 416 jatn
1530 386 1586 408 tum
1606 381 1730 416 prmeri-

938 433 1012 464 ptam
1027 437 1040 454 ιι
1055 435 1084 455 se
1101 428 1188 462 legem
1204 428 1338 454 animaret
1354 433 1435 462 atque
1448 435 1612 462 propensum
1632 428 1729 455 redde—

938 479 990 503 ret.
1020 480 1101 508 quam
1119 473 1199 507 paulo
1221 478 1284 500 ante
1306 473 1403 500 mortis
1423 473 1560 500 ttominea
1576 473 1731 500 rebellando
1749 473 1753 492 ί

937 519 1114 546 deterruerat.
1128 519 1179 546 Sed
1192 519 1248 546 haac
1260 519 1293 546 de
1307 519 1427 546 nominis
1441 520 1549 546 ratione
1561 519 1628 546 satis
1639 523 1731 546 sunto.

938 564 1015 597 Quod
1033 572 1114 600 porro
1129 569 1224 597 restat,
1241 565 1322 598 cujus
1344 573 1375 592 ea
1401 565 1482 591 arbor
1504 565 1612 598 generis
1640 564 1732 594 fuerit,

938 611 1072 638 neminem
1101 611 1191 638 adhuc
1217 611 1359 639 doctorum
1393 611 1516 637 omnium
1541 610 1656 645 legimus
1683 610 1730 644 qul

936 658 1026 692 qualis
1051 657 1138 692 rcipsa
1166 662 1248 692 atque
1273 657 1340 684 adeo
1369 656 1492 690 corporis
1515 656 1608 683 habitu
1634 655 1727 686 fuerit,

936 704 1099 739 explicarit;
1122 711 1182 729 nam
1197 703 1243 737 qui
1268 703 1381 737 mystice
1399 702 1644 735 interpretarentur
1657 701 1733 726 inve-

940 750 1031 777 nimus
1046 749 1213 783 complures,
1229 752 1255 774 et
1272 755 1322 774 nos
1337 754 1445 781 quoque
1464 745 1517 773 Deo
1534 745 1607 778 freti,
1623 745 1733 780 quando

936 795 962 822 in
981 795 1071 830 operis
1087 793 1167 828 hujus
1193 800 1338 827 progressu
1360 792 1517 827 paradisum
1545 791 1664 824 figurare
1685 798 1734 818 ex-

936 841 1097 876 plicabimus
1111 860 1119 872 ,
1135 847 1166 867 ca
1183 847 1243 874 qum
1258 839 1290 865 ad
1309 846 1409 866 arcana
1426 838 1507 872 hujus
1523 837 1632 864 arboris
1652 843 1733 864 sensa

939 890 1066 920 spectant
1077 906 1084 917 ,
1101 893 1279 920 exponemus.
1299 884 1417 918 ingenue
1435 884 1517 919 igitur
1533 884 1649 910 fatemur
1663 890 1733 909 nou-

905 922 925 948 Β
940 933 1003 960 dum
1021 933 1149 960 didit-isse
1167 939 1221 958 nos
1235 931 1388 966 qualisnam
1405 930 1487 957 arbor
1504 929 1585 956 fuerit
1598 936 1658 963 qua:
1672 928 1733 955 vita)

938 979 1105 1010 vocabatur,
1133 977 1242 1004 interim
1271 980 1444 1011 corporatam
1469 982 1563 1002 revera
1595 974 1733 1002 exstitisse

939 1029 1014 1052 certo
1043 1024 1166 1059 persuasi
1199 1031 1315 1055 sumus,
1342 1023 1486 1058 ipsumque
1509 1021 1674 1048 vocabulum
1700 1028 1733 1047 ex

943 1070 1093 1098 creationis
1121 1070 1190 1096 libro
1218 1069 1397 1099 didiscimus,
1423 1067 1495 1102 quod
1520 1074 1570 1101 pro
1595 1065 1734 1093 incitando

937 1116 1043 1143 Adamo
1059 1115 1091 1142 ad
1107 1115 1288 1142 ohedientiatn
1305 1114 1399 1141 datum
1417 1113 1453 1140 illi
1472 1120 1532 1140 esse
1543 1112 1600 1147 jant
1617 1112 1733 1139 demon-

938 1162 1085 1190 stravimus
1103 1171 1110 1188 :
1128 1169 1221 1188 verum
1237 1161 1354 1196 speciem
1368 1161 1504 1194 ipsam,et
1520 1158 1626 1186 fructus
1639 1159 1734 1192 quales

938 1207 1057 1237 fuerint.
1089 1208 1244 1242 quibusque
1257 1211 1365 1240 compta
1390 1205 1472 1232 fuerit
1490 1204 1644 1234 frondibus,
1662 1211 1732 1230 non-

939 1254 1004 1280 dmn
1021 1252 1152 1280 discendo
1170 1260 1264 1279 sunms
1279 1251 1407 1278 assecuti.

1225 1296 1340 1324 CAPUT
1370 1296 1440 1324 XXI.

974 1345 1012 1372 De
1025 1345 1104 1379 ﬂuvio
1127 1344 1172 1379 qui
1199 1344 1356 1377 paradisum
1382 1342 1498 1377 rigabat,
1519 1346 1544 1368 et
1562 1342 1594 1368 de
1618 1345 1733 1376 quatuor

938 1391 1025 1425 ﬂuviis
1035 1391 1080 1425 qui
1097 1398 1129 1416 ex
1148 1390 1196 1416 illo
1213 1389 1417 1415 diducebantur.
1446 1403 1482 1408 —
1512 1388 1598 1414 Porro
1625 1387 1659 1414 de
1677 1386 1729 1413 ﬂu-

939 1435 1012 1462 mine
1036 1434 1109 1469 quod
1141 1433 1296 1468 paradisum
1330 1434 1435 1467 irrigat,
1460 1433 1517 1460 haec
1533 1434 1633 1466 scripta
1651 1433 1730 1459 nobis

940 1480 1051 1514 reliquit
1077 1480 1155 1506 divus
1182 1479 1292 1506 Moses:
1316 1479 1348 1505 Et
1369 1481 1467 1514 flumen
1493 1479 1673 1513 egrediebatur
1696 1486 1729 1504 ea:

944 1526 1016 1552 fidei;
1030 1525 1065 1551 ad
1078 1525 1244 1559 irrigandutu
1258 1525 1426 1558 paradisum,
1444 1530 1524 1558 atque
1539 1524 1599 1550 inde
1615 1524 1730 1550 divisum

941 1571 1022 1598 evasit
1038 1571 1066 1596 in
1079 1575 1195 1604 quatuor
1210 1570 1338 1604 capita".
1358 1569 1405 1596 Est
1430 1573 1522 1596 auletn
1540 1577 1554 1596 a
1580 1569 1659 1595 nobis
1673 1569 1730 1602 jatn

939 1618 1043 1644 dictum
1067 1617 1155 1650 capite
1171 1615 1213 1642 f6.
1230 1616 1302 1643 Edcn
1334 1623 1395 1642 csse
1411 1615 1549 1649 regionem
1565 1615 1728 1648 spatiosim,

939 1663 1069 1697 amplam.
1083 1669 1230 1693 amoenam,
1245 1661 1359 1688 variam.
1376 1661 1537 1688 Paradisum
1561 1667 1628 1687 vero
1640 1660 1730 1687 locum

938 1718 1010 1741 esse,
1027 1709 1160 1744 pulchris,
1178 1709 1338 1740 fructuosis,
1356 1708 1564 1744 pnestantibus,
1582 1707 1727 1734 laudabili-

938 1756 1043 1790 busqne
1056 1755 1212 1786 arboribus,
1228 1762 1283 1789 prae
1302 1754 1442 1788 quibusvis
1461 1754 1522 1780 aliis
1541 1754 1567 1780 in
1581 1757 1635 1780 tota
1653 1753 1727 1780 [ideo

938 1802 1007 1829 locis
1022 1805 1148 1828 ornatum
1170 1809 1176 1828 :
1194 1801 1356 1828 l’aradisum
1372 1800 1445 1828 enim
1458 1800 1517 1833 ejus
1531 1800 1650 1834 regionis
1667 1807 1728 1834 qua:

937 1847 1012 1874 Edcn
1027 1847 1138 1878 dicitur,
1156 1851 1259 1881 partem
1285 1854 1347 1874 esse
1373 1847 1442 1874 inter
1460 1846 1527 1873 alias
1542 1854 1638 1873 omnes
1656 1854 1727 1881 pne-

937 1894 1146 1925 stantissimam,
1177 1893 1434 1925 laudabilissimam,
1465 1898 1547 1927 atque
1573 1893 1726 1919 cultoribus

938 1941 997 1968 suis
1022 1939 1284 1967 commodissimam.
1318 1938 1402 1973 Igitur
1434 1938 1498 1965 illud
1515 1938 1615 1964 flumen
1634 1946 1729 1965 rei-era

938 1987 1044 2021 ingens.
1061 1985 1191 2019 amplum,
1209 1986 1362 2019 copiosum,
1377 1985 1493 2019 insigne,
1515 1992 1546 2011 ex
1566 1989 1636 2011 terra
1653 1984 1727 2011 Eden

938 2033 1093 2060 Sraturiens
1107 2036 1188 2064 atque
1216 2038 1391 2066 promanans,
1414 2031 1441 2057 in
1465 2031 1584 2057 medium
1607 2034 1731 2065 penetrat

938 2077 1096 2112 paradisum
1109 2097 1116 2109 ,
1131 2084 1250 2112 eumque
1273 2076 1432 2103 universum
1464 2076 1576 2112 irrigat;
1595 2084 1649 2111 quo
1668 2084 1730 2110 pct-

936 2123 1005 2156 luto,
1024 2123 1134 2150 finditur
1161 2123 1188 2150 in
1213 2126 1331 2157 quatuor
1363 2122 1460 2149 deinde
1487 2123 1596 2153 fluvios.
1616 2123 1731 2157 etipsos

937 2169 1065 2204 grandes,
1082 2169 1128 2203 qui
1149 2168 1183 2196 ab
1208 2169 1254 2195 illo
1271 2169 1387 2200 diducti,
1420 2168 1601 2202 simulatque
1623 2168 1732 2202 paradi-

938 2223 998 2243 sum
1014 2215 1161 2250 reliquere,
1180 2215 1231 2242 sub
1258 2215 1316 2250 ipsa
1348 2215 1432 2242 maris
1448 2214 1550 2242 Oceani
1573 2216 1639 2243 vada
1655 2215 1731 2242 dela-

97 2269 129 2288 ea
154 2265 311 2287 vesci'rctur
329 2265 356 2287 et
381 2261 508 2287 evaderet
530 2260 704 2287 immortalis.
726 2258 819 2295 Neque
843 2263 886 2287 est
902 2261 924 2288 υ
939 2260 1055 2293 buntur;
1073 2265 1154 2295 atque
1169 2260 1232 2286 inde
1244 2267 1340 2287 rursus
1362 2260 1389 2286 in
1403 2260 1478 2287 haca
1503 2260 1583 2287 nobis
1610 2260 1730 2287 habitata

96 2306 170 2341 quod
194 2306 256 2340 quis
281 2306 338 2333 Iurc
363 2306 476 2332 miretur
493 2306 519 2332 iu
537 2306 658 2338 Adamn,
684 2307 794 2340 quando
819 2306 886 2340 ipsis

97 2351 179 2379 etiam
197 2350 298 2378 Iudaeis
312 2356 373 2386 post
387 2351 532 2379 onmifaria
558 2352 625 2386 legis
646 2356 778 2386 prtecepta
803 2358 885 2386 atque

99 2398 223 2424 instituta
242 2417 250 2429 ,
268 2405 320 2424 non
341 2397 452 2424 caeleste
469 2405 580 2432 regnum
605 2405 619 2424 a
641 2396 696 2424 Deo
719 2399 884 2432 promissum

100 2447 153 2476 est,
166 2444 187 2470 si
212 2444 291 2471 dictis
320 2444 378 2478 ejus
399 2444 627 2475 obsecundarcnt,
647 2444 694 2471 sed
718 2449 789 2470 terra
817 2444 886 2470 lacte

99 2488 232 2523 melleque
252 2488 374 2521 afﬂuens,
390 2493 417 2515 et
434 2489 561 2515 arborum
583 2488 776 2523 fructuumque
798 2489 886 2520 ferax.

99 2535 195 2569 quales
210 2539 273 2561 sunt
292 2535 353 2560 mali
374 2534 492 2569 punicae,
507 2534 590 2567 oleze,
616 2535 731 2569 palmae,
747 2540 800 2562 etc.
817 2536 886 2568 Quid

99 2581 184 2614 igitur
212 2580 311 2606 mirum
339 2580 361 2607 si
388 2580 503 2613 Adamo,
529 2581 572 2607 cui
597 2588 684 2615 nuper
708 2581 776 2608 adeo
803 2582 887 2616 legem

100 2626 289 2660 imposuerat,
305 2626 412 2653 edulem
429 2626 554 2654 arborem
571 2627 689 2654 ostettdit
701 2647 709 2659 ,
721 2635 803 2662 quam
827 2629 888 2656 vita:

99 2671 255 2706 appellavit,
270 2679 300 2699 ea
315 2671 496 2706 promissione
509 2672 624 2708 adjecta,
638 2677 667 2701 ut
682 2673 704 2701 si
720 2673 746 2701 iu
760 2674 890 2710 obsequio

136 2759 159 2776 ⁸*
174 2758 241 2786 Gen.
260 2766 289 2788 tt.
310 2759 352 2786 10.

137 2831 185 2868 (Γ)
200 2830 312 2858 Fallitur
323 2831 494 2868 But-Caplla.
505 2832 572 2859 Nam
586 2841 646 2860 vera
662 2833 796 2868 theologia
807 2834 887 2862 docet

102 2864 235 2905 Adamum
260 2864 441 2905 conditunta
469 2867 523 2895 Deo
550 2868 576 2894 in
607 2873 678 2895 statu
704 2864 884 2905 perfecturum

102 2902 274 2928 atietttiarmu
292 2907 317 2928 et
337 2902 534 2935 cognitionum,
549 2907 603 2930 tam
622 2904 786 2930 naturalium
804 2912 885 2938 quam

939 2310 1082 2341 emergunt
1099 2310 1181 2333 terra.
1200 2305 1294 2340 Neque
1308 2314 1373 2333 vero
1389 2306 1446 2333 ham
1475 2307 1553 2333 nobis
1584 2307 1636 2342 ipsi
1649 2306 1730 2341 fingi-

941 2360 1003 2380 mus
1025 2352 1072 2379 Sed
1089 2357 1219 2387 tanquam
1236 2352 1319 2380 Mosis
1336 2353 1473 2387 propheta!
1496 2352 1586 2379 verbis
1611 2360 1729 2380 consen-

939 2403 1020 2426 tanea
1049 2399 1346 2433 pronuntiamus,qum
1374 2404 1470 2425 sancto
1498 2397 1601 2433 Spiritu
1619 2404 1730 2426 auctore

940 2445 1043 2480 scripta
1060 2451 1132 2471 sunt.
1149 2444 1217 2471 Nam
1234 2445 1332 2472 ﬂumen
1349 2445 1415 2472 illud
1432 2453 1465 2472 ex
1497 2450 1569 2472 terra
1583 2445 1657 2472 Eden
1675 2445 1728 2472 ori-

941 2491 1031 2526 ginem
1046 2491 1155 2523 ducere,
1170 2496 1252 2525 atque
1267 2490 1403 2525 proﬂuere
1425 2490 1468 2518 his
1484 2491 1575 2518 verbis
1591 2491 1728 2518 affirmat:

941 2535 1053 2563 Flumen
1070 2537 1254 2572 egrediebatur
1281 2545 1313 2563 ea:
1338 2536 1423 2563 Erfeu.
1440 2536 1547 2564 Rursus
1562 2537 1635 2571 quod
1651 2544 1728 2571 para-

940 2582 1028 2608 disum
1045 2583 1148 2616 perluat
1159 2587 1241 2617 atque
1254 2583 1359 2618 irriget,
1369 2583 1411 2610 his
1426 2591 1433 2609 :
1447 2582 1664 2617 Ad-irrigandum
1679 2591 1729 2617 pu-

942 2629 1071 2656 radisum.
1092 2628 1227 2656 Praeterea
1243 2629 1441 2657 derivationem
1451 2629 1523 2657 illam
1537 2637 1618 2664 quam
1636 2629 1725 2664 ingen-

942 2677 982 2700 tes
995 2673 1093 2700 ﬂuvios
1105 2674 1161 2701 fieri
1174 2674 1306 2708 diximus,
1317 2675 1434 2709 irrigato
1448 2674 1503 2709 jam
1514 2678 1571 2701 tum
1582 2673 1727 2706 paradiso;

941 2837 1205 2871 supernaturalium,
1223 2845 1283 2871 quze
1304 2837 1452 2872 principem
1469 2841 1496 2863 et
1513 2843 1595 2870 caput
1616 2837 1728 2864 humani

940 2872 1048 2906 generis
1065 2872 1170 2900 diccbat
1188 2874 1216 2899 S.
1237 2872 1334 2900 Thom.
1350 2881 1356 2900 I
1371 2880 1396 2907 p.
1415 2881 1442 2907 ιι,
1463 2872 1497 2899 9f
1513 2877 1565 2900 art.
1582 2873 1608 2899 5.
