  <div class='ocr_page' id='page_1' title='image "/cluster/home/n/w/nwhite01/storage/ocr_20150623/111/njp.32101077772943/281.png"; bbox 0 0 2020 3080; ppageno 0'>
   <div class='ocr_carea' id='block_1_1' title="bbox 292 169 342 200">
    <p class='ocr_par' dir='ltr' id='par_1_1' title="bbox 292 169 342 200">
     <span class='ocr_line' id='line_1_1' title="bbox 292 169 342 200; baseline -0.04 0"><span class='ocrx_word' id='word_1_1' title='bbox 292 169 342 200; x_wconf 78' lang='lat' dir='ltr'><strong>5U</strong></span> 
     </span>
    </p>
   </div>
   <div class='ocr_carea' id='block_1_2' title="bbox 927 161 1279 194">
    <p class='ocr_par' dir='ltr' id='par_1_2' title="bbox 927 161 1279 194">
     <span class='ocr_line' id='line_1_2' title="bbox 927 161 1279 194; baseline -0.011 0"><span class='ocrx_word' id='word_1_2' title='bbox 927 163 1041 194; x_wconf 83' lang='lat' dir='ltr'><strong>MOSIS</strong></span> <span class='ocrx_word' id='word_1_3' title='bbox 1059 161 1135 191; x_wconf 68' lang='grc' dir='ltr'><strong>ΒΑΕ</strong></span> <span class='ocrx_word' id='word_1_4' title='bbox 1155 161 1279 192; x_wconf 79' lang='lat' dir='ltr'><strong>CEPHA</strong></span> 
     </span>
    </p>
   </div>
   <div class='ocr_carea' id='block_1_3' title="bbox 1870 160 1924 192">
    <p class='ocr_par' dir='ltr' id='par_1_3' title="bbox 1870 160 1924 192">
     <span class='ocr_line' id='line_1_3' title="bbox 1870 160 1924 192; baseline 0 -1"><span class='ocrx_word' id='word_1_5' title='bbox 1870 160 1924 192; x_wconf 59' lang='lat'><strong>.512</strong></span> 
     </span>
    </p>
   </div>
   <div class='ocr_carea' id='block_1_4' title="bbox 296 214 1923 256">
    <p class='ocr_par' dir='ltr' id='par_1_4' title="bbox 296 214 1923 256">
     <span class='ocr_line' id='line_1_4' title="bbox 296 214 1923 256; baseline -0.003 -6"><span class='ocrx_word' id='word_1_6' title='bbox 296 225 355 251; x_wconf 66' lang='lat' dir='ltr'><strong>haec</strong></span> <span class='ocrx_word' id='word_1_7' title='bbox 371 222 452 250; x_wconf 71' lang='lat' dir='ltr'><strong>verba</strong></span> <span class='ocrx_word' id='word_1_8' title='bbox 469 221 622 256; x_wconf 82' lang='lat' dir='ltr'><strong>signiﬁcant</strong></span> <span class='ocrx_word' id='word_1_9' title='bbox 639 229 645 247; x_wconf 90' lang='lat'><strong>:</strong></span> <span class='ocrx_word' id='word_1_10' title='bbox 663 219 696 246; x_wconf 83' lang='lat' dir='ltr'><strong>Et</strong></span> <span class='ocrx_word' id='word_1_11' title='bbox 710 219 784 247; x_wconf 83' lang='lat' dir='ltr'><strong>illim:</strong></span> <span class='ocrx_word' id='word_1_12' title='bbox 795 219 920 254; x_wconf 79' lang='lat' dir='ltr'><strong>ﬁnditur,</strong></span> <span class='ocrx_word' id='word_1_13' title='bbox 945 225 969 247; x_wconf 81' lang='lat' dir='ltr'><strong>et</strong></span> <span class='ocrx_word' id='word_1_14' title='bbox 992 219 1080 247; x_wconf 80' lang='lat' dir='ltr'><strong>evadit</strong></span> <span class='ocrx_word' id='word_1_15' title='bbox 1096 218 1118 246; x_wconf 81' lang='grc' dir='ltr'><strong>Α</strong></span> <span class='ocrx_word' id='word_1_16' title='bbox 1134 223 1182 250; x_wconf 86' lang='lat' dir='ltr'><strong>per</strong></span> <span class='ocrx_word' id='word_1_17' title='bbox 1196 216 1269 252; x_wconf 89' lang='lat' dir='ltr'><strong>quod</strong></span> <span class='ocrx_word' id='word_1_18' title='bbox 1286 216 1385 248; x_wconf 97' lang='lat' dir='ltr'><strong>ﬂuunt,</strong></span> <span class='ocrx_word' id='word_1_19' title='bbox 1400 214 1551 248; x_wconf 83' lang='lat' dir='ltr'><strong>dulciores.</strong></span> <span class='ocrx_word' id='word_1_20' title='bbox 1569 216 1731 248; x_wconf 82' lang='lat' dir='ltr'><strong>amariores,</strong></span> <span class='ocrx_word' id='word_1_21' title='bbox 1750 215 1923 250; x_wconf 75' lang='lat' dir='ltr'><strong>insulsiores,</strong></span> 
     </span>
    </p>
   </div>
   <div class='ocr_carea' id='block_1_5' title="bbox 296 266 1079 303">
    <p class='ocr_par' dir='ltr' id='par_1_5' title="bbox 296 266 1079 303">
     <span class='ocr_line' id='line_1_5' title="bbox 296 266 1079 303; baseline -0.004 -7"><span class='ocrx_word' id='word_1_22' title='bbox 296 271 324 297; x_wconf 72' lang='lat' dir='ltr'><strong>in</strong></span> <span class='ocrx_word' id='word_1_23' title='bbox 341 269 357 296; x_wconf 69' lang='grc'><strong>4</strong></span> <span class='ocrx_word' id='word_1_24' title='bbox 368 269 455 303; x_wconf 82' lang='lat' dir='ltr'><strong>capita</strong></span> <span class='ocrx_word' id='word_1_25' title='bbox 466 276 476 294; x_wconf 89' lang='lat'><strong><em>:</em></strong></span> <span class='ocrx_word' id='word_1_26' title='bbox 492 268 608 302; x_wconf 79' lang='lat' dir='ltr'><strong>denique</strong></span> <span class='ocrx_word' id='word_1_27' title='bbox 625 274 686 293; x_wconf 88' lang='lat' dir='ltr'><strong>cum</strong></span> <span class='ocrx_word' id='word_1_28' title='bbox 699 266 776 294; x_wconf 90' lang='lat' dir='ltr'><strong>addit</strong></span> <span class='ocrx_word' id='word_1_29' title='bbox 788 266 880 294; x_wconf 82' lang='lat' dir='ltr'><strong>Moses</strong></span> <span class='ocrx_word' id='word_1_30' title='bbox 895 267 978 294; x_wconf 85' lang='lat' dir='ltr'><strong>unius</strong></span> <span class='ocrx_word' id='word_1_31' title='bbox 1005 267 1079 294; x_wconf 91' lang='lat' dir='ltr'><strong>ﬂuvii</strong></span> 
     </span>
    </p>
   </div>
   <div class='ocr_carea' id='block_1_6' title="bbox 297 313 1080 347">
    <p class='ocr_par' dir='ltr' id='par_1_6' title="bbox 297 313 1080 347">
     <span class='ocr_line' id='line_1_6' title="bbox 297 313 1080 347; baseline -0.004 -5"><span class='ocrx_word' id='word_1_32' title='bbox 297 323 395 342; x_wconf 84' lang='lat' dir='ltr'><strong>nomen</strong></span> <span class='ocrx_word' id='word_1_33' title='bbox 414 321 473 341; x_wconf 88' lang='lat' dir='ltr'><strong>esse</strong></span> <span class='ocrx_word' id='word_1_34' title='bbox 494 313 605 345; x_wconf 86' lang='lat' dir='ltr'><strong>Phison,</strong></span> <span class='ocrx_word' id='word_1_35' title='bbox 633 320 750 347; x_wconf 86' lang='lat' dir='ltr'><strong>eumque</strong></span> <span class='ocrx_word' id='word_1_36' title='bbox 776 313 894 339; x_wconf 81' lang='lat' dir='ltr'><strong>circuire</strong></span> <span class='ocrx_word' id='word_1_37' title='bbox 925 313 1080 339; x_wconf 75' lang='lat' dir='ltr'><strong>universam</strong></span> 
     </span>
    </p>
   </div>
   <div class='ocr_carea' id='block_1_7' title="bbox 298 357 1083 392">
    <p class='ocr_par' dir='ltr' id='par_1_7' title="bbox 298 357 1083 392">
     <span class='ocr_line' id='line_1_7' title="bbox 298 357 1083 392; baseline -0.005 -4"><span class='ocrx_word' id='word_1_38' title='bbox 298 367 396 388; x_wconf 89' lang='lat' dir='ltr'><strong>terram</strong></span> <span class='ocrx_word' id='word_1_39' title='bbox 411 358 520 391; x_wconf 85' lang='lat' dir='ltr'><strong>Hevila;</strong></span> <span class='ocrx_word' id='word_1_40' title='bbox 548 358 660 385; x_wconf 84' lang='lat' dir='ltr'><strong>alterius</strong></span> <span class='ocrx_word' id='word_1_41' title='bbox 688 365 752 384; x_wconf 83' lang='lat' dir='ltr'><strong>vero</strong></span> <span class='ocrx_word' id='word_1_42' title='bbox 769 357 875 389; x_wconf 87' lang='lat' dir='ltr'><strong>Gehon,</strong></span> <span class='ocrx_word' id='word_1_43' title='bbox 891 357 937 392; x_wconf 88' lang='lat' dir='ltr'><strong>qui</strong></span> <span class='ocrx_word' id='word_1_44' title='bbox 955 358 1083 392; x_wconf 85' lang='lat' dir='ltr'><strong>pervadat</strong></span> 
     </span>
    </p>
   </div>
   <div class='ocr_carea' id='block_1_8' title="bbox 298 402 1083 437">
    <p class='ocr_par' dir='ltr' id='par_1_8' title="bbox 298 402 1083 437">
     <span class='ocr_line' id='line_1_8' title="bbox 298 402 1083 437; baseline -0.005 -5"><span class='ocrx_word' id='word_1_45' title='bbox 298 409 380 432; x_wconf 87' lang='lat' dir='ltr'><strong>totam</strong></span> <span class='ocrx_word' id='word_1_46' title='bbox 414 403 550 437; x_wconf 77' lang='lat' dir='ltr'><strong>regionem</strong></span> <span class='ocrx_word' id='word_1_47' title='bbox 579 402 744 437; x_wconf 62' lang='lat' dir='ltr'><strong>Ethiopia;</strong></span> <span class='ocrx_word' id='word_1_48' title='bbox 764 402 872 429; x_wconf 87' lang='lat' dir='ltr'><strong>tertittm</strong></span> <span class='ocrx_word' id='word_1_49' title='bbox 898 410 981 436; x_wconf 89' lang='lat' dir='ltr'><strong>porro</strong></span> <span class='ocrx_word' id='word_1_50' title='bbox 998 402 1083 429; x_wconf 87' lang='lat' dir='ltr'><strong>Diclat</strong></span> 
     </span>
    </p>
   </div>
   <div class='ocr_carea' id='block_1_9' title="bbox 296 448 1083 484">
    <p class='ocr_par' dir='ltr' id='par_1_9' title="bbox 296 448 1083 484">
     <span class='ocr_line' id='line_1_9' title="bbox 296 448 1083 484; baseline -0.003 -8"><span class='ocrx_word' id='word_1_51' title='bbox 296 449 446 484; x_wconf 82' lang='lat' dir='ltr'><strong>appellari,</strong></span> <span class='ocrx_word' id='word_1_52' title='bbox 476 455 595 482; x_wconf 87' lang='lat' dir='ltr'><strong>eumque</strong></span> <span class='ocrx_word' id='word_1_53' title='bbox 629 452 724 474; x_wconf 85' lang='lat' dir='ltr'><strong>contra</strong></span> <span class='ocrx_word' id='word_1_54' title='bbox 763 448 843 474; x_wconf 78' lang='lat' dir='ltr'><strong>Allur</strong></span> <span class='ocrx_word' id='word_1_55' title='bbox 869 448 927 480; x_wconf 79' lang='lat' dir='ltr'><strong>ire;</strong></span> <span class='ocrx_word' id='word_1_56' title='bbox 965 448 1083 483; x_wconf 88' lang='lat' dir='ltr'><strong>denique</strong></span> 
     </span>
    </p>
   </div>
   <div class='ocr_carea' id='block_1_10' title="bbox 296 493 1084 529">
    <p class='ocr_par' dir='ltr' id='par_1_10' title="bbox 296 493 1084 529">
     <span class='ocr_line' id='line_1_10' title="bbox 296 493 1084 529; baseline 0 -7"><span class='ocrx_word' id='word_1_57' title='bbox 296 499 423 529; x_wconf 85' lang='lat' dir='ltr'><strong>quartum</strong></span> <span class='ocrx_word' id='word_1_58' title='bbox 443 495 533 521; x_wconf 88' lang='lat' dir='ltr'><strong>vocari</strong></span> <span class='ocrx_word' id='word_1_59' title='bbox 551 493 714 529; x_wconf 74' lang='lat' dir='ltr'><strong>Euphratem</strong></span> <span class='ocrx_word' id='word_1_60' title='bbox 733 504 739 522; x_wconf 89' lang='lat'><strong><em>:</em></strong></span> <span class='ocrx_word' id='word_1_61' title='bbox 757 495 822 522; x_wconf 84' lang='lat' dir='ltr'><strong>satis</strong></span> <span class='ocrx_word' id='word_1_62' title='bbox 848 495 949 522; x_wconf 87' lang='lat' dir='ltr'><strong>indicat</strong></span> <span class='ocrx_word' id='word_1_63' title='bbox 967 500 1084 529; x_wconf 91' lang='lat' dir='ltr'><strong>quatuor</strong></span> 
     </span>
    </p>
   </div>
   <div class='ocr_carea' id='block_1_11' title="bbox 295 540 1084 575">
    <p class='ocr_par' dir='ltr' id='par_1_11' title="bbox 295 540 1084 575">
     <span class='ocr_line' id='line_1_11' title="bbox 295 540 1084 575; baseline 0 -7"><span class='ocrx_word' id='word_1_64' title='bbox 295 548 343 568; x_wconf 86' lang='lat' dir='ltr'><strong>eos</strong></span> <span class='ocrx_word' id='word_1_65' title='bbox 358 540 466 572; x_wconf 85' lang='lat' dir='ltr'><strong>ﬂuvios,</strong></span> <span class='ocrx_word' id='word_1_66' title='bbox 479 545 655 574; x_wconf 75' lang='lat' dir='ltr'><strong>posteaquam</strong></span> <span class='ocrx_word' id='word_1_67' title='bbox 668 541 824 574; x_wconf 82' lang='lat' dir='ltr'><strong>paradisum</strong></span> <span class='ocrx_word' id='word_1_68' title='bbox 841 541 1020 575; x_wconf 88' lang='lat' dir='ltr'><strong>reliquerunt,</strong></span> <span class='ocrx_word' id='word_1_69' title='bbox 1033 542 1084 568; x_wconf 90' lang='lat' dir='ltr'><strong>sub</strong></span> 
     </span>
    </p>
   </div>
   <div class='ocr_carea' id='block_1_12' title="bbox 296 583 1084 617">
    <p class='ocr_par' dir='ltr' id='par_1_12' title="bbox 296 583 1084 617">
     <span class='ocr_line' id='line_1_12' title="bbox 296 583 1084 617; baseline 0.005 -8"><span class='ocrx_word' id='word_1_70' title='bbox 296 588 395 610; x_wconf 81' lang='lat' dir='ltr'><strong>terram</strong></span> <span class='ocrx_word' id='word_1_71' title='bbox 408 583 545 617; x_wconf 82' lang='lat' dir='ltr'><strong>delapsos.</strong></span> <span class='ocrx_word' id='word_1_72' title='bbox 563 584 670 610; x_wconf 85' lang='lat' dir='ltr'><strong>tandem</strong></span> <span class='ocrx_word' id='word_1_73' title='bbox 685 584 712 611; x_wconf 93' lang='lat' dir='ltr'><strong>in</strong></span> <span class='ocrx_word' id='word_1_74' title='bbox 737 585 789 612; x_wconf 90' lang='lat' dir='ltr'><strong>hoc</strong></span> <span class='ocrx_word' id='word_1_75' title='bbox 810 593 824 612; x_wconf 87' lang='lat' dir='ltr'><strong>a</strong></span> <span class='ocrx_word' id='word_1_76' title='bbox 841 585 919 613; x_wconf 90' lang='lat' dir='ltr'><strong>nobis</strong></span> <span class='ocrx_word' id='word_1_77' title='bbox 930 586 1003 613; x_wconf 89' lang='lat' dir='ltr'><strong>culto</strong></span> <span class='ocrx_word' id='word_1_78' title='bbox 1018 587 1084 614; x_wconf 88' lang='lat' dir='ltr'><strong>orbe</strong></span> 
     </span>
    </p>
   </div>
   <div class='ocr_carea' id='block_1_13' title="bbox 297 629 1084 666">
    <p class='ocr_par' dir='ltr' id='par_1_13' title="bbox 297 629 1084 666">
     <span class='ocr_line' id='line_1_13' title="bbox 297 629 1084 666; baseline 0.006 -12"><span class='ocrx_word' id='word_1_79' title='bbox 297 636 485 663; x_wconf 81' lang='lat' dir='ltr'><strong>prorumpere,</strong></span> <span class='ocrx_word' id='word_1_80' title='bbox 514 629 715 664; x_wconf 86' lang='lat' dir='ltr'><strong>scaturireque.</strong></span> <span class='ocrx_word' id='word_1_81' title='bbox 746 629 783 657; x_wconf 88' lang='lat' dir='ltr'><strong>Ea</strong></span> <span class='ocrx_word' id='word_1_82' title='bbox 807 631 890 666; x_wconf 78' lang='lat' dir='ltr'><strong>igitur</strong></span> <span class='ocrx_word' id='word_1_83' title='bbox 902 635 1034 666; x_wconf 65' lang='lat' dir='ltr'><strong>quaetum</strong></span> <span class='ocrx_word' id='word_1_84' title='bbox 1050 633 1084 659; x_wconf 88' lang='lat' dir='ltr'><strong>de</strong></span> 
     </span>
    </p>
   </div>
   <div class='ocr_carea' id='block_1_14' title="bbox 296 675 1086 710">
    <p class='ocr_par' dir='ltr' id='par_1_14' title="bbox 296 675 1086 710">
     <span class='ocr_line' id='line_1_14' title="bbox 296 675 1086 710; baseline 0.005 -9"><span class='ocrx_word' id='word_1_85' title='bbox 296 682 352 702; x_wconf 89' lang='lat' dir='ltr'><strong>uno</strong></span> <span class='ocrx_word' id='word_1_86' title='bbox 366 675 412 701; x_wconf 94' lang='lat' dir='ltr'><strong>illo</strong></span> <span class='ocrx_word' id='word_1_87' title='bbox 432 675 555 708; x_wconf 86' lang='lat' dir='ltr'><strong>ﬂumine,</strong></span> <span class='ocrx_word' id='word_1_88' title='bbox 572 680 628 703; x_wconf 90' lang='lat' dir='ltr'><strong>tum</strong></span> <span class='ocrx_word' id='word_1_89' title='bbox 642 676 676 703; x_wconf 85' lang='lat' dir='ltr'><strong>de</strong></span> <span class='ocrx_word' id='word_1_90' title='bbox 689 682 806 710; x_wconf 79' lang='lat' dir='ltr'><strong>quatuor</strong></span> <span class='ocrx_word' id='word_1_91' title='bbox 821 677 883 704; x_wconf 87' lang='lat' dir='ltr'><strong>aliis</strong></span> <span class='ocrx_word' id='word_1_92' title='bbox 894 679 927 704; x_wconf 90' lang='lat' dir='ltr'><strong>ab</strong></span> <span class='ocrx_word' id='word_1_93' title='bbox 956 678 1002 705; x_wconf 92' lang='lat' dir='ltr'><strong>illo</strong></span> <span class='ocrx_word' id='word_1_94' title='bbox 1014 678 1086 705; x_wconf 87' lang='lat' dir='ltr'><strong>deri-</strong></span> 
     </span>
    </p>
   </div>
   <div class='ocr_carea' id='block_1_15' title="bbox 296 720 1083 751">
    <p class='ocr_par' dir='ltr' id='par_1_15' title="bbox 296 720 1083 751">
     <span class='ocr_line' id='line_1_15' title="bbox 296 720 1083 751; baseline 0.005 -4"><span class='ocrx_word' id='word_1_95' title='bbox 296 720 366 747; x_wconf 84' lang='lat' dir='ltr'><strong>vatis</strong></span> <span class='ocrx_word' id='word_1_96' title='bbox 382 720 500 748; x_wconf 77' lang='lat' dir='ltr'><strong>diximus</strong></span> <span class='ocrx_word' id='word_1_97' title='bbox 515 729 577 748; x_wconf 82' lang='lat' dir='ltr'><strong>cuin</strong></span> <span class='ocrx_word' id='word_1_98' title='bbox 602 721 685 749; x_wconf 83' lang='lat' dir='ltr'><strong>Mosis</strong></span> <span class='ocrx_word' id='word_1_99' title='bbox 699 722 785 749; x_wconf 86' lang='lat' dir='ltr'><strong>divini</strong></span> <span class='ocrx_word' id='word_1_100' title='bbox 807 723 926 751; x_wconf 79' lang='lat' dir='ltr'><strong>hominis</strong></span> <span class='ocrx_word' id='word_1_101' title='bbox 947 725 1083 751; x_wconf 83' lang='lat' dir='ltr'><strong>sententia</strong></span> 
     </span>
    </p>
   </div>
   <div class='ocr_carea' id='block_1_16' title="bbox 296 767 1083 804">
    <p class='ocr_par' dir='ltr' id='par_1_16' title="bbox 296 767 1083 804">
     <span class='ocr_line' id='line_1_16' title="bbox 296 767 1083 804; baseline 0.004 -10"><span class='ocrx_word' id='word_1_102' title='bbox 296 771 460 802; x_wconf 77' lang='lat' dir='ltr'><strong>tongruunt.</strong></span> <span class='ocrx_word' id='word_1_103' title='bbox 492 767 544 795; x_wconf 87' lang='lat' dir='ltr'><strong>Sed</strong></span> <span class='ocrx_word' id='word_1_104' title='bbox 572 768 679 803; x_wconf 76' lang='lat' dir='ltr'><strong>urgebit</strong></span> <span class='ocrx_word' id='word_1_105' title='bbox 701 769 823 803; x_wconf 79' lang='lat' dir='ltr'><strong>aliquis:</strong></span> <span class='ocrx_word' id='word_1_106' title='bbox 848 769 900 802; x_wconf 86' lang='lat' dir='ltr'><strong>Qui</strong></span> <span class='ocrx_word' id='word_1_107' title='bbox 925 770 1011 804; x_wconf 80' lang='lat' dir='ltr'><strong>possit</strong></span> <span class='ocrx_word' id='word_1_108' title='bbox 1027 770 1083 797; x_wconf 86' lang='lat' dir='ltr'><strong>lierl</strong></span> 
     </span>
    </p>
   </div>
   <div class='ocr_carea' id='block_1_17' title="bbox 297 813 1085 850">
    <p class='ocr_par' dir='ltr' id='par_1_17' title="bbox 297 813 1085 850">
     <span class='ocr_line' id='line_1_17' title="bbox 297 813 1085 850; baseline 0.004 -10"><span class='ocrx_word' id='word_1_109' title='bbox 297 818 328 840; x_wconf 87' lang='lat' dir='ltr'><strong>ut</strong></span> <span class='ocrx_word' id='word_1_110' title='bbox 341 817 457 847; x_wconf 86' lang='lat' dir='ltr'><strong>quatuor</strong></span> <span class='ocrx_word' id='word_1_111' title='bbox 472 813 509 840; x_wconf 92' lang='lat' dir='ltr'><strong>illi</strong></span> <span class='ocrx_word' id='word_1_112' title='bbox 526 813 601 841; x_wconf 91' lang='lat' dir='ltr'><strong>ﬂuvii</strong></span> <span class='ocrx_word' id='word_1_113' title='bbox 619 814 747 848; x_wconf 82' lang='lat' dir='ltr'><strong>paradiso</strong></span> <span class='ocrx_word' id='word_1_114' title='bbox 761 815 865 849; x_wconf 77' lang='lat' dir='ltr'><strong>egressi</strong></span> <span class='ocrx_word' id='word_1_115' title='bbox 880 816 1085 850; x_wconf 68' lang='lat' dir='ltr'><strong>praecipitentur</strong></span> 
     </span>
    </p>
   </div>
   <div class='ocr_carea' id='block_1_18' title="bbox 298 858 1084 894">
    <p class='ocr_par' dir='ltr' id='par_1_18' title="bbox 298 858 1084 894">
     <span class='ocr_line' id='line_1_18' title="bbox 298 858 1084 894; baseline 0.006 -9"><span class='ocrx_word' id='word_1_116' title='bbox 298 859 349 886; x_wconf 89' lang='lat' dir='ltr'><strong>sub</strong></span> <span class='ocrx_word' id='word_1_117' title='bbox 368 858 469 886; x_wconf 81' lang='lat' dir='ltr'><strong>Oceani</strong></span> <span class='ocrx_word' id='word_1_118' title='bbox 482 859 561 892; x_wconf 85' lang='lat' dir='ltr'><strong>vada,</strong></span> <span class='ocrx_word' id='word_1_119' title='bbox 576 865 658 894; x_wconf 83' lang='lat' dir='ltr'><strong>atque</strong></span> <span class='ocrx_word' id='word_1_120' title='bbox 674 861 736 888; x_wconf 89' lang='lat' dir='ltr'><strong>inde</strong></span> <span class='ocrx_word' id='word_1_121' title='bbox 750 861 858 888; x_wconf 82' lang='lat' dir='ltr'><strong>tandem</strong></span> <span class='ocrx_word' id='word_1_122' title='bbox 886 862 913 889; x_wconf 95' lang='lat' dir='ltr'><strong>in</strong></span> <span class='ocrx_word' id='word_1_123' title='bbox 929 862 981 889; x_wconf 83' lang='lat' dir='ltr'><strong>hac</strong></span> <span class='ocrx_word' id='word_1_124' title='bbox 992 868 1084 891; x_wconf 90' lang='lat' dir='ltr'><strong>nostra</strong></span> 
     </span>
    </p>
   </div>
   <div class='ocr_carea' id='block_1_19' title="bbox 298 906 1086 944">
    <p class='ocr_par' dir='ltr' id='par_1_19' title="bbox 298 906 1086 944">
     <span class='ocr_line' id='line_1_19' title="bbox 298 906 1086 944; baseline 0.006 -13"><span class='ocrx_word' id='word_1_125' title='bbox 298 910 370 933; x_wconf 87' lang='lat' dir='ltr'><strong>terra</strong></span> <span class='ocrx_word' id='word_1_126' title='bbox 386 906 551 940; x_wconf 75' lang='lat' dir='ltr'><strong>erumpant?</strong></span> <span class='ocrx_word' id='word_1_127' title='bbox 571 906 639 934; x_wconf 88' lang='lat' dir='ltr'><strong>lluic</strong></span> <span class='ocrx_word' id='word_1_128' title='bbox 655 906 743 941; x_wconf 91' lang='lat' dir='ltr'><strong>primo</strong></span> <span class='ocrx_word' id='word_1_129' title='bbox 757 907 962 942; x_wconf 85' lang='lat' dir='ltr'><strong>respondemus,</strong></span> <span class='ocrx_word' id='word_1_130' title='bbox 977 916 1008 936; x_wconf 85' lang='lat' dir='ltr'><strong>ea</strong></span> <span class='ocrx_word' id='word_1_131' title='bbox 1024 917 1086 944; x_wconf 76' lang='lat' dir='ltr'><strong>qure</strong></span> 
     </span>
    </p>
   </div>
   <div class='ocr_carea' id='block_1_20' title="bbox 297 951 1086 987">
    <p class='ocr_par' dir='ltr' id='par_1_20' title="bbox 297 951 1086 987">
     <span class='ocr_line' id='line_1_20' title="bbox 297 951 1086 987; baseline 0.006 -9"><span class='ocrx_word' id='word_1_132' title='bbox 297 959 314 978; x_wconf 85' lang='lat' dir='ltr'><strong>a</strong></span> <span class='ocrx_word' id='word_1_133' title='bbox 329 951 409 979; x_wconf 83' lang='lat' dir='ltr'><strong>nobis</strong></span> <span class='ocrx_word' id='word_1_134' title='bbox 427 951 483 979; x_wconf 89' lang='lat' dir='ltr'><strong>ﬁeri</strong></span> <span class='ocrx_word' id='word_1_135' title='bbox 497 959 549 979; x_wconf 90' lang='lat' dir='ltr'><strong>non</strong></span> <span class='ocrx_word' id='word_1_136' title='bbox 565 960 646 987; x_wconf 87' lang='lat' dir='ltr'><strong>posse</strong></span> <span class='ocrx_word' id='word_1_137' title='bbox 669 953 871 986; x_wconf 86' lang='lat' dir='ltr'><strong>existimantur,</strong></span> <span class='ocrx_word' id='word_1_138' title='bbox 904 953 994 982; x_wconf 79' lang='lat' dir='ltr'><strong>facilia</strong></span> <span class='ocrx_word' id='word_1_139' title='bbox 1025 963 1086 983; x_wconf 85' lang='lat' dir='ltr'><strong>esse</strong></span> 
     </span>
    </p>
   </div>
   <div class='ocr_carea' id='block_1_21' title="bbox 299 997 1085 1034">
    <p class='ocr_par' dir='ltr' id='par_1_21' title="bbox 299 997 1085 1034">
     <span class='ocr_line' id='line_1_21' title="bbox 299 997 1085 1034; baseline 0.008 -11"><span class='ocrx_word' id='word_1_140' title='bbox 299 999 354 1024; x_wconf 87' lang='lat' dir='ltr'><strong>Deo</strong></span> <span class='ocrx_word' id='word_1_141' title='bbox 369 1006 377 1025; x_wconf 87' lang='lat'><strong>:</strong></span> <span class='ocrx_word' id='word_1_142' title='bbox 396 997 472 1024; x_wconf 86' lang='lat' dir='ltr'><strong>illum</strong></span> <span class='ocrx_word' id='word_1_143' title='bbox 487 1005 551 1025; x_wconf 88' lang='lat' dir='ltr'><strong>vero</strong></span> <span class='ocrx_word' id='word_1_144' title='bbox 565 1006 646 1033; x_wconf 86' lang='lat' dir='ltr'><strong>quem</strong></span> <span class='ocrx_word' id='word_1_145' title='bbox 666 998 786 1026; x_wconf 79' lang='lat' dir='ltr'><strong>diximus</strong></span> <span class='ocrx_word' id='word_1_146' title='bbox 802 1005 921 1034; x_wconf 89' lang='lat' dir='ltr'><strong>quatuor</strong></span> <span class='ocrx_word' id='word_1_147' title='bbox 940 1000 1085 1029; x_wconf 87' lang='lat' dir='ltr'><strong>fluviorum</strong></span> 
     </span>
    </p>
   </div>
   <div class='ocr_carea' id='block_1_22' title="bbox 297 1044 1084 1082">
    <p class='ocr_par' dir='ltr' id='par_1_22' title="bbox 297 1044 1084 1082">
     <span class='ocr_line' id='line_1_22' title="bbox 297 1044 1084 1082; baseline 0.005 -12"><span class='ocrx_word' id='word_1_148' title='bbox 297 1050 419 1076; x_wconf 86' lang='lat' dir='ltr'><strong>cursum,</strong></span> <span class='ocrx_word' id='word_1_149' title='bbox 435 1047 516 1078; x_wconf 87' lang='lat' dir='ltr'><strong>atque</strong></span> <span class='ocrx_word' id='word_1_150' title='bbox 527 1044 587 1079; x_wconf 79' lang='lat' dir='ltr'><strong>eius</strong></span> <span class='ocrx_word' id='word_1_151' title='bbox 603 1045 710 1078; x_wconf 76' lang='lat' dir='ltr'><strong>generis</strong></span> <span class='ocrx_word' id='word_1_152' title='bbox 722 1045 785 1077; x_wconf 87' lang='lat' dir='ltr'><strong>alia,</strong></span> <span class='ocrx_word' id='word_1_153' title='bbox 797 1045 918 1072; x_wconf 86' lang='lat' dir='ltr'><strong>divinum</strong></span> <span class='ocrx_word' id='word_1_154' title='bbox 934 1054 996 1073; x_wconf 89' lang='lat' dir='ltr'><strong>esse</strong></span> <span class='ocrx_word' id='word_1_155' title='bbox 1005 1055 1084 1082; x_wconf 83' lang='lat' dir='ltr'><strong>opus,</strong></span> 
     </span>
    </p>
   </div>
   <div class='ocr_carea' id='block_1_23' title="bbox 299 1087 1083 1125">
    <p class='ocr_par' dir='ltr' id='par_1_23' title="bbox 299 1087 1083 1125">
     <span class='ocr_line' id='line_1_23' title="bbox 299 1087 1083 1125; baseline 0.009 -13"><span class='ocrx_word' id='word_1_156' title='bbox 299 1093 353 1113; x_wconf 93' lang='lat' dir='ltr'><strong>non</strong></span> <span class='ocrx_word' id='word_1_157' title='bbox 387 1087 547 1115; x_wconf 85' lang='lat' dir='ltr'><strong>humanum.</strong></span> <span class='ocrx_word' id='word_1_158' title='bbox 586 1088 689 1115; x_wconf 89' lang='lat' dir='ltr'><strong>Deinde</strong></span> <span class='ocrx_word' id='word_1_159' title='bbox 722 1089 773 1115; x_wconf 93' lang='lat' dir='ltr'><strong>hoc</strong></span> <span class='ocrx_word' id='word_1_160' title='bbox 799 1097 908 1124; x_wconf 82' lang='lat' dir='ltr'><strong>quoque</strong></span> <span class='ocrx_word' id='word_1_161' title='bbox 924 1099 1083 1125; x_wconf 84' lang='lat' dir='ltr'><strong>responsum</strong></span> 
     </span>
    </p>
   </div>
   <div class='ocr_carea' id='block_1_24' title="bbox 298 1132 1085 1170">
    <p class='ocr_par' dir='ltr' id='par_1_24' title="bbox 298 1132 1085 1170">
     <span class='ocr_line' id='line_1_24' title="bbox 298 1132 1085 1170; baseline 0.01 -12"><span class='ocrx_word' id='word_1_162' title='bbox 298 1132 436 1164; x_wconf 89' lang='lat' dir='ltr'><strong>volumus,</strong></span> <span class='ocrx_word' id='word_1_163' title='bbox 448 1133 606 1168; x_wconf 85' lang='lat' dir='ltr'><strong>paradisum</strong></span> <span class='ocrx_word' id='word_1_164' title='bbox 623 1135 710 1161; x_wconf 93' lang='lat' dir='ltr'><strong>multo</strong></span> <span class='ocrx_word' id='word_1_165' title='bbox 723 1135 884 1163; x_wconf 84' lang='lat' dir='ltr'><strong>sublimiore</strong></span> <span class='ocrx_word' id='word_1_166' title='bbox 897 1138 1014 1170; x_wconf 88' lang='lat' dir='ltr'><strong>positum</strong></span> <span class='ocrx_word' id='word_1_167' title='bbox 1026 1146 1085 1166; x_wconf 77' lang='lat' dir='ltr'><strong>esse</strong></span> 
     </span>
    </p>
   </div>
   <div class='ocr_carea' id='block_1_25' title="bbox 299 1177 1085 1217">
    <p class='ocr_par' dir='ltr' id='par_1_25' title="bbox 299 1177 1085 1217">
     <span class='ocr_line' id='line_1_25' title="bbox 299 1177 1085 1217; baseline 0.01 -14"><span class='ocrx_word' id='word_1_168' title='bbox 299 1177 419 1212; x_wconf 88' lang='lat' dir='ltr'><strong>regione,</strong></span> <span class='ocrx_word' id='word_1_169' title='bbox 435 1182 516 1213; x_wconf 89' lang='lat' dir='ltr'><strong>atque</strong></span> <span class='ocrx_word' id='word_1_170' title='bbox 532 1179 589 1206; x_wconf 80' lang='lat' dir='ltr'><strong>haec</strong></span> <span class='ocrx_word' id='word_1_171' title='bbox 607 1184 700 1206; x_wconf 89' lang='lat' dir='ltr'><strong>nostra</strong></span> <span class='ocrx_word' id='word_1_172' title='bbox 727 1186 813 1207; x_wconf 78' lang='lat' dir='ltr'><strong>exstet</strong></span> <span class='ocrx_word' id='word_1_173' title='bbox 825 1185 914 1215; x_wconf 87' lang='lat' dir='ltr'><strong>terra;</strong></span> <span class='ocrx_word' id='word_1_174' title='bbox 927 1190 1014 1217; x_wconf 87' lang='lat' dir='ltr'><strong>eoque</strong></span> <span class='ocrx_word' id='word_1_175' title='bbox 1027 1185 1085 1212; x_wconf 85' lang='lat' dir='ltr'><strong>ﬁeri</strong></span> 
     </span>
    </p>
   </div>
   <div class='ocr_carea' id='block_1_26' title="bbox 298 1223 1085 1258">
    <p class='ocr_par' dir='ltr' id='par_1_26' title="bbox 298 1223 1085 1258">
     <span class='ocr_line' id='line_1_26' title="bbox 298 1223 1085 1258; baseline 0.008 -8"><span class='ocrx_word' id='word_1_176' title='bbox 298 1228 329 1250; x_wconf 85' lang='lat' dir='ltr'><strong>ut</strong></span> <span class='ocrx_word' id='word_1_177' title='bbox 341 1223 416 1250; x_wconf 82' lang='lat' dir='ltr'><strong>illine</strong></span> <span class='ocrx_word' id='word_1_178' title='bbox 439 1231 487 1258; x_wconf 88' lang='lat' dir='ltr'><strong>per</strong></span> <span class='ocrx_word' id='word_1_179' title='bbox 511 1224 695 1258; x_wconf 62' lang='lat' dir='ltr'><strong>praecipitium</strong></span> <span class='ocrx_word' id='word_1_180' title='bbox 727 1225 888 1253; x_wconf 88' lang='lat' dir='ltr'><strong>delabantur</strong></span> <span class='ocrx_word' id='word_1_181' title='bbox 916 1227 990 1255; x_wconf 91' lang='lat' dir='ltr'><strong>ﬂuvii</strong></span> <span class='ocrx_word' id='word_1_182' title='bbox 1011 1233 1085 1257; x_wconf 88' lang='lat' dir='ltr'><strong>tanto</strong></span> 
     </span>
    </p>
   </div>
   <div class='ocr_carea' id='block_1_27' title="bbox 298 1269 1084 1309">
    <p class='ocr_par' dir='ltr' id='par_1_27' title="bbox 298 1269 1084 1309">
     <span class='ocr_line' id='line_1_27' title="bbox 298 1269 1084 1309; baseline 0.008 -13"><span class='ocrx_word' id='word_1_183' title='bbox 298 1276 361 1296; x_wconf 89' lang='lat' dir='ltr'><strong>cum</strong></span> <span class='ocrx_word' id='word_1_184' title='bbox 372 1269 484 1303; x_wconf 82' lang='lat' dir='ltr'><strong>impetu,</strong></span> <span class='ocrx_word' id='word_1_185' title='bbox 498 1275 631 1304; x_wconf 86' lang='lat' dir='ltr'><strong>quantum</strong></span> <span class='ocrx_word' id='word_1_186' title='bbox 646 1271 738 1299; x_wconf 86' lang='lat' dir='ltr'><strong>verbis</strong></span> <span class='ocrx_word' id='word_1_187' title='bbox 749 1272 902 1306; x_wconf 78' lang='lat' dir='ltr'><strong>exprimere</strong></span> <span class='ocrx_word' id='word_1_188' title='bbox 915 1281 968 1300; x_wconf 91' lang='lat' dir='ltr'><strong>non</strong></span> <span class='ocrx_word' id='word_1_189' title='bbox 985 1276 1084 1309; x_wconf 82' lang='lat' dir='ltr'><strong>possis,</strong></span> 
     </span>
    </p>
   </div>
   <div class='ocr_carea' id='block_1_28' title="bbox 298 1315 1084 1351">
    <p class='ocr_par' dir='ltr' id='par_1_28' title="bbox 298 1315 1084 1351">
     <span class='ocr_line' id='line_1_28' title="bbox 298 1315 1084 1351; baseline 0.01 -11"><span class='ocrx_word' id='word_1_190' title='bbox 298 1321 386 1348; x_wconf 87' lang='lat' dir='ltr'><strong>eoque</strong></span> <span class='ocrx_word' id='word_1_191' title='bbox 399 1315 500 1349; x_wconf 89' lang='lat' dir='ltr'><strong>impetu</strong></span> <span class='ocrx_word' id='word_1_192' title='bbox 522 1315 642 1349; x_wconf 85' lang='lat' dir='ltr'><strong>impulsi,</strong></span> <span class='ocrx_word' id='word_1_193' title='bbox 658 1317 798 1351; x_wconf 81' lang='lat' dir='ltr'><strong>pressique</strong></span> <span class='ocrx_word' id='word_1_194' title='bbox 821 1319 872 1345; x_wconf 91' lang='lat' dir='ltr'><strong>sub</strong></span> <span class='ocrx_word' id='word_1_195' title='bbox 893 1321 988 1347; x_wconf 79' lang='lat' dir='ltr'><strong>oceani</strong></span> <span class='ocrx_word' id='word_1_196' title='bbox 1017 1323 1084 1348; x_wconf 89' lang='lat' dir='ltr'><strong>vada</strong></span> 
     </span>
    </p>
   </div>
   <div class='ocr_carea' id='block_1_29' title="bbox 300 1359 1084 1400">
    <p class='ocr_par' dir='ltr' id='par_1_29' title="bbox 300 1359 1084 1400">
     <span class='ocr_line' id='line_1_29' title="bbox 300 1359 1084 1400; baseline 0.009 -15"><span class='ocrx_word' id='word_1_197' title='bbox 300 1359 451 1394; x_wconf 83' lang='lat' dir='ltr'><strong>rapiantur,</strong></span> <span class='ocrx_word' id='word_1_198' title='bbox 481 1360 553 1387; x_wconf 90' lang='lat' dir='ltr'><strong>unde</strong></span> <span class='ocrx_word' id='word_1_199' title='bbox 586 1369 681 1389; x_wconf 84' lang='lat' dir='ltr'><strong>rursus</strong></span> <span class='ocrx_word' id='word_1_200' title='bbox 695 1363 837 1396; x_wconf 84' lang='lat' dir='ltr'><strong>prosiliant</strong></span> <span class='ocrx_word' id='word_1_201' title='bbox 853 1364 1043 1400; x_wconf 86' lang='lat' dir='ltr'><strong>ebulliautque</strong></span> <span class='ocrx_word' id='word_1_202' title='bbox 1058 1366 1084 1393; x_wconf 90' lang='lat' dir='ltr'><strong>in</strong></span> 
     </span>
    </p>
   </div>
   <div class='ocr_carea' id='block_1_30' title="bbox 301 1404 1084 1442">
    <p class='ocr_par' dir='ltr' id='par_1_30' title="bbox 301 1404 1084 1442">
     <span class='ocr_line' id='line_1_30' title="bbox 301 1404 1084 1442; baseline 0.011 -12"><span class='ocrx_word' id='word_1_203' title='bbox 301 1404 352 1430; x_wconf 90' lang='lat' dir='ltr'><strong>hoc</strong></span> <span class='ocrx_word' id='word_1_204' title='bbox 367 1412 382 1431; x_wconf 90' lang='lat' dir='ltr'><strong>a</strong></span> <span class='ocrx_word' id='word_1_205' title='bbox 398 1404 477 1432; x_wconf 87' lang='lat' dir='ltr'><strong>nobis</strong></span> <span class='ocrx_word' id='word_1_206' title='bbox 491 1406 566 1432; x_wconf 91' lang='lat' dir='ltr'><strong>culto</strong></span> <span class='ocrx_word' id='word_1_207' title='bbox 581 1406 657 1433; x_wconf 91' lang='lat' dir='ltr'><strong>orbe.</strong></span> <span class='ocrx_word' id='word_1_208' title='bbox 671 1406 738 1434; x_wconf 86' lang='lat' dir='ltr'><strong>Nam</strong></span> <span class='ocrx_word' id='word_1_209' title='bbox 751 1407 797 1442; x_wconf 85' lang='lat' dir='ltr'><strong>qui</strong></span> <span class='ocrx_word' id='word_1_210' title='bbox 826 1416 912 1442; x_wconf 87' lang='lat' dir='ltr'><strong>aquas</strong></span> <span class='ocrx_word' id='word_1_211' title='bbox 930 1410 955 1436; x_wconf 91' lang='lat' dir='ltr'><strong>in</strong></span> <span class='ocrx_word' id='word_1_212' title='bbox 967 1411 1084 1439; x_wconf 83' lang='lat' dir='ltr'><strong>sublime</strong></span> 
     </span>
    </p>
   </div>
   <div class='ocr_carea' id='block_1_31' title="bbox 300 1448 1084 1487">
    <p class='ocr_par' dir='ltr' id='par_1_31' title="bbox 300 1448 1084 1487">
     <span class='ocr_line' id='line_1_31' title="bbox 300 1448 1084 1487; baseline 0.011 -12"><span class='ocrx_word' id='word_1_213' title='bbox 300 1448 411 1481; x_wconf 84' lang='lat' dir='ltr'><strong>ducere,</strong></span> <span class='ocrx_word' id='word_1_214' title='bbox 429 1453 510 1484; x_wconf 81' lang='lat' dir='ltr'><strong>atque</strong></span> <span class='ocrx_word' id='word_1_215' title='bbox 523 1457 556 1478; x_wconf 91' lang='lat' dir='ltr'><strong>ex</strong></span> <span class='ocrx_word' id='word_1_216' title='bbox 569 1451 633 1478; x_wconf 88' lang='lat' dir='ltr'><strong>altis</strong></span> <span class='ocrx_word' id='word_1_217' title='bbox 658 1452 813 1487; x_wconf 86' lang='lat' dir='ltr'><strong>erectisque</strong></span> <span class='ocrx_word' id='word_1_218' title='bbox 835 1454 976 1482; x_wconf 79' lang='lat' dir='ltr'><strong>canalibus</strong></span> <span class='ocrx_word' id='word_1_219' title='bbox 1002 1457 1084 1485; x_wconf 87' lang='lat' dir='ltr'><strong>velttti</strong></span> 
     </span>
    </p>
   </div>
   <div class='ocr_carea' id='block_1_32' title="bbox 299 1493 1086 1534">
    <p class='ocr_par' dir='ltr' id='par_1_32' title="bbox 299 1493 1086 1534">
     <span class='ocr_line' id='line_1_32' title="bbox 299 1493 1086 1534; baseline 0.011 -14"><span class='ocrx_word' id='word_1_220' title='bbox 299 1493 463 1528; x_wconf 75' lang='lat' dir='ltr'><strong>siphonibus</strong></span> <span class='ocrx_word' id='word_1_221' title='bbox 487 1495 655 1529; x_wconf 80' lang='lat' dir='ltr'><strong>profundere</strong></span> <span class='ocrx_word' id='word_1_222' title='bbox 667 1497 803 1529; x_wconf 85' lang='lat' dir='ltr'><strong>laborant,</strong></span> <span class='ocrx_word' id='word_1_223' title='bbox 821 1497 839 1524; x_wconf 88' lang='lat' dir='ltr'><strong>ii</strong></span> <span class='ocrx_word' id='word_1_224' title='bbox 854 1506 887 1526; x_wconf 87' lang='lat' dir='ltr'><strong>ex</strong></span> <span class='ocrx_word' id='word_1_225' title='bbox 905 1499 986 1534; x_wconf 86' lang='lat' dir='ltr'><strong>longo</strong></span> <span class='ocrx_word' id='word_1_226' title='bbox 998 1501 1086 1529; x_wconf 88' lang='lat' dir='ltr'><strong>inter-</strong></span> 
     </span>
    </p>
   </div>
   <div class='ocr_carea' id='block_1_33' title="bbox 1132 263 1924 294">
    <p class='ocr_par' dir='ltr' id='par_1_33' title="bbox 1132 263 1924 294">
     <span class='ocr_line' id='line_1_33' title="bbox 1132 263 1924 294; baseline 0.001 -3"><span class='ocrx_word' id='word_1_227' title='bbox 1132 263 1260 291; x_wconf 78' lang='lat' dir='ltr'><strong>salsiores</strong></span> <span class='ocrx_word' id='word_1_228' title='bbox 1288 263 1416 294; x_wconf 84' lang='lat' dir='ltr'><strong>evadunt,</strong></span> <span class='ocrx_word' id='word_1_229' title='bbox 1444 270 1493 290; x_wconf 87' lang='lat' dir='ltr'><strong>cur</strong></span> <span class='ocrx_word' id='word_1_230' title='bbox 1519 270 1573 290; x_wconf 90' lang='lat' dir='ltr'><strong>non</strong></span> <span class='ocrx_word' id='word_1_231' title='bbox 1604 263 1825 291; x_wconf 79' lang='lat' dir='ltr'><strong>existimabimus</strong></span> <span class='ocrx_word' id='word_1_232' title='bbox 1860 265 1924 292; x_wconf 86' lang='lat' dir='ltr'><strong>illos</strong></span> 
     </span>
    </p>
   </div>
   <div class='ocr_carea' id='block_1_34' title="bbox 1132 309 1925 345">
    <p class='ocr_par' dir='ltr' id='par_1_34' title="bbox 1132 309 1925 345">
     <span class='ocr_line' id='line_1_34' title="bbox 1132 309 1925 345; baseline 0.004 -9"><span class='ocrx_word' id='word_1_233' title='bbox 1132 317 1240 344; x_wconf 90' lang='lat' dir='ltr'><strong>quoque</strong></span> <span class='ocrx_word' id='word_1_234' title='bbox 1254 309 1351 337; x_wconf 89' lang='lat' dir='ltr'><strong>ﬂuvios</strong></span> <span class='ocrx_word' id='word_1_235' title='bbox 1366 309 1499 345; x_wconf 84' lang='lat' dir='ltr'><strong>tantisper</strong></span> <span class='ocrx_word' id='word_1_236' title='bbox 1521 310 1587 337; x_wconf 89' lang='lat' dir='ltr'><strong>dum</strong></span> <span class='ocrx_word' id='word_1_237' title='bbox 1618 318 1666 344; x_wconf 85' lang='lat' dir='ltr'><strong>per</strong></span> <span class='ocrx_word' id='word_1_238' title='bbox 1689 310 1879 338; x_wconf 74' lang='lat' dir='ltr'><strong>beatissimum</strong></span> <span class='ocrx_word' id='word_1_239' title='bbox 1891 319 1925 339; x_wconf 88' lang='lat' dir='ltr'><strong>ac</strong></span> 
     </span>
    </p>
   </div>
   <div class='ocr_carea' id='block_1_35' title="bbox 1134 356 1924 391">
    <p class='ocr_par' dir='ltr' id='par_1_35' title="bbox 1134 356 1924 391">
     <span class='ocr_line' id='line_1_35' title="bbox 1134 356 1924 391; baseline 0.001 -8"><span class='ocrx_word' id='word_1_240' title='bbox 1134 357 1327 384; x_wconf 87' lang='lat' dir='ltr'><strong>felicissimum</strong></span> <span class='ocrx_word' id='word_1_241' title='bbox 1345 357 1434 384; x_wconf 88' lang='lat' dir='ltr'><strong>locum</strong></span> <span class='ocrx_word' id='word_1_242' title='bbox 1459 356 1617 391; x_wconf 79' lang='lat' dir='ltr'><strong>paradisum</strong></span> <span class='ocrx_word' id='word_1_243' title='bbox 1645 356 1754 390; x_wconf 83' lang='lat' dir='ltr'><strong>ﬂuunt,</strong></span> <span class='ocrx_word' id='word_1_244' title='bbox 1776 357 1924 390; x_wconf 77' lang='lat' dir='ltr'><strong>iucundis-</strong></span> 
     </span>
    </p>
   </div>
   <div class='ocr_carea' id='block_1_36' title="bbox 1133 403 1923 438">
    <p class='ocr_par' dir='ltr' id='par_1_36' title="bbox 1133 403 1923 438">
     <span class='ocr_line' id='line_1_36' title="bbox 1133 403 1923 438; baseline 0 -8"><span class='ocrx_word' id='word_1_245' title='bbox 1133 403 1202 430; x_wconf 89' lang='lat' dir='ltr'><strong>simo</strong></span> <span class='ocrx_word' id='word_1_246' title='bbox 1220 408 1302 437; x_wconf 88' lang='lat' dir='ltr'><strong>atque</strong></span> <span class='ocrx_word' id='word_1_247' title='bbox 1325 403 1489 430; x_wconf 82' lang='lat' dir='ltr'><strong>suavissimo</strong></span> <span class='ocrx_word' id='word_1_248' title='bbox 1507 410 1604 438; x_wconf 85' lang='lat' dir='ltr'><strong>sapore</strong></span> <span class='ocrx_word' id='word_1_249' title='bbox 1620 410 1681 430; x_wconf 86' lang='lat' dir='ltr'><strong>esse</strong></span> <span class='ocrx_word' id='word_1_250' title='bbox 1697 413 1704 436; x_wconf 88' lang='lat'><strong>;</strong></span> <span class='ocrx_word' id='word_1_251' title='bbox 1736 404 1763 430; x_wconf 89' lang='lat' dir='ltr'><strong>in</strong></span> <span class='ocrx_word' id='word_1_252' title='bbox 1780 403 1834 430; x_wconf 90' lang='lat' dir='ltr'><strong>hoc</strong></span> <span class='ocrx_word' id='word_1_253' title='bbox 1855 411 1923 430; x_wconf 86' lang='lat' dir='ltr'><strong>vero</strong></span> 
     </span>
    </p>
   </div>
   <div class='ocr_carea' id='block_1_37' title="bbox 1134 448 1924 477">
    <p class='ocr_par' dir='ltr' id='par_1_37' title="bbox 1134 448 1924 477">
     <span class='ocr_line' id='line_1_37' title="bbox 1134 448 1924 477; baseline 0.001 -1"><span class='ocrx_word' id='word_1_254' title='bbox 1134 448 1314 476; x_wconf 85' lang='lat' dir='ltr'><strong>exsecrabilis</strong></span> <span class='ocrx_word' id='word_1_255' title='bbox 1332 453 1432 475; x_wconf 77' lang='lat' dir='ltr'><strong>nostra:</strong></span> <span class='ocrx_word' id='word_1_256' title='bbox 1447 452 1536 476; x_wconf 86' lang='lat' dir='ltr'><strong>tractu</strong></span> <span class='ocrx_word' id='word_1_257' title='bbox 1551 453 1631 475; x_wconf 76' lang='lat' dir='ltr'><strong>teme</strong></span> <span class='ocrx_word' id='word_1_258' title='bbox 1651 449 1684 475; x_wconf 86' lang='lat' dir='ltr'><strong>de</strong></span> <span class='ocrx_word' id='word_1_259' title='bbox 1712 449 1756 476; x_wconf 91' lang='lat' dir='ltr'><strong>illa</strong></span> <span class='ocrx_word' id='word_1_260' title='bbox 1785 450 1924 477; x_wconf 84' lang='lat' dir='ltr'><strong>suavitate</strong></span> 
     </span>
    </p>
   </div>
   <div class='ocr_carea' id='block_1_38' title="bbox 1134 494 1925 529">
    <p class='ocr_par' dir='ltr' id='par_1_38' title="bbox 1134 494 1925 529">
     <span class='ocr_line' id='line_1_38' title="bbox 1134 494 1925 529; baseline 0.004 -8"><span class='ocrx_word' id='word_1_261' title='bbox 1134 495 1282 529; x_wconf 87' lang='lat' dir='ltr'><strong>plurimum</strong></span> <span class='ocrx_word' id='word_1_262' title='bbox 1296 494 1453 522; x_wconf 68' lang='lat' dir='ltr'><strong>remittere?</strong></span> <span class='ocrx_word' id='word_1_263' title='bbox 1471 494 1555 522; x_wconf 86' lang='lat' dir='ltr'><strong>Porro</strong></span> <span class='ocrx_word' id='word_1_264' title='bbox 1565 496 1659 522; x_wconf 86' lang='lat' dir='ltr'><strong>beatus</strong></span> <span class='ocrx_word' id='word_1_265' title='bbox 1672 495 1761 523; x_wconf 86' lang='lat' dir='ltr'><strong>Moses</strong></span> <span class='ocrx_word' id='word_1_266' title='bbox 1773 500 1799 522; x_wconf 91' lang='lat' dir='ltr'><strong>et</strong></span> <span class='ocrx_word' id='word_1_267' title='bbox 1813 497 1925 524; x_wconf 86' lang='lat' dir='ltr'><strong>nomina</strong></span> 
     </span>
    </p>
   </div>
   <div class='ocr_carea' id='block_1_39' title="bbox 1135 540 1926 575">
    <p class='ocr_par' dir='ltr' id='par_1_39' title="bbox 1135 540 1926 575">
     <span class='ocr_line' id='line_1_39' title="bbox 1135 540 1926 575; baseline 0.001 -8"><span class='ocrx_word' id='word_1_268' title='bbox 1135 541 1243 568; x_wconf 90' lang='lat' dir='ltr'><strong>illorum</strong></span> <span class='ocrx_word' id='word_1_269' title='bbox 1258 544 1376 575; x_wconf 89' lang='lat' dir='ltr'><strong>quatuor</strong></span> <span class='ocrx_word' id='word_1_270' title='bbox 1394 540 1551 571; x_wconf 83' lang='lat' dir='ltr'><strong>ﬂuviorum.</strong></span> <span class='ocrx_word' id='word_1_271' title='bbox 1564 544 1591 567; x_wconf 90' lang='lat' dir='ltr'><strong>et</strong></span> <span class='ocrx_word' id='word_1_272' title='bbox 1612 541 1669 567; x_wconf 88' lang='lat' dir='ltr'><strong>loca</strong></span> <span class='ocrx_word' id='word_1_273' title='bbox 1687 549 1734 575; x_wconf 88' lang='lat' dir='ltr'><strong>per</strong></span> <span class='ocrx_word' id='word_1_274' title='bbox 1751 549 1811 575; x_wconf 65' lang='lat' dir='ltr'><strong>quae</strong></span> <span class='ocrx_word' id='word_1_275' title='bbox 1829 541 1926 568; x_wconf 85' lang='lat' dir='ltr'><strong>ferun-</strong></span> 
     </span>
    </p>
   </div>
   <div class='ocr_carea' id='block_1_40' title="bbox 1135 586 1925 621">
    <p class='ocr_par' dir='ltr' id='par_1_40' title="bbox 1135 586 1925 621">
     <span class='ocr_line' id='line_1_40' title="bbox 1135 586 1925 621; baseline 0.001 -8"><span class='ocrx_word' id='word_1_276' title='bbox 1135 591 1189 618; x_wconf 86' lang='lat' dir='ltr'><strong>tur,</strong></span> <span class='ocrx_word' id='word_1_277' title='bbox 1217 587 1326 621; x_wconf 80' lang='lat' dir='ltr'><strong>aliaque</strong></span> <span class='ocrx_word' id='word_1_278' title='bbox 1354 586 1449 613; x_wconf 87' lang='lat' dir='ltr'><strong>eodem</strong></span> <span class='ocrx_word' id='word_1_279' title='bbox 1467 587 1619 621; x_wconf 84' lang='lat' dir='ltr'><strong>spectantia</strong></span> <span class='ocrx_word' id='word_1_280' title='bbox 1646 587 1748 614; x_wconf 80' lang='lat' dir='ltr'><strong>diserte</strong></span> <span class='ocrx_word' id='word_1_281' title='bbox 1764 587 1925 620; x_wconf 85' lang='lat' dir='ltr'><strong>explicavit.</strong></span> 
     </span>
    </p>
   </div>
   <div class='ocr_carea' id='block_1_41' title="bbox 1135 631 1924 667">
    <p class='ocr_par' dir='ltr' id='par_1_41' title="bbox 1135 631 1924 667">
     <span class='ocr_line' id='line_1_41' title="bbox 1135 631 1924 667; baseline -0.001 -8"><span class='ocrx_word' id='word_1_282' title='bbox 1135 636 1166 659; x_wconf 87' lang='lat' dir='ltr'><strong>ut</strong></span> <span class='ocrx_word' id='word_1_283' title='bbox 1182 639 1242 667; x_wconf 74' lang='lat' dir='ltr'><strong>qua:</strong></span> <span class='ocrx_word' id='word_1_284' title='bbox 1260 632 1303 659; x_wconf 88' lang='lat' dir='ltr'><strong>illa</strong></span> <span class='ocrx_word' id='word_1_285' title='bbox 1319 636 1398 659; x_wconf 74' lang='lat' dir='ltr'><strong>aetate</strong></span> <span class='ocrx_word' id='word_1_286' title='bbox 1426 639 1479 658; x_wconf 93' lang='lat' dir='ltr'><strong>non</strong></span> <span class='ocrx_word' id='word_1_287' title='bbox 1512 631 1602 666; x_wconf 82' lang='lat' dir='ltr'><strong>ignota</strong></span> <span class='ocrx_word' id='word_1_288' title='bbox 1635 637 1747 659; x_wconf 83' lang='lat' dir='ltr'><strong>essent:</strong></span> <span class='ocrx_word' id='word_1_289' title='bbox 1770 633 1808 659; x_wconf 86' lang='lat' dir='ltr'><strong>ait</strong></span> <span class='ocrx_word' id='word_1_290' title='bbox 1825 633 1898 659; x_wconf 86' lang='lat' dir='ltr'><strong>enim</strong></span> <span class='ocrx_word' id='word_1_291' title='bbox 1918 642 1924 659; x_wconf 92' lang='lat'><strong>:</strong></span> 
     </span>
    </p>
   </div>
   <div class='ocr_carea' id='block_1_42' title="bbox 1137 676 1923 711">
    <p class='ocr_par' dir='ltr' id='par_1_42' title="bbox 1137 676 1923 711">
     <span class='ocr_line' id='line_1_42' title="bbox 1137 676 1923 711; baseline 0 -7"><span class='ocrx_word' id='word_1_292' title='bbox 1137 676 1240 704; x_wconf 85' lang='lat' dir='ltr'><strong>Nomen</strong></span> <span class='ocrx_word' id='word_1_293' title='bbox 1272 678 1351 704; x_wconf 76' lang='lat' dir='ltr'><strong>unius</strong></span> <span class='ocrx_word' id='word_1_294' title='bbox 1389 676 1503 708; x_wconf 68' lang='lat' dir='ltr'><strong>Phison,</strong></span> <span class='ocrx_word' id='word_1_295' title='bbox 1532 678 1577 711; x_wconf 87' lang='lat' dir='ltr'><strong>qui</strong></span> <span class='ocrx_word' id='word_1_296' title='bbox 1600 677 1747 711; x_wconf 72' lang='lat' dir='ltr'><strong>perlabitur</strong></span> <span class='ocrx_word' id='word_1_297' title='bbox 1771 678 1923 704; x_wconf 75' lang='lat' dir='ltr'><strong>universum</strong></span> 
     </span>
    </p>
   </div>
   <div class='ocr_carea' id='block_1_43' title="bbox 1137 723 1925 758">
    <p class='ocr_par' dir='ltr' id='par_1_43' title="bbox 1137 723 1925 758">
     <span class='ocr_line' id='line_1_43' title="bbox 1137 723 1925 758; baseline -0.001 -7"><span class='ocrx_word' id='word_1_298' title='bbox 1137 729 1235 752; x_wconf 80' lang='lat' dir='ltr'><strong>terram</strong></span> <span class='ocrx_word' id='word_1_299' title='bbox 1261 723 1375 756; x_wconf 76' lang='lat' dir='ltr'><strong>anilw,</strong></span> <span class='ocrx_word' id='word_1_300' title='bbox 1412 723 1466 750; x_wconf 77' lang='lat' dir='ltr'><strong>illic</strong></span> <span class='ocrx_word' id='word_1_301' title='bbox 1490 728 1528 750; x_wconf 83' lang='lat' dir='ltr'><strong>eu</strong></span> <span class='ocrx_word' id='word_1_302' title='bbox 1552 731 1660 754; x_wconf 83' lang='lat' dir='ltr'><strong>aurum,</strong></span> <span class='ocrx_word' id='word_1_303' title='bbox 1687 729 1711 750; x_wconf 78' lang='lat' dir='ltr'><strong>et</strong></span> <span class='ocrx_word' id='word_1_304' title='bbox 1736 724 1792 756; x_wconf 76' lang='lat' dir='ltr'><strong>ejus</strong></span> <span class='ocrx_word' id='word_1_305' title='bbox 1807 724 1925 758; x_wconf 71' lang='lat' dir='ltr'><strong>regionis</strong></span> 
     </span>
    </p>
   </div>
   <div class='ocr_carea' id='block_1_44' title="bbox 1136 767 1927 802">
    <p class='ocr_par' dir='ltr' id='par_1_44' title="bbox 1136 767 1927 802">
     <span class='ocr_line' id='line_1_44' title="bbox 1136 767 1927 802; baseline -0.004 -7"><span class='ocrx_word' id='word_1_306' title='bbox 1136 777 1231 795; x_wconf 82' lang='lat' dir='ltr'><strong>aurum</strong></span> <span class='ocrx_word' id='word_1_307' title='bbox 1264 773 1394 802; x_wconf 74' lang='lat' dir='ltr'><strong>prn&#39;stnns</strong></span> <span class='ocrx_word' id='word_1_308' title='bbox 1424 772 1483 798; x_wconf 79' lang='lat' dir='ltr'><strong>est;</strong></span> <span class='ocrx_word' id='word_1_309' title='bbox 1510 767 1565 793; x_wconf 79' lang='lat' dir='ltr'><strong>illic</strong></span> <span class='ocrx_word' id='word_1_310' title='bbox 1605 767 1746 798; x_wconf 78' lang='lat' dir='ltr'><strong>Bedolarh,</strong></span> <span class='ocrx_word' id='word_1_311' title='bbox 1767 774 1927 801; x_wconf 71' lang='lat' dir='ltr'><strong>genuumque</strong></span> 
     </span>
    </p>
   </div>
   <div class='ocr_carea' id='block_1_45' title="bbox 1137 811 1925 848">
    <p class='ocr_par' dir='ltr' id='par_1_45' title="bbox 1137 811 1925 848">
     <span class='ocr_line' id='line_1_45' title="bbox 1137 811 1925 848; baseline -0.003 -7"><span class='ocrx_word' id='word_1_312' title='bbox 1137 814 1252 845; x_wconf 80' lang='lat' dir='ltr'><strong>Berilli;</strong></span> <span class='ocrx_word' id='word_1_313' title='bbox 1268 814 1345 848; x_wconf 89' lang='lat' dir='ltr'><strong>quasi</strong></span> <span class='ocrx_word' id='word_1_314' title='bbox 1362 814 1454 840; x_wconf 84' lang='lat' dir='ltr'><strong>dicat:</strong></span> <span class='ocrx_word' id='word_1_315' title='bbox 1473 812 1550 840; x_wconf 89' lang='lat' dir='ltr'><strong>Unus</strong></span> <span class='ocrx_word' id='word_1_316' title='bbox 1568 813 1676 839; x_wconf 90' lang='lat' dir='ltr'><strong>illorum</strong></span> <span class='ocrx_word' id='word_1_317' title='bbox 1690 817 1809 846; x_wconf 86' lang='lat' dir='ltr'><strong>quatuor</strong></span> <span class='ocrx_word' id='word_1_318' title='bbox 1825 811 1925 839; x_wconf 86' lang='lat' dir='ltr'><strong>ﬂuvio-</strong></span> 
     </span>
    </p>
   </div>
   <div class='ocr_carea' id='block_1_46' title="bbox 1139 851 1924 894">
    <p class='ocr_par' dir='ltr' id='par_1_46' title="bbox 1139 851 1924 894">
     <span class='ocr_line' id='line_1_46' title="bbox 1139 851 1924 894; baseline -0.004 -7"><span class='ocrx_word' id='word_1_319' title='bbox 1139 868 1199 887; x_wconf 89' lang='lat' dir='ltr'><strong>rum</strong></span> <span class='ocrx_word' id='word_1_320' title='bbox 1241 851 1343 887; x_wconf 85' lang='lat' dir='ltr'><strong>Pbison</strong></span> <span class='ocrx_word' id='word_1_321' title='bbox 1362 860 1400 894; x_wconf 85' lang='lat'>(5)</span> <span class='ocrx_word' id='word_1_322' title='bbox 1435 864 1557 891; x_wconf 82' lang='lat' dir='ltr'><strong>vocatur,</strong></span> <span class='ocrx_word' id='word_1_323' title='bbox 1574 859 1621 893; x_wconf 87' lang='lat' dir='ltr'><strong>qui</strong></span> <span class='ocrx_word' id='word_1_324' title='bbox 1647 858 1692 885; x_wconf 91' lang='lat' dir='ltr'><strong>ubi</strong></span> <span class='ocrx_word' id='word_1_325' title='bbox 1711 859 1744 885; x_wconf 90' lang='lat' dir='ltr'><strong>ah</strong></span> <span class='ocrx_word' id='word_1_326' title='bbox 1760 858 1861 892; x_wconf 76' lang='lat' dir='ltr'><strong>ingenti</strong></span> <span class='ocrx_word' id='word_1_327' title='bbox 1878 858 1924 886; x_wconf 82' lang='lat' dir='ltr'><strong>illc</strong></span> 
     </span>
    </p>
   </div>
   <div class='ocr_carea' id='block_1_47' title="bbox 1137 901 1923 936">
    <p class='ocr_par' dir='ltr' id='par_1_47' title="bbox 1137 901 1923 936">
     <span class='ocr_line' id='line_1_47' title="bbox 1137 901 1923 936; baseline -0.004 -6"><span class='ocrx_word' id='word_1_328' title='bbox 1137 904 1247 931; x_wconf 89' lang='lat' dir='ltr'><strong>ﬂumine</strong></span> <span class='ocrx_word' id='word_1_329' title='bbox 1263 903 1379 930; x_wconf 89' lang='lat' dir='ltr'><strong>medium</strong></span> <span class='ocrx_word' id='word_1_330' title='bbox 1396 902 1536 936; x_wconf 86' lang='lat' dir='ltr'><strong>perluente</strong></span> <span class='ocrx_word' id='word_1_331' title='bbox 1548 902 1702 936; x_wconf 86' lang='lat' dir='ltr'><strong>paradisum</strong></span> <span class='ocrx_word' id='word_1_332' title='bbox 1716 901 1855 928; x_wconf 81' lang='lat' dir='ltr'><strong>derivatos</strong></span> <span class='ocrx_word' id='word_1_333' title='bbox 1869 905 1923 932; x_wconf 84' lang='lat' dir='ltr'><strong>est.</strong></span> 
     </span>
    </p>
   </div>
   <div class='ocr_carea' id='block_1_48' title="bbox 1136 947 1924 984">
    <p class='ocr_par' dir='ltr' id='par_1_48' title="bbox 1136 947 1924 984">
     <span class='ocr_line' id='line_1_48' title="bbox 1136 947 1924 984; baseline -0.006 -7"><span class='ocrx_word' id='word_1_334' title='bbox 1136 955 1218 984; x_wconf 86' lang='lat' dir='ltr'><strong>atque</strong></span> <span class='ocrx_word' id='word_1_335' title='bbox 1232 950 1258 977; x_wconf 95' lang='lat' dir='ltr'><strong>in</strong></span> <span class='ocrx_word' id='word_1_336' title='bbox 1276 954 1375 976; x_wconf 84' lang='lat' dir='ltr'><strong>terram</strong></span> <span class='ocrx_word' id='word_1_337' title='bbox 1393 949 1444 976; x_wconf 89' lang='lat' dir='ltr'><strong>sub</strong></span> <span class='ocrx_word' id='word_1_338' title='bbox 1465 948 1566 975; x_wconf 80' lang='lat' dir='ltr'><strong>Oceani</strong></span> <span class='ocrx_word' id='word_1_339' title='bbox 1579 948 1646 974; x_wconf 81' lang='lat' dir='ltr'><strong>vade</strong></span> <span class='ocrx_word' id='word_1_340' title='bbox 1673 954 1702 974; x_wconf 88' lang='lat' dir='ltr'><strong>se</strong></span> <span class='ocrx_word' id='word_1_341' title='bbox 1721 947 1832 980; x_wconf 86' lang='lat' dir='ltr'><strong>recepit,</strong></span> <span class='ocrx_word' id='word_1_342' title='bbox 1859 953 1924 972; x_wconf 92' lang='lat' dir='ltr'><strong>rur-</strong></span> 
     </span>
    </p>
   </div>
   <div class='ocr_carea' id='block_1_49' title="bbox 1137 991 1925 1030">
    <p class='ocr_par' dir='ltr' id='par_1_49' title="bbox 1137 991 1925 1030">
     <span class='ocr_line' id='line_1_49' title="bbox 1137 991 1925 1030; baseline -0.008 -6"><span class='ocrx_word' id='word_1_343' title='bbox 1137 1005 1183 1024; x_wconf 86' lang='lat' dir='ltr'><strong>sus</strong></span> <span class='ocrx_word' id='word_1_344' title='bbox 1195 996 1310 1030; x_wconf 84' lang='lat' dir='ltr'><strong>prosilit,</strong></span> <span class='ocrx_word' id='word_1_345' title='bbox 1325 996 1434 1027; x_wconf 85' lang='lat' dir='ltr'><strong>emicat,</strong></span> <span class='ocrx_word' id='word_1_346' title='bbox 1451 993 1619 1028; x_wconf 86' lang='lat' dir='ltr'><strong>scaturitqne</strong></span> <span class='ocrx_word' id='word_1_347' title='bbox 1645 993 1672 1020; x_wconf 92' lang='lat' dir='ltr'><strong>in</strong></span> <span class='ocrx_word' id='word_1_348' title='bbox 1689 992 1809 1020; x_wconf 88' lang='lat' dir='ltr'><strong>Occidua</strong></span> <span class='ocrx_word' id='word_1_349' title='bbox 1830 991 1925 1019; x_wconf 87' lang='lat' dir='ltr'><strong>mundi</strong></span> 
     </span>
    </p>
   </div>
   <div class='ocr_carea' id='block_1_50' title="bbox 1137 1036 1928 1076">
    <p class='ocr_par' dir='ltr' id='par_1_50' title="bbox 1137 1036 1928 1076">
     <span class='ocr_line' id='line_1_50' title="bbox 1137 1036 1928 1076; baseline -0.009 -7"><span class='ocrx_word' id='word_1_350' title='bbox 1137 1042 1256 1076; x_wconf 87' lang='lat' dir='ltr'><strong>regione,</strong></span> <span class='ocrx_word' id='word_1_351' title='bbox 1273 1041 1345 1068; x_wconf 86' lang='lat' dir='ltr'><strong>unde</strong></span> <span class='ocrx_word' id='word_1_352' title='bbox 1359 1040 1603 1074; x_wconf 83' lang='lat' dir='ltr'><strong>Septentrionalem</strong></span> <span class='ocrx_word' id='word_1_353' title='bbox 1633 1044 1738 1072; x_wconf 83' lang='lat' dir='ltr'><strong>petens.</strong></span> <span class='ocrx_word' id='word_1_354' title='bbox 1770 1042 1854 1064; x_wconf 87' lang='lat' dir='ltr'><strong>lotam</strong></span> <span class='ocrx_word' id='word_1_355' title='bbox 1883 1036 1928 1063; x_wconf 81' lang='lat' dir='ltr'><strong>In-</strong></span> 
     </span>
    </p>
   </div>
   <div class='ocr_carea' id='block_1_51' title="bbox 1136 1081 1928 1119">
    <p class='ocr_par' dir='ltr' id='par_1_51' title="bbox 1136 1081 1928 1119">
     <span class='ocr_line' id='line_1_51' title="bbox 1136 1081 1928 1119; baseline -0.009 -4"><span class='ocrx_word' id='word_1_356' title='bbox 1136 1088 1231 1115; x_wconf 90' lang='lat' dir='ltr'><strong>dorum</strong></span> <span class='ocrx_word' id='word_1_357' title='bbox 1246 1087 1374 1114; x_wconf 85' lang='lat' dir='ltr'><strong>ditionem</strong></span> <span class='ocrx_word' id='word_1_358' title='bbox 1406 1085 1481 1112; x_wconf 92' lang='lat' dir='ltr'><strong>alluit</strong></span> <span class='ocrx_word' id='word_1_359' title='bbox 1505 1085 1573 1119; x_wconf 67' lang='lat' dir='ltr'><strong>(haec</strong></span> <span class='ocrx_word' id='word_1_360' title='bbox 1596 1084 1668 1111; x_wconf 88' lang='lat' dir='ltr'><strong>enim</strong></span> <span class='ocrx_word' id='word_1_361' title='bbox 1691 1082 1791 1110; x_wconf 78' lang='lat' dir='ltr'><strong>Ilavila:</strong></span> <span class='ocrx_word' id='word_1_362' title='bbox 1815 1081 1928 1108; x_wconf 72' lang='lat' dir='ltr'><strong>nomine</strong></span> 
     </span>
    </p>
   </div>
   <div class='ocr_carea' id='block_1_52' title="bbox 1137 1127 1928 1169">
    <p class='ocr_par' dir='ltr' id='par_1_52' title="bbox 1137 1127 1928 1169">
     <span class='ocr_line' id='line_1_52' title="bbox 1137 1127 1928 1169; baseline -0.009 -8"><span class='ocrx_word' id='word_1_363' title='bbox 1137 1133 1329 1169; x_wconf 78' lang='lat' dir='ltr'><strong>significatur),</strong></span> <span class='ocrx_word' id='word_1_364' title='bbox 1359 1140 1390 1159; x_wconf 88' lang='lat' dir='ltr'><strong>ac</strong></span> <span class='ocrx_word' id='word_1_365' title='bbox 1417 1131 1526 1158; x_wconf 84' lang='lat' dir='ltr'><strong>tandem</strong></span> <span class='ocrx_word' id='word_1_366' title='bbox 1554 1131 1580 1158; x_wconf 92' lang='lat' dir='ltr'><strong>in</strong></span> <span class='ocrx_word' id='word_1_367' title='bbox 1610 1137 1684 1157; x_wconf 86' lang='lat' dir='ltr'><strong>mare</strong></span> <span class='ocrx_word' id='word_1_368' title='bbox 1697 1129 1806 1156; x_wconf 86' lang='lat' dir='ltr'><strong>desinit.</strong></span> <span class='ocrx_word' id='word_1_369' title='bbox 1833 1127 1928 1155; x_wconf 70' lang='lat' dir='ltr'><strong>Graece</strong></span> 
     </span>
    </p>
   </div>
   <div class='ocr_carea' id='block_1_53' title="bbox 1138 1174 1927 1207">
    <p class='ocr_par' dir='ltr' id='par_1_53' title="bbox 1138 1174 1927 1207">
     <span class='ocr_line' id='line_1_53' title="bbox 1138 1174 1927 1207; baseline -0.009 -2"><span class='ocrx_word' id='word_1_370' title='bbox 1138 1178 1237 1206; x_wconf 83' lang='lat' dir='ltr'><strong>Phison</strong></span> <span class='ocrx_word' id='word_1_371' title='bbox 1271 1177 1373 1204; x_wconf 82' lang='lat' dir='ltr'><strong>Diiobis</strong></span> <span class='ocrx_word' id='word_1_372' title='bbox 1405 1181 1527 1203; x_wconf 84' lang='lat' dir='ltr'><strong>vocatur.</strong></span> <span class='ocrx_word' id='word_1_373' title='bbox 1561 1175 1664 1202; x_wconf 85' lang='lat' dir='ltr'><strong>Ferunt</strong></span> <span class='ocrx_word' id='word_1_374' title='bbox 1696 1179 1785 1201; x_wconf 87' lang='lat' dir='ltr'><strong>autem</strong></span> <span class='ocrx_word' id='word_1_375' title='bbox 1808 1174 1927 1207; x_wconf 76' lang='lat' dir='ltr'><strong>pleraru-</strong></span> 
     </span>
    </p>
   </div>
   <div class='ocr_carea' id='block_1_54' title="bbox 1136 1219 1926 1259">
    <p class='ocr_par' dir='ltr' id='par_1_54' title="bbox 1136 1219 1926 1259">
     <span class='ocr_line' id='line_1_54' title="bbox 1136 1219 1926 1259; baseline -0.008 -8"><span class='ocrx_word' id='word_1_376' title='bbox 1136 1231 1190 1259; x_wconf 89' lang='lat' dir='ltr'><strong>que</strong></span> <span class='ocrx_word' id='word_1_377' title='bbox 1210 1223 1276 1258; x_wconf 66' lang='lat' dir='ltr'><strong>ripae</strong></span> <span class='ocrx_word' id='word_1_378' title='bbox 1301 1223 1383 1257; x_wconf 89' lang='lat' dir='ltr'><strong>hujus</strong></span> <span class='ocrx_word' id='word_1_379' title='bbox 1405 1222 1478 1249; x_wconf 89' lang='lat' dir='ltr'><strong>ﬂuvii</strong></span> <span class='ocrx_word' id='word_1_380' title='bbox 1501 1229 1612 1249; x_wconf 79' lang='lat' dir='ltr'><strong>arenam</strong></span> <span class='ocrx_word' id='word_1_381' title='bbox 1641 1224 1724 1255; x_wconf 89' lang='lat' dir='ltr'><strong>atque</strong></span> <span class='ocrx_word' id='word_1_382' title='bbox 1751 1219 1830 1246; x_wconf 77' lang='lat' dir='ltr'><strong>etiam</strong></span> <span class='ocrx_word' id='word_1_383' title='bbox 1856 1219 1926 1245; x_wconf 83' lang='lat' dir='ltr'><strong>alvei</strong></span> 
     </span>
    </p>
   </div>
   <div class='ocr_carea' id='block_1_55' title="bbox 1136 1265 1926 1304">
    <p class='ocr_par' dir='ltr' id='par_1_55' title="bbox 1136 1265 1926 1304">
     <span class='ocr_line' id='line_1_55' title="bbox 1136 1265 1926 1304; baseline -0.008 -8"><span class='ocrx_word' id='word_1_384' title='bbox 1136 1273 1282 1304; x_wconf 69' lang='lat' dir='ltr'><strong>prtestante</strong></span> <span class='ocrx_word' id='word_1_385' title='bbox 1293 1276 1361 1295; x_wconf 88' lang='lat' dir='ltr'><strong>auro</strong></span> <span class='ocrx_word' id='word_1_386' title='bbox 1376 1266 1682 1302; x_wconf 78' lang='lat' dir='ltr'><strong>abundare.etgemmis</strong></span> <span class='ocrx_word' id='word_1_387' title='bbox 1694 1265 1822 1300; x_wconf 87' lang='lat' dir='ltr'><strong>pretiosis</strong></span> <span class='ocrx_word' id='word_1_388' title='bbox 1837 1272 1844 1297; x_wconf 71' lang='grc' dir='ltr'><em>ζ</em></span> <span class='ocrx_word' id='word_1_389' title='bbox 1863 1272 1926 1290; x_wconf 87' lang='lat' dir='ltr'><strong>nam</strong></span> 
     </span>
    </p>
   </div>
   <div class='ocr_carea' id='block_1_56' title="bbox 1135 1310 1926 1347">
    <p class='ocr_par' dir='ltr' id='par_1_56' title="bbox 1135 1310 1926 1347">
     <span class='ocr_line' id='line_1_56' title="bbox 1135 1310 1926 1347; baseline -0.008 -5"><span class='ocrx_word' id='word_1_390' title='bbox 1135 1323 1188 1342; x_wconf 81' lang='lat' dir='ltr'><strong>vox</strong></span> <span class='ocrx_word' id='word_1_391' title='bbox 1203 1315 1326 1345; x_wconf 83' lang='lat' dir='ltr'><strong>Hebraea,</strong></span> <span class='ocrx_word' id='word_1_392' title='bbox 1344 1313 1470 1345; x_wconf 81' lang='lat' dir='ltr'><strong>Bedotah,</strong></span> <span class='ocrx_word' id='word_1_393' title='bbox 1480 1313 1642 1347; x_wconf 83' lang='lat' dir='ltr'><strong>margaritas</strong></span> <span class='ocrx_word' id='word_1_394' title='bbox 1657 1311 1802 1345; x_wconf 86' lang='lat' dir='ltr'><strong>signiﬁcat.</strong></span> <span class='ocrx_word' id='word_1_395' title='bbox 1821 1310 1926 1338; x_wconf 89' lang='lat' dir='ltr'><strong>Secun-</strong></span> 
     </span>
    </p>
   </div>
   <div class='ocr_carea' id='block_1_57' title="bbox 1137 1357 1926 1391">
    <p class='ocr_par' dir='ltr' id='par_1_57' title="bbox 1137 1357 1926 1391">
     <span class='ocr_line' id='line_1_57' title="bbox 1137 1357 1926 1391; baseline -0.008 -5"><span class='ocrx_word' id='word_1_396' title='bbox 1137 1360 1163 1388; x_wconf 87' lang='lat' dir='ltr'><strong>di</strong></span> <span class='ocrx_word' id='word_1_397' title='bbox 1177 1359 1249 1386; x_wconf 90' lang='lat' dir='ltr'><strong>ﬂuvii</strong></span> <span class='ocrx_word' id='word_1_398' title='bbox 1267 1367 1365 1386; x_wconf 88' lang='lat' dir='ltr'><strong>nomen</strong></span> <span class='ocrx_word' id='word_1_399' title='bbox 1390 1363 1431 1385; x_wconf 79' lang='lat' dir='ltr'><strong>est</strong></span> <span class='ocrx_word' id='word_1_400' title='bbox 1445 1358 1551 1385; x_wconf 84' lang='lat' dir='ltr'><strong>Gehon.</strong></span> <span class='ocrx_word' id='word_1_401' title='bbox 1570 1357 1596 1385; x_wconf 87' lang='lat' dir='ltr'><strong>Is</strong></span> <span class='ocrx_word' id='word_1_402' title='bbox 1618 1361 1745 1391; x_wconf 82' lang='lat' dir='ltr'><strong>peragrat</strong></span> <span class='ocrx_word' id='word_1_403' title='bbox 1769 1357 1926 1382; x_wconf 87' lang='lat' dir='ltr'><strong>universam</strong></span> 
     </span>
    </p>
   </div>
   <div class='ocr_carea' id='block_1_58' title="bbox 1139 1401 1926 1437">
    <p class='ocr_par' dir='ltr' id='par_1_58' title="bbox 1139 1401 1926 1437">
     <span class='ocr_line' id='line_1_58' title="bbox 1139 1401 1926 1437; baseline -0.006 -4"><span class='ocrx_word' id='word_1_404' title='bbox 1139 1410 1238 1433; x_wconf 87' lang='lat' dir='ltr'><strong>terram</strong></span> <span class='ocrx_word' id='word_1_405' title='bbox 1269 1404 1355 1435; x_wconf 86' lang='lat' dir='ltr'><strong>Chus,</strong></span> <span class='ocrx_word' id='word_1_406' title='bbox 1385 1404 1411 1430; x_wconf 90' lang='lat' dir='ltr'><strong>id</strong></span> <span class='ocrx_word' id='word_1_407' title='bbox 1435 1409 1488 1435; x_wconf 82' lang='lat' dir='ltr'><strong>est,</strong></span> <span class='ocrx_word' id='word_1_408' title='bbox 1507 1402 1670 1437; x_wconf 53' lang='lat' dir='ltr'><strong>(Ethiopian</strong></span> <span class='ocrx_word' id='word_1_409' title='bbox 1699 1401 1926 1428; x_wconf 86' lang='lat' dir='ltr'><strong>hicanonnullis</strong></span> 
     </span>
    </p>
   </div>
   <div class='ocr_carea' id='block_1_59' title="bbox 1137 1447 1925 1485">
    <p class='ocr_par' dir='ltr' id='par_1_59' title="bbox 1137 1447 1925 1485">
     <span class='ocr_line' id='line_1_59' title="bbox 1137 1447 1925 1485; baseline -0.008 -6"><span class='ocrx_word' id='word_1_410' title='bbox 1137 1452 1218 1479; x_wconf 91' lang='lat' dir='ltr'><strong>etiam</strong></span> <span class='ocrx_word' id='word_1_411' title='bbox 1231 1451 1331 1479; x_wconf 88' lang='lat' dir='ltr'><strong>Sichor</strong></span> <span class='ocrx_word' id='word_1_412' title='bbox 1349 1450 1386 1485; x_wconf 85' lang='lat'>(6)</span> <span class='ocrx_word' id='word_1_413' title='bbox 1405 1450 1566 1484; x_wconf 80' lang='lat' dir='ltr'><strong>appellatur.</strong></span> <span class='ocrx_word' id='word_1_414' title='bbox 1594 1448 1680 1476; x_wconf 68' lang='lat' dir='ltr'><strong>Graeci</strong></span> <span class='ocrx_word' id='word_1_415' title='bbox 1698 1447 1787 1474; x_wconf 78' lang='lat' dir='ltr'><strong>Nilum</strong></span> <span class='ocrx_word' id='word_1_416' title='bbox 1802 1451 1901 1474; x_wconf 78' lang='lat' dir='ltr'><strong>vocant</strong></span> <span class='ocrx_word' id='word_1_417' title='bbox 1917 1456 1925 1473; x_wconf 85' lang='lat'><strong><em>:</em></strong></span> 
     </span>
    </p>
   </div>
   <div class='ocr_carea' id='block_1_60' title="bbox 1137 1493 1928 1532">
    <p class='ocr_par' dir='ltr' id='par_1_60' title="bbox 1137 1493 1928 1532">
     <span class='ocr_line' id='line_1_60' title="bbox 1137 1493 1928 1532; baseline -0.004 -8"><span class='ocrx_word' id='word_1_418' title='bbox 1137 1497 1183 1532; x_wconf 87' lang='lat' dir='ltr'><strong>qui</strong></span> <span class='ocrx_word' id='word_1_419' title='bbox 1200 1505 1215 1524; x_wconf 89' lang='lat' dir='ltr'><strong>a</strong></span> <span class='ocrx_word' id='word_1_420' title='bbox 1229 1504 1328 1531; x_wconf 87' lang='lat' dir='ltr'><strong>magno</strong></span> <span class='ocrx_word' id='word_1_421' title='bbox 1357 1496 1469 1522; x_wconf 86' lang='lat' dir='ltr'><strong>ﬂumine</strong></span> <span class='ocrx_word' id='word_1_422' title='bbox 1499 1495 1649 1529; x_wconf 81' lang='lat' dir='ltr'><strong>digressus,</strong></span> <span class='ocrx_word' id='word_1_423' title='bbox 1682 1497 1762 1528; x_wconf 84' lang='lat' dir='ltr'><strong>atque</strong></span> <span class='ocrx_word' id='word_1_424' title='bbox 1777 1493 1827 1520; x_wconf 90' lang='lat' dir='ltr'><strong>sub</strong></span> <span class='ocrx_word' id='word_1_425' title='bbox 1843 1493 1928 1521; x_wconf 78' lang='lat' dir='ltr'><strong>maris</strong></span> 
     </span>
    </p>
   </div>
   <div class='ocr_carea' id='block_1_61' title="bbox 300 1538 1928 1580">
    <p class='ocr_par' dir='ltr' id='par_1_61' title="bbox 300 1538 1928 1580">
     <span class='ocr_line' id='line_1_61' title="bbox 300 1538 1928 1580; baseline -0.003 -11"><span class='ocrx_word' id='word_1_426' title='bbox 300 1538 372 1566; x_wconf 67' lang='lat' dir='ltr'><strong>vallo</strong></span> <span class='ocrx_word' id='word_1_427' title='bbox 398 1543 564 1568; x_wconf 77' lang='lat' dir='ltr'><strong>cataractam</strong></span> <span class='ocrx_word' id='word_1_428' title='bbox 581 1541 639 1568; x_wconf 81' lang='lat' dir='ltr'><strong>sive</strong></span> <span class='ocrx_word' id='word_1_429' title='bbox 666 1543 846 1577; x_wconf 68' lang='lat' dir='ltr'><strong>praeipitium</strong></span> <span class='ocrx_word' id='word_1_430' title='bbox 864 1544 930 1579; x_wconf 74' lang='lat' dir='ltr'><strong>ipsis</strong></span> <span class='ocrx_word' id='word_1_431' title='bbox 949 1547 1086 1580; x_wconf 58' lang='lat' dir='ltr'><strong>quoddam</strong></span> <span class='ocrx_word' id='word_1_432' title='bbox 1101 1548 1124 1579; x_wconf 73' lang='grc' dir='ltr'>ο</span> <span class='ocrx_word' id='word_1_433' title='bbox 1138 1542 1252 1569; x_wconf 91' lang='lat' dir='ltr'><strong>fundum</strong></span> <span class='ocrx_word' id='word_1_434' title='bbox 1266 1541 1402 1575; x_wconf 76' lang='lat' dir='ltr'><strong>delapsus,</strong></span> <span class='ocrx_word' id='word_1_435' title='bbox 1416 1540 1521 1573; x_wconf 82' lang='lat' dir='ltr'><strong>prosilit</strong></span> <span class='ocrx_word' id='word_1_436' title='bbox 1533 1539 1640 1566; x_wconf 83' lang='lat' dir='ltr'><strong>tandem</strong></span> <span class='ocrx_word' id='word_1_437' title='bbox 1652 1539 1801 1574; x_wconf 87' lang='lat' dir='ltr'><strong>ebullitque</strong></span> <span class='ocrx_word' id='word_1_438' title='bbox 1812 1538 1838 1565; x_wconf 94' lang='lat' dir='ltr'><strong>in</strong></span> <span class='ocrx_word' id='word_1_439' title='bbox 1850 1538 1928 1573; x_wconf 82' lang='lat' dir='ltr'><strong>plaga</strong></span> 
     </span>
    </p>
   </div>
   <div class='ocr_carea' id='block_1_62' title="bbox 300 1584 1087 1626">
    <p class='ocr_par' dir='ltr' id='par_1_62' title="bbox 300 1584 1087 1626">
     <span class='ocr_line' id='line_1_62' title="bbox 300 1584 1087 1626; baseline 0.013 -15"><span class='ocrx_word' id='word_1_440' title='bbox 300 1584 355 1612; x_wconf 90' lang='lat' dir='ltr'><strong>alta</strong></span> <span class='ocrx_word' id='word_1_441' title='bbox 370 1584 521 1613; x_wconf 83' lang='lat' dir='ltr'><strong>devexitate</strong></span> <span class='ocrx_word' id='word_1_442' title='bbox 535 1586 680 1621; x_wconf 90' lang='lat' dir='ltr'><strong>abruptum</strong></span> <span class='ocrx_word' id='word_1_443' title='bbox 694 1593 776 1623; x_wconf 87' lang='lat' dir='ltr'><strong>atque</strong></span> <span class='ocrx_word' id='word_1_444' title='bbox 787 1589 900 1617; x_wconf 87' lang='lat' dir='ltr'><strong>difﬁcile</strong></span> <span class='ocrx_word' id='word_1_445' title='bbox 916 1598 1087 1626; x_wconf 81' lang='lat' dir='ltr'><strong>comparant,</strong></span> 
     </span>
    </p>
   </div>
   <div class='ocr_carea' id='block_1_63' title="bbox 301 1631 1086 1671">
    <p class='ocr_par' dir='ltr' id='par_1_63' title="bbox 301 1631 1086 1671">
     <span class='ocr_line' id='line_1_63' title="bbox 301 1631 1086 1671; baseline 0.014 -14"><span class='ocrx_word' id='word_1_446' title='bbox 301 1638 349 1665; x_wconf 84' lang='lat' dir='ltr'><strong>per</strong></span> <span class='ocrx_word' id='word_1_447' title='bbox 363 1631 435 1666; x_wconf 90' lang='lat' dir='ltr'><strong>quod</strong></span> <span class='ocrx_word' id='word_1_448' title='bbox 451 1632 601 1660; x_wconf 67' lang='lat' dir='ltr'><strong>deturbatat</strong></span> <span class='ocrx_word' id='word_1_449' title='bbox 614 1641 712 1669; x_wconf 82' lang='lat' dir='ltr'><strong>magno</strong></span> <span class='ocrx_word' id='word_1_450' title='bbox 724 1643 786 1662; x_wconf 88' lang='lat' dir='ltr'><strong>cum</strong></span> <span class='ocrx_word' id='word_1_451' title='bbox 803 1636 904 1671; x_wconf 88' lang='lat' dir='ltr'><strong>impetu</strong></span> <span class='ocrx_word' id='word_1_452' title='bbox 919 1638 970 1665; x_wconf 88' lang='lat' dir='ltr'><strong>sub</strong></span> <span class='ocrx_word' id='word_1_453' title='bbox 983 1642 1086 1668; x_wconf 83' lang='lat' dir='ltr'><strong>terram</strong></span> 
     </span>
    </p>
   </div>
   <div class='ocr_carea' id='block_1_64' title="bbox 301 1677 1087 1719">
    <p class='ocr_par' dir='ltr' id='par_1_64' title="bbox 301 1677 1087 1719">
     <span class='ocr_line' id='line_1_64' title="bbox 301 1677 1087 1719; baseline 0.011 -15"><span class='ocrx_word' id='word_1_454' title='bbox 301 1677 454 1704; x_wconf 86' lang='lat' dir='ltr'><strong>condantur</strong></span> <span class='ocrx_word' id='word_1_455' title='bbox 471 1678 544 1706; x_wconf 83' lang='lat' dir='ltr'><strong>:sub</strong></span> <span class='ocrx_word' id='word_1_456' title='bbox 558 1687 611 1713; x_wconf 89' lang='lat' dir='ltr'><strong>qua</strong></span> <span class='ocrx_word' id='word_1_457' title='bbox 630 1685 773 1714; x_wconf 87' lang='lat' dir='ltr'><strong>postquam</strong></span> <span class='ocrx_word' id='word_1_458' title='bbox 791 1687 902 1714; x_wconf 78' lang='lat' dir='ltr'><strong>coactre,</strong></span> <span class='ocrx_word' id='word_1_459' title='bbox 930 1688 1011 1719; x_wconf 83' lang='lat' dir='ltr'><strong>atque</strong></span> <span class='ocrx_word' id='word_1_460' title='bbox 1037 1694 1087 1713; x_wconf 90' lang='lat' dir='ltr'><strong>suo</strong></span> 
     </span>
    </p>
   </div>
   <div class='ocr_carea' id='block_1_65' title="bbox 303 1723 1087 1762">
    <p class='ocr_par' dir='ltr' id='par_1_65' title="bbox 303 1723 1087 1762">
     <span class='ocr_line' id='line_1_65' title="bbox 303 1723 1087 1762; baseline 0.014 -15"><span class='ocrx_word' id='word_1_461' title='bbox 303 1723 422 1756; x_wconf 86' lang='lat' dir='ltr'><strong>ipsarum</strong></span> <span class='ocrx_word' id='word_1_462' title='bbox 439 1723 540 1758; x_wconf 87' lang='lat' dir='ltr'><strong>impetu</strong></span> <span class='ocrx_word' id='word_1_463' title='bbox 552 1731 651 1758; x_wconf 78' lang='lat' dir='ltr'><strong>pressa:</strong></span> <span class='ocrx_word' id='word_1_464' title='bbox 663 1725 843 1761; x_wconf 87' lang='lat' dir='ltr'><strong>aliquousque</strong></span> <span class='ocrx_word' id='word_1_465' title='bbox 854 1727 966 1762; x_wconf 75' lang='lat' dir='ltr'><strong>ﬂuxere,</strong></span> <span class='ocrx_word' id='word_1_466' title='bbox 981 1731 1087 1759; x_wconf 85' lang='lat' dir='ltr'><strong>tandem</strong></span> 
     </span>
    </p>
   </div>
   <div class='ocr_carea' id='block_1_66' title="bbox 303 1767 1089 1810">
    <p class='ocr_par' dir='ltr' id='par_1_66' title="bbox 303 1767 1089 1810">
     <span class='ocr_line' id='line_1_66' title="bbox 303 1767 1089 1810; baseline 0.014 -18"><span class='ocrx_word' id='word_1_467' title='bbox 303 1774 351 1800; x_wconf 88' lang='lat' dir='ltr'><strong>per</strong></span> <span class='ocrx_word' id='word_1_468' title='bbox 379 1767 487 1794; x_wconf 84' lang='lat' dir='ltr'><strong>canales</strong></span> <span class='ocrx_word' id='word_1_469' title='bbox 517 1768 577 1796; x_wconf 91' lang='lat' dir='ltr'><strong>illos</strong></span> <span class='ocrx_word' id='word_1_470' title='bbox 590 1777 687 1804; x_wconf 83' lang='lat' dir='ltr'><strong>magna</strong></span> <span class='ocrx_word' id='word_1_471' title='bbox 713 1771 738 1797; x_wconf 91' lang='lat' dir='ltr'><strong>vi</strong></span> <span class='ocrx_word' id='word_1_472' title='bbox 763 1779 816 1806; x_wconf 85' lang='lat' dir='ltr'><strong>qua</strong></span> <span class='ocrx_word' id='word_1_473' title='bbox 845 1781 877 1800; x_wconf 88' lang='lat' dir='ltr'><strong>ex</strong></span> <span class='ocrx_word' id='word_1_474' title='bbox 894 1776 1025 1810; x_wconf 68' lang='lat' dir='ltr'><strong>praecipiti</strong></span> <span class='ocrx_word' id='word_1_475' title='bbox 1042 1777 1089 1804; x_wconf 91' lang='lat' dir='ltr'><strong>illo</strong></span> 
     </span>
    </p>
   </div>
   <div class='ocr_carea' id='block_1_67' title="bbox 303 1816 1089 1849">
    <p class='ocr_par' dir='ltr' id='par_1_67' title="bbox 303 1816 1089 1849">
     <span class='ocr_line' id='line_1_67' title="bbox 303 1816 1089 1849; baseline 0.014 -12"><span class='ocrx_word' id='word_1_476' title='bbox 303 1818 369 1838; x_wconf 83' lang='lat' dir='ltr'><strong>casu</strong></span> <span class='ocrx_word' id='word_1_477' title='bbox 391 1817 531 1847; x_wconf 81' lang='lat' dir='ltr'><strong>urgentur,</strong></span> <span class='ocrx_word' id='word_1_478' title='bbox 543 1821 653 1841; x_wconf 89' lang='lat' dir='ltr'><strong>sursum</strong></span> <span class='ocrx_word' id='word_1_479' title='bbox 673 1816 802 1844; x_wconf 79' lang='lat' dir='ltr'><strong>emicant.</strong></span> <span class='ocrx_word' id='word_1_480' title='bbox 819 1818 881 1845; x_wconf 65' lang='grc' dir='ltr'><strong>ΙΙ.οα</strong></span> <span class='ocrx_word' id='word_1_481' title='bbox 893 1819 929 1846; x_wconf 87' lang='lat' dir='ltr'><strong>ita</strong></span> <span class='ocrx_word' id='word_1_482' title='bbox 946 1828 974 1847; x_wconf 89' lang='lat' dir='ltr'><strong>se</strong></span> <span class='ocrx_word' id='word_1_483' title='bbox 989 1821 1089 1849; x_wconf 82' lang='lat' dir='ltr'><strong>habere</strong></span> 
     </span>
    </p>
   </div>
   <div class='ocr_carea' id='block_1_68' title="bbox 302 1857 1088 1894">
    <p class='ocr_par' dir='ltr' id='par_1_68' title="bbox 302 1857 1088 1894">
     <span class='ocr_line' id='line_1_68' title="bbox 302 1857 1088 1894; baseline 0.015 -12"><span class='ocrx_word' id='word_1_484' title='bbox 302 1857 430 1884; x_wconf 85' lang='lat' dir='ltr'><strong>dominus</strong></span> <span class='ocrx_word' id='word_1_485' title='bbox 451 1858 532 1885; x_wconf 89' lang='lat' dir='ltr'><strong>etiam</strong></span> <span class='ocrx_word' id='word_1_486' title='bbox 564 1858 698 1894; x_wconf 71' lang='lat' dir='ltr'><strong>prra-m,</strong></span> <span class='ocrx_word' id='word_1_487' title='bbox 717 1866 820 1890; x_wconf 88' lang='lat' dir='ltr'><strong>etcum</strong></span> <span class='ocrx_word' id='word_1_488' title='bbox 849 1871 881 1891; x_wconf 88' lang='lat' dir='ltr'><strong>eo</strong></span> <span class='ocrx_word' id='word_1_489' title='bbox 896 1865 1021 1894; x_wconf 86' lang='lat' dir='ltr'><strong>doctores</strong></span> <span class='ocrx_word' id='word_1_490' title='bbox 1043 1867 1088 1894; x_wconf 87' lang='lat' dir='ltr'><strong>alii</strong></span> 
     </span>
    </p>
   </div>
   <div class='ocr_carea' id='block_1_69' title="bbox 303 1902 1088 1941">
    <p class='ocr_par' dir='ltr' id='par_1_69' title="bbox 303 1902 1088 1941">
     <span class='ocr_line' id='line_1_69' title="bbox 303 1902 1088 1941; baseline 0.017 -14"><span class='ocrx_word' id='word_1_491' title='bbox 303 1902 460 1930; x_wconf 80' lang='lat' dir='ltr'><strong>afﬁrmant:</strong></span> <span class='ocrx_word' id='word_1_492' title='bbox 477 1911 562 1938; x_wconf 83' lang='lat' dir='ltr'><strong>quare</strong></span> <span class='ocrx_word' id='word_1_493' title='bbox 578 1913 628 1932; x_wconf 89' lang='lat' dir='ltr'><strong>nos</strong></span> <span class='ocrx_word' id='word_1_494' title='bbox 644 1914 753 1941; x_wconf 89' lang='lat' dir='ltr'><strong>quoque</strong></span> <span class='ocrx_word' id='word_1_495' title='bbox 782 1909 896 1936; x_wconf 87' lang='lat' dir='ltr'><strong>libenter</strong></span> <span class='ocrx_word' id='word_1_496' title='bbox 911 1913 1088 1941; x_wconf 85' lang='lat' dir='ltr'><strong>assentimur.</strong></span> 
     </span>
    </p>
   </div>
   <div class='ocr_carea' id='block_1_70' title="bbox 302 1946 1089 1986">
    <p class='ocr_par' dir='ltr' id='par_1_70' title="bbox 302 1946 1089 1986">
     <span class='ocr_line' id='line_1_70' title="bbox 302 1946 1089 1986; baseline 0.015 -13"><span class='ocrx_word' id='word_1_497' title='bbox 302 1946 436 1974; x_wconf 71' lang='lat' dir='ltr'><strong>Caeterum</strong></span> <span class='ocrx_word' id='word_1_498' title='bbox 462 1949 534 1983; x_wconf 88' lang='lat' dir='ltr'><strong>quod</strong></span> <span class='ocrx_word' id='word_1_499' title='bbox 557 1950 591 1976; x_wconf 88' lang='lat' dir='ltr'><strong>ad</strong></span> <span class='ocrx_word' id='word_1_500' title='bbox 615 1957 740 1985; x_wconf 87' lang='lat' dir='ltr'><strong>saporem</strong></span> <span class='ocrx_word' id='word_1_501' title='bbox 763 1958 877 1986; x_wconf 86' lang='lat' dir='ltr'><strong>spectat,</strong></span> <span class='ocrx_word' id='word_1_502' title='bbox 905 1955 1013 1984; x_wconf 77' lang='lat' dir='ltr'><strong>idemne</strong></span> <span class='ocrx_word' id='word_1_503' title='bbox 1035 1957 1089 1985; x_wconf 82' lang='lat' dir='ltr'><strong>illis</strong></span> 
     </span>
    </p>
   </div>
   <div class='ocr_carea' id='block_1_71' title="bbox 301 1993 1088 2033">
    <p class='ocr_par' dir='ltr' id='par_1_71' title="bbox 301 1993 1088 2033">
     <span class='ocr_line' id='line_1_71' title="bbox 301 1993 1088 2033; baseline 0.013 -14"><span class='ocrx_word' id='word_1_504' title='bbox 301 1993 381 2027; x_wconf 81' lang='lat' dir='ltr'><strong>aquis</strong></span> <span class='ocrx_word' id='word_1_505' title='bbox 396 1998 505 2021; x_wconf 88' lang='lat' dir='ltr'><strong>maneat</strong></span> <span class='ocrx_word' id='word_1_506' title='bbox 521 1994 591 2029; x_wconf 85' lang='lat' dir='ltr'><strong>apud</strong></span> <span class='ocrx_word' id='word_1_507' title='bbox 606 2003 667 2028; x_wconf 88' lang='lat' dir='ltr'><strong>nos,</strong></span> <span class='ocrx_word' id='word_1_508' title='bbox 686 1998 732 2031; x_wconf 91' lang='lat' dir='ltr'><strong>qui</strong></span> <span class='ocrx_word' id='word_1_509' title='bbox 745 1997 834 2024; x_wconf 88' lang='lat' dir='ltr'><strong>fuerat</strong></span> <span class='ocrx_word' id='word_1_510' title='bbox 847 1999 874 2025; x_wconf 92' lang='lat' dir='ltr'><strong>in</strong></span> <span class='ocrx_word' id='word_1_511' title='bbox 893 2000 1030 2033; x_wconf 82' lang='lat' dir='ltr'><strong>paradiso,</strong></span> <span class='ocrx_word' id='word_1_512' title='bbox 1053 2010 1088 2029; x_wconf 89' lang='lat' dir='ltr'><strong>an</strong></span> 
     </span>
    </p>
   </div>
   <div class='ocr_carea' id='block_1_72' title="bbox 303 2038 1089 2081">
    <p class='ocr_par' dir='ltr' id='par_1_72' title="bbox 303 2038 1089 2081">
     <span class='ocr_line' id='line_1_72' title="bbox 303 2038 1089 2081; baseline 0.014 -17"><span class='ocrx_word' id='word_1_513' title='bbox 303 2038 415 2066; x_wconf 88' lang='lat' dir='ltr'><strong>minitne</strong></span> <span class='ocrx_word' id='word_1_514' title='bbox 433 2048 439 2066; x_wconf 89' lang='lat'><strong>:</strong></span> <span class='ocrx_word' id='word_1_515' title='bbox 455 2047 505 2067; x_wconf 88' lang='lat' dir='ltr'><strong>nos</strong></span> <span class='ocrx_word' id='word_1_516' title='bbox 516 2042 694 2074; x_wconf 83' lang='lat' dir='ltr'><strong>pronuntiare</strong></span> <span class='ocrx_word' id='word_1_517' title='bbox 710 2050 764 2069; x_wconf 89' lang='lat' dir='ltr'><strong>non</strong></span> <span class='ocrx_word' id='word_1_518' title='bbox 779 2043 949 2078; x_wconf 84' lang='lat' dir='ltr'><strong>dubitamus,</strong></span> <span class='ocrx_word' id='word_1_519' title='bbox 967 2047 992 2073; x_wconf 97' lang='lat' dir='ltr'><strong>in</strong></span> <span class='ocrx_word' id='word_1_520' title='bbox 1008 2055 1089 2081; x_wconf 81' lang='lat' dir='ltr'><strong>para-</strong></span> 
     </span>
    </p>
   </div>
   <div class='ocr_carea' id='block_1_73' title="bbox 302 2085 1090 2126">
    <p class='ocr_par' dir='ltr' id='par_1_73' title="bbox 302 2085 1090 2126">
     <span class='ocr_line' id='line_1_73' title="bbox 302 2085 1090 2126; baseline 0.011 -15"><span class='ocrx_word' id='word_1_521' title='bbox 302 2085 364 2112; x_wconf 87' lang='lat' dir='ltr'><strong>diso</strong></span> <span class='ocrx_word' id='word_1_522' title='bbox 379 2093 437 2113; x_wconf 86' lang='lat' dir='ltr'><strong>esse</strong></span> <span class='ocrx_word' id='word_1_523' title='bbox 452 2091 561 2121; x_wconf 86' lang='lat' dir='ltr'><strong>gustatu</strong></span> <span class='ocrx_word' id='word_1_524' title='bbox 586 2088 757 2121; x_wconf 87' lang='lat' dir='ltr'><strong>gratissimas</strong></span> <span class='ocrx_word' id='word_1_525' title='bbox 772 2091 1014 2126; x_wconf 75' lang='lat' dir='ltr'><strong>suavissimasque.</strong></span> <span class='ocrx_word' id='word_1_526' title='bbox 1028 2093 1090 2121; x_wconf 86' lang='lat' dir='ltr'><strong>inde</strong></span> 
     </span>
    </p>
   </div>
   <div class='ocr_carea' id='block_1_74' title="bbox 301 2134 1088 2172">
    <p class='ocr_par' dir='ltr' id='par_1_74' title="bbox 301 2134 1088 2172">
     <span class='ocr_line' id='line_1_74' title="bbox 301 2134 1088 2172; baseline 0.011 -15"><span class='ocrx_word' id='word_1_527' title='bbox 301 2136 393 2160; x_wconf 84' lang='lat' dir='ltr'><strong>autem</strong></span> <span class='ocrx_word' id='word_1_528' title='bbox 408 2140 578 2167; x_wconf 83' lang='lat' dir='ltr'><strong>progressas,</strong></span> <span class='ocrx_word' id='word_1_529' title='bbox 609 2134 757 2168; x_wconf 88' lang='lat' dir='ltr'><strong>pluritnnm</strong></span> <span class='ocrx_word' id='word_1_530' title='bbox 783 2137 927 2165; x_wconf 81' lang='lat' dir='ltr'><strong>suavitatis</strong></span> <span class='ocrx_word' id='word_1_531' title='bbox 953 2139 1088 2172; x_wconf 83' lang='lat' dir='ltr'><strong>amittere,</strong></span> 
     </span>
    </p>
   </div>
   <div class='ocr_carea' id='block_1_75' title="bbox 301 2177 1088 2217">
    <p class='ocr_par' dir='ltr' id='par_1_75' title="bbox 301 2177 1088 2217">
     <span class='ocr_line' id='line_1_75' title="bbox 301 2177 1088 2217; baseline 0.011 -14"><span class='ocrx_word' id='word_1_532' title='bbox 301 2177 439 2205; x_wconf 87' lang='lat' dir='ltr'><strong>acredinis</strong></span> <span class='ocrx_word' id='word_1_533' title='bbox 453 2186 517 2206; x_wconf 76' lang='lat' dir='ltr'><strong>Vero</strong></span> <span class='ocrx_word' id='word_1_534' title='bbox 531 2180 703 2212; x_wconf 85' lang='lat' dir='ltr'><strong>contrahere,</strong></span> <span class='ocrx_word' id='word_1_535' title='bbox 713 2189 775 2208; x_wconf 90' lang='lat' dir='ltr'><strong>cum</strong></span> <span class='ocrx_word' id='word_1_536' title='bbox 787 2182 852 2210; x_wconf 91' lang='lat' dir='ltr'><strong>illud</strong></span> <span class='ocrx_word' id='word_1_537' title='bbox 869 2184 985 2217; x_wconf 86' lang='lat' dir='ltr'><strong>paradisi</strong></span> <span class='ocrx_word' id='word_1_538' title='bbox 999 2185 1088 2212; x_wconf 89' lang='lat' dir='ltr'><strong>solum</strong></span> 
     </span>
    </p>
   </div>
   <div class='ocr_carea' id='block_1_76' title="bbox 303 2223 1087 2262">
    <p class='ocr_par' dir='ltr' id='par_1_76' title="bbox 303 2223 1087 2262">
     <span class='ocr_line' id='line_1_76' title="bbox 303 2223 1087 2262; baseline 0.013 -13"><span class='ocrx_word' id='word_1_539' title='bbox 303 2224 364 2251; x_wconf 67' lang='lat' dir='ltr'><strong>laeta</strong></span> <span class='ocrx_word' id='word_1_540' title='bbox 389 2223 436 2252; x_wconf 88' lang='lat' dir='ltr'><strong>Dei</strong></span> <span class='ocrx_word' id='word_1_541' title='bbox 461 2226 617 2259; x_wconf 87' lang='lat' dir='ltr'><strong>precatione</strong></span> <span class='ocrx_word' id='word_1_542' title='bbox 649 2226 757 2254; x_wconf 89' lang='lat' dir='ltr'><strong>beatum</strong></span> <span class='ocrx_word' id='word_1_543' title='bbox 786 2235 813 2255; x_wconf 87' lang='lat' dir='ltr'><strong>et.</strong></span> <span class='ocrx_word' id='word_1_544' title='bbox 841 2228 904 2256; x_wconf 86' lang='lat' dir='ltr'><strong>felix</strong></span> <span class='ocrx_word' id='word_1_545' title='bbox 917 2229 971 2262; x_wconf 88' lang='lat' dir='ltr'><strong>sit;</strong></span> <span class='ocrx_word' id='word_1_546' title='bbox 990 2235 1018 2258; x_wconf 87' lang='lat' dir='ltr'><strong>at</strong></span> <span class='ocrx_word' id='word_1_547' title='bbox 1036 2231 1087 2260; x_wconf 90' lang='lat' dir='ltr'><strong>hoc</strong></span> 
     </span>
    </p>
   </div>
   <div class='ocr_carea' id='block_1_77' title="bbox 303 2275 1085 2307">
    <p class='ocr_par' dir='ltr' id='par_1_77' title="bbox 303 2275 1085 2307">
     <span class='ocr_line' id='line_1_77' title="bbox 303 2275 1085 2307; baseline 0.008 -8"><span class='ocrx_word' id='word_1_548' title='bbox 303 2277 425 2300; x_wconf 88' lang='lat' dir='ltr'><strong>nostrum</strong></span> <span class='ocrx_word' id='word_1_549' title='bbox 455 2279 568 2306; x_wconf 88' lang='lat' dir='ltr'><strong>contra,</strong></span> <span class='ocrx_word' id='word_1_550' title='bbox 600 2275 787 2303; x_wconf 81' lang='lat' dir='ltr'><strong>exsecratione</strong></span> <span class='ocrx_word' id='word_1_551' title='bbox 812 2276 906 2304; x_wconf 82' lang='lat' dir='ltr'><strong>infelix</strong></span> <span class='ocrx_word' id='word_1_552' title='bbox 939 2282 966 2304; x_wconf 83' lang='lat' dir='ltr'><strong>et</strong></span> <span class='ocrx_word' id='word_1_553' title='bbox 998 2279 1085 2307; x_wconf 86' lang='lat' dir='ltr'><strong>triste.</strong></span> 
     </span>
    </p>
   </div>
   <div class='ocr_carea' id='block_1_78' title="bbox 303 2318 1084 2353">
    <p class='ocr_par' dir='ltr' id='par_1_78' title="bbox 303 2318 1084 2353">
     <span class='ocr_line' id='line_1_78' title="bbox 303 2318 1084 2353; baseline 0.009 -9"><span class='ocrx_word' id='word_1_554' title='bbox 303 2320 441 2350; x_wconf 74' lang='lat' dir='ltr'><strong>Quantum</strong></span> <span class='ocrx_word' id='word_1_555' title='bbox 466 2318 549 2353; x_wconf 77' lang='lat' dir='ltr'><strong>igitur</strong></span> <span class='ocrx_word' id='word_1_556' title='bbox 574 2319 687 2347; x_wconf 88' lang='lat' dir='ltr'><strong>interest</strong></span> <span class='ocrx_word' id='word_1_557' title='bbox 716 2320 786 2347; x_wconf 88' lang='lat' dir='ltr'><strong>inter</strong></span> <span class='ocrx_word' id='word_1_558' title='bbox 814 2329 877 2348; x_wconf 87' lang='lat' dir='ltr'><strong>eum</strong></span> <span class='ocrx_word' id='word_1_559' title='bbox 910 2321 1011 2350; x_wconf 90' lang='lat' dir='ltr'><strong>fontem</strong></span> <span class='ocrx_word' id='word_1_560' title='bbox 1040 2324 1084 2351; x_wconf 75' lang='lat' dir='ltr'><strong>cui</strong></span> 
     </span>
    </p>
   </div>
   <div class='ocr_carea' id='block_1_79' title="bbox 303 2364 1089 2401">
    <p class='ocr_par' dir='ltr' id='par_1_79' title="bbox 303 2364 1089 2401">
     <span class='ocr_line' id='line_1_79' title="bbox 303 2364 1089 2401; baseline 0.008 -11"><span class='ocrx_word' id='word_1_561' title='bbox 303 2364 467 2391; x_wconf 86' lang='lat' dir='ltr'><strong>benedicunt</strong></span> <span class='ocrx_word' id='word_1_562' title='bbox 481 2371 587 2397; x_wconf 85' lang='lat' dir='ltr'><strong>omnes,</strong></span> <span class='ocrx_word' id='word_1_563' title='bbox 600 2371 626 2392; x_wconf 82' lang='lat' dir='ltr'><strong>et</strong></span> <span class='ocrx_word' id='word_1_564' title='bbox 642 2373 703 2393; x_wconf 88' lang='lat' dir='ltr'><strong>eum</strong></span> <span class='ocrx_word' id='word_1_565' title='bbox 719 2374 801 2401; x_wconf 90' lang='lat' dir='ltr'><strong>quem</strong></span> <span class='ocrx_word' id='word_1_566' title='bbox 825 2375 907 2394; x_wconf 88' lang='lat' dir='ltr'><strong>nemo</strong></span> <span class='ocrx_word' id='word_1_567' title='bbox 939 2376 992 2395; x_wconf 90' lang='lat' dir='ltr'><strong>non</strong></span> <span class='ocrx_word' id='word_1_568' title='bbox 1014 2369 1089 2396; x_wconf 86' lang='lat' dir='ltr'><strong>dete-</strong></span> 
     </span>
    </p>
   </div>
   <div class='ocr_carea' id='block_1_80' title="bbox 302 2411 1089 2447">
    <p class='ocr_par' dir='ltr' id='par_1_80' title="bbox 302 2411 1089 2447">
     <span class='ocr_line' id='line_1_80' title="bbox 302 2411 1089 2447; baseline 0.009 -12"><span class='ocrx_word' id='word_1_569' title='bbox 302 2414 391 2436; x_wconf 74' lang='lat' dir='ltr'><strong>statur</strong></span> <span class='ocrx_word' id='word_1_570' title='bbox 407 2418 415 2443; x_wconf 85' lang='lat'><strong>;</strong></span> <span class='ocrx_word' id='word_1_571' title='bbox 435 2414 538 2437; x_wconf 82' lang='lat' dir='ltr'><strong>tantum</strong></span> <span class='ocrx_word' id='word_1_572' title='bbox 566 2411 652 2437; x_wconf 87' lang='lat' dir='ltr'><strong>diﬂert</strong></span> <span class='ocrx_word' id='word_1_573' title='bbox 667 2413 801 2440; x_wconf 83' lang='lat' dir='ltr'><strong>suavitate</strong></span> <span class='ocrx_word' id='word_1_574' title='bbox 827 2418 908 2447; x_wconf 90' lang='lat' dir='ltr'><strong>atque</strong></span> <span class='ocrx_word' id='word_1_575' title='bbox 921 2414 1089 2447; x_wconf 71' lang='lat' dir='ltr'><strong>ammnitatc,</strong></span> 
     </span>
    </p>
   </div>
   <div class='ocr_carea' id='block_1_81' title="bbox 304 2447 1090 2493">
    <p class='ocr_par' dir='ltr' id='par_1_81' title="bbox 304 2447 1090 2493">
     <span class='ocr_line' id='line_1_81' title="bbox 304 2447 1090 2493; baseline 0.009 -12"><span class='ocrx_word' id='word_1_576' title='bbox 304 2456 413 2482; x_wconf 89' lang='lat' dir='ltr'><strong>illorum</strong></span> <span class='ocrx_word' id='word_1_577' title='bbox 430 2454 574 2483; x_wconf 88' lang='lat' dir='ltr'><strong>ﬂuviorum</strong></span> <span class='ocrx_word' id='word_1_578' title='bbox 599 2464 681 2491; x_wconf 87' lang='lat' dir='ltr'><strong>sapor</strong></span> <span class='ocrx_word' id='word_1_579' title='bbox 697 2448 777 2492; x_wconf 61' lang='lat' dir='ltr'><strong>quiuit</strong></span> <span class='ocrx_word' id='word_1_580' title='bbox 792 2447 817 2485; x_wconf 85' lang='lat' dir='ltr'><strong>in</strong></span> <span class='ocrx_word' id='word_1_581' title='bbox 834 2459 974 2493; x_wconf 85' lang='lat' dir='ltr'><strong>paradiso,</strong></span> <span class='ocrx_word' id='word_1_582' title='bbox 997 2460 1031 2487; x_wconf 89' lang='lat' dir='ltr'><strong>ab</strong></span> <span class='ocrx_word' id='word_1_583' title='bbox 1057 2468 1090 2487; x_wconf 88' lang='lat' dir='ltr'><strong>eo</strong></span> 
     </span>
    </p>
   </div>
   <div class='ocr_carea' id='block_1_82' title="bbox 303 2502 1090 2541">
    <p class='ocr_par' dir='ltr' id='par_1_82' title="bbox 303 2502 1090 2541">
     <span class='ocr_line' id='line_1_82' title="bbox 303 2502 1090 2541; baseline 0.009 -14"><span class='ocrx_word' id='word_1_584' title='bbox 303 2510 386 2536; x_wconf 74' lang='lat' dir='ltr'><strong>quem</strong></span> <span class='ocrx_word' id='word_1_585' title='bbox 405 2503 474 2537; x_wconf 88' lang='lat' dir='ltr'><strong>apud</strong></span> <span class='ocrx_word' id='word_1_586' title='bbox 489 2510 539 2530; x_wconf 87' lang='lat' dir='ltr'><strong>nos</strong></span> <span class='ocrx_word' id='word_1_587' title='bbox 554 2502 689 2530; x_wconf 89' lang='lat' dir='ltr'><strong>obtinent.</strong></span> <span class='ocrx_word' id='word_1_588' title='bbox 703 2503 770 2532; x_wconf 86' lang='lat' dir='ltr'><strong>Nam</strong></span> <span class='ocrx_word' id='word_1_589' title='bbox 789 2505 811 2532; x_wconf 88' lang='lat' dir='ltr'><strong>si</strong></span> <span class='ocrx_word' id='word_1_590' title='bbox 838 2510 976 2533; x_wconf 77' lang='lat' dir='ltr'><strong>nostrates</strong></span> <span class='ocrx_word' id='word_1_591' title='bbox 1002 2515 1090 2541; x_wconf 76' lang='lat' dir='ltr'><strong>nquze,</strong></span> 
     </span>
    </p>
   </div>
   <div class='ocr_carea' id='block_1_83' title="bbox 305 2549 1092 2586">
    <p class='ocr_par' dir='ltr' id='par_1_83' title="bbox 305 2549 1092 2586">
     <span class='ocr_line' id='line_1_83' title="bbox 305 2549 1092 2586; baseline 0.006 -12"><span class='ocrx_word' id='word_1_592' title='bbox 305 2549 389 2576; x_wconf 80' lang='lat' dir='ltr'><strong>unius</strong></span> <span class='ocrx_word' id='word_1_593' title='bbox 403 2549 581 2584; x_wconf 83' lang='lat' dir='ltr'><strong>ejusdemque</strong></span> <span class='ocrx_word' id='word_1_594' title='bbox 594 2553 697 2576; x_wconf 75' lang='lat' dir='ltr'><strong>natura:</strong></span> <span class='ocrx_word' id='word_1_595' title='bbox 715 2559 776 2577; x_wconf 88' lang='lat' dir='ltr'><strong>cutn</strong></span> <span class='ocrx_word' id='word_1_596' title='bbox 793 2551 858 2584; x_wconf 90' lang='lat' dir='ltr'><strong>sint,</strong></span> <span class='ocrx_word' id='word_1_597' title='bbox 876 2559 923 2586; x_wconf 86' lang='lat' dir='ltr'><strong>pro</strong></span> <span class='ocrx_word' id='word_1_598' title='bbox 936 2552 986 2579; x_wconf 88' lang='lat' dir='ltr'><strong>soli</strong></span> <span class='ocrx_word' id='word_1_599' title='bbox 1004 2552 1092 2580; x_wconf 88' lang='lat' dir='ltr'><strong>indole</strong></span> 
     </span>
    </p>
   </div>
   <div class='ocr_carea' id='block_1_84' title="bbox 345 2650 1097 2684">
    <p class='ocr_par' dir='ltr' id='par_1_84' title="bbox 345 2650 1097 2684">
     <span class='ocr_line' id='line_1_84' title="bbox 345 2650 1097 2684; baseline 0.001 -7"><span class='ocrx_word' id='word_1_600' title='bbox 345 2651 383 2684; x_wconf 73' lang='lat' dir='ltr'><strong>t5)</strong></span> <span class='ocrx_word' id='word_1_601' title='bbox 397 2650 474 2678; x_wconf 84' lang='lat' dir='ltr'><strong>Unde</strong></span> <span class='ocrx_word' id='word_1_602' title='bbox 493 2651 544 2678; x_wconf 89' lang='lat' dir='ltr'><strong>hoc</strong></span> <span class='ocrx_word' id='word_1_603' title='bbox 577 2658 675 2678; x_wconf 85' lang='lat' dir='ltr'><strong>nomen</strong></span> <span class='ocrx_word' id='word_1_604' title='bbox 705 2651 803 2678; x_wconf 86' lang='lat' dir='ltr'><strong>habeat</strong></span> <span class='ocrx_word' id='word_1_605' title='bbox 832 2651 937 2680; x_wconf 82' lang='lat' dir='ltr'><strong>nescire</strong></span> <span class='ocrx_word' id='word_1_606' title='bbox 951 2651 1097 2684; x_wconf 84' lang='lat' dir='ltr'><strong>mefateor,</strong></span> 
     </span>
    </p>
   </div>
   <div class='ocr_carea' id='block_1_85' title="bbox 306 2686 865 2720">
    <p class='ocr_par' dir='ltr' id='par_1_85' title="bbox 306 2686 865 2720">
     <span class='ocr_line' id='line_1_85' title="bbox 306 2686 865 2720; baseline 0 -8"><span class='ocrx_word' id='word_1_607' title='bbox 306 2687 377 2712; x_wconf 86' lang='lat' dir='ltr'><strong>intra</strong></span> <span class='ocrx_word' id='word_1_608' title='bbox 408 2691 498 2713; x_wconf 89' lang='lat' dir='ltr'><strong>autem</strong></span> <span class='ocrx_word' id='word_1_609' title='bbox 516 2687 597 2713; x_wconf 89' lang='lat' dir='ltr'><strong>habet</strong></span> <span class='ocrx_word' id='word_1_610' title='bbox 611 2686 727 2720; x_wconf 77' lang='lat' dir='ltr'><strong>Dijabis,</strong></span> <span class='ocrx_word' id='word_1_611' title='bbox 743 2694 803 2720; x_wconf 83' lang='lat' dir='ltr'><strong>cap.</strong></span> <span class='ocrx_word' id='word_1_612' title='bbox 819 2686 865 2712; x_wconf 80' lang='lat'><strong>‘28.</strong></span> 
     </span>
    </p>
   </div>
   <div class='ocr_carea' id='block_1_86' title="bbox 343 2720 1095 2756">
    <p class='ocr_par' dir='ltr' id='par_1_86' title="bbox 343 2720 1095 2756">
     <span class='ocr_line' id='line_1_86' title="bbox 343 2720 1095 2756; baseline 0 -9"><span class='ocrx_word' id='word_1_613' title='bbox 343 2720 381 2754; x_wconf 83' lang='lat'>(6)</span> <span class='ocrx_word' id='word_1_614' title='bbox 401 2720 498 2746; x_wconf 91' lang='lat' dir='ltr'><strong>Sichor</strong></span> <span class='ocrx_word' id='word_1_615' title='bbox 515 2728 565 2756; x_wconf 80' lang='lat' dir='ltr'><strong>vox</strong></span> <span class='ocrx_word' id='word_1_616' title='bbox 584 2726 625 2747; x_wconf 78' lang='lat' dir='ltr'><strong>est</strong></span> <span class='ocrx_word' id='word_1_617' title='bbox 643 2721 773 2748; x_wconf 87' lang='lat' dir='ltr'><strong>llebraica</strong></span> <span class='ocrx_word' id='word_1_618' title='bbox 805 2721 963 2755; x_wconf 84' lang='lat' dir='ltr'><strong>signiﬁcans</strong></span> <span class='ocrx_word' id='word_1_619' title='bbox 991 2723 1095 2756; x_wconf 84' lang='lat' dir='ltr'><strong>nigrum</strong></span> 
     </span>
    </p>
   </div>
   <div class='ocr_carea' id='block_1_87' title="bbox 307 2754 1097 2791">
    <p class='ocr_par' dir='ltr' id='par_1_87' title="bbox 307 2754 1097 2791">
     <span class='ocr_line' id='line_1_87' title="bbox 307 2754 1097 2791; baseline 0 -9"><span class='ocrx_word' id='word_1_620' title='bbox 307 2764 340 2782; x_wconf 82' lang='lat' dir='ltr'><strong>ac</strong></span> <span class='ocrx_word' id='word_1_621' title='bbox 355 2755 487 2782; x_wconf 68' lang='lat' dir='ltr'><strong>rabidum.</strong></span> <span class='ocrx_word' id='word_1_622' title='bbox 508 2754 585 2787; x_wconf 83' lang='lat' dir='ltr'><strong>Quod</strong></span> <span class='ocrx_word' id='word_1_623' title='bbox 595 2760 685 2791; x_wconf 81' lang='lat' dir='ltr'><strong>autem</strong></span> <span class='ocrx_word' id='word_1_624' title='bbox 696 2756 773 2782; x_wconf 76' lang='lat' dir='ltr'><strong>Nilus</strong></span> <span class='ocrx_word' id='word_1_625' title='bbox 783 2754 863 2791; x_wconf 69' lang='lat' dir='ltr'><strong>etiam</strong></span> <span class='ocrx_word' id='word_1_626' title='bbox 875 2763 889 2782; x_wconf 92' lang='lat' dir='ltr'><strong>a</strong></span> <span class='ocrx_word' id='word_1_627' title='bbox 901 2754 1035 2783; x_wconf 67' lang='lat' dir='ltr'><strong>veteribus</strong></span> <span class='ocrx_word' id='word_1_628' title='bbox 1050 2757 1097 2791; x_wconf 84' lang='grc' dir='ltr'><strong>μὲ-</strong></span> 
     </span>
    </p>
   </div>
   <div class='ocr_carea' id='block_1_88' title="bbox 310 2790 1097 2825">
    <p class='ocr_par' dir='ltr' id='par_1_88' title="bbox 310 2790 1097 2825">
     <span class='ocr_line' id='line_1_88' title="bbox 310 2790 1097 2825; baseline 0.004 -10"><span class='ocrx_word' id='word_1_629' title='bbox 310 2791 358 2821; x_wconf 74' lang='grc' dir='ltr'><strong>).;ις</strong></span> <span class='ocrx_word' id='word_1_630' title='bbox 370 2791 459 2817; x_wconf 86' lang='lat' dir='ltr'><strong>dictus</strong></span> <span class='ocrx_word' id='word_1_631' title='bbox 472 2790 509 2818; x_wconf 79' lang='lat' dir='ltr'><strong>sit</strong></span> <span class='ocrx_word' id='word_1_632' title='bbox 531 2795 647 2817; x_wconf 83' lang='lat' dir='ltr'><strong>testatur</strong></span> <span class='ocrx_word' id='word_1_633' title='bbox 666 2790 827 2818; x_wconf 78' lang='lat' dir='ltr'><strong>Plutarchus</strong></span> <span class='ocrx_word' id='word_1_634' title='bbox 848 2790 938 2818; x_wconf 86' lang='lat' dir='ltr'><strong>libello</strong></span> <span class='ocrx_word' id='word_1_635' title='bbox 956 2792 991 2818; x_wconf 81' lang='lat' dir='ltr'><strong>De</strong></span> <span class='ocrx_word' id='word_1_636' title='bbox 1009 2790 1097 2825; x_wconf 62' lang='lat' dir='ltr'><strong>[inini-</strong></span> 
     </span>
    </p>
   </div>
   <div class='ocr_carea' id='block_1_89' title="bbox 311 2826 399 2852">
    <p class='ocr_par' dir='ltr' id='par_1_89' title="bbox 311 2826 399 2852">
     <span class='ocr_line' id='line_1_89' title="bbox 311 2826 399 2852; baseline -0.011 -1"><span class='ocrx_word' id='word_1_637' title='bbox 311 2826 399 2852; x_wconf 71' lang='lat' dir='ltr'><strong>rubus.</strong></span> 
     </span>
    </p>
   </div>
   <div class='ocr_carea' id='block_1_90' title="bbox 349 2859 945 2896">
    <p class='ocr_par' dir='ltr' id='par_1_90' title="bbox 349 2859 945 2896">
     <span class='ocr_line' id='line_1_90' title="bbox 349 2859 945 2896; baseline 0.002 -10"><span class='ocrx_word' id='word_1_638' title='bbox 349 2859 386 2895; x_wconf 73' lang='grc' dir='ltr'><strong>(τ)</strong></span> <span class='ocrx_word' id='word_1_639' title='bbox 405 2859 509 2892; x_wconf 82' lang='lat' dir='ltr'><strong>Melius,</strong></span> <span class='ocrx_word' id='word_1_640' title='bbox 526 2859 552 2887; x_wconf 93' lang='lat' dir='ltr'><strong>in</strong></span> <span class='ocrx_word' id='word_1_641' title='bbox 570 2859 808 2896; x_wconf 74' lang='lat' dir='ltr'><strong>Mediterraneum,</strong></span> <span class='ocrx_word' id='word_1_642' title='bbox 824 2870 883 2894; x_wconf 77' lang='lat' dir='ltr'><strong>cap.</strong></span> <span class='ocrx_word' id='word_1_643' title='bbox 901 2862 945 2888; x_wconf 72' lang='lat'><strong>28.</strong></span> 
     </span>
    </p>
   </div>
   <div class='ocr_carea' id='block_1_91' title="bbox 1140 1585 1926 1621">
    <p class='ocr_par' dir='ltr' id='par_1_91' title="bbox 1140 1585 1926 1621">
     <span class='ocr_line' id='line_1_91' title="bbox 1140 1585 1926 1621; baseline -0.005 -6"><span class='ocrx_word' id='word_1_644' title='bbox 1140 1587 1320 1618; x_wconf 69' lang='lat' dir='ltr'><strong>meridionali,</strong></span> <span class='ocrx_word' id='word_1_645' title='bbox 1338 1591 1419 1621; x_wconf 89' lang='lat' dir='ltr'><strong>atque</strong></span> <span class='ocrx_word' id='word_1_646' title='bbox 1435 1587 1591 1613; x_wconf 85' lang='lat' dir='ltr'><strong>universam</strong></span> <span class='ocrx_word' id='word_1_647' title='bbox 1606 1585 1766 1620; x_wconf 65' lang='lat' dir='ltr'><strong>Ethiopum</strong></span> <span class='ocrx_word' id='word_1_648' title='bbox 1784 1585 1926 1619; x_wconf 86' lang='lat' dir='ltr'><strong>regionem</strong></span> 
     </span>
    </p>
   </div>
   <div class='ocr_carea' id='block_1_92' title="bbox 1139 1630 1926 1669">
    <p class='ocr_par' dir='ltr' id='par_1_92' title="bbox 1139 1630 1926 1669">
     <span class='ocr_line' id='line_1_92' title="bbox 1139 1630 1926 1669; baseline -0.005 -9"><span class='ocrx_word' id='word_1_649' title='bbox 1139 1641 1299 1669; x_wconf 85' lang='lat' dir='ltr'><strong>peragrans,</strong></span> <span class='ocrx_word' id='word_1_650' title='bbox 1315 1632 1423 1659; x_wconf 89' lang='lat' dir='ltr'><strong>demum</strong></span> <span class='ocrx_word' id='word_1_651' title='bbox 1437 1632 1464 1659; x_wconf 94' lang='lat' dir='ltr'><strong>in</strong></span> <span class='ocrx_word' id='word_1_652' title='bbox 1478 1632 1589 1658; x_wconf 80' lang='lat' dir='ltr'><strong>Adriam</strong></span> <span class='ocrx_word' id='word_1_653' title='bbox 1604 1636 1767 1658; x_wconf 87' lang='lat' dir='ltr'><strong>exoneratur</strong></span> <span class='ocrx_word' id='word_1_654' title='bbox 1783 1631 1821 1664; x_wconf 85' lang='grc'><strong>(7)</strong></span> <span class='ocrx_word' id='word_1_655' title='bbox 1835 1630 1926 1664; x_wconf 82' lang='lat' dir='ltr'><strong>:quod</strong></span> 
     </span>
    </p>
   </div>
   <div class='ocr_carea' id='block_1_93' title="bbox 1139 1677 1927 1714">
    <p class='ocr_par' dir='ltr' id='par_1_93' title="bbox 1139 1677 1927 1714">
     <span class='ocr_line' id='line_1_93' title="bbox 1139 1677 1927 1714; baseline -0.006 -7"><span class='ocrx_word' id='word_1_656' title='bbox 1139 1688 1215 1707; x_wconf 83' lang='lat' dir='ltr'><strong>mare</strong></span> <span class='ocrx_word' id='word_1_657' title='bbox 1241 1679 1348 1714; x_wconf 62' lang='lat' dir='ltr'><strong>rEttypti</strong></span> <span class='ocrx_word' id='word_1_658' title='bbox 1384 1679 1450 1706; x_wconf 88' lang='lat' dir='ltr'><strong>ﬁnes</strong></span> <span class='ocrx_word' id='word_1_659' title='bbox 1479 1679 1566 1705; x_wconf 86' lang='lat' dir='ltr'><strong>alluit.</strong></span> <span class='ocrx_word' id='word_1_660' title='bbox 1587 1677 1697 1705; x_wconf 83' lang='lat' dir='ltr'><strong>Tertius</strong></span> <span class='ocrx_word' id='word_1_661' title='bbox 1713 1677 1810 1704; x_wconf 88' lang='lat' dir='ltr'><strong>ﬂuvius</strong></span> <span class='ocrx_word' id='word_1_662' title='bbox 1823 1677 1927 1708; x_wconf 81' lang='lat' dir='ltr'><strong>Diclat,</strong></span> 
     </span>
    </p>
   </div>
   <div class='ocr_carea' id='block_1_94' title="bbox 1140 1722 1930 1759">
    <p class='ocr_par' dir='ltr' id='par_1_94' title="bbox 1140 1722 1930 1759">
     <span class='ocr_line' id='line_1_94' title="bbox 1140 1722 1930 1759; baseline -0.005 -6"><span class='ocrx_word' id='word_1_663' title='bbox 1140 1727 1192 1753; x_wconf 90' lang='lat' dir='ltr'><strong>hoc</strong></span> <span class='ocrx_word' id='word_1_664' title='bbox 1207 1729 1259 1758; x_wconf 88' lang='lat' dir='ltr'><strong>est,</strong></span> <span class='ocrx_word' id='word_1_665' title='bbox 1277 1724 1376 1759; x_wconf 69' lang='lat' dir='ltr'><strong>Tigris,</strong></span> <span class='ocrx_word' id='word_1_666' title='bbox 1396 1729 1491 1752; x_wconf 87' lang='lat' dir='ltr'><strong>contra</strong></span> <span class='ocrx_word' id='word_1_667' title='bbox 1505 1724 1585 1751; x_wconf 86' lang='lat' dir='ltr'><strong>Attur</strong></span> <span class='ocrx_word' id='word_1_668' title='bbox 1602 1723 1641 1758; x_wconf 90' lang='lat'><strong>(8)</strong></span> <span class='ocrx_word' id='word_1_669' title='bbox 1665 1722 1733 1750; x_wconf 90' lang='lat' dir='ltr'><strong>ﬂuit.</strong></span> <span class='ocrx_word' id='word_1_670' title='bbox 1754 1722 1874 1755; x_wconf 83' lang='lat' dir='ltr'><strong>Quartus</strong></span> <span class='ocrx_word' id='word_1_671' title='bbox 1887 1727 1930 1749; x_wconf 85' lang='lat' dir='ltr'><strong>est</strong></span> 
     </span>
    </p>
   </div>
   <div class='ocr_carea' id='block_1_95' title="bbox 1141 1767 1928 1804">
    <p class='ocr_par' dir='ltr' id='par_1_95' title="bbox 1141 1767 1928 1804">
     <span class='ocr_line' id='line_1_95' title="bbox 1141 1767 1928 1804; baseline -0.005 -6"><span class='ocrx_word' id='word_1_672' title='bbox 1141 1771 1251 1803; x_wconf 85' lang='lat' dir='ltr'><strong>Perath,</strong></span> <span class='ocrx_word' id='word_1_673' title='bbox 1282 1771 1307 1797; x_wconf 91' lang='lat' dir='ltr'><strong>id</strong></span> <span class='ocrx_word' id='word_1_674' title='bbox 1333 1775 1385 1801; x_wconf 84' lang='lat' dir='ltr'><strong>est,</strong></span> <span class='ocrx_word' id='word_1_675' title='bbox 1412 1770 1571 1804; x_wconf 79' lang='lat' dir='ltr'><strong>Euphrates.</strong></span> <span class='ocrx_word' id='word_1_676' title='bbox 1592 1769 1625 1796; x_wconf 80' lang='lat' dir='ltr'><strong>Et</strong></span> <span class='ocrx_word' id='word_1_677' title='bbox 1646 1769 1673 1796; x_wconf 86' lang='lat' dir='ltr'><strong>hi</strong></span> <span class='ocrx_word' id='word_1_678' title='bbox 1690 1776 1799 1804; x_wconf 86' lang='lat' dir='ltr'><strong>quoque</strong></span> <span class='ocrx_word' id='word_1_679' title='bbox 1811 1768 1877 1798; x_wconf 84' lang='lat' dir='ltr'><strong>duo.</strong></span> <span class='ocrx_word' id='word_1_680' title='bbox 1894 1767 1928 1794; x_wconf 84' lang='lat' dir='ltr'><strong>ab</strong></span> 
     </span>
    </p>
   </div>
   <div class='ocr_carea' id='block_1_96' title="bbox 1141 1814 1929 1850">
    <p class='ocr_par' dir='ltr' id='par_1_96' title="bbox 1141 1814 1929 1850">
     <span class='ocr_line' id='line_1_96' title="bbox 1141 1814 1929 1850; baseline -0.005 -6"><span class='ocrx_word' id='word_1_681' title='bbox 1141 1817 1188 1844; x_wconf 91' lang='lat' dir='ltr'><strong>illo</strong></span> <span class='ocrx_word' id='word_1_682' title='bbox 1202 1815 1346 1850; x_wconf 86' lang='lat' dir='ltr'><strong>grandiore</strong></span> <span class='ocrx_word' id='word_1_683' title='bbox 1361 1815 1477 1846; x_wconf 87' lang='lat' dir='ltr'><strong>diducti,</strong></span> <span class='ocrx_word' id='word_1_684' title='bbox 1493 1820 1520 1842; x_wconf 87' lang='lat' dir='ltr'><strong>et</strong></span> <span class='ocrx_word' id='word_1_685' title='bbox 1535 1815 1586 1842; x_wconf 90' lang='lat' dir='ltr'><strong>sub</strong></span> <span class='ocrx_word' id='word_1_686' title='bbox 1601 1822 1675 1841; x_wconf 88' lang='lat' dir='ltr'><strong>mare</strong></span> <span class='ocrx_word' id='word_1_687' title='bbox 1690 1814 1773 1841; x_wconf 90' lang='lat' dir='ltr'><strong>mersi</strong></span> <span class='ocrx_word' id='word_1_688' title='bbox 1793 1816 1929 1848; x_wconf 87' lang='lat' dir='ltr'><strong>prodeunt</strong></span> 
     </span>
    </p>
   </div>
   <div class='ocr_carea' id='block_1_97' title="bbox 1142 1859 1929 1891">
    <p class='ocr_par' dir='ltr' id='par_1_97' title="bbox 1142 1859 1929 1891">
     <span class='ocr_line' id='line_1_97' title="bbox 1142 1859 1929 1891; baseline -0.003 -3"><span class='ocrx_word' id='word_1_689' title='bbox 1142 1862 1248 1891; x_wconf 83' lang='lat' dir='ltr'><strong>tandem</strong></span> <span class='ocrx_word' id='word_1_690' title='bbox 1271 1861 1297 1888; x_wconf 91' lang='lat' dir='ltr'><strong>in</strong></span> <span class='ocrx_word' id='word_1_691' title='bbox 1330 1861 1419 1887; x_wconf 86' lang='lat' dir='ltr'><strong>medio</strong></span> <span class='ocrx_word' id='word_1_692' title='bbox 1453 1861 1503 1888; x_wconf 90' lang='lat' dir='ltr'><strong>hoc</strong></span> <span class='ocrx_word' id='word_1_693' title='bbox 1523 1865 1617 1887; x_wconf 90' lang='lat' dir='ltr'><strong>nostro</strong></span> <span class='ocrx_word' id='word_1_694' title='bbox 1627 1860 1692 1887; x_wconf 89' lang='lat' dir='ltr'><strong>orbe</strong></span> <span class='ocrx_word' id='word_1_695' title='bbox 1703 1859 1801 1886; x_wconf 88' lang='lat' dir='ltr'><strong>vicinis</strong></span> <span class='ocrx_word' id='word_1_696' title='bbox 1814 1860 1885 1886; x_wconf 91' lang='lat' dir='ltr'><strong>inter</strong></span> <span class='ocrx_word' id='word_1_697' title='bbox 1900 1867 1929 1887; x_wconf 87' lang='lat' dir='ltr'><strong>se</strong></span> 
     </span>
    </p>
   </div>
   <div class='ocr_carea' id='block_1_98' title="bbox 1141 1905 1930 1941">
    <p class='ocr_par' dir='ltr' id='par_1_98' title="bbox 1141 1905 1930 1941">
     <span class='ocr_line' id='line_1_98' title="bbox 1141 1905 1930 1941; baseline -0.004 -7"><span class='ocrx_word' id='word_1_698' title='bbox 1141 1907 1261 1934; x_wconf 88' lang='lat' dir='ltr'><strong>fontibus</strong></span> <span class='ocrx_word' id='word_1_699' title='bbox 1281 1906 1434 1941; x_wconf 85' lang='lat' dir='ltr'><strong>perluitque</strong></span> <span class='ocrx_word' id='word_1_700' title='bbox 1447 1906 1532 1932; x_wconf 86' lang='lat' dir='ltr'><strong>Diclat</strong></span> <span class='ocrx_word' id='word_1_701' title='bbox 1545 1905 1704 1932; x_wconf 86' lang='lat' dir='ltr'><strong>orientalem</strong></span> <span class='ocrx_word' id='word_1_702' title='bbox 1722 1905 1930 1940; x_wconf 76' lang='lat' dir='ltr'><strong>Mesopotamia:</strong></span> 
     </span>
    </p>
   </div>
   <div class='ocr_carea' id='block_1_99' title="bbox 1140 1951 1930 1988">
    <p class='ocr_par' dir='ltr' id='par_1_99' title="bbox 1140 1951 1930 1988">
     <span class='ocr_line' id='line_1_99' title="bbox 1140 1951 1930 1988; baseline -0.003 -8"><span class='ocrx_word' id='word_1_703' title='bbox 1140 1952 1295 1988; x_wconf 85' lang='lat' dir='ltr'><strong>regionem;</strong></span> <span class='ocrx_word' id='word_1_704' title='bbox 1311 1958 1403 1986; x_wconf 86' lang='lat' dir='ltr'><strong>quem,</strong></span> <span class='ocrx_word' id='word_1_705' title='bbox 1420 1957 1448 1979; x_wconf 92' lang='lat' dir='ltr'><strong>nt</strong></span> <span class='ocrx_word' id='word_1_706' title='bbox 1462 1951 1559 1978; x_wconf 81' lang='lat' dir='ltr'><strong>Perath</strong></span> <span class='ocrx_word' id='word_1_707' title='bbox 1576 1955 1664 1978; x_wconf 87' lang='lat' dir='ltr'><strong>tractu</strong></span> <span class='ocrx_word' id='word_1_708' title='bbox 1693 1951 1786 1979; x_wconf 89' lang='lat' dir='ltr'><strong>vicino</strong></span> <span class='ocrx_word' id='word_1_709' title='bbox 1805 1951 1930 1986; x_wconf 87' lang='lat' dir='ltr'><strong>aliquan-</strong></span> 
     </span>
    </p>
   </div>
   <div class='ocr_carea' id='block_1_100' title="bbox 1140 1998 1931 2033">
    <p class='ocr_par' dir='ltr' id='par_1_100' title="bbox 1140 1998 1931 2033">
     <span class='ocr_line' id='line_1_100' title="bbox 1140 1998 1931 2033; baseline -0.001 -7"><span class='ocrx_word' id='word_1_710' title='bbox 1140 1999 1185 2026; x_wconf 90' lang='lat' dir='ltr'><strong>diu</strong></span> <span class='ocrx_word' id='word_1_711' title='bbox 1204 1999 1348 2025; x_wconf 89' lang='lat' dir='ltr'><strong>comitatus</strong></span> <span class='ocrx_word' id='word_1_712' title='bbox 1364 2002 1414 2029; x_wconf 87' lang='lat' dir='ltr'><strong>est,</strong></span> <span class='ocrx_word' id='word_1_713' title='bbox 1426 1998 1554 2025; x_wconf 78' lang='lat' dir='ltr'><strong>labuntur</strong></span> <span class='ocrx_word' id='word_1_714' title='bbox 1574 1998 1654 2024; x_wconf 87' lang='lat' dir='ltr'><strong>atnbo</strong></span> <span class='ocrx_word' id='word_1_715' title='bbox 1670 1998 1696 2024; x_wconf 90' lang='lat' dir='ltr'><strong>in</strong></span> <span class='ocrx_word' id='word_1_716' title='bbox 1712 2006 1839 2033; x_wconf 88' lang='lat' dir='ltr'><strong>magnum</strong></span> <span class='ocrx_word' id='word_1_717' title='bbox 1858 2006 1931 2026; x_wconf 85' lang='lat' dir='ltr'><strong>mare</strong></span> 
     </span>
    </p>
   </div>
   <div class='ocr_carea' id='block_1_101' title="bbox 1140 2044 1440 2078">
    <p class='ocr_par' dir='ltr' id='par_1_101' title="bbox 1140 2044 1440 2078">
     <span class='ocr_line' id='line_1_101' title="bbox 1140 2044 1440 2078; baseline -0.007 -6"><span class='ocrx_word' id='word_1_718' title='bbox 1140 2045 1268 2072; x_wconf 75' lang='lat' dir='ltr'><strong>australa:</strong></span> <span class='ocrx_word' id='word_1_719' title='bbox 1283 2044 1373 2071; x_wconf 69' lang='lat' dir='ltr'><strong>Bos-rm</strong></span> <span class='ocrx_word' id='word_1_720' title='bbox 1389 2044 1440 2078; x_wconf 88' lang='lat'>(9).</span> 
     </span>
    </p>
   </div>
   <div class='ocr_carea' id='block_1_102' title="bbox 1424 2089 1649 2117">
    <p class='ocr_par' dir='ltr' id='par_1_102' title="bbox 1424 2089 1649 2117">
     <span class='ocr_line' id='line_1_102' title="bbox 1424 2089 1649 2117; baseline 0.004 -1"><span class='ocrx_word' id='word_1_721' title='bbox 1424 2089 1538 2116; x_wconf 79' lang='lat' dir='ltr'><strong>CAPUT</strong></span> <span class='ocrx_word' id='word_1_722' title='bbox 1566 2089 1649 2117; x_wconf 70' lang='lat' dir='ltr'><strong>XXII.</strong></span> 
     </span>
    </p>
   </div>
   <div class='ocr_carea' id='block_1_103' title="bbox 1180 2135 1932 2169">
    <p class='ocr_par' dir='ltr' id='par_1_103' title="bbox 1180 2135 1932 2169">
     <span class='ocr_line' id='line_1_103' title="bbox 1180 2135 1932 2169; baseline 0 -7"><span class='ocrx_word' id='word_1_723' title='bbox 1180 2136 1244 2163; x_wconf 84' lang='lat' dir='ltr'><strong>Tria</strong></span> <span class='ocrx_word' id='word_1_724' title='bbox 1260 2136 1318 2162; x_wconf 83' lang='lat' dir='ltr'><strong>loca</strong></span> <span class='ocrx_word' id='word_1_725' title='bbox 1336 2143 1384 2169; x_wconf 79' lang='lat' dir='ltr'><strong>pro</strong></span> <span class='ocrx_word' id='word_1_726' title='bbox 1406 2135 1508 2162; x_wconf 79' lang='lat' dir='ltr'><strong>Adamo</strong></span> <span class='ocrx_word' id='word_1_727' title='bbox 1542 2136 1649 2162; x_wconf 81' lang='lat' dir='ltr'><strong>condita</strong></span> <span class='ocrx_word' id='word_1_728' title='bbox 1670 2145 1685 2163; x_wconf 90' lang='grc' dir='ltr'><em>α</em></span> <span class='ocrx_word' id='word_1_729' title='bbox 1710 2136 1762 2163; x_wconf 81' lang='lat' dir='ltr'><strong>Deo</strong></span> <span class='ocrx_word' id='word_1_730' title='bbox 1776 2152 1811 2157; x_wconf 90' lang='lat'><strong>-—</strong></span> <span class='ocrx_word' id='word_1_731' title='bbox 1837 2137 1932 2164; x_wconf 77' lang='lat' dir='ltr'><strong>Solent</strong></span> 
     </span>
    </p>
   </div>
   <div class='ocr_carea' id='block_1_104' title="bbox 1141 2181 1930 2218">
    <p class='ocr_par' dir='ltr' id='par_1_104' title="bbox 1141 2181 1930 2218">
     <span class='ocr_line' id='line_1_104' title="bbox 1141 2181 1930 2218; baseline -0.001 -8"><span class='ocrx_word' id='word_1_732' title='bbox 1141 2183 1251 2218; x_wconf 85' lang='lat' dir='ltr'><strong>quidam</strong></span> <span class='ocrx_word' id='word_1_733' title='bbox 1270 2181 1434 2216; x_wconf 87' lang='lat' dir='ltr'><strong>percontari,</strong></span> <span class='ocrx_word' id='word_1_734' title='bbox 1463 2182 1528 2216; x_wconf 86' lang='lat' dir='ltr'><strong>quid</strong></span> <span class='ocrx_word' id='word_1_735' title='bbox 1551 2181 1656 2209; x_wconf 83' lang='lat' dir='ltr'><strong>Adatno</strong></span> <span class='ocrx_word' id='word_1_736' title='bbox 1669 2182 1785 2217; x_wconf 64' lang='lat' dir='ltr'><strong>Evaeque</strong></span> <span class='ocrx_word' id='word_1_737' title='bbox 1810 2182 1930 2209; x_wconf 87' lang='lat' dir='ltr'><strong>futurum</strong></span> 
     </span>
    </p>
   </div>
   <div class='ocr_carea' id='block_1_105' title="bbox 1143 2227 1932 2263">
    <p class='ocr_par' dir='ltr' id='par_1_105' title="bbox 1143 2227 1932 2263">
     <span class='ocr_line' id='line_1_105' title="bbox 1143 2227 1932 2263; baseline -0.005 -6"><span class='ocrx_word' id='word_1_738' title='bbox 1143 2230 1246 2262; x_wconf 86' lang='lat' dir='ltr'><strong>fuisset,</strong></span> <span class='ocrx_word' id='word_1_739' title='bbox 1263 2230 1285 2257; x_wconf 92' lang='lat' dir='ltr'><strong>si</strong></span> <span class='ocrx_word' id='word_1_740' title='bbox 1318 2229 1472 2263; x_wconf 88' lang='lat' dir='ltr'><strong>impositam</strong></span> <span class='ocrx_word' id='word_1_741' title='bbox 1501 2228 1552 2255; x_wconf 89' lang='lat' dir='ltr'><strong>sibi</strong></span> <span class='ocrx_word' id='word_1_742' title='bbox 1578 2236 1591 2254; x_wconf 90' lang='lat' dir='ltr'><strong>a</strong></span> <span class='ocrx_word' id='word_1_743' title='bbox 1611 2227 1665 2254; x_wconf 88' lang='lat' dir='ltr'><strong>Deo</strong></span> <span class='ocrx_word' id='word_1_744' title='bbox 1689 2228 1773 2262; x_wconf 73' lang='lat' dir='ltr'><strong>legem</strong></span> <span class='ocrx_word' id='word_1_745' title='bbox 1800 2227 1826 2254; x_wconf 90' lang='lat' dir='ltr'><strong>in</strong></span> <span class='ocrx_word' id='word_1_746' title='bbox 1853 2235 1932 2261; x_wconf 78' lang='lat' dir='ltr'><strong>para-</strong></span> 
     </span>
    </p>
   </div>
   <div class='ocr_carea' id='block_1_106' title="bbox 1141 2274 1931 2309">
    <p class='ocr_par' dir='ltr' id='par_1_106' title="bbox 1141 2274 1931 2309">
     <span class='ocr_line' id='line_1_106' title="bbox 1141 2274 1931 2309; baseline -0.004 -6"><span class='ocrx_word' id='word_1_747' title='bbox 1141 2277 1201 2303; x_wconf 89' lang='lat' dir='ltr'><strong>diso</strong></span> <span class='ocrx_word' id='word_1_748' title='bbox 1250 2283 1302 2302; x_wconf 92' lang='lat' dir='ltr'><strong>non</strong></span> <span class='ocrx_word' id='word_1_749' title='bbox 1343 2274 1497 2309; x_wconf 79' lang='lat' dir='ltr'><strong>fregissent.</strong></span> <span class='ocrx_word' id='word_1_750' title='bbox 1543 2274 1590 2301; x_wconf 88' lang='lat' dir='ltr'><strong>llis</strong></span> <span class='ocrx_word' id='word_1_751' title='bbox 1621 2274 1838 2308; x_wconf 87' lang='lat' dir='ltr'><strong>respondemus,</strong></span> <span class='ocrx_word' id='word_1_752' title='bbox 1868 2274 1931 2301; x_wconf 91' lang='lat' dir='ltr'><strong>sub-</strong></span> 
     </span>
    </p>
   </div>
   <div class='ocr_carea' id='block_1_107' title="bbox 1141 2319 1932 2354">
    <p class='ocr_par' dir='ltr' id='par_1_107' title="bbox 1141 2319 1932 2354">
     <span class='ocr_line' id='line_1_107' title="bbox 1141 2319 1932 2354; baseline -0.006 -4"><span class='ocrx_word' id='word_1_753' title='bbox 1141 2321 1277 2350; x_wconf 88' lang='lat' dir='ltr'><strong>vehendos</strong></span> <span class='ocrx_word' id='word_1_754' title='bbox 1294 2321 1377 2348; x_wconf 87' lang='lat' dir='ltr'><strong>fuisse</strong></span> <span class='ocrx_word' id='word_1_755' title='bbox 1390 2328 1423 2348; x_wconf 87' lang='lat' dir='ltr'><strong>ex</strong></span> <span class='ocrx_word' id='word_1_756' title='bbox 1439 2320 1566 2354; x_wconf 89' lang='lat' dir='ltr'><strong>paradiso</strong></span> <span class='ocrx_word' id='word_1_757' title='bbox 1579 2327 1660 2354; x_wconf 89' lang='lat' dir='ltr'><strong>supra</strong></span> <span class='ocrx_word' id='word_1_758' title='bbox 1685 2319 1738 2346; x_wconf 88' lang='lat' dir='ltr'><strong>hoc</strong></span> <span class='ocrx_word' id='word_1_759' title='bbox 1752 2320 1812 2346; x_wconf 66' lang='lat' dir='ltr'><strong>caeli</strong></span> <span class='ocrx_word' id='word_1_760' title='bbox 1840 2319 1932 2346; x_wconf 78' lang='lat' dir='ltr'><strong>[inna-</strong></span> 
     </span>
    </p>
   </div>
   <div class='ocr_carea' id='block_1_108' title="bbox 1143 2365 1933 2401">
    <p class='ocr_par' dir='ltr' id='par_1_108' title="bbox 1143 2365 1933 2401">
     <span class='ocr_line' id='line_1_108' title="bbox 1143 2365 1933 2401; baseline -0.005 -7"><span class='ocrx_word' id='word_1_761' title='bbox 1143 2372 1264 2395; x_wconf 89' lang='lat' dir='ltr'><strong>mentum</strong></span> <span class='ocrx_word' id='word_1_762' title='bbox 1280 2367 1351 2401; x_wconf 90' lang='lat' dir='ltr'><strong>quod</strong></span> <span class='ocrx_word' id='word_1_763' title='bbox 1368 2374 1448 2400; x_wconf 87' lang='lat' dir='ltr'><strong>supra</strong></span> <span class='ocrx_word' id='word_1_764' title='bbox 1461 2373 1511 2393; x_wconf 92' lang='lat' dir='ltr'><strong>nos</strong></span> <span class='ocrx_word' id='word_1_765' title='bbox 1529 2366 1646 2400; x_wconf 83' lang='lat' dir='ltr'><strong>positum</strong></span> <span class='ocrx_word' id='word_1_766' title='bbox 1673 2365 1822 2396; x_wconf 89' lang='lat' dir='ltr'><strong>intuemur,</strong></span> <span class='ocrx_word' id='word_1_767' title='bbox 1851 2369 1933 2399; x_wconf 87' lang='lat' dir='ltr'><strong>atque</strong></span> 
     </span>
    </p>
   </div>
   <div class='ocr_carea' id='block_1_109' title="bbox 1143 2411 1934 2446">
    <p class='ocr_par' dir='ltr' id='par_1_109' title="bbox 1143 2411 1934 2446">
     <span class='ocr_line' id='line_1_109' title="bbox 1143 2411 1934 2446; baseline -0.004 -6"><span class='ocrx_word' id='word_1_768' title='bbox 1143 2415 1169 2441; x_wconf 92' lang='lat' dir='ltr'><strong>in</strong></span> <span class='ocrx_word' id='word_1_769' title='bbox 1189 2414 1291 2441; x_wconf 63' lang='lat' dir='ltr'><strong>caelesti</strong></span> <span class='ocrx_word' id='word_1_770' title='bbox 1315 2420 1399 2446; x_wconf 75' lang='lat' dir='ltr'><strong>regno</strong></span> <span class='ocrx_word' id='word_1_771' title='bbox 1413 2413 1550 2446; x_wconf 83' lang='lat' dir='ltr'><strong>voluptate</strong></span> <span class='ocrx_word' id='word_1_772' title='bbox 1566 2411 1717 2439; x_wconf 87' lang='lat' dir='ltr'><strong>incredibili</strong></span> <span class='ocrx_word' id='word_1_773' title='bbox 1742 2415 1770 2438; x_wconf 88' lang='lat' dir='ltr'><strong>et</strong></span> <span class='ocrx_word' id='word_1_774' title='bbox 1790 2411 1934 2438; x_wconf 64' lang='lat' dir='ltr'><strong>immorla«</strong></span> 
     </span>
    </p>
   </div>
   <div class='ocr_carea' id='block_1_110' title="bbox 1142 2456 1932 2495">
    <p class='ocr_par' dir='ltr' id='par_1_110' title="bbox 1142 2456 1932 2495">
     <span class='ocr_line' id='line_1_110' title="bbox 1142 2456 1932 2495; baseline -0.006 -8"><span class='ocrx_word' id='word_1_775' title='bbox 1142 2461 1218 2488; x_wconf 80' lang='lat' dir='ltr'><strong>litate</strong></span> <span class='ocrx_word' id='word_1_776' title='bbox 1231 2467 1344 2495; x_wconf 88' lang='lat' dir='ltr'><strong>prorsus</strong></span> <span class='ocrx_word' id='word_1_777' title='bbox 1353 2460 1471 2487; x_wconf 88' lang='lat' dir='ltr'><strong>beandos</strong></span> <span class='ocrx_word' id='word_1_778' title='bbox 1484 2467 1490 2490; x_wconf 76' lang='grc' dir='ltr'>ς</span> <span class='ocrx_word' id='word_1_779' title='bbox 1506 2458 1556 2485; x_wconf 91' lang='lat' dir='ltr'><strong>hoc</strong></span> <span class='ocrx_word' id='word_1_780' title='bbox 1565 2459 1636 2485; x_wconf 85' lang='lat' dir='ltr'><strong>enim</strong></span> <span class='ocrx_word' id='word_1_781' title='bbox 1646 2457 1750 2492; x_wconf 63' lang='lat' dir='ltr'><strong>priemii</strong></span> <span class='ocrx_word' id='word_1_782' title='bbox 1765 2461 1844 2491; x_wconf 85' lang='lat' dir='ltr'><strong>atque</strong></span> <span class='ocrx_word' id='word_1_783' title='bbox 1855 2456 1932 2490; x_wconf 89' lang='lat' dir='ltr'><strong>pretii</strong></span> 
     </span>
    </p>
   </div>
   <div class='ocr_carea' id='block_1_111' title="bbox 1144 2502 1932 2542">
    <p class='ocr_par' dir='ltr' id='par_1_111' title="bbox 1144 2502 1932 2542">
     <span class='ocr_line' id='line_1_111' title="bbox 1144 2502 1932 2542; baseline -0.008 -8"><span class='ocrx_word' id='word_1_784' title='bbox 1144 2515 1192 2542; x_wconf 93' lang='lat' dir='ltr'><strong>pro</strong></span> <span class='ocrx_word' id='word_1_785' title='bbox 1205 2507 1348 2534; x_wconf 83' lang='lat' dir='ltr'><strong>observata</strong></span> <span class='ocrx_word' id='word_1_786' title='bbox 1370 2505 1427 2540; x_wconf 90' lang='lat' dir='ltr'><strong>lege</strong></span> <span class='ocrx_word' id='word_1_787' title='bbox 1444 2505 1563 2532; x_wconf 89' lang='lat' dir='ltr'><strong>dandum</strong></span> <span class='ocrx_word' id='word_1_788' title='bbox 1584 2504 1636 2531; x_wconf 90' lang='lat' dir='ltr'><strong>illis</strong></span> <span class='ocrx_word' id='word_1_789' title='bbox 1667 2503 1760 2531; x_wconf 77' lang='lat' dir='ltr'><strong>fuisse.</strong></span> <span class='ocrx_word' id='word_1_790' title='bbox 1778 2502 1841 2529; x_wconf 89' lang='lat' dir='ltr'><strong>Tria</strong></span> <span class='ocrx_word' id='word_1_791' title='bbox 1860 2503 1932 2529; x_wconf 82' lang='lat' dir='ltr'><strong>cuitu</strong></span> 
     </span>
    </p>
   </div>
   <div class='ocr_carea' id='block_1_112' title="bbox 1144 2548 1932 2586">
    <p class='ocr_par' dir='ltr' id='par_1_112' title="bbox 1144 2548 1932 2586">
     <span class='ocr_line' id='line_1_112' title="bbox 1144 2548 1932 2586; baseline -0.008 -6"><span class='ocrx_word' id='word_1_792' title='bbox 1144 2553 1202 2580; x_wconf 78' lang='lat' dir='ltr'><strong>loca</strong></span> <span class='ocrx_word' id='word_1_793' title='bbox 1220 2552 1378 2580; x_wconf 88' lang='lat' dir='ltr'><strong>condiderat</strong></span> <span class='ocrx_word' id='word_1_794' title='bbox 1390 2559 1438 2586; x_wconf 86' lang='lat' dir='ltr'><strong>pro</strong></span> <span class='ocrx_word' id='word_1_795' title='bbox 1454 2551 1558 2577; x_wconf 81' lang='lat' dir='ltr'><strong>Adamo</strong></span> <span class='ocrx_word' id='word_1_796' title='bbox 1589 2550 1658 2577; x_wconf 86' lang='lat' dir='ltr'><strong>Dens</strong></span> <span class='ocrx_word' id='word_1_797' title='bbox 1673 2558 1680 2576; x_wconf 84' lang='lat'><strong>:</strong></span> <span class='ocrx_word' id='word_1_798' title='bbox 1695 2549 1804 2581; x_wconf 73' lang='lat' dir='ltr'><strong>coelum,</strong></span> <span class='ocrx_word' id='word_1_799' title='bbox 1825 2548 1932 2582; x_wconf 81' lang='lat' dir='ltr'><strong>paradi-</strong></span> 
     </span>
    </p>
   </div>
   <div class='ocr_carea' id='block_1_113' title="bbox 1188 2647 1932 2686">
    <p class='ocr_par' dir='ltr' id='par_1_113' title="bbox 1188 2647 1932 2686">
     <span class='ocr_line' id='line_1_113' title="bbox 1188 2647 1932 2686; baseline -0.007 -7"><span class='ocrx_word' id='word_1_800' title='bbox 1188 2651 1225 2686; x_wconf 85' lang='lat'>(8)</span> <span class='ocrx_word' id='word_1_801' title='bbox 1241 2651 1339 2681; x_wconf 81' lang='lat' dir='ltr'><strong>Ascur.</strong></span> <span class='ocrx_word' id='word_1_802' title='bbox 1357 2650 1437 2686; x_wconf 53' lang='lat' dir='ltr'><strong>infra:</strong></span> <span class='ocrx_word' id='word_1_803' title='bbox 1465 2650 1558 2685; x_wconf 73' lang='lat' dir='ltr'><strong>Tigrin</strong></span> <span class='ocrx_word' id='word_1_804' title='bbox 1567 2649 1655 2686; x_wconf 67' lang='lat' dir='ltr'><strong>etiam</strong></span> <span class='ocrx_word' id='word_1_805' title='bbox 1670 2648 1753 2686; x_wconf 81' lang='lat' dir='ltr'><strong>hodie</strong></span> <span class='ocrx_word' id='word_1_806' title='bbox 1772 2647 1835 2686; x_wconf 32' lang='lat' dir='ltr'><strong>Syri.</strong></span> <span class='ocrx_word' id='word_1_807' title='bbox 1849 2647 1932 2686; x_wconf 78' lang='lat' dir='ltr'><strong>I_)iclat</strong></span> 
     </span>
    </p>
   </div>
   <div class='ocr_carea' id='block_1_114' title="bbox 1148 2683 1931 2721">
    <p class='ocr_par' dir='ltr' id='par_1_114' title="bbox 1148 2683 1931 2721">
     <span class='ocr_line' id='line_1_114' title="bbox 1148 2683 1931 2721; baseline -0.005 -9"><span class='ocrx_word' id='word_1_808' title='bbox 1148 2683 1228 2721; x_wconf 77' lang='lat' dir='ltr'><strong>vulgo</strong></span> <span class='ocrx_word' id='word_1_809' title='bbox 1248 2691 1365 2718; x_wconf 76' lang='lat' dir='ltr'><strong>vocant;</strong></span> <span class='ocrx_word' id='word_1_810' title='bbox 1383 2691 1408 2712; x_wconf 91' lang='lat' dir='ltr'><strong>et</strong></span> <span class='ocrx_word' id='word_1_811' title='bbox 1424 2683 1529 2711; x_wconf 79' lang='lat' dir='ltr'><strong>Plinius</strong></span> <span class='ocrx_word' id='word_1_812' title='bbox 1544 2685 1624 2721; x_wconf 79' lang='lat' dir='ltr'><strong>afﬁne</strong></span> <span class='ocrx_word' id='word_1_813' title='bbox 1641 2684 1780 2721; x_wconf 55' lang='lat' dir='ltr'><strong>vocabulo</strong></span> <span class='ocrx_word' id='word_1_814' title='bbox 1803 2683 1931 2717; x_wconf 81' lang='lat' dir='ltr'><strong>Diglimm</strong></span> 
     </span>
    </p>
   </div>
   <div class='ocr_carea' id='block_1_115' title="bbox 1148 2718 1930 2754">
    <p class='ocr_par' dir='ltr' id='par_1_115' title="bbox 1148 2718 1930 2754">
     <span class='ocr_line' id='line_1_115' title="bbox 1148 2718 1930 2754; baseline -0.005 -6"><span class='ocrx_word' id='word_1_815' title='bbox 1148 2718 1311 2754; x_wconf 64' lang='lat' dir='ltr'><strong>anp&#39;ellatum</strong></span> <span class='ocrx_word' id='word_1_816' title='bbox 1327 2725 1471 2751; x_wconf 88' lang='lat' dir='ltr'><strong>memorat,</strong></span> <span class='ocrx_word' id='word_1_817' title='bbox 1492 2728 1544 2754; x_wconf 73' lang='lat' dir='ltr'><strong>qui</strong></span> <span class='ocrx_word' id='word_1_818' title='bbox 1562 2720 1649 2746; x_wconf 81' lang='lat' dir='ltr'><strong>lenior</strong></span> <span class='ocrx_word' id='word_1_819' title='bbox 1666 2718 1734 2749; x_wconf 84' lang='lat' dir='ltr'><strong>ﬂuit,</strong></span> <span class='ocrx_word' id='word_1_820' title='bbox 1755 2718 1802 2745; x_wconf 90' lang='lat' dir='ltr'><strong>lib.</strong></span> <span class='ocrx_word' id='word_1_821' title='bbox 1815 2725 1852 2749; x_wconf 88' lang='lat' dir='ltr'><strong>vt,</strong></span> <span class='ocrx_word' id='word_1_822' title='bbox 1871 2725 1930 2752; x_wconf 68' lang='lat' dir='ltr'><strong>eslp.</strong></span> 
     </span>
    </p>
   </div>
   <div class='ocr_carea' id='block_1_116' title="bbox 1192 2786 1931 2824">
    <p class='ocr_par' dir='ltr' id='par_1_116' title="bbox 1192 2786 1931 2824">
     <span class='ocr_line' id='line_1_116' title="bbox 1192 2786 1931 2824; baseline -0.008 -6"><span class='ocrx_word' id='word_1_823' title='bbox 1192 2791 1229 2823; x_wconf 83' lang='lat'>(9)</span> <span class='ocrx_word' id='word_1_824' title='bbox 1255 2790 1367 2817; x_wconf 84' lang='lat' dir='ltr'><strong>Bosram</strong></span> <span class='ocrx_word' id='word_1_825' title='bbox 1387 2790 1463 2816; x_wconf 86' lang='lat' dir='ltr'><strong>aiunt</strong></span> <span class='ocrx_word' id='word_1_826' title='bbox 1491 2788 1550 2824; x_wconf 74' lang='lat' dir='ltr'><strong>Syri</strong></span> <span class='ocrx_word' id='word_1_827' title='bbox 1582 2788 1676 2824; x_wconf 54' lang='lat' dir='ltr'><strong>urbem</strong></span> <span class='ocrx_word' id='word_1_828' title='bbox 1702 2795 1763 2815; x_wconf 82' lang='lat' dir='ltr'><strong>esse</strong></span> <span class='ocrx_word' id='word_1_829' title='bbox 1793 2788 1825 2813; x_wconf 82' lang='lat' dir='ltr'><strong>ad</strong></span> <span class='ocrx_word' id='word_1_830' title='bbox 1841 2786 1931 2813; x_wconf 85' lang='lat' dir='ltr'><strong>sinum</strong></span> 
     </span>
    </p>
   </div>
   <div class='ocr_carea' id='block_1_117' title="bbox 1152 2822 1929 2858">
    <p class='ocr_par' dir='ltr' id='par_1_117' title="bbox 1152 2822 1929 2858">
     <span class='ocr_line' id='line_1_117' title="bbox 1152 2822 1929 2858; baseline -0.006 -6"><span class='ocrx_word' id='word_1_831' title='bbox 1152 2826 1305 2856; x_wconf 72' lang='lat' dir='ltr'><strong>Persicum,</strong></span> <span class='ocrx_word' id='word_1_832' title='bbox 1320 2825 1419 2858; x_wconf 88' lang='lat' dir='ltr'><strong>alioqui</strong></span> <span class='ocrx_word' id='word_1_833' title='bbox 1437 2822 1519 2850; x_wconf 75' lang='lat' dir='ltr'><strong>Amos</strong></span> <span class='ocrx_word' id='word_1_834' title='bbox 1538 2831 1567 2853; x_wconf 82' lang='lat' dir='ltr'><strong>lt,</strong></span> <span class='ocrx_word' id='word_1_835' title='bbox 1583 2822 1737 2858; x_wconf 21' lang='lat' dir='ltr'><strong>inrldumea</strong></span> <span class='ocrx_word' id='word_1_836' title='bbox 1756 2826 1929 2852; x_wconf 76' lang='lat' dir='ltr'><strong>rcccnsctu‘;</strong></span> 
     </span>
    </p>
   </div>
   <div class='ocr_carea' id='block_1_118' title="bbox 1152 2857 1754 2894">
    <p class='ocr_par' dir='ltr' id='par_1_118' title="bbox 1152 2857 1754 2894">
     <span class='ocr_line' id='line_1_118' title="bbox 1152 2857 1754 2894; baseline -0.008 -7"><span class='ocrx_word' id='word_1_837' title='bbox 1152 2867 1177 2888; x_wconf 79' lang='lat' dir='ltr'><strong>et</strong></span> <span class='ocrx_word' id='word_1_838' title='bbox 1193 2861 1262 2894; x_wconf 79' lang='lat' dir='ltr'><strong>apud</strong></span> <span class='ocrx_word' id='word_1_839' title='bbox 1277 2857 1433 2891; x_wconf 78' lang='lat' dir='ltr'><strong>Jeremiant,</strong></span> <span class='ocrx_word' id='word_1_840' title='bbox 1451 2867 1476 2886; x_wconf 77' lang='grc' dir='ltr'><strong>ς.</strong></span> <span class='ocrx_word' id='word_1_841' title='bbox 1502 2858 1541 2891; x_wconf 84' lang='lat' dir='ltr'><strong>l8,</strong></span> <span class='ocrx_word' id='word_1_842' title='bbox 1561 2858 1586 2884; x_wconf 91' lang='lat' dir='ltr'><strong>in</strong></span> <span class='ocrx_word' id='word_1_843' title='bbox 1601 2857 1754 2885; x_wconf 74' lang='lat' dir='ltr'><strong>Mmbitide.</strong></span> 
     </span>
    </p>
   </div>
  </div>
