2020 3080
72 155 124 186 fit

639 155 686 185 DE
707 155 907 185 PARADISO.
927 167 961 172 —-
982 155 1079 185 PARS
1100 156 1126 185 Ι.

1647 158 1698 192 5H

70 221 144 245 sum,
157 218 184 240 et
200 212 268 239 hanc
293 219 353 247 qua:
381 215 456 238 extra
486 210 642 246 paradisum
671 216 712 238 est
741 215 839 238 terram
855 219 860 237 :
877 215 899 243 Α
915 217 1038 245 parentes
1050 211 1134 238 nostri
1151 211 1286 239 cavisscnt
1297 212 1347 240 sibi
1360 217 1441 248 atque
1459 214 1601 242 Dominntn
1617 223 1696 243 suum

68 258 151 291 idque
169 257 219 283 hac
231 256 383 290 justissima
407 256 511 282 ratione
538 256 641 283 scilicet
656 261 685 282 ut
705 256 782 282 illum
800 264 814 282 ιι
830 263 859 283 se

67 301 195 330 cﬂ'ectum
211 302 357 328 oblectaret
375 301 400 327 in
419 301 554 335 paradiso,
570 302 651 328 simul
668 306 695 328 et
707 301 858 336 periculum

69 346 192 379 faceret,
219 347 407 381 morigerusne
437 346 506 373 foret
537 347 564 373 in
599 347 765 374 observanda
791 347 859 382 lege,

69 401 107 420 an
124 394 255 420 rebellis:
288 397 314 420 et
339 393 474 427 morigero
501 393 609 427 quidem
634 394 774 427 praemium
795 391 859 420 culti

70 441 199 474 ιιι-ειιεοιιιιὶ
222 440 333 466 daretur
350 446 460 472 regnum
478 440 600 471 caeleste,
618 440 643 465 in
661 446 716 474 quo
733 448 763 466 ex
779 447 860 474 para-

69 486 131 512 diso
145 486 344 515 sustollert-tur.
364 490 393 512 ut
419 485 454 511 ibi
474 485 564 512 omnis
575 493 672 520 expers
686 487 860 513 mortalitatis

74 531 102 557 in
118 539 224 558 stimma
241 531 378 566 voluptate
407 532 486 558 \Ilalll
503 533 635 566 agitaret;
660 533 770 560 rebellis
794 540 860 559 vero

71 580 154 609 atque
170 577 360 610 praevaricator
390 584 404 602 e
419 577 546 611 paradiso
559 577 586 604 in
603 578 672 604 hanc
688 578 859 605 maledictatn

71 624 172 647 terram
188 621 386 648 detruderelur.
402 621 469 649 Nam
486 628 512 649 et
527 623 613 657 angeli
627 624 704 657 jussa
718 627 859 658 peragunt,

71 665 224 700 divinaeque
243 667 374 693 voluntati
392 668 574 703 obsequentes
588 673 663 702 sunt,
680 677 733 696 non
753 669 855 704 absque

70 717 120 744 spe
137 711 238 744 praemii
253 712 324 746 q-rod
345 713 410 746 ipsis
423 713 532 739 dabitur
543 717 604 747 post
620 714 772 748 generalem
785 722 859 741 uror-

71 756 165 782 taliunr
182 758 408 784 resurrectionem
426 759 481 793 (10)
497 767 504 785 :
519 760 600 794 igitur
613 759 635 786 si
650 761 737 794 angeli
750 768 780 786 ea
797 768 858 787 curn

71 809 120 836 spe
137 803 182 830 Dei
200 804 302 830 cultum
317 810 514 838 exsequuntur,
546 806 632 832 Adam
657 815 765 841 quoque
779 812 861 841 atque

71 846 127 874 Eva
145 854 204 874 cum
230 849 302 875 omni
318 857 366 876 sua
383 850 542 883 posteritate
563 851 614 884 legi
627 851 724 879 divina:
741 853 766 879 in
784 860 860 887 para-

70 892 132 920 diso
145 894 196 920 hac
214 901 262 928 spe
274 894 436 928 paruisSent,
453 895 638 929 virtutemque
663 898 856 929 excoluissent,

69 939 144 972 quod
157 939 219 966 inde
234 939 266 966 ad
280 940 341 967 ccell
363 948 474 975 regnum
485 942 726 969 essentevehendi.
738 942 859 970 Ellicitur

68 990 137 1018 orgo
154 989 182 1010 ιιι
201 986 428 1019 quemadmodum
445 987 542 1019 abjecti
567 993 630 1013 sunt
654 987 680 1014 in
698 988 767 1015 hanc
784 989 859 1015 dete-

68 1030 197 1057 rtabilern
216 1035 313 1058 terram
341 1037 450 1066 propter
465 1040 544 1059 suum
559 1038 698 1068 peccatum
719 1035 859 1070 legemque

67 1075 119 1102 Dei
135 1076 274 1107 violatam,
290 1077 326 1104 ita
340 1078 363 1105 si
383 1077 449 1113 legis
475 1078 652 1107 observantes
682 1081 859 1115 mansissent,

69 1119 192 1147 futurum
209 1121 305 1153 fuisse.
324 1128 352 1149 ut
362 1123 474 1151 caeleste
491 1130 604 1158 regnum
632 1126 858 1157 conscenderent,

68 1170 152 1200 atque
167 1166 232 1193 inibi
248 1168 277 1194 iu
298 1168 403 1195 deliciis
431 1174 590 1204 perpetuum
610 1170 739 1205 degerent
758 1179 857 1199 arvom.

70 1209 135 1237 Ilaec
152 1210 187 1237 ita
197 1218 259 1239 esse
282 1216 397 1239 testatur
421 1212 567 1248 Gregorius
581 1213 734 1249 Thcologus
750 1223 780 1242 ea
795 1223 858 1243 nra-

70 1257 145 1283 tione
159 1264 241 1292 quam
258 1258 368 1292 scripsit
384 1259 411 1286 in
427 1260 595 1287 Dominicam
619 1268 728 1294 novam,
745 1261 787 1289 his
798 1269 859 1289 ver—

71 1302 115 1329 bis
133 1310 140 1329 :
158 1302 186 1329 Si
200 1304 397 1332 mansissemus
417 1305 442 1331 id
472 1306 544 1340 quod
570 1313 691 1338 er-arnus,
719 1307 859 1342 legemque

72 1346 120 1374 Dei
138 1347 372 1381 observassetnus,
388 1349 415 1376 id
432 1349 494 1377 facti
516 1359 638 1378 essemus
654 1351 725 1386 quod
738 1353 858 1380 nonfue—

72 1400 178 1424 ramus,
195 1401 241 1427 per
254 1401 396 1422 accessum
414 1396 542 1422 nimirum
555 1396 587 1422 ad
605 1397 708 1431 lignum
722 1398 783 1424 vitae
798 1403 860 1432 post

70 1439 173 1473 lignum
189 1441 322 1468 scientia‘.
353 1441 406 1468 Sed
420 1442 483 1476 qnid
500 1441 562 1469 facti
578 1443 588 1468 ?
604 1443 667 1470 lacti
681 1443 857 1476 immortales,

70 1492 153 1519 atque
172 1486 204 1512 ad
219 1485 302 1513 Deum
324 1487 434 1521 propius
459 1488 583 1515 admissi.
601 1487 767 1516 Philoxenus
792 1497 861 1524 pras-

71 1536 144 1558 terca
172 1532 296 1559 oratione
323 1532 364 1559 de‘
384 1535 615 1568 contemplatione
645 1535 709 1569 ligni
735 1536 796 1563 vita:
821 1537 895 1568 sicc

70 1578 168 1604 scribit
183 1585 190 1603 :
212 1576 283 1604 Dens
300 1585 353 1604 nort
370 1579 458 1605 solum
476 1586 523 1611 per
541 1584 645 1606 natura:
658 1579 817 1607 itrstinctum
833 1586 861 1608 et

71 1622 221 1657 Seripturae
247 1624 434 1651 auctoritatem
455 1625 531 1652 ducit
563 1633 612 1653 nos
639 1626 665 1652 in
691 1627 858 1661 agnitionem

71 1669 263 1703 mysteriorum
296 1670 398 1703 crucis,
425 1670 472 1697 sed
493 1679 540 1705 per
568 1671 655 1705 ipsum
677 1673 758 1700 etiam
778 1680 859 1707 quem

71 1715 212 1741 conseruit
224 1715 390 1748 paradisum,
406 1724 466 1750 quae
482 1717 565 1750 prima
587 1716 637 1743 fuit
651 1718 757 1752 generis
770 1719 857 1745 nostri

72 1760 212 1787 habitatio.
232 1759 298 1787 Nam
315 1766 343 1788 ut
357 1763 514 1796 angelorum
532 1763 609 1790 sedes
621 1767 661 1790 est
679 1764 790 1796 caelum,
805 1765 859 1791 da:-

71 1813 184 1833 tnorrurn
200 1814 262 1834 vero
289 1811 349 1841 post
374 1808 493 1842 ipsorum
519 1817 614 1836 casum
645 1818 692 1837 aer
711 1811 858 1844 (nimirum

71 1853 162 1880 medio
175 1854 279 1888 positus
296 1854 384 1889 loco);
403 1855 512 1889 insuper
527 1856 707 1883 animantium
718 1856 858 1884 ln‘utornm

70 1904 99 1925 et
119 1899 259 1926 hominum
275 1905 335 1934 post
350 1901 477 1927 violatam
495 1901 592 1936 legem,
607 1902 664 1928 haec
682 1907 752 1928 terra
765 1903 791 1928 iu
805 1910 858 1936 qua

72 1951 146 1972 nunc
175 1952 334 1978 versamur;
367 1946 483 1980 denique
512 1947 624 1980 piscium
658 1951 685 1974 et
707 1948 857 1974 natatilium

71 1990 194 2017 omnium
218 1998 311 2025 aquae;
330 1996 466 2024 postremo
484 1992 580 2018 animae
609 1999 707 2026 corpus
735 1992 761 2019 iu
787 1994 858 2027 quod

73 2036 190 2070 primum
206 2041 248 2063 est
265 2037 411 2071 inspirata:
430 2037 469 2063 sic
482 2045 590 2072 quoque
605 2037 757 2066 destinatus
772 2038 860 2066 fuerat

72 2079 217 2114 paradisus
245 2084 273 2106 ιιι
294 2085 365 2107 esset
390 2080 541 2113 hominum,
568 2082 724 2117 priusquam
750 2091 860 2117 peccas-

72 2130 143 2157 sent,
172 2125 352 2152 domicilium.
383 2126 450 2153 tum
478 2134 560 2160 porro
592 2128 618 2154 in
640 2136 672 2155 eo
692 2128 751 2155 leve
778 2135 859 2163 atque

72 2171 219 2198 observato
240 2171 317 2198 facile
337 2172 492 2201 mandatum
509 2173 659 2207 accepisset
689 2174 818 2205 Adamus,
836 2176 858 2202 si

911 257 1095 290 agnovissent,
1108 257 1222 292 ejusque
1234 258 1389 292 paruissent
1400 259 1494 293 jussis,
1504 265 1530 287 ct
1545 261 1626 287 animi
1641 269 1699 288 mo-

911 300 1024 327 destiam
1045 301 1279 336 humilitatemque
1307 303 1501 336 retinuissent,
1529 313 1697 341 nequaquam

910 346 1068 372 amisissent
1097 347 1122 373 id
1138 355 1192 382 quo
1221 349 1324 380 pta‘diti
1344 347 1449 376 fuerant
1466 350 1548 377 decus
1565 356 1644 385 atque
1655 360 1699 378 or-

910 394 1081 418 nanrentum.
1098 391 1220 426 Denique
1239 392 1366 420 dominus
1378 392 1495 421 Jacobus
1506 393 1696 427 Botnauensis,

911 436 1035 462 oratione
1050 436 1083 464 de
1109 437 1196 471 ejecto
1211 438 1317 465 Adamn
1338 443 1414 466 extra
1445 440 1613 474 paradisum,
1642 441 1699 468 haec

911 481 1012 517 scripta
1040 483 1149 517 reliquit
1169 491 1175 509 :
1200 483 1363 511 Comliderat
1384 484 1454 512 Deus
1484 485 1628 518 Adamum,
1646 494 1699 513 non

910 535 964 562 quo
982 528 1106 561 paradiso
1118 529 1242 562 pelleret,
1259 529 1305 556 sed
1322 534 1351 556 ut
1370 531 1526 564 paradisum
1543 531 1625 558 veluti
1638 532 1700 566 jure

912 573 1083 599 ha-reditario
1111 574 1273 606 possideret,
1293 575 1319 601 in
1340 583 1427 610 eoque
1452 576 1649 611 dominaretur,
1666 587 1700 605 eo

913 618 1051 645 hominem
1069 619 1193 652 tinxerat,
1209 620 1307 654 quippe
1326 621 1405 655 cujus
1422 622 1508 656 gratia
1526 623 1606 649 etiam
1618 631 1701 650 mun~

911 664 974 689 dum
997 664 1085 698 ipsum
1112 669 1277 692 creaverat:
1309 666 1486 700 quamobrem
1513 668 1594 694 simul
1620 673 1701 703 atque

911 709 1035 735 conditus
1060 713 1113 742 est,
1144 709 1264 737 incolere
1294 712 1449 744 paradisum
1476 714 1569 748 coepit,
1591 715 1701 748 quando

911 753 999 780 adhuc
1017 753 1090 779 nulla
1105 755 1260 789 nuptiarum
1277 757 1379 783 mentio
1395 762 1463 784 erat.
1477 757 1544 784 Tum
1558 766 1619 785 mox
1635 760 1700 786 sub-

909 799 969 832 jicit
985 808 993 827 :
1007 798 1040 826 Et
1056 805 1084 826 ut
1107 801 1133 826 in
1148 802 1285 834 paradiso,
1305 802 1340 828 itu
1356 804 1381 828 in
1401 803 1471 830 ccelo
1485 811 1592 838 quoque
1604 805 1700 831 victuri

911 850 988 871 erant
1006 846 1032 872 in
1052 847 1214 873 suavissima
1234 855 1295 874 cum
1323 847 1377 874 Deo
1398 849 1604 882 consuetudine,
1620 855 1701 884 atquo

885 880 894 905 ³
910 888 1096 917 far-tiliarirate
1106 911 1113 922 ,
1125 896 1177 918 etc.
1189 891 1431 926 Colligituritaque
1442 901 1472 920 ex
1491 894 1532 921 Itis
1545 900 1699 921 sanctorutn

909 935 1018 961 l‘atrum
1033 941 1112 970 atque
1123 938 1296 970 probatorum
1311 944 1451 966 auctorum
1466 940 1555 973 dictis,
1567 940 1699 968 Adamum

909 986 935 1008 et
953 981 1049 1013 Erant,
1072 983 1095 1009 si
1110 983 1227 1010 mandati
1247 984 1330 1010 divini
1344 984 1519 1012 observantes
1535 987 1700 1013 mansissent

911 1034 1001 1060 neque
1027 1027 1205 1062 deliquissent
1224 1029 1407 1057 sustollendos
1437 1030 1521 1058 fuisse
1537 1032 1563 1058 in
1588 1033 1699 1059 cceleste

910 1079 1023 1106 regnum
1041 1080 1123 1107 supra
1144 1073 1357 1107 ﬁrmamentum,
1376 1076 1420 1102 ubi
1435 1083 1548 1110 prorsus
1559 1077 1700 1104 immorta-

909 1117 984 1144 litate
999 1119 1101 1150 donati,
1118 1120 1144 1145 in
1158 1120 1321 1154 sempiterna
1331 1121 1615 1156 vixissentvoluptate.
1628 1122 1698 1155 Quin

910 1162 962 1189 hoc
978 1163 1065 1196 ipsum
1082 1164 1180 1190 rationi
1211 1172 1288 1199 teque
1304 1170 1376 1192 certe
1400 1172 1612 1194 consentaneum
1634 1173 1676 1195 est
1690 1176 1699 1200 ς

910 1213 937 1234 ut
951 1209 1023 1234 enim
1053 1213 1164 1243 propter
1186 1209 1293 1237 violata
1320 1211 1386 1245 legis
1403 1218 1543 1245 peccatum
1572 1214 1700 1247 paradiso

909 1253 1041 1280 climiuati
1063 1258 1137 1284 sunt.
1152 1260 1234 1289 atque
1261 1255 1288 1282 in
1303 1256 1374 1282 hanc
1398 1257 1568 1284 maledictum
1591 1258 1695 1285 detrusi

910 1303 1022 1330 terram,
1037 1300 1073 1325 ita
1089 1300 1112 1325 si
1123 1300 1315 1334 divinisjussis
1325 1302 1599 1336 obtentpcravissent,
1612 1310 1700 1338 eoque

907 1345 974 1380 justi
995 1345 1082 1372 elfecti
1102 1345 1228 1380 fuissent,
1247 1347 1299 1374 hoc
1325 1352 1404 1374 erant
1420 1349 1532 1382 praemio
1545 1349 1698 1381 alliciendi;

910 1392 1017 1418 suilicet
1031 1397 1060 1418 ut
1078 1399 1111 1419 ex
1134 1392 1260 1427 paradiso
1277 1395 1305 1420 in
1319 1394 1429 1421 caeleste
1447 1402 1559 1430 regnum
1580 1396 1700 1432 emigra-

912 1441 981 1468 rent,
990 1445 1044 1471 quo
1063 1438 1125 1465 inde
1145 1439 1179 1464 ab
1193 1438 1258 1465 Orbe
1269 1440 1379 1466 condito
1390 1440 1454 1474 ipsis
1467 1441 1555 1468 fuerat
1564 1446 1698 1476 paratum,

912 1485 940 1508 ut
954 1482 990 1508 ait
1005 1481 1146 1514 Dominus,
1174 1483 1206 1509 ad
1224 1484 1288 1510 Athe
1303 1489 1330 1511 et
1355 1483 1417 1511 Eva‘.
1432 1487 1628 1520 posteritatem.

1185 1527 1298 1555 CAI’UT
1332 1529 1424 1556 XXIII.

948 1572 1074 1605 Quandiu
1105 1574 1131 1599 in
1149 1574 1275 1608 paradiso
1301 1576 1461 1602 mansissent
1481 1577 1636 1610 priusquam
1666 1579 1700 1604 ad

910 1619 1012 1646 rmieste
1029 1627 1134 1654 regnum
1150 1621 1304 1646 traducendi
1320 1621 1446 1655 fuissent,
1462 1624 1484 1649 ri
1500 1631 1549 1650 non
1568 1625 1699 1660 deliquis-

910 1665 1056 1699 sentprt‘mi
1071 1672 1203 1699 paron/cs.
1220 1681 1255 1685 —
1280 1666 1332 1693 Sed
1347 1668 1402 1700 jam
1432 1670 1548 1702 quaestio
1561 1671 1649 1698 oritur
1666 1673 1700 1699 de

915 1711 1044 1745 temporis
1056 1713 1143 1745 spatio
1160 1713 1319 1747 qnantisper
1335 1713 1439 1740 scilicet
1452 1715 1478 1741 in
1492 1716 1618 1750 paradiso
1633 1716 1700 1745 fuis-

912 1761 972 1782 sent
984 1758 1180 1784 commoraturi
1196 1758 1276 1791 primi
1292 1759 1377 1785 nostri
1398 1766 1535 1794 parentes,
1552 1766 1697 1797 antequam

910 1803 943 1829 ad
975 1803 1086 1829 ccelcste
1116 1810 1228 1837 regnum
1257 1804 1454 1839 emigrassent,
1485 1806 1507 1833 si
1545 1809 1699 1841 patuissent

911 1847 1008 1874 divina:
1025 1847 1087 1882 legi.
1102 1847 1244 1882 Tantisper
1257 1856 1323 1876 sane
1349 1850 1412 1876 dum
1445 1858 1494 1884 pro
1510 1850 1601 1879 divina
1617 1852 1699 1880 bette-

909 1893 1028 1920 dictione
1048 1901 1056 1920 :
1086 1893 1201 1921 Crescite
1229 1899 1254 1921 et
1272 1895 1503 1930 multiplicamini,
1524 1898 1594 1925 aucti
1626 1900 1699 1933 prole

911 1943 992 1973 atque
1023 1939 1190 1974 multiplicati
1220 1940 1344 1968 homines
1373 1949 1517 1969 numerum
1547 1950 1699 1978 aequassent

911 1984 1018 2011 Satanas
1045 1989 1071 2011 et
1105 1992 1200 2012 earnm
1226 1986 1366 2020 copiarum
1392 1994 1452 2020 quas
1479 1995 1540 2013 cum
1565 1987 1622 2023 ipso
1650 1996 1699 2016 ριν

910 2032 1030 2058 citlerant
1045 2032 1123 2059 caelo.
1148 2032 1185 2058 Eo
1209 2033 1280 2059 enim
1298 2040 1414 2059 nurnero
1441 2033 1558 2067 expleto,
1575 2034 1620 2068 qui
1648 2043 1698 2062 uu-

910 2085 1002 2104 merus
1025 2078 1051 2104 in
1078 2077 1124 2104 Dei
1142 2078 1296 2112 cognitione
1314 2077 1366 2105 fuit
1391 2078 1527 2111 deﬁnitus,
1553 2081 1699 2115 elapsoque

908 2123 963 2158 jam
991 2126 1047 2148 tum
1068 2122 1143 2156 justo
1169 2128 1311 2157 tempore;
1341 2123 1514 2150 traducturus
1542 2129 1600 2151 erat
1624 2125 1698 2160 ipsos

911 2168 982 2195 Deus
999 2169 1024 2194 in
1040 2176 1153 2204 regnum
1169 2168 1290 2196 cmleste.
1315 2169 1379 2203 Ejus
1395 2169 1467 2196 enim
1486 2170 1522 2196 rei
1543 2171 1626 2204 gratia
1644 2175 1697 2198 tam

73 2217 117 2244 cui
140 2218 286 2252 paruisset,
299 2218 325 2244 in
340 2218 439 2245 cadum
456 2219 530 2246 illinc
546 2218 701 2247 evehendus
718 2224 776 2247 erat
792 2229 799 2247 :
813 2221 858 2247 illo

911 2214 1069 2248 spatiosum,
1083 2214 1213 2248 amplum,
1226 2221 1351 2248 capacem
1364 2214 1521 2242 condiderat
1531 2217 1697 2250 paradisum,

73 2267 179 2298 spreto,
211 2263 311 2298 Deique
335 2264 457 2299 neglecto
472 2265 565 2297 verbo,
598 2272 652 2293 non
676 2266 756 2294 tnodo
772 2267 861 2294 caruit

73 2310 153 2342 ctelo,
167 2310 237 2344 quod
251 2310 302 2337 sibi
317 2310 418 2344 alioqui
435 2318 495 2337 cum
512 2311 746 2346 inc0rporeisillis
773 2312 860 2346 copiis

73 2362 220 2382 commune
239 2354 360 2382 futurum
385 2355 497 2388 luisset;
513 2363 605 2382 verum
626 2357 709 2384 etiam
720 2357 858 2391 paradiso,

73 2400 121 2434 qui
135 2401 240 2427 medius
255 2406 313 2427 erat
329 2400 414 2432 locus,
431 2409 479 2435 per
496 2401 670 2435 ignominiam
685 2402 805 2436 dejectus
815 2406 856 2429 est

74 2445 102 2472 in
117 2446 186 2473 hanc
200 2450 300 2472 terram
329 2451 438 2480 pret-ato
462 2447 619 2479 obnoxiam,
645 2447 718 2474 utin
735 2455 766 2474 ea
795 2455 856 2474 cum

74 2492 162 2518 brutis
199 2492 347 2526 pecudibus
382 2496 546 2519 versaretur.
573 2493 705 2520 Praeterea
732 2493 858 2520 dominus

73 2536 193 2564 Joannes
202 2538 324 2564 oratione
340 2542 433 2564 contra
449 2545 496 2564 eos
510 2538 554 2572 qui
573 2538 701 2564 nmndum
713 2538 859 2572 gubernari

74 2590 89 2609 a
104 2583 271 2610 daemonibus
286 2587 390 2616 putant,
407 2583 537 2616 scriptum
552 2583 658 2617 reliquit
671 2584 698 2609 in
713 2585 780 2610 hanc
792 2591 856 2610 sen-

75 2627 206 2654 tentiam:
225 2626 252 2653 Si
265 2627 413 2661 ejiciendus
431 2632 488 2654 erat
502 2627 587 2654 Adam
602 2628 636 2654 de
660 2627 796 2662 paradiso,
809 2635 858 2655 cur

75 2674 108 2700 ab
122 2673 200 2699 initio
217 2673 330 2700 donatus
341 2677 381 2699 cst
396 2680 410 2698 a
432 2672 485 2699 Deo
506 2673 653 2707 paradiso?
667 2677 759 2700 nostra
785 2678 857 2700 certe

75 2726 157 2747 causa
171 2719 227 2746 lucc
245 2719 281 2746 ila
307 2719 416 2746 evenire
438 2718 588 2752 oportebat.
601 2717 668 2745 Nam
684 2718 707 2745 si
720 2719 800 2752 primi
817 2719 854 2746 illi

110 2823 166 2858 (I0)
182 2823 265 2850 Caute
294 2824 350 2857 lege
369 2831 376 2849 τ
406 2822 474 2850 nihil
501 2823 573 2850 enim
587 2823 690 2858 praemii
706 2823 859 2851 cssentialis

77 2860 179 2894 angelis
191 2859 300 2886 obvertit
325 2864 370 2888 aut
387 2863 525 2886 accrescct
546 2863 609 2893 post
631 2859 784 2893 generalem
805 2860 855 2885 ho-

913 2263 942 2285 ut
958 2259 1091 2286 universae
1106 2260 1257 2293 posteritati
1274 2260 1338 2286 Adae
1358 2261 1424 2287 satis
1443 2261 1470 2287 in
1492 2260 1550 2295 ipso
1562 2266 1634 2289 esset
1646 2262 1697 2290 loci

914 2304 946 2331 ad
963 2304 1134 2331 morandum.
1152 2305 1179 2331 In
1195 2305 1244 2332 hac
1268 2306 1348 2332 etiam
1375 2307 1508 2333 sententia
1529 2313 1570 2334 est
1594 2307 1698 2342 Grego-

910 2350 967 2377 rius
979 2348 1133 2385 Theologus
1147 2352 1210 2377 dum
1241 2351 1279 2377 ait
1298 2351 1429 2378 mundqu
1451 2353 1629 2386 superiorem,
1653 2361 1699 2379 ex-

910 2396 977 2431 pleri
988 2397 1102 2428 debere;
1114 2402 1189 2424 vocat
1207 2397 1278 2424 enim
1290 2398 1421 2424 mundum
1436 2398 1613 2432 superiorem,
1626 2398 1698 2434 ipsas

911 2442 1035 2470 cmlestes
1049 2443 1150 2477 copias,
1166 2451 1280 2476 quarum
1295 2451 1437 2470 numerum
1448 2463 1457 2476 ,
1473 2444 1570 2470 diaboli
1596 2449 1622 2472 et
1638 2444 1698 2478 ejus

913 2488 1050 2515 sociorum
1077 2495 1144 2515 casu
1163 2489 1339 2520 diminutum,
1364 2494 1458 2516 censet
1489 2489 1697 2517 instaurandutn

913 2541 974 2560 esse
1001 2538 1082 2568 atque
1095 2534 1286 2569 supplendum,
1303 2534 1397 2562 ascitis
1415 2535 1524 2561 totidem
1543 2535 1569 2561 in
1589 2535 1697 2562 illorum

912 2579 958 2614 qtri
973 2580 1097 2606 excidero
1122 2581 1229 2612 locum;
1246 2580 1299 2607 hoc
1315 2584 1368 2611 est.
1390 2581 1522 2608 traductis
1540 2581 1566 2607 in
1586 2580 1697 2608 cmleste

911 2632 1023 2659 regnum
1051 2625 1217 2652 hominibus.
1247 2624 1393 2660 Gregorius
1415 2633 1524 2660 quoque
1551 2625 1696 2660 Nysszeuus

911 2671 1115 2698 Commentario
1127 2672 1160 2699 de
1181 2671 1380 2706 compositione
1405 2672 1535 2701 hominis.
1550 2673 1631 2707 capit.
1651 2673 1695 2705 I8,

910 2717 943 2744 ad
954 2717 1027 2744 hunc
1039 2717 1150 2744 modum
1165 2717 1258 2745 scribit
1272 2725 1280 2744 :
1297 2716 1349 2744 Sed
1381 2717 1478 2745 modus
1496 2717 1540 2744 ille
1564 2718 1697 2752 multipli-

914 2823 1019 2849 minum
1046 2823 1286 2853 resurrectionem,
1313 2821 1366 2849 nisi
1397 2825 1500 2848 tantum
1528 2821 1696 2850 accidentalc

911 2856 977 2886 Vide
1003 2858 1108 2885 Sixtum
1127 2859 1174 2885 lib.
1193 2866 1218 2892 ν,
1236 2857 1372 2891 Biblioth.,
1394 2862 1486 2884 annot.
1510 2857 1568 2884 126,
