2020 3080
306 151 360 184 ξιιὸ

947 147 1062 178 MOSIS
1084 146 1159 176 ΒΑΗ
1178 145 1301 175 CEPHA

1897 142 1953 175 515

304 207 384 235 candi
399 207 444 242 qui
463 208 488 234 in
502 206 658 241 angelorum
676 209 772 232 natura
788 208 841 234 est,
855 202 881 229 in
898 202 931 229 iis
951 202 1033 229 etiam
1048 201 1094 236 qui
1111 205 1133 232 Α
1148 201 1194 228 sed
1204 199 1274 227 idem
1284 200 1328 226 ille
1336 197 1656 239 modusquoangelorum
1666 201 1762 225 natura
1771 197 1952 234 multipncata

307 255 419 288 paulum
433 252 558 280 dimitmti
585 255 647 278 sunt
658 251 690 277 ab
712 249 815 284 angelis
829 250 892 283 (hoc
918 252 977 280 est,
1003 248 1029 274 in
1047 248 1095 273 ho-

310 299 440 334 minibus)
452 299 521 325 viain
538 295 788 324 suamexercuisset
809 295 842 321 ad
861 292 1096 328 multiplicandum

309 352 394 379 genus
424 344 573 370 humanum
594 349 679 376 usque
699 342 732 367 ad
747 340 888 367 definitum
905 338 1016 374 Opilicis
1033 345 1099 365 con-

308 392 370 419 silio
385 397 538 417 numerum.

587 443 701 472 CAPUT
719 442 816 470 XXIV.

343 505 476 531 Adamum
487 509 509 530 et
524 501 607 529 Euam
625 509 675 528 non
691 501 760 527 solos
777 500 804 526 in
818 499 944 534 paradiso
960 505 1099 525 mansuros

307 549 454 584 fuitse,sed
472 548 559 575 sobole
575 547 659 574 multa
672 546 816 582 augendos,
828 546 851 572 si
869 545 1025 572 mandatum
1051 543 1100 570 Dei

307 603 359 621 non
368 592 652 620 violassent.—-Solent
661 599 742 627 porro
751 591 802 618 hoc
813 591 894 618 etiam
902 597 1023 625 quaerere
1032 589 1056 624 (l
1065 589 1099 624 l),

306 641 354 675 qui
387 648 476 666 rcrtnn
508 638 760 673 cognoscendarum
791 637 928 664 desiderio
955 639 1099 666 tenentur;

308 687 424 712 fuissent
443 691 476 711 ne
494 683 573 718 primi
599 688 725 718 parentes
743 682 792 710 soli
822 682 848 709 in
868 681 995 717 paradiso
1009 687 1100 707 mora-

310 731 375 762 turi.
392 731 415 758 si
442 731 528 763 legem
546 729 759 760 observassent;
784 735 817 755 an
834 736 899 755 vero
921 727 1014 755 sobole
1039 734 1102 761 pro-

307 781 397 804 creata
424 777 604 802 nihilominus
634 775 786 802 crevissent
817 781 932 801 numero
965 772 1100 800 homines.

308 824 412 856 Quibus
420 831 581 857 responsum
594 823 719 848 volumus
728 826 917 856 generaturos,
928 820 1103 852 maximoque

309 877 423 896 numero
449 868 667 903 multiplicandos
691 868 797 894 fuisse:
824 867 906 900 idque
930 864 970 891 vel
991 871 1024 890 ex
1043 863 1101 897 ipsa

309 915 496 942 benedictione
526 922 579 947 qua
606 913 680 947 ipsos
711 917 873 947 prosecmus
900 910 990 937 fuerat
1029 907 1102 935 Deus

308 966 447 992 constare,
464 968 526 987 cum
550 959 673 986 diceret:
690 957 805 986 Crescite
822 962 846 984 et
876 954 1100 990 multiplicamini,

309 1011 459 1040 terramque
477 1005 573 1040 replete
593 1009 618 1031 et
642 1013 700 1031 eam
716 1004 838 1038 subigite.
864 1002 901 1029 Ea
918 1003 991 1030 enim
1019 1001 1102 1028 verba

309 1061 371 1079 cum
389 1052 471 1080 simul
486 1060 546 1079 cum
565 1051 653 1078 fausta
671 1051 830 1085 precatione
860 1049 1021 1076 mandatum
1037 1056 1103 1076 con-

311 1097 433 1129 tineant;
448 1096 509 1130 quis
528 1095 657 1128 ambigat,
673 1095 739 1130 quiti
769 1094 815 1121 Dei
842 1098 869 1121 et
895 1093 1052 1128 apprecatio
1077 1096 1104 1120 et

312 1143 469 1168 mandatum
495 1149 608 1176 prorsus
627 1141 780 1175 priestanda
807 1139 931 1166 fuerint?
955 1139 1104 1166 Conficitur

311 1187 424 1221 itaque,
457 1186 592 1224 Adamum
623 1191 651 1213 et
677 1186 760 1213 Evam
788 1185 908 1213 sobolem
929 1181 1103 1211 numerosam

311 1238 508 1267 propagatur-os
528 1233 633 1263 fuisse;
658 1239 745 1267 neque
767 1232 841 1259 solos
867 1231 929 1258 illos
948 1229 1103 1265 paradisum

314 1279 494 1310 habitaturos,
510 1279 532 1306 si
547 1278 706 1306 obedientes
722 1278 899 1305 mansissent.

587 1334 704 1363 CAPUT
739 1334 824 1362 XXV.

348 1394 494 1426 Cmterum,
506 1393 577 1428 quod
591 1393 675 1427 qumri
689 1393 767 1426 solet,
779 1400 826 1427 per
835 1392 1020 1420 Venereumnc
1032 1399 1106 1418 com-

314 1440 424 1475 plexum
456 1447 567 1474 operam
585 1438 678 1466 liberis
706 1438 848 1474 gignendis
875 1438 963 1465 daturi
993 1437 1106 1465 fuissent

315 1487 439 1512 homines
459 1484 484 1512 in
501 1485 640 1520 paradiso,
656 1491 689 1511 an
715 1485 819 1519 absque
838 1484 938 1519 nuptiis
955 1484 1103 1517 :dicimus,

314 1538 344 1559 ut
362 1533 419 1567 ipsa
444 1537 537 1559 nostra
558 1536 655 1558 natura
686 1538 789 1558 arcano
822 1531 971 1558 conditoris
997 1531 1039 1558 sui
1058 1529 1103 1557 Dei

313 1579 428 1606 consilio
452 1579 520 1605 scite
535 1577 710 1610 fecundatur,
737 1583 862 1612 augetur.
884 1577 1103 1612 multiplicatur;

312 1625 351 1651 ita
367 1625 525 1651 univcrstun
544 1631 654 1658 quoque
674 1623 824 1649 humanum
845 1630 931 1657 genus
956 1622 1105 1649 fecundant-

313 1670 390 1702 dum,
406 1670 571 1705 augendum,
589 1669 827 1704 multiplicandum
843 1669 939 1702 fuisse,
951 1674 980 1696 et
993 1669 1103 1704 quidem

314 1715 420 1749 absque
444 1715 602 1742 concubitu.
618 1714 684 1742 Nam
698 1720 725 1742 et
743 1715 832 1750 angeli
859 1716 936 1742 limiti
959 1720 1105 1744 evaserunt

314 1761 436 1795 quidem,
453 1761 499 1787 sed
515 1762 620 1795 absque
647 1761 760 1796 nuptiis,
780 1766 807 1788 et
827 1762 912 1788 Adam
940 1767 1020 1796 atque
1049 1761 1105 1789 Eva

315 1807 374 1833 sine
395 1806 497 1834 Venere
517 1807 574 1833 nati
597 1806 720 1839 fuerant;
736 1808 768 1834 ad
797 1807 860 1839 hoc,
881 1808 962 1834 ctiam
979 1815 1052 1835 nunc
1065 1808 1106 1834 vi-

315 1853 379 1880 dere
394 1857 436 1880 est
455 1852 539 1880 multa
555 1853 714 1880 animalium
733 1861 830 1887 genera
846 1854 949 1889 absque
960 1855 1031 1881 coitu
1049 1862 1106 1889 pro-

314 1899 418 1934 pagari,
428 1900 507 1933 quale
520 1903 560 1926 est
571 1899 701 1926 vermium
712 1908 809 1935 genus,
823 1905 847 1927 ct
860 1900 989 1933 culicum,
999 1901 1106 1935 aliaque

313 1945 464 1978 complura.
482 1945 556 1973 lianc
573 1947 735 1973 sententiam
760 1947 891 1981 approbat
908 1955 1017 1981 quoque
1033 1947 1106 1974 Gre-

314 1992 405 2026 gorius
424 1991 562 2027 Nyssaaus,
575 1992 786 2019 Commentariis
797 1993 830 2019 de
841 1993 960 2020 hominis
969 1993 1106 2027 composi-

315 2037 398 2069 tione,
413 2037 495 2071 capit.
512 2036 556 2069 i8,
570 2037 698 2072 inquiens
716 2037 822 2065 :Aiunt
845 2038 967 2072 quidam,
984 2039 1005 2065 si
1016 2038 1107 2065 nullus

314 2085 413 2110 fuisset
424 2084 450 2110 in
464 2084 592 2118 paradiso
615 2084 785 2118 complexus.
800 2084 936 2111 humanas
958 2086 1064 2112 animas
1080 2085 1107 2112 in

315 2138 414 2166 magno
430 2138 541 2158 numero
552 2132 658 2158 luturas
674 2139 727 2158 non
744 2131 838 2159 fuisse.
852 2131 906 2159 Nos
916 2140 980 2159 vero
991 2132 1107 2159 dicimus

315 2176 452 2202 hominem
468 2182 532 2203 ante
555 2183 694 2211 peccatum
725 2177 875 2203 admissum
898 2178 968 2211 luasi
980 2178 1106 2212 angelum

315 2222 411 2255 fuisse,
429 2223 476 2250 sed
505 2230 553 2257 per
571 2228 711 2257 peccatum
733 2223 837 2255 ruisse;
857 2223 912 2258 ipsa
928 2224 999 2251 enim
1019 2233 1107 2252 resur-

314 2270 401 2296 rectio
421 2269 523 2296 reditus
539 2272 579 2296 cst
595 2270 627 2295 ad
645 2269 787 2303 pristinam
819 2270 1015 2297 conditionetr.
1038 2270 1108 2305 Ergo

315 2315 337 2341 si
355 2318 416 2349 post
434 2316 663 2342 resurrectionem
680 2316 784 2342 erimus
805 2315 887 2342 veluti
914 2316 1014 2351 angeli,
1038 2324 1107 2343 con-

315 2360 439 2394 sequitur
457 2359 522 2387 tales
536 2367 645 2394 quoque
663 2359 749 2387 fuisse
772 2363 836 2386 ante
851 2366 1006 2394 peccatum.
1024 2361 1106 2395 Atqui

314 2405 402 2440 angeli
421 2413 473 2432 nou
485 2405 783 2441 jungunturfamplexu;
799 2414 863 2441 ergo
882 2413 971 2440 neque
983 2407 1107 2434 hmnines

312 2451 402 2486 juncti
430 2451 545 2478 fuissent
568 2453 620 2479 nisi
639 2458 796 2486 peccassent
821 2461 827 2479 :
852 2453 897 2480 scd
918 2453 988 2480 sicut
1019 2454 1107 2489 angeli

315 2497 419 2532 absque
435 2498 537 2532 nuptiis
555 2498 652 2524 tnillies
670 2498 743 2524 mille
758 2504 833 2531 sunt,
848 2504 874 2525 et
898 2499 1033 2534 myriades
1049 2508 1107 2535 my-

316 2543 423 2570 riadum
451 2550 565 2569 numero
588 2548 730 2578 superant,
744 2544 780 2570 ita
795 2551 844 2570 nos
857 2551 976 2578 quoque,
990 2544 1042 2571 nisi
1058 2553 1107 2572 an-

316 2591 418 2624 gelicus
427 2591 469 2617 ille
479 2594 564 2617 status
574 2591 600 2616 in
609 2590 686 2617 nobis
696 2595 816 2617 mutatus
827 2590 922 2618 fuisset
931 2591 1067 2618 connubio
1074 2591 1108 2619 ad

317 2637 403 2664 uestri
418 2637 671 2672 multiplicationcm
689 2637 800 2664 minime
816 2644 884 2672 opus
907 2637 1107 2670 habuissemus,

350 2710 373 2726 ⁸⁷
391 2709 464 2736 Psal.
483 2716 539 2741 im,
560 2709 596 2742 5;
612 2707 694 2735 Hebr.
710 2716 738 2741 It,
753 2708 778 2736 7.

351 2769 408 2803 (Il)
426 2772 511 2795 Carne
528 2769 584 2803 lege
599 2768 650 2795 hoc
663 2771 755 2803 caput,
772 2775 832 2794 nam
859 2767 983 2794 (lissonat
1004 2775 1018 2794 a
1031 2775 1108 2795 com-

318 2806 394 2831 muni
421 2812 503 2830 srnsu
537 2804 727 2838 theologorum
761 2803 917 2829 docentium
935 2803 961 2828 in
977 2808 1048 2829 statu
1066 2803 1108 2829 in-

319 2839 451 2865 nocentia:
461 2839 577 2865 futuram
593 2839 678 2865 fuisse
692 2838 832 2872 hominum
846 2838 1048 2872 generationem
1065 2847 1110 2871 per

319 2874 540 2901 connuistioneui
556 2874 640 2902 maris
656 2878 684 2901 ct
700 2873 795 2901 femin.
809 2871 875 2900 Vide
886 2871 915 2900 S.
934 2872 1029 2900 Thom.
1045 2880 1064 2907 ι,
1084 2881 1110 2907 p.

1117 1554 1140 1586 C

1149 251 1192 274 est
1216 247 1242 273 iu
1263 247 1381 273 humano
1411 252 1508 280 genere
1528 244 1599 279 quod
1627 244 1772 271 Paululum
1794 245 1826 271 ab
1848 245 1953 280 angelis

1150 293 1279 319 minutum
1297 291 1376 323 est",
1389 291 1482 318 cllicax
1502 290 1608 321 fuisset,
1621 296 1649 317 ut
1665 290 1698 317 ad
1710 298 1772 317 eum
1787 296 1952 325 augesceret

1150 345 1294 365 numerum
1303 337 1348 372 qui
1365 337 1413 364 Dei
1427 337 1541 364 consilio
1550 337 1679 364 definitus
1691 341 1761 363 erat.
1771 336 1848 369 Quod
1857 336 1953 371 siquis

1150 392 1214 411 vero
1227 388 1331 419 quaerat
1350 383 1579 418 procreandarum
1597 383 1750 410 animarum
1768 383 1873 418 absque
1896 391 1951 409 nu-

1151 430 1214 465 ptiis
1227 431 1359 456 rationem
1381 429 1547 463 modumque
1561 448 1567 460 ,
1586 428 1609 455 is
1625 427 1743 455 vicissim
1766 428 1844 455 nobis
1863 427 1950 458 dicat.

1151 484 1207 510 quo
1224 475 1376 502 subsistant
1391 475 1472 501 modo
1489 474 1587 508 angeli,
1605 474 1645 501 sic
1658 474 1729 500 enim
1745 474 1873 500 homines
1889 473 1952 500 sine

1151 523 1293 557 complexu
1313 521 1427 549 fuissent
1441 521 1610 555 mttltiplicali
1624 525 1653 547 ut
1665 520 1767 555 angeli.
1785 520 1859 547 Idem
1872 519 1949 554 Nys-

1152 577 1233 599 szeus.
1249 576 1308 602 cap.
1328 568 1370 595 14.
1387 568 1445 602 ejus
1475 567 1577 601 operis,
1606 567 1646 594 sic
1670 567 1750 593 halzet
1769 576 1776 593 :
1799 566 1827 592 Si
1846 573 1890 593 me
1905 565 1952 592 in-

1153 615 1345 650 ter-rogaveris,
1365 615 1412 649 qui
1439 614 1593 648 potuissent
1618 617 1657 640 tot
1687 613 1830 640 hominum
1862 612 1950 639 millia

1154 661 1302 696 procreari,
1319 662 1340 688 si
1366 661 1527 688 concubitus
1549 660 1640 687 nullus
1668 659 1777 691 fuisset,
1809 667 1860 694 ego
1888 667 1951 686 mu-

1154 715 1228 735 tuum
1245 715 1277 735 ex
1296 712 1321 734 te
1345 712 1445 742 petam,
1465 707 1510 741 qui
1538 707 1572 734 sit
1602 712 1750 742 prognatus
1769 707 1868 740 Adam,
1900 707 1949 742 qui

1154 754 1220 785 Eva,
1232 754 1342 789 quando
1357 754 1437 780 nulla:
1447 754 1630 780 intervenerat
1645 753 1760 788 nuptiae!
1776 753 1847 786 Quid
1862 753 1949 787 ergo!

1154 801 1185 828 ad
1199 809 1299 828 eumne
1316 801 1441 833 modttm,
1458 808 1514 834 quo
1533 800 1569 826 illi
1595 805 1656 827 sunt
1683 799 1784 832 effecti,
1814 799 1948 826 nascituri

1154 851 1232 874 erant
1262 847 1391 880 deinceps
1413 853 1509 872 omnes
1534 843 1689 871 mortales?
1719 844 1790 870 Sane
1814 844 1950 878 genitura:

1117 879 1138 907 Β
1154 893 1252 919 tnodus
1268 879 1368 919 talisne
1383 899 1416 918 an
1442 891 1511 917 alius
1528 890 1608 917 fuerit
1626 890 1744 919 futurus,
1762 889 1788 916 id
1806 890 1862 924 jam
1880 890 1948 916 mihi

1154 945 1208 964 non
1226 941 1268 964 est
1287 936 1475 970 explicandum
1496 945 1502 962 :
1530 936 1580 962 hoc
1605 935 1676 961 enim
1695 934 1777 962 modo
1803 934 1947 969 quzeiilnr,

1155 984 1329 1011 connubione
1346 990 1415 1017 opus
1442 982 1540 1009 fuisset
1566 981 1619 1008 Deo
1636 981 1668 1007 ad
1695 981 1844 1008 humanum
1861 988 1949 1014 genus

1155 1029 1392 1064 tnultiplicandum
1421 1030 1448 1055 in
1475 1028 1566 1059 terris,
1595 1035 1629 1053 an
1655 1027 1779 1054 minime.
1810 1026 1950 1053 llaclenns

1154 1082 1186 1102 ex
1204 1075 1328 1109 Nyssaae.
1347 1073 1398 1101 Sed
1423 1078 1450 1100 et
1475 1072 1602 1099 dominus
1615 1071 1733 1099 Jacobus
1748 1072 1782 1099 de
1806 1071 1921 1099 Botnam
1941 1080 1949 1099 :

1155 1121 1192 1148 Et
1209 1121 1310 1156 quibus
1325 1120 1436 1155 (inquit)
1450 1126 1542 1154 quwso
1561 1118 1665 1152 nuptiis
1682 1118 1773 1146 editus
1789 1123 1830 1145 est
1844 1119 1951 1145 At'am?

1155 1175 1224 1202 quos
1240 1174 1337 1202 passus
1356 1167 1414 1200 ipse
1430 1165 1538 1192 dolores
1564 1170 1592 1191 ut
1609 1164 1691 1191 Evam
1710 1165 1837 1198 pareret?
1851 1164 1950 1192 Millies

1156 1213 1315 1248 angelorum
1343 1212 1429 1239 millia
1459 1215 1532 1238 stant
1557 1218 1649 1237 coram
1680 1210 1746 1243 Deo,
1775 1218 1826 1237 nec
1857 1215 1949 1238 tamen

1156 1267 1250 1287 eorum
1277 1259 1351 1286 ullus
1369 1263 1447 1286 utero
1467 1262 1598 1291 gestatus.
1613 1261 1660 1283 aut
1683 1256 1794 1291 gravida
1811 1257 1872 1283 alvo
1886 1264 1949 1284 cum

1157 1305 1298 1332 doloribus
1319 1305 1347 1331 iit
1365 1304 1454 1331 lucem
1482 1303 1572 1329 editus
1588 1307 1650 1329 est:
1671 1302 1758 1329 multo
1772 1309 1839 1336 ergo
1863 1302 1950 1336 magis

1157 1349 1370 1378 existimandum
1397 1354 1438 1377 est
1459 1348 1583 1384 opificem
1598 1347 1681 1374 Deum
1699 1347 1825 1374 homines
1845 1348 1951 1382 absque

1157 1398 1260 1431 nuptiis
1283 1402 1491 1432 procreaturum
1509 1395 1608 1428 fuisse,
1626 1395 1696 1422 sicut
1713 1395 1817 1429 primos
1840 1402 1951 1428 quoque

1158 1444 1218 1471 illos
1235 1449 1373 1478 parentes,
1397 1451 1412 1470 e
1427 1442 1527 1475 quibus
1552 1441 1677 1468 universa
1695 1440 1752 1468 haec
1774 1441 1881 1476 generis
1901 1440 1952 1466 hu-

1158 1490 1231 1517 mani
1259 1490 1404 1524 posteritas
1420 1493 1482 1515 nata
1499 1491 1551 1520 est,
1577 1487 1742 1522 procreavit.
1761 1486 1793 1512 Et
1813 1485 1894 1520 paulo
1910 1486 1953 1512 in-

1158 1535 1244 1562 ferius
1258 1543 1265 1561 2
1283 1533 1352 1567 Quid
1368 1542 1443 1569 ergo,
1466 1533 1551 1560 dicito
1566 1532 1642 1564 mihi,
1656 1527 1818 1558 ‘Abrahamo
1846 1531 1953 1566 profuit

1158 1589 1191 1608 ne
1215 1581 1380 1608 concubitus
1397 1582 1430 1607 ad
1449 1579 1648 1614 procreandam
1669 1578 1816 1606 sobolem?
1837 1578 1952 1604 Minime

1156 1634 1222 1654 sane
1239 1636 1245 1653 :
1262 1628 1363 1661 quippe
1391 1626 1438 1661 qui
1466 1629 1504 1652 tot
1531 1626 1611 1652 annis
1627 1632 1737 1659 operam
1762 1625 1864 1652 frustra
1886 1625 1952 1652 huic

1156 1674 1276 1701 dedisset
1288 1694 1294 1704 .
1313 1673 1388 1700 hisce
1401 1672 1473 1707 apud
1496 1673 1579 1699 Deum
1604 1671 1696 1698 verbis
1711 1672 1791 1698 etiam
1807 1677 1865 1698 tum
1884 1679 1952 1700 usus

1156 1723 1199 1746 est
1215 1727 1222 1745 :
1239 1719 1361 1751 Domine,
1380 1718 1443 1753 quid
1455 1718 1518 1744 milii
1535 1718 1647 1744 daturus
1660 1726 1686 1744 es
1702 1718 1745 1751 qui
1755 1717 1844 1743 liberis
1855 1719 1954 1746 careo?

1157 1764 1240 1800 Igitur
1254 1770 1283 1791 ut
1305 1768 1370 1791 tunc
1393 1771 1426 1791 ex
1443 1769 1552 1791 mortuo
1567 1763 1639 1791 efleti
1656 1764 1730 1791 senis
1747 1763 1821 1790 illius
1835 1771 1953 1798 corpore

1157 1811 1242 1838 edidit
1258 1810 1329 1838 Deus
1346 1816 1401 1837 tam
1416 1810 1501 1837 multa
1519 1811 1659 1837 hominum
1678 1811 1761 1836 millia
1776 1819 1782 1836 :
1796 1810 1832 1837 ita
1849 1811 1872 1837 si
1888 1811 1953 1838 inde

1158 1856 1192 1883 ab
1224 1856 1303 1883 initio
1335 1856 1382 1883 Dei
1415 1856 1557 1891 prazceptis
1595 1857 1800 1889 acquierissent
1828 1857 1952 1884 Adamus

1159 1911 1283 1937 uxorque
1297 1903 1362 1936 Eva,
1379 1908 1462 1938 atque
1484 1903 1517 1930 ah
1532 1904 1629 1930 arbore
1644 1903 1796 1938 appetenda
1818 1911 1846 1930 se
1867 1904 1954 1930 absti-

1158 1950 1297 1982 nuissent;
1326 1957 1379 1976 non
1406 1950 1537 1977 defuisset
1565 1949 1618 1977 Deo
1650 1950 1812 1977 fecundandi
1843 1951 1955 1984 generis

1160 1994 1271 2021 huinani
1304 1995 1384 2021 ratio.
1415 1994 1566 2021 Conficitur
1590 2002 1655 2029 ergo
1670 1995 1754 2022 exiis
1774 2003 1835 2029 qum
1861 1996 1955 2022 adhuc

1159 2040 1230 2067 dicta
1247 2046 1321 2071 sunt.
1336 2041 1461 2067 homines
1492 2040 1518 2066 iu
1537 2041 1664 2074 paradiso
1692 2040 1880 2075 absque;ullo
1903 2049 1956 2068 nu~

1163 2086 1244 2121 ptiali
1263 2086 1405 2121 complexu
1423 2086 1511 2121 reipsa
1530 2085 1709 2113 fetificaturos
1728 2086 1831 2119 luisse,
1848 2089 1895 2114 sed
1921 2095 1955 2114 co

1159 2133 1240 2161 modo
1259 2140 1341 2168 quem
1358 2132 1435 2160 solus
1455 2132 1546 2166 opifex
1565 2132 1635 2159 Dens
1651 2132 1738 2160 novit.

1437 2177 1527 2205 CAPU
1534 2177 1555 2204 T
1580 2176 1676 2204 XXVI.

1124 2225 1144 2252 D
1196 2226 1273 2253 Sicut
1290 2231 1380 2253 autem
1399 2226 1501 2259 absque
1517 2224 1665 2252 concubitu
1682 2224 1800 2252 fuissent
1812 2226 1952 2259 prognati,

1163 2273 1291 2306 auctique
1322 2278 1436 2298 numero
1452 2270 1577 2297 homines
1594 2268 1620 2295 in
1639 2270 1779 2303 paradiso,
1792 2271 1827 2296 ita
1844 2270 1870 2296 in
1891 2278 1954 2296 γρηὶ

1160 2319 1309 2352 voluptate,
1328 2320 1411 2351 atque
1427 2314 1542 2342 infinitis
1553 2314 1678 2349 partibus
1696 2314 1801 2347 majore
1815 2323 1897 2349 quam
1912 2319 1956 2342 est

1160 2370 1191 2389 ea
1208 2371 1260 2397 qua
1280 2362 1360 2389 hodie
1378 2361 1509 2388 mortales
1526 2360 1655 2387 fruuntur
1670 2361 1802 2392 maxima,
1820 2361 1875 2387 illic
1889 2366 1957 2388 θεια-

1162 2412 1214 2434 tent
1243 2408 1518 2442 agitassent,utpote
1543 2406 1633 2433 omnis
1661 2406 1781 2438 laboris,
1810 2407 1958 2440 perturba-

1162 2455 1255 2487 tionis.
1285 2455 1428 2486 molestiae,
1455 2454 1578 2485 doloris,
1609 2453 1697 2480 morbi
1724 2453 1844 2487 denique
1872 2458 1957 2487 atque

1160 2500 1331 2534 aegritudinis
1341 2504 1475 2534 expertes.
1488 2498 1613 2526 Edisscnt
1622 2499 1693 2526 enim
1704 2498 1737 2525 de
1749 2497 1958 2532 paradisiarbo-

1162 2545 1249 2577 ribus,
1260 2551 1286 2572 et
1295 2545 1488 2572 suavissimum
1500 2552 1533 2571 ex
1546 2545 1664 2571 maximo
1682 2546 1728 2572 illo
1739 2544 1958 2579 dulcissimoque

1163 2591 1282 2626 paradisi
1299 2591 1411 2618 flumine
1423 2595 1516 2625 potum
1529 2591 1660 2617 bibissent
1673 2591 1778 2625 absque
1791 2590 1866 2617 omni
1884 2590 1956 2616 inter

1163 2645 1193 2665 se
1211 2637 1326 2665 dissidio
1357 2638 1469 2670 rixave;
1493 2638 1600 2672 qualem
1616 2637 1704 2672 angeli
1721 2637 1784 2672 ipsi,
1801 2642 1827 2664 ct
1844 2636 1955 2672 qualem

1159 2777 1188 2803 q.
1204 2769 1251 2799 98.
1265 2773 1319 2797 art.
1340 2770 1367 2798 2.
1381 2769 1495 2803 ejusque
1522 2773 1688 2804 interpretes
1707 2767 1825 2804 Bannes.
1845 2766 1956 2804 Cumel,

1162 2804 1328 2837 Valentiam,
1343 2802 1483 2836 Molinam,
1500 2809 1527 2832 ct
1544 2802 1652 2832 Sixtum
1680 2803 1782 2831 Sencn.
1800 2802 1871 2830 Jem.
1904 2803 1953 2833 lib.

1164 2849 1202 2874 v,.
1224 2839 1293 2867 Bibl.
1311 2845 1405 2867 anuot.
1426 2839 1471 2867 20.
