2020 3080
153 145 202 176 5ιῖ

717 149 764 178 ΟΕ
786 149 986 179 PARADISO.
1006 162 1043 166 -
1062 150 1158 180 PARS
1179 150 1203 181 Ι.

1727 152 1778 184 ξιιῧ

153 200 275 226 fidamus
288 208 348 226 curn
367 200 421 228 lira
442 206 503 228 ante
520 201 617 229 factam
637 202 733 238 legem,
745 205 826 231 vitam
846 205 940 232 viveu-
957 209 977 235 Α
992 212 1154 239 corporeum
1165 204 1285 240 quidem,
1297 205 1320 233 si
1337 204 1425 240 ipsum
1439 205 1757 241 aspectabilemangul-m
1771 218 1778 239 ;

153 249 194 272 les
212 245 238 271 iu
256 246 376 279 perfecta
395 255 472 281 pace,
500 248 641 279 charitate,
663 250 820 276 concordia.
832 250 939 286 Quippe

153 288 195 315 bis
209 290 309 323 quibus
324 290 379 322 jam
394 292 523 319 mortales
543 292 660 320 fruimur
677 294 873 328 voluptatibus,
889 303 938 322 sua

150 334 250 368 cuique
282 336 406 363 molestia
421 337 549 370 coha-rrt,
567 339 647 366 veluti
662 340 723 367 cibo
751 341 860 377 largiori
876 350 940 369 cru-

151 379 244 407 ditatis
273 380 392 414 malum,
422 382 497 415 potui
525 384 671 418 copiosiori
711 393 830 419 nausea,
861 388 938 414 bona:

149 424 297 452 valetudini
344 429 476 460 adversa,
513 429 603 456 robori
641 430 830 464 imbecillitas,
863 433 937 460 home

149 467 245 496 formae
274 469 449 505 deformitas;
474 477 554 508 atque
577 474 603 501 in
629 475 690 502 aliis
719 484 837 511 quoque.
853 478 885 505 At
909 479 935 505 in

150 516 276 548 paradiso
285 517 356 543 nulla
372 517 466 545 fuisset
479 519 646 554 ejuscemodi
657 530 747 549 rerum
761 524 935 558 vicissitudo;

149 567 224 587 mera
250 562 322 589 enim
354 563 408 591 illic
433 565 557 600 voluptas
584 566 695 600 fuisset,
726 569 855 597 molestiae
870 578 936 598 vero

147 611 262 638 prorsus
279 607 368 640 nullae,
384 613 414 635 ut
423 617 481 644 qua:
494 615 553 645 post
567 612 695 640 violatum
712 614 758 642 Dei
777 616 934 643 mandatum

149 651 255 678 tandem
271 658 358 681 etiatze
374 655 440 682 sint.
460 655 610 691 Majoribus
625 667 689 694 ergo
701 661 806 689 deliciis
821 670 852 689 ex
872 664 934 691 cibn

145 700 266 732 potuque
290 699 344 726 illic
365 701 455 729 affecti
479 702 614 737 fuissent,
633 713 715 740 quam
731 708 832 742 quibus
854 709 934 737 hodie

145 744 278 771 mortales
294 745 496 775 demulct'ntur.

415 793 531 822 CAPUT
557 796 665 824 XXVII.

184 835 221 862 De
243 841 360 870 serpente
376 838 421 872 qui
448 839 530 866 Euam
549 841 659 869 adortus
677 843 823 878 derepit.——
848 845 931 873 Porro

144 879 178 906 de
196 886 321 914 serpente
340 883 379 909 sic
397 884 504 911 locutus
530 891 572 913 est
594 888 673 915 dirus
700 889 788 917 Muses
805 901 812 917 :
829 891 863 918 Et
879 900 934 918 δεν-
951 880 969 907 Β

143 931 206 958 pens
222 925 348 953 callidior
364 933 421 954 erat
444 930 563 958 omnibus
580 935 760 962 animantibus
783 937 851 970 agri,
874 945 933 972 que

142 971 297 998 condiderat
313 973 440 1002 Dominus
452 976 541 1010 Deus;
553 979 672 1014 dixitque
684 989 789 1015 serpens
803 984 908 1010 mulieri
923 992 932 1011 :

149 1015 213 1043 Vere
237 1017 305 1044 dixit
333 1019 412 1052 Deus,
435 1030 466 1049 ne
486 1026 653 1052 uescar-emitti
671 1027 703 1053 de
719 1029 838 1056 euntibus
852 1038 932 1063 para-

142 1060 238 1088 disi".
264 1063 312 1091 Hic
340 1065 433 1093 decem
462 1068 540 1096 nobis
560 1072 741 1104 expendenda:
762 1060 932 1109 atque'exa-

143 1108 277 1135 minanda:
290 1112 455 1144 qumstioues
479 1121 638 1149 occurrunt,
650 1125 765 1152 quarum
784 1120 871 1154 pritna
890 1127 931 1149 est

140 1152 259 1181 fueritne
286 1163 446 1191 corporatus
472 1168 584 1195 serpens
613 1163 648 1189 ita
676 1169 705 1190 ut
737 1166 824 1193 oculis
857 1172 930 1194 esset

140 1199 314 1232 aspretabilis
325 1202 371 1236 qui
387 1210 448 1230 cutn
469 1206 580 1233 muliere
592 1207 807 1242 colluquehatur,
818 1219 852 1238 an
866 1220 928 1240 vero

142 1243 225 1271 Satan
252 1249 387 1281 corporali
413 1252 548 1284 serpentis
570 1254 688 1288 Specit‘m
706 1263 762 1289 pra:
778 1264 807 1283 se
826 1257 927 1291 ferens,

141 1288 212 1315 illam
232 1291 267 1317 sit
281 1291 440 1326 aifatus;an
456 1296 574 1331 denique
589 1299 669 1325 Satan
684 1288 754 1328 intra
773 1288 926 1336 serpentem

141 1333 239 1367 latens,
256 1337 334 1364 verba
354 1338 397 1365 illa
413 1340 446 1366 ad
469 1342 609 1370 mulierem
629 1344 734 1373 iecerit.
750 1347 821 1375 Sane
841 1349 928 1378 domi-

141 1387 192 1406 nus
210 1379 333 1416 Ephrteni
351 1385 469 1418 quodam
493 1394 544 1414 suo
561 1391 758 1418 commentario
772 1392 810 1418 ait
824 1401 924 1429 corpo-

139 1428 228 1451 ratum
244 1432 396 1461 serpentem
406 1428 501 1462 fuisse,
511 1431 557 1465 qui
567 1433 708 1460 mulierem
720 1435 855 1464 allocutus
868 1428 926 1466 est:

139 1466 270 1496 Satanam
282 1471 354 1497 euiut
366 1479 381 1498 a
396 1472 450 1499 Deo
461 1474 599 1507 petivisse,
610 1481 638 1503 ut
648 1479 767 1512 serpenti
792 1483 927 1510 sermonis

139 1511 295 1541 facultatem
326 1517 486 1543 concederet
522 1519 555 1546 ad
584 1511 743 1550 tentandum
771 1525 925 1560 Adamum;

138 1559 212 1585 sicut
228 1566 294 1594 opes
306 1559 365 1588 Jubi
384 1570 493 1597 quoque
505 1565 554 1591 sibi
568 1567 685 1599 permitti
701 1570 857 1602 postulavit,
870 1559 925 1606 quo

137 1604 173 1631 de
191 1605 251 1638 ejus
269 1606 398 1640 patientia
412 1608 515 1636 faceret
528 1613 689 1644 periculum.
705 1614 743 1641 Ex
761 1623 814 1650 quo
830 1604 927 1645 con—se-

137 1650 242 1683 quitur,
259 1651 296 1678 ita
322 1653 359 1679 illi
383 1661 516 1688 corporeo
533 1659 652 1690 serpenti
677 1662 813 1689 sermonis
844 1670 924 1691 usum

136 1693 224 1722 fuisse
249 1695 353 1727 datum.
379 1703 408 1725 ut
439 1700 524 1727 asinae
548 1701 748 1736 Balaam;iino
775 1714 840 1733 vero
871 1716 923 1735 non

137 1740 224 1767 solam
248 1742 442 1778 «locutionem,
465 1754 558 1774 verum
581 1749 660 1775 etiam
693 1751 860 1780 intellectum
886 1755 923 1782 illi

137 1789 257 1820 serpenti
286 1789 401 1817 indittun
431 1791 516 1819 fuisse
543 1794 660 1822 aﬂirmal
690 1795 832 1831 Epitraem,
861 1808 922 1827 cum

140 1831 211 1859 Deus
228 1833 316 1866 ipsum
342 1841 370 1862 ut
386 1837 581 1871 iutelligeuteni
603 1841 638 1867 sit
661 1841 759 1869 affatus
777 1844 818 1872 his
836 1846 922 1872 male-

136 1876 217 1904 dictis
235 1880 420 1915 perstringens
444 1892 450 1909 :
477 1883 612 1911 l’ulverem
635 1887 705 1919 edes,
723 1892 748 1914 et
771 1897 849 1923 super
862 1899 922 1917 ven-

136 1927 204 1950 trem
215 1931 286 1951 tuum
298 1926 487 1955 ambulabis".
500 1930 616 1964 Cyrillus
627 1939 701 1964 vero,
710 1935 832 1962 oratione
844 1937 922 1964 tertia

136 1970 268 1998 adversus
282 1971 420 2000 Julianuin
436 1975 589 2010 periugam,
602 1978 640 2004 ait
652 1979 741 2012 ipsum
753 1979 881 2008 Satanam
893 1990 922 2010 se

135 2015 166 2042 in
187 2023 312 2051 serpente
333 2019 555 2054 trausformasse,
570 2027 652 2056 atque
669 2024 705 2051 ita
730 2033 790 2052 cum
809 2028 921 2055 muliere

135 2062 300 2089 collOcutum
322 2071 400 2096 esse;
425 2073 456 2091 ac
484 2067 597 2100 proinde
625 2069 710 2102 ipsqu
737 2078 845 2105 quoque
870 2074 920 2100 sub

135 2109 269 2142 serpentis
279 2116 393 2143 persona
407 2110 507 2138 divinis
518 2112 668 2140 maledictis
679 2122 739 2142 esse
751 2118 919 2150 perculsum.

137 2153 281 2180 Existimat
307 2155 379 2181 enim
416 2155 547 2191 Cyrillus,
579 2159 727 2187 immunem
761 2170 842 2196 posse
871 2172 920 2199 pro

138 2198 253 2226 arbitrio
277 2206 325 2227 aut
349 2202 483 2236 serpentis
509 2209 555 2231 aut
573 2205 642 2233 alius
658 2207 784 2235 animalis
800 2198 918 2244 speciem

135 2253 218 2280 quam
237 2247 350 2274 voluerit
364 2256 481 2276 sumere.
504 2249 538 2277 At
563 2251 690 2280 dominus
707 2252 823 2282 Iacobus
839 2256 921 2284 Satu-

136 2293 239 2326 gensis,
265 2295 463 2321 commentario
489 2303 540 2324 suo
561 2297 594 2324 de
612 2299 689 2332 pulso
715 2300 820 2328 Adamn
843 2307 919 2330 extra

135 2339 302 2372 paradisum,
324 2340 399 2374 dicit,
421 2342 550 2370 Satanam
567 2352 595 2371 se
611 2345 813 2380 incorporatum
836 2353 918 2383 atque

133 2385 324 2418 aspectabilem
348 2394 463 2421 anguem
480 2388 646 2423 insinuasse,
659 2394 686 2416 et
702 2391 764 2418 inde
777 2400 839 2419 cum
855 2401 916 2420 mu-

133 2430 201 2458 liere
237 2439 299 2458 assa
335 2433 500 2461 collocutura
531 2445 537 2461 :
567 2444 649 2471 quam
676 2438 833 2472 opinionem
868 2447 918 2467 nos

133 2476 216 2504 etiam
255 2478 439 2512 approbarnus
480 2484 561 2515 atque
603 2484 805 2517 amplectimur.
843 2485 918 2513 Ilanc

131 2522 205 2550 enim
235 2531 327 2549 veram
350 2531 412 2551 esse
435 2525 476 2552 vei
504 2526 530 2552 id
558 2528 658 2562 arguit.
681 2530 752 2563 quod
776 2532 918 2566 paradisus

132 2570 231 2604 duplex
247 2576 321 2604 erat;
336 2579 484 2606 corporeus
507 2579 532 2600 et
552 2574 694 2607 spiritalis,
716 2581 743 2602 ut
756 2577 862 2612 itiagnis
876 2585 919 2605 ra-

134 2616 254 2642 tionibus
274 2621 316 2643 est
338 2624 353 2643 a
383 2618 460 2645 nobis
484 2619 700 2648 demonstratum
719 2631 725 2648 :
743 2622 829 2650 Adam
853 2623 916 2651 item

131 2660 242 2695 Evaque
257 2662 373 2696 duplicis
386 2668 412 2690 et
426 2667 584 2699 composita;
601 2667 678 2694 fuere
691 2673 804 2699 natura,
818 2670 918 2704 quippe

130 2706 177 2741 qui
198 2713 230 2733 ett
247 2714 360 2741 corpore
373 2713 530 2736 constarent
546 2715 573 2737 et
588 2711 692 2745 anima;
709 2721 794 2748 quare
806 2721 918 2748 serpen-

131 2757 184 2779 tem
213 2761 322 2788 quoque
347 2754 483 2789 duplicem
507 2755 593 2785 fuisse
612 2758 824 2787 existimandum
846 2766 912 2788 est:

164 2843 187 2860 ¹’³
199 2844 266 2874 Gen.
285 2853 327 2879 ιιι,
344 2846 369 2873 ί.

407 2846 429 2862 ¹⁹
447 2845 515 2874 Gen.
543 2854 580 2881 ut,
603 2847 645 2875 Η.
685 2848 706 2864 ⁸⁸
722 2848 742 2875 ll
760 2847 824 2877 Cor.
841 2857 871 2884 ιι,
886 2850 914 2877 5.

991 251 1142 285 spiritalem
1171 259 1246 284 vero,
1272 252 1295 278 si
1328 259 1438 279 sensum
1468 259 1578 279 omnem
1604 252 1777 286 rﬂ'ngientcm

992 295 1121 324 Satanam
1138 297 1185 331 qui
1204 297 1274 324 intra
1301 298 1377 324 illum
1394 298 1494 325 latebat
1519 303 1601 333 atque
1618 299 1680 326 inde
1697 302 1778 327 verba

986 341 1282 370 faciebatcousideres.
1294 343 1386 370 Altera
1404 344 1520 377 quaestio
1545 348 1597 370 est.
1616 343 1654 370 Ex
1671 353 1780 378 gruere-

990 395 1024 414 ne
1041 387 1188 422 reptilium,
1201 395 1235 415 an
1248 396 1314 416 vero
1330 393 1491 416 cancrorum
1506 389 1686 416 animantium
1698 390 1779 417 fuerit

990 431 1034 458 ille
1049 439 1172 466 serpens,
1185 433 1211 459 iu
1224 440 1304 467 quem
1326 440 1355 460 se
1367 433 1495 460 Satanam
1520 434 1683 466 insinuasse,
1697 439 1779 469 atque

989 476 1025 503 ita
1041 484 1103 504 cum
1119 478 1234 505 muliere
1246 478 1411 506 collocutum
1424 479 1566 506 diximus?
1582 480 1778 508 Existimamus

988 530 1051 549 vero
1071 531 1102 549 ex
1126 523 1276 551 bestiarum
1293 532 1346 552 non
1369 526 1522 559 repentium
1548 535 1662 554 numero
1678 527 1777 559 fuisse,

988 568 1069 602 idque
1086 568 1127 596 his
1145 569 1219 596 ducti
1231 571 1410 604 argumentis.
1420 570 1512 599 Primo
1520 572 1608 600 Moses
1616 574 1653 600 ait
1665 582 1778 608 serpen-

988 617 1040 639 tem
1068 615 1152 642 fuisse
1167 615 1326 642 astutiorem
1343 617 1470 644 erunibus
1485 618 1597 651 bestiis;
1617 627 1670 646 non
1684 625 1776 646 autem

985 657 1064 690 dixit,
1083 659 1211 686 omnibus
1226 659 1379 693 reptilihus.
1402 661 1434 687 Et
1458 662 1538 695 paulo
1553 667 1613 697 post
1632 664 1689 697 ipse
1706 664 1777 691 Deus

986 704 1018 730 ad
1032 709 1186 738 serpentem
1198 705 1278 731 verba
1292 712 1388 732 rursus
1399 706 1505 733 faciens
1525 716 1531 733 :
1551 707 1710 735 Maledicta:
1722 710 1776 744 (iu-

984 750 1052 783 quit)
1067 758 1123 784 pra:
1137 751 1208 776 omni
1224 751 1306 776 bestia
1329 752 1399 786 agri.
1416 757 1439 779 et
1454 760 1509 786 pne
1520 754 1592 780 omni
1603 755 1733 786 animati,
1751 759 1776 781 et

983 803 1038 829 pra:
1053 796 1174 822 omnibus
1192 796 1341 829 reptitibus,
1357 797 1460 824 dictum
1487 807 1541 825 non
1559 804 1611 829 est.
1640 800 1679 826 Ad
1707 800 1774 832 hoc,

985 842 1104 869 Adamus
1133 843 1160 869 in
1193 843 1252 876 ipso
1270 843 1347 869 initio
1373 844 1485 871 nomina
1509 845 1604 872 bestiis
1621 846 1774 881 avibusque

986 887 1135 919 indiderat,
1153 892 1181 914 ut
1197 892 1312 914 testatur
1337 887 1492 923 Scriptura,
1506 898 1561 917 non
1575 891 1654 917 etiam
1672 893 1775 925 reptili-

986 932 1064 959 bus:
1085 940 1118 960 ac
1143 933 1257 967 proinde
1287 934 1341 960 Eva
1369 942 1383 961 a
1412 935 1470 961 viro
1497 936 1593 963 educta
1623 936 1772 964 bestiarum

984 978 1094 1005 nomine
1107 982 1272 1013 serpentem.
1287 980 1359 1014 quod
1368 987 1401 1007 ex
1415 981 1564 1008 bestiarum
1576 990 1674 1017 genere
1687 989 1771 1014 esset.

985 1023 1085 1057 lieuio;
1109 1025 1161 1052 hoc
1184 1030 1237 1056 est,
1255 1026 1351 1053 bestia:
1373 1027 1484 1054 nomine
1509 1030 1677 1063 appellavit;
1696 1031 1769 1064 quod

983 1077 1082 1097 nomen
1109 1071 1143 1098 ab
1169 1071 1274 1098 Adamo
1291 1072 1424 1100 didicerat
1451 1074 1565 1100 scilicet.
1595 1075 1659 1101 Erat
1688 1077 1769 1109 igitur

982 1123 1094 1150 serpens
1118 1124 1150 1143 ex
1177 1117 1325 1144 bestiarum
1355 1126 1463 1152 genere,
1482 1127 1535 1146 non
1559 1125 1649 1147 autem
1673 1129 1769 1148 eorum

982 1162 1160 1189 animantium
1180 1171 1240 1196 qua:
1258 1163 1362 1197 reptilia
1390 1164 1527 1191 dicuntur.
1546 1165 1667 1197 Qutestio
1692 1168 1770 1193 tertia

980 1211 1021 1233 est
1038 1217 1044 1233 :
1060 1209 1100 1233 An
1112 1208 1193 1242 pedes
1207 1209 1332 1235 habuerit
1342 1217 1471 1243 serpens;
1485 1215 1520 1241 et,
1532 1211 1553 1236 si
1566 1211 1660 1237 habuit
1672 1211 1769 1245 pedes;

980 1251 1106 1286 bipesne,
1123 1261 1156 1279 an
1174 1261 1238 1280 vero
1254 1254 1410 1288 quadrupes
1429 1255 1509 1281 fuerit
1525 1255 1536 1281 ?
1550 1256 1589 1282 Ad
1605 1258 1674 1283 banc
1694 1265 1769 1291 quaa-

979 1298 1094 1325 stiouem
1127 1299 1335 1333 respondemus,
1364 1301 1568 1334 quadrupedem
1586 1301 1686 1335 fuisse,
1705 1310 1768 1329 cum

978 1351 1010 1370 cx
1039 1343 1187 1370 bestiarum
1217 1352 1315 1377 genere
1336 1344 1421 1379 (Mose
1449 1349 1530 1379 teste)
1553 1345 1770 1381 fuerit;easquo

978 1390 1141 1421 animantes,
1172 1397 1240 1424 quas
1257 1390 1358 1416 bestias
1379 1390 1500 1418 solemus
1525 1399 1633 1423 vocare,
1649 1393 1771 1426 quadru-

977 1434 1059 1468 pedes
1089 1443 1149 1462 esse
1178 1436 1327 1463 videamus.
1354 1437 1387 1464 Et
1416 1445 1480 1464 vero
1504 1437 1631 1464 dominus
1645 1438 1767 1472 Ephraent

969 1480 1041 1515 [dum
1059 1481 1115 1506 haec
1137 1481 1164 1506 in
1189 1482 1246 1507 suis
1263 1481 1476 1508 Commentariis
1492 1483 1620 1516 explicat,
1634 1483 1704 1509 inter
1714 1484 1768 1511 alia

979 1524 1041 1550 ait:
1062 1525 1136 1551 Itane
1164 1525 1289 1556 volebas,
1309 1530 1339 1552 ut
1364 1526 1451 1552 Adam
1482 1527 1619 1552 amitteret
1650 1527 1764 1561 gloriam

977 1577 1074 1602 suam;
1090 1577 1201 1604 serpens
1227 1578 1290 1596 vero
1325 1578 1358 1596 nc
1384 1570 1499 1605 pedibus
1515 1571 1622 1604 quidem
1639 1572 1768 1598 multare-

979 1615 1038 1641 tur?
1055 1615 1118 1641 Erat
1133 1623 1196 1648 ergo
1213 1616 1368 1649 quadrupes
1380 1617 1497 1650 anguis:
1512 1616 1558 1642 sed
1572 1617 1635 1650 quia
1649 1616 1700 1643 fuit
1715 1617 1749 1643 Sa
1759 1631 1767 1637 -

978 1665 1047 1686 tante
1065 1668 1211 1695 organum,
1229 1665 1255 1688 et
1283 1661 1392 1688 inlimsit
1419 1663 1468 1695 ipsi
1495 1661 1586 1688 divina
1601 1663 1765 1694 exsecratio,

976 1714 1007 1732 ex
1023 1706 1109 1733 bestia
1138 1707 1227 1734 factus
1250 1711 1291 1734 est
1324 1708 1418 1741 reptile
1450 1707 1561 1739 animal,
1577 1713 1604 1734 et
1621 1716 1682 1734 cum
1702 1713 1765 1735 ante

975 1753 1088 1786 pedibus
1096 1753 1259 1786 gradiretur,
1274 1753 1402 1788 deinceps
1413 1761 1497 1788 prono
1508 1759 1600 1781 ventre
1612 1755 1763 1790 prmepsit:

975 1798 1045 1824 sicut
1062 1803 1089 1824 et
1107 1798 1201 1830 Salan,
1222 1800 1284 1833 quia
1305 1801 1497 1834 praavaricatus
1510 1800 1608 1832 fuerat,
1622 1808 1654 1826 ex
1666 1801 1764 1835 angelo

975 1850 1097 1871 evaserat
1115 1845 1296 1877 daemonium;
1318 1850 1343 1872 et
1357 1851 1385 1873 ut
1400 1854 1467 1873 uxor
1483 1845 1542 1877 Lut,
1554 1847 1616 1880 quia
1634 1847 1765 1881 respexit,

974 1897 1007 1915 ex
1027 1890 1137 1917 muliere
1152 1899 1213 1925 qua:
1225 1896 1287 1918 ante
1305 1896 1378 1924 erat,
1399 1892 1590 1918 transformata
1604 1897 1644 1918 est
1662 1892 1688 1918 in
1703 1897 1762 1919 sta-

974 1939 1048 1961 tuam
1072 1936 1148 1963 salts.
1165 1937 1266 1969 Quarta
1288 1937 1404 1971 quaestio
1417 1942 1468 1967 est,
1487 1938 1508 1964 si
1526 1938 1642 1965 Satanas
1661 1939 1686 1964 in
1715 1946 1763 1965 au-

973 1989 1052 2015 guem
1063 1989 1092 2008 se
1108 1981 1266 2014 insinuavit,
1282 1986 1364 2016 atque
1375 1990 1405 2008 ex
1419 1989 1450 2008 eo
1464 1982 1520 2016 ipse
1535 1984 1567 2008 ad
1584 1983 1666 2009 Evam
1683 1983 1763 2010 verba

975 2026 1052 2059 fecit;
1079 2034 1128 2054 cur
1154 2027 1179 2052 id
1207 2035 1221 2053 a
1250 2027 1323 2053 Mose
1340 2028 1470 2062 scriptum
1491 2036 1543 2054 nun
1557 2027 1662 2058 sit,sed
1678 2028 1763 2055 solius

971 2073 1067 2106 anguis
1077 2072 1146 2098 facta
1158 2073 1268 2099 mentio.
1282 2072 1330 2099 llic
1340 2073 1549 2106 respondemus:
1560 2073 1659 2099 llosem
1670 2074 1706 2100 ι’.ιί
1717 2081 1763 2108 ge-

972 2124 1020 2145 sta:
1031 2119 1201 2152 scriptorem,
1221 2127 1274 2145 non
1293 2119 1466 2153 interpretem
1480 2120 1568 2153 egisse
1586 2127 1636 2146 :ac
1649 2119 1762 2154 proinde

971 2163 1060 2198 qualis
1081 2172 1194 2198 «pureque
1221 2172 1262 2192 res
1285 2165 1341 2191 visa
1357 2171 1408 2196 est,
1419 2164 1500 2191 talem
1517 2165 1551 2191 ab
1564 2165 1622 2199 ipso
1639 2173 1699 2192 esse
1713 2165 1761 2192 dc-

938 2227 959 2253 D
974 2209 1113 2243 scriptam,
1132 2218 1184 2236 non
1205 2210 1268 2237 item
1281 2211 1446 2244 explicatum
1461 2210 1507 2244 qui
1521 2218 1550 2237 se
1564 2218 1657 2238 revera
1677 2211 1761 2238 habe—

975 2257 1024 2279 ret.
1036 2253 1091 2280 Era
1104 2258 1194 2281 autem
1205 2261 1358 2288 serpentem
1372 2256 1490 2289 videbat,
1502 2261 1655 2290 serpentem
1667 2264 1760 2284 secum

974 2299 1129 2333 loquentem
1159 2300 1285 2327 audiebat
1301 2308 1308 2327 :
1328 2301 1378 2328 hoc
1404 2302 1485 2335 igitur
1502 2302 1590 2336 ipsum
1608 2301 1695 2329 Moses
1709 2309 1760 2329 suo

973 2345 1075 2380 scripto
1107 2345 1245 2380 prodidit,
1270 2347 1501 2381 quemadmodum
1533 2347 1597 2374 alibi
1622 2352 1676 2375 tres
1701 2348 1760 2376 illos

973 2400 1042 2426 quos
1058 2393 1357 2425 videbatAhrabantus,
1375 2393 1449 2421 viros
1465 2393 1620 2428 appellavit,
1636 2401 1697 2420 cum
1710 2393 1759 2420 viri

974 2446 1026 2464 ltutl
1052 2443 1153 2465 essent.
1169 2438 1210 2464 Ad
1243 2438 1305 2470 hoc,
1333 2438 1354 2465 si
1383 2439 1461 2465 divus
1492 2438 1602 2470 Paulus,
1624 2439 1670 2473 qui
1686 2443 1759 2464 tanto

974 2484 1101 2519 temporis
1126 2485 1266 2511 intervallo
1287 2484 1386 2512 Mosen]
1416 2491 1527 2512 secutus
1552 2489 1611 2516 est,
1634 2492 1697 2511 cum
1716 2492 1759 2511 res

970 2531 1026 2565 jam
1052 2535 1109 2558 tum
1137 2531 1279 2566 explicatae
1307 2535 1410 2564 essent,
1433 2531 1552 2565 serpenti
1579 2539 1632 2557 non
1651 2529 1758 2557 Samiae

973 2575 1152 2610 imposturam
1169 2575 1302 2606 attribuit.
1318 2575 1444 2610 inquiens
1464 2584 1470 2602 :
1495 2575 1591 2602 Vereor
1614 2577 1683 2602 sicut
1703 2583 1757 2602 ser-

969 2627 1031 2654 pens
1052 2621 1152 2656 decepit
1175 2620 1257 2648 Euam
1270 2621 1302 2654 ‘°,
1323 2625 1388 2652 etc.,
1409 2628 1458 2648 cur
1471 2629 1524 2648 non
1542 2621 1638 2648 tncrito
1656 2620 1757 2651 Moses.

969 2667 1015 2701 qui
1028 2672 1082 2694 tam
1095 2667 1188 2694 multis
1205 2667 1332 2694 aetatibus
1345 2666 1460 2694 Paulum
1475 2668 1624 2702 praecessit,
1635 2667 1756 2694 fraudem

969 2713 1088 2748 serpenti
1112 2713 1270 2748 ascripsisse
1286 2713 1431 2740 videatur?
1451 2713 1599 2748 Scriptor-is
1613 2713 1685 2740 enim
1705 2718 1756 2744 est,

968 2768 1012 2789 res
1024 2765 1114 2796 gestas
1123 2768 1254 2794 narrare;
1267 2766 1294 2788 at
1304 2761 1459 2796 interpretis
1473 2767 1584 2793 tnunus,
1597 2767 1611 2787 a
1624 2763 1755 2794 scriptore
