2020 3080
256 118 310 153 519

905 113 1020 145 MOSIS
1041 114 1116 144 ΒΑΗ
1135 111 1260 144 CEPIIA

1851 111 1907 143 520

257 176 366 212 prodita
383 174 518 211 explicare
536 183 542 201 :
559 180 591 201 ac
615 171 729 207 proinde
746 170 845 203 Moses,
859 170 905 204 qui
930 169 1048 204 scriptor
1064 172 1087 200 Α
1102 176 1154 196 nus
1183 168 1315 195 obsecuta
1333 166 1430 194 fuisset
1447 165 1538 194 dietis.
1564 164 1660 202 lgitttr,
1678 171 1707 193 ιιι
1731 174 1786 194 sua:
1813 166 1904 195 fraudi

257 230 313 251 non
343 223 477 256 interpres
508 227 567 247 esse
601 218 706 250 voluit,
737 222 810 244 recte
840 216 963 243 narravit
993 223 1051 243 scr-

256 273 367 303 pentem
388 275 448 295 cum
465 266 519 292 Eva
531 264 696 292 collocutum
715 271 786 296 esse,
802 271 856 290 tton
872 268 964 290 autem
981 263 1052 290 dixit

259 303 390 341 Sittanam
408 314 477 339 intra
492 315 644 346 serpentem
671 310 757 337 fuisse
774 310 952 337 occultatum.
971 308 1052 341 Qum-

260 363 313 389 stio
329 361 424 396 quinta
439 363 490 390 est,
505 360 684 393 quamobrem
701 357 816 384 Satanas
836 356 970 383 Adamum
988 363 1049 383 cum

258 414 343 434 uxore
360 406 508 434 seduxerit.
529 403 584 432 Nos
599 404 789 431 existimamus
819 410 931 430 causam
944 403 1052 429 Satanae

257 453 343 480 fuisse
360 452 487 480 invidiam
502 459 556 486 qua
575 451 636 478 illos
653 449 890 485 prosequebatur;
907 457 970 476 nam
988 456 1050 475 cmn

257 499 303 526 ille
331 497 441 526 sublimi
471 505 521 524 sua
552 496 685 531 dignitate
713 496 856 530 gloriaque
886 495 1051 527 excidisset,

257 543 414 577 videtetque
430 549 512 577 porro
526 541 661 569 Adatnum
675 548 707 568 ex
722 541 778 568 lttto
794 540 1007 573 conformatum,
1017 540 1051 567 ad

256 590 403 623 imaginem
422 593 513 617 tamen
527 588 790 622 similitudinemquu
802 587 847 614 Dei
865 587 966 614 factum
979 595 1050 619 esse,

255 641 338 671 atque
352 636 475 663 omnium
495 643 585 662 rcrttm
601 642 662 669 quae
679 635 705 660 in
724 634 804 661 terris
819 637 911 661 essent
936 634 1052 668 imperio

255 683 388 718 potitum;
426 687 555 717 praeterea
598 681 755 716 paradisum
787 680 893 707 deliciis
923 680 1050 707 omnibus

255 729 364 764 plenum
388 729 565 762 incolentem,
587 733 671 762 atque
695 728 878 762 angeliearum
907 727 1050 762 copiarum

255 775 391 802 fruentem
405 775 548 806 societate,
559 782 588 802 se
604 781 668 801 vero
679 778 774 800 contra
786 773 958 800 deturbatum
971 778 1053 807 atque

255 821 403 856 deiectum,
423 821 543 848 maxima
570 824 710 855 permotus
723 820 856 846 adversus
875 819 1010 846 Atlantem
1024 824 1051 846 et

1105 214 1183 241 locus
1214 218 1286 240 esset
1317 213 1462 247 verbisque
1491 211 1569 246 tides,
1597 211 1687 239 induit
1722 218 1903 248 corporatum

1104 259 1170 287 illud
1190 267 1336 295 organum,
1351 263 1524 294 serpentem,
1539 266 1626 293 eoque
1643 258 1736 286 ltabitu
1756 259 1903 287 visendum

1105 313 1134 333 se
1146 305 1281 333 exhibuit.
1299 305 1420 340 Septima
1436 304 1553 339 quaestio
1577 309 1630 336 est,
1648 312 1698 332 cur
1724 312 1780 339 prae
1795 305 1904 333 caeteris

1105 350 1200 378 bestiis
1233 357 1349 384 anguem
1366 349 1417 377 sibi
1434 348 1551 376 Satanas
1565 349 1592 376 in
1609 357 1744 384 organum
1759 350 1904 385 delegerit.

1105 397 1192 430 llujus
1214 396 1255 423 rei
1278 403 1376 423 causas
1397 395 1497 422 multas
1509 402 1571 422 esse
1586 395 1704 423 dicimus
1723 394 1815 422 Primo
1831 395 1905 423 enim

1104 443 1209 470 nullttm
1234 446 1294 470 erat
1310 449 1398 477 angue
1422 442 1522 469 animal
1539 442 1572 469 ad
1602 441 1753 469 fallendum
1769 442 1905 474 astutius;

1103 488 1130 514 id
1147 488 1219 523 quod
1238 488 1316 515 divus
1333 487 1421 516 Moses
1437 496 1548 523 qttoque
1563 488 1606 515 ltis
1620 488 1711 516 verbis
1735 488 1878 524 signiﬁcat
1895 497 1904 515 ς

1106 533 1140 559 Et
1166 541 1269 567 serpens
1290 537 1347 560 erat
1371 533 1496 559 callidior
1511 534 1583 559 omni
1606 533 1690 560 bestia
1708 534 1778 568 agri.
1794 532 1863 560 Nam
1877 537 1907 561 et

1108 580 1290 607 auitnantium
1322 580 1373 606 alia
1405 579 1514 606 vafritie
1541 579 1689 611 exeellunt,
1726 583 1754 606 ιη
1784 579 1902 614 vulpes;

1108 628 1172 660 alia,
1187 627 1246 654 rudi
1274 626 1449 661 simplicitate
1475 631 1550 657 sunt,
1567 630 1596 652 ut
1611 633 1690 653 aves.
1710 625 1812 653 Deinde
1838 633 1902 654 cum

1105 673 1204 706 anguis
1234 671 1328 698 lethali
1357 677 1464 697 veneno
1486 670 1594 704 plenum
1618 669 1738 701 animal,
1756 672 1906 696 consenta-

1105 725 1186 745 neum
1207 722 1279 749 crat.
1297 722 1326 744 ut
1350 717 1391 744 vel
1417 721 1528 751 propter
1555 721 1658 743 naturtr
1681 715 1904 749 congruentiam,

1104 763 1278 791 mortiferum
1310 770 1391 790 suum
1422 762 1543 789 toxicum
1574 760 1767 788 commiseeret
1786 760 1905 788 Satanas

1103 817 1166 838 cum
1185 809 1321 843 serpentis
1336 816 1452 835 veneno.
1468 807 1573 838 Tertio,
1604 811 1634 834 ut
1660 806 1730 833 ltlt'llt
1746 807 1905 833 usuveuiret

256 867 340 895 Evam
357 867 470 899 invidia,
489 867 562 901 ipsos
575 866 696 893 seduxit.
708 864 842 892 Nimirum
856 864 1048 900 hujuscemodi

1105 853 1210 882 Satanae
1232 854 1305 888 quod
1337 853 1393 880 tilio
1421 852 1458 879 illi
1476 852 1612 887 prodigo:
1633 852 1656 879 is
1671 852 1744 878 enim
1759 856 1903 886 postquam

255 914 471 949 cogitationibus
497 913 651 948 exagitatus
675 916 742 938 est:
761 911 817 946 Ego
849 911 896 946 qui
922 910 1051 945 spiritalis

255 969 328 994 sum,
346 960 459 993 exsulo;
480 965 507 987 at
524 959 609 986 Adam
625 959 672 994 qui
687 965 836 992 corporeus
855 962 907 989 est,
925 958 997 984 intro
1010 962 1052 984 est

256 1011 383 1041 receptus
401 1016 408 1034 :
426 1013 476 1041 ego
500 1004 661 1040 proﬂigatus
677 1006 808 1040 omnique
822 1004 908 1038 gloria
932 1008 1049 1035 exutus;

256 1052 302 1079 ille
317 1052 400 1086 gloria
419 1052 531 1078 indutus
546 1051 716 1085 vcstituSque
733 1059 740 1076 :
755 1057 804 1085 ego
820 1050 846 1076 in
870 1050 940 1081 imo,
962 1049 1007 1075 ille
1025 1049 1051 1075 in

255 1106 364 1126 sumtno
377 1107 383 1124 :
397 1105 446 1132 ego
455 1097 526 1132 apud
539 1097 650 1129 bestias,
665 1097 707 1122 ille
722 1097 792 1130 apud
808 1095 920 1131 angelos
936 1104 943 1122 :
959 1101 1010 1129 ego
1025 1094 1051 1120 iu

254 1149 332 1171 vasta
359 1143 517 1175 solitudine,
542 1143 586 1170 ille
615 1143 687 1169 inter
705 1141 908 1169 antmnisshnas
931 1139 1052 1175 paradisi

254 1191 368 1217 arbores
383 1194 519 1216 versatur.
535 1187 740 1222 Huiuscemodi,
758 1187 883 1221 inquam,
904 1186 1053 1222 cogitatio-

257 1243 307 1262 nes
337 1234 372 1262 ad
401 1233 610 1268 prosequendos
637 1232 699 1259 illos
724 1232 825 1259 invidia
862 1231 1053 1266 fallendosque

257 1281 348 1316 ipsttm
366 1280 535 1315 impulerunt
553 1287 560 1306 :
577 1279 677 1314 quippe
697 1278 867 1312 intelligebat
881 1285 914 1306 ex
930 1285 963 1305 eo
978 1278 1051 1313 quod

257 1327 309 1354 sibi
326 1326 475 1358 acciderat,
490 1325 514 1353 si
530 1325 762 1360 peccaretAdatn,
774 1324 896 1352 futurum
913 1329 943 1352 ut
960 1329 1054 1352 rueret

257 1373 330 1400 sicut
366 1371 424 1406 ipse
451 1371 526 1406 prior
562 1371 823 1406 cecideratzatque
853 1379 885 1398 ex
922 1375 1051 1406 peccato,

256 1418 355 1445 horum
380 1417 460 1452 platte
484 1417 600 1444 alterum
626 1417 730 1444 Adamo
753 1423 917 1445 eventurunt
933 1425 1005 1451 esse,
1023 1422 1053 1445 ut

255 1464 297 1490 vel
311 1467 475 1492 moreretur.
493 1471 542 1497 pro
559 1463 612 1490 lata
628 1463 685 1498 jam
701 1469 764 1490 ante
777 1463 922 1495 sententia,
941 1463 999 1497 Quo
1010 1463 1053 1490 die

254 1510 398 1536 comederis
425 1509 456 1535 tle
487 1509 550 1541 illa,
579 1515 690 1536 mortem
715 1514 838 1544 appetes;
857 1510 897 1536 vel
923 1511 1051 1544 paradiso

253 1553 449 1588 expelleretur,
465 1557 547 1587 atque
573 1554 670 1580 deinde
685 1553 778 1579 sobole
799 1558 940 1586 procreata
956 1553 1051 1580 multi-

255 1601 402 1635 pliearetur
424 1601 575 1627 secundum
601 1599 717 1626 faustam
735 1600 808 1626 illattt
824 1601 1051 1634 apprceationent

256 1655 308 1682 qtta
320 1647 391 1675 Deus
401 1647 434 1674 ad
445 1648 508 1674 illos
518 1654 584 1673 usus
597 1646 721 1673 dixerat:
733 1646 848 1672 Crescite
856 1651 878 1673 et
890 1646 1054 1681 multiplica-

257 1695 343 1726 mini,-
360 1695 413 1719 ltoe
435 1700 498 1719 veto
515 1693 538 1719 si
553 1692 590 1718 illi
606 1693 786 1726 contingeret,
803 1696 858 1718 ttttn
876 1693 933 1719 fore
954 1697 984 1719 ttt
998 1693 1055 1727 ipse

257 1744 284 1766 et
296 1740 324 1766 in
338 1732 413 1765 ilﬁtm
425 1740 560 1773 ipsum,et
570 1739 596 1764 itt
609 1739 681 1765 illius
695 1746 803 1765 omnem
813 1738 1055 1773 posteritatemim-

257 1785 365 1820 perium
381 1789 532 1813 exerceret.
542 1784 625 1819 lgitttr
637 1785 669 1811 ad
679 1784 754 1811 illum
773 1784 919 1811 fallendum
933 1784 1055 1819 percitus

258 1835 301 1858 est
316 1838 390 1857 tttera
403 1830 516 1857 invidia.
534 1829 615 1857 Sexta
633 1831 747 1865 quaestio
762 1835 814 1862 est,
832 1839 882 1858 cur
897 1838 951 1857 non
970 1838 1053 1865 appa-

258 1877 344 1904 ruerit
366 1876 449 1904 Satan
465 1876 559 1910 primis
583 1877 743 1911 parentibus
760 1877 880 1903 humana
895 1877 998 1911 specie,
1012 1876 1054 1903 vel

257 1924 347 1951 divina
366 1924 452 1958 (quali
471 1923 709 1958 Dominusnoster
729 1923 755 1950 itt
783 1924 898 1958 monte),
911 1923 1054 1957 autﬁgura

258 1970 393 2005 majorum
424 1969 586 2002 bestiarum,
605 1969 700 2004 quales
719 1974 785 1996 sttnt
799 1969 908 2000 cameli,
923 1969 1054 2002 elephan-

259 2019 309 2046 tes,
324 2019 350 2040 et
365 2014 458 2048 ejusce
478 2014 588 2047 generis
610 2013 671 2039 alia:
689 2021 695 2040 :
721 2017 769 2038 aut
795 2013 913 2047 denique
937 2020 986 2039 cur
1000 2020 1054 2039 ttott

258 2068 308 2088 suo
323 2061 410 2095 ipsius
426 2060 537 2094 proprio
552 2065 635 2094 atque
651 2060 742 2086 nativo
761 2058 867 2091 habitu,
887 2058 934 2086 sed
949 2067 1055 2093 organo

258 2112 328 2139 opus
358 2105 496 2131 habuerit.
523 2103 593 2130 Sane
611 2103 729 2130 hutnana
745 2104 836 2138 specie
849 2110 902 2130 non
918 2103 1054 2138 apparuit,

258 2150 333 2186 quod
361 2151 444 2178 sciret
466 2150 549 2176 Evam
568 2157 622 2176 non
645 2149 771 2183 ignorare
801 2149 895 2182 alium,
914 2153 1012 2184 praeter
1025 2155 1055 2176 se

1104 908 1212 929 summo
1241 900 1347 926 honore
1367 898 1524 930 excidisset.
1542 898 1567 925 itt
1585 905 1631 924 cas
1641 899 1769 924 redactus
1782 902 1823 925 est
1838 897 1903 924 vita:

1105 947 1230 974 miserias
1253 949 1283 973 ut
1303 952 1400 980 porcos
1415 952 1528 979 pascere
1550 950 1696 979 cogeretur
1709 944 1730 959 "
1753 953 1760 970 :
1779 943 1820 971 sie
1848 944 1904 971 sci-

1103 993 1166 1020 licet
1193 993 1277 1018 Satan
1296 999 1328 1018 ex
1349 998 1399 1017 sua
1416 991 1545 1025 delapsus
1569 990 1667 1024 gloria,
1689 991 1716 1016 in
1732 997 1848 1025 anguem
1871 997 1902 1016 se

1103 1038 1264 1065 insinuavit.
1285 1037 1403 1069 Quarto,
1423 1041 1453 1062 ut
1475 1043 1538 1062 cutn
1554 1040 1624 1062 esset
1642 1035 1790 1070 aliquando
1805 1035 1904 1070 anguis

1104 1092 1186 1119 super
1201 1088 1321 1111 ventrem
1340 1090 1421 1110 suum
1438 1087 1634 1118 prorepturus;
1651 1082 1676 1109 id
1693 1083 1792 1116 ipsum,
1825 1081 1902 1108 humi

1104 1137 1224 1164 serpere,
1245 1128 1402 1163 diaboliqui
1421 1128 1448 1155 in
1464 1135 1552 1163 angue
1568 1127 1696 1160 latuerat.
1714 1127 1793 1154 nobis
1805 1134 1901 1154 casum

1104 1176 1140 1203 ob
1155 1176 1252 1203 oculos
1267 1179 1391 1210 poneret.
1408 1174 1532 1209 Denique
1548 1174 1585 1201 ita
1601 1178 1699 1200 natura
1710 1177 1900 1208 comparatum

1105 1227 1148 1249 est
1177 1225 1333 1256 serpentum
1360 1228 1458 1256 genus,
1475 1224 1505 1246 ut
1533 1219 1640 1246 occulta
1670 1218 1796 1253 quadam
1816 1218 1900 1246 veluti

1105 1267 1226 1295 fraterna
1255 1267 1354 1294 indolis
1384 1266 1549 1301 conjunctio
1575 1265 1625 1300 ipsi
1649 1272 1711 1292 cum
1728 1264 1901 1292 daemonibus

1105 1312 1256 1340 intercedat
1272 1312 1341 1348 (ιε),
1361 1313 1415 1339 etsi
1434 1319 1465 1339 ca
1496 1319 1546 1338 nos
1563 1311 1653 1337 lateat.
1667 1309 1769 1337 Octava
1784 1309 1900 1344 quas-tio

1105 1363 1157 1392 est,
1171 1366 1221 1386 cur
1235 1358 1391 1394 permiserit
1403 1358 1476 1386 Deus
1485 1357 1593 1384 Satanae
1603 1361 1631 1383 et
1645 1356 1764 1390 serpenti
1779 1357 1806 1383 in
1819 1364 1900 1391 para-

1105 1406 1195 1433 disum
1228 1405 1342 1432 introire
1360 1413 1366 1430 :
1384 1405 1440 1431 itno
1462 1411 1526 1431 vero
1542 1404 1660 1435 Satanae,
1682 1403 1817 1430 Adamum
1833 1410 1898 1430 cum

1105 1459 1191 1480 uxore
1209 1451 1314 1479 fallere.
1335 1451 1376 1478 Ad
1395 1451 1466 1477 hanc
1482 1450 1660 1484 nutus-tionem
1677 1450 1876 1484 respondemus
1888 1468 1898 1482 ,

1105 1499 1196 1525 varias
1217 1498 1253 1525 ob
1279 1505 1324 1524 res
1339 1497 1473 1532 permissa
1490 1496 1535 1523 illa
1554 1503 1627 1523 esse.
1661 1494 1789 1522 Permisit
1808 1496 1896 1525 enim,

1103 1547 1167 1573 dum
1197 1545 1306 1573 Satanae
1333 1546 1485 1572 libertatem
1513 1553 1566 1572 non
1593 1544 1731 1579 in'pediviI
1751 1544 1899 1578 quominus

1103 1596 1200 1625 suopte
1215 1591 1329 1618 arbitrio
1344 1596 1478 1622 uteretur,
1508 1590 1577 1616 sicut
1595 1597 1682 1624 neque
1697 1590 1789 1615 Oziatn
1804 1589 1899 1623 prohi-

1105 1637 1163 1664 httit
1192 1645 1207 1663 a
1226 1636 1408 1663 Sanctissimis
1433 1636 1532 1670 adytis,
1545 1643 1578 1661 ne
1595 1642 1644 1669 pro
1671 1635 1809 1669 voluptate
1825 1635 1851 1661 itt
1865 1642 1898 1662 ea

1104 1687 1277 1718 penetraret.
1292 1682 1425 1709 Praeterea
1450 1682 1514 1709 sivit
1537 1681 1608 1708 Deus
1638 1681 1682 1708 illa
1706 1682 1826 1713 evenire,
1843 1689 1899 1716 quo

1105 1728 1270 1761 ostenderet,
1288 1727 1520 1762 quemadmodum
1544 1726 1600 1754 ficti
1613 1726 1701 1761 potttit
1716 1731 1745 1753 ut
1761 1727 1896 1754 Adamum

1104 1773 1147 1800 sui
1171 1773 1316 1808 imaginem
1340 1773 1605 1807 similitudinentqne
1618 1772 1651 1799 de
1667 1776 1738 1799 terra
1760 1773 1897 1802 aboleret:

1105 1819 1142 1845 ita
1164 1826 1261 1845 rursus
1287 1825 1317 1844 se
1344 1818 1408 1844 huic
1432 1817 1482 1852 ipsi
1511 1817 1667 1852 permisisse
1689 1822 1717 1844 ut
1742 1823 1837 1852 posset
1851 1825 1899 1852 per

1106 1865 1262 1900 superbiam
1278 1870 1360 1900 atqtte
1372 1865 1471 1892 fastum
1490 1865 1618 1892 alIect-are
1635 1864 1755 1892 divinam
1770 1864 1900 1900 majesta-

1107 1918 1171 1939 tent.
1195 1912 1310 1947 Insuper
1334 1917 1363 1939 ut
1387 1920 1420 1939 tte
1449 1911 1517 1938 nihil
1543 1915 1617 1939 esset
1646 1919 1708 1938 cttm
1731 1919 1785 1946 qtto
1799 1911 1896 1938 Adami

1106 1959 1218 1985 libertas
1234 1958 1339 1986 arbitrii
1355 1963 1448 1994 posset
1466 1957 1607 1985 decertare
1624 1957 1761 1992 :denique
1779 1961 1807 1984 ut
1823 1957 1897 1992 peri-

1106 2005 1199 2031 culutn
1215 2004 1292 2031 fieret
1308 2004 1342 2031 de
1352 2004 1458 2030 Adamo
1475 2003 1663 2030 observansue
1677 2002 1796 2029 mandati
1811 2002 1897 2028 divini

1107 2055 1192 2084 esset,
1211 2057 1245 2077 an
1263 2050 1386 2077 ntininte.
1418 2049 1502 2076 Erant
1528 2050 1611 2084 igitur
1636 2057 1699 2076 ctttu
1723 2050 1804 2076 arbor
1826 2049 1896 2084 ipsa,

1106 2102 1163 2124 tntn
1193 2096 1310 2124 Satanas
1327 2101 1409 2130 atque
1426 2103 1538 2130 serpens
1553 2095 1585 2122 ad
1612 2095 1808 2130 explorandam
1833 2094 1899 2121 Atla:

1107 2143 1212 2169 arbitrii
1228 2143 1383 2170 libertatem
1398 2142 1606 2169 accommodata
1621 2139 1899 2168 instrumenta.Nona

259 2202 398 2228 suumque
425 2195 553 2221 maritum
584 2193 721 2220 hominem
739 2193 844 2220 nullutn
869 2201 945 2226 esse;
964 2201 1052 2228 neque
1068 2201 1090 2229 ι)
1107 2190 1222 2224 quaestio
1249 2189 1405 2223 hujttsmodi
1435 2193 1476 2215 est
1498 2196 1506 2215 :
1533 2186 1588 2214 Cur
1616 2187 1698 2221 angui
1728 2186 1900 2214 tnaletlixerit

260 2248 325 2268 vero
347 2240 417 2267 Deus
433 2241 484 2274 ipsi
499 2239 676 2274 permittebat
693 2245 723 2266 ut
739 2239 877 2266 hominem
896 2239 1050 2273 simularet,

259 2296 294 2315 ne
319 2287 421 2321 justam
443 2287 554 2313 haberet
580 2286 634 2312 Eva
651 2286 753 2312 erroris
771 2285 813 2312 sui
836 2285 1050 2318 excusationem,

259 2332 416 2366 conspicata
448 2330 585 2357 hominem
604 2329 656 2357 sibi
668 2329 782 2357 similem
799 2336 813 2356 a
826 2336 881 2364 quo
902 2329 1051 2357 falleretur.

259 2376 346 2404 Porro
370 2376 480 2410 divina,
498 2375 540 2403 vel
557 2375 693 2410 majorum
720 2374 871 2402 bestiarum
891 2375 976 2410 ﬁgura
998 2381 1051 2401 non

262 2425 399 2460 apparuit,
418 2425 492 2460 quod
518 2425 561 2451 hae
582 2424 687 2459 species
705 2424 791 2451 nimio
807 2428 881 2451 metu
898 2424 1056 2451 concussis—

261 2476 322 2500 sent
344 2471 607 2507 perturbassentque
638 2470 791 2502 mulierem,
809 2470 909 2497 nedum
932 2469 967 2497 ad
1005 2477 1055 2497 au-

262 2518 436 2545 scultandum
465 2516 557 2543 verbis
571 2516 630 2543 suis
658 2515 839 2543 induxissent.
856 2515 911 2542 Sua
938 2515 1056 2550 denique

261 2563 348 2599 ipsius
372 2563 491 2590 naturali
516 2562 606 2596 specie
629 2570 682 2588 non
698 2566 740 2588 est
761 2561 833 2588 illam
850 2561 976 2594 adortus,
991 2562 1060 2596 quia

261 2609 350 2643 magis
377 2610 458 2637 etiam
493 2612 665 2636 consterttata
685 2607 744 2642 ipsa
768 2605 866 2634 fuisset
889 2607 911 2634 si
928 2606 988 2641 ejus
1004 2607 1052 2642 qui

260 2655 369 2683 videndi
388 2662 499 2683 sensum
523 2654 627 2681 falleret
646 2654 726 2680 verba
745 2652 883 2685 audisset;
899 2660 985 2687 eoque
1005 2652 1058 2680 mi-

271 2743 293 2758 “
309 2743 378 2770 Luc.
395 2751 441 2776 xv,
461 2742 491 2770 Η
508 2750 588 2777 seqq.

1106 2235 1188 2268 Deus,
1214 2235 1262 2270 qui
1289 2235 1395 2262 nullum
1425 2234 1516 2261 scelus
1545 2237 1675 2267 patrarat.
1700 2231 1809 2260 Satanae
1833 2240 1900 2259 vero

1105 2281 1199 2317 ﬂagitii
1223 2289 1269 2308 reo
1293 2281 1430 2315 noxioque
1454 2280 1522 2307 nihil
1552 2278 1617 2305 tnali
1641 2278 1810 2312 imprecatus
1836 2277 1899 2305 sit?

1106 2336 1195 2363 neque
1205 2328 1277 2355 enim
1289 2328 1377 2355 libero
1387 2326 1514 2354 utebatur
1525 2324 1622 2359 anguis
1634 2324 1759 2357 arbitrio,
1772 2328 1800 2350 ut
1808 2317 1901 2359 posset

1107 2382 1136 2402 se
1152 2373 1261 2401 Satanre
1283 2381 1332 2408 pro
1355 2374 1539 2400 instrumento
1560 2378 1613 2398 non
1630 2374 1770 2405 praestare.
1786 2369 1825 2397 Ad
1842 2371 1901 2397 haec

1107 2420 1225 2448 dicimus
1257 2420 1419 2447 detestatum
1448 2426 1508 2446 esse
1534 2424 1650 2452 anguem
1681 2421 1711 2443 ut
1736 2416 1787 2443 ltoc
1809 2416 1899 2451 ipsqu

1108 2466 1218 2494 Satanae
1242 2466 1386 2494 molestum
1417 2466 1563 2496 accideret,
1581 2464 1628 2498 qui
1649 2463 1698 2490 illo
1714 2463 1841 2490 utebatur
1858 2463 1903 2489 in-

1109 2518 1278 2546 strumento;
1296 2511 1382 2539 veluti
1406 2511 1429 2539 si
1453 2510 1516 2546 quis
1534 2510 1670 2537 musicum
1688 2509 1902 2536 instrumentum

1109 2558 1275 2593 confringat,
1290 2565 1345 2593 quo
1361 2565 1423 2586 eum
1445 2557 1491 2592 qui
1508 2557 1555 2583 illo
1587 2555 1704 2583 canebat
1735 2554 1875 2582 excruciet
1894 2562 1901 2580 :

1109 2612 1212 2640 equum
1242 2605 1371 2631 nimirum
1398 2603 1516 2640 graviter
1543 2601 1700 2637 prostravit,
1716 2605 1746 2628 ut
1767 2607 1903 2628 sessorem

1114 2652 1197 2680 simul
1214 2655 1421 2683 consterneret;
1440 2656 1592 2684 navemque
1619 2647 1764 2680 subvertit,
1787 2651 1817 2673 ttt
1836 2652 1904 2673 nau-

296 2821 354 2860 (_t2)
370 2821 456 2850 Caute
468 2821 618 2857 lcge;nam
635 2821 788 2850 similitudo
803 2821 937 2860 quaedam;
960 2820 1074 2856 indolis,
1094 2829 1149 2851 non
1194 2821 1315 2851 fraterna
1342 2822 1501 2858 coniunctio
1528 2822 1598 2850 inest
1625 2819 1739 2849 eolubro
1760 2826 1822 2847 cum
1843 2817 1906 2846 dia-

261 2855 338 2884 bolo.
