2020 3080
150 125 197 157 59.1

715 127 764 158 DE
786 126 983 157 PARADISO.
1006 140 1038 145 -
1057 127 1154 157 PARS
1174 126 1199 157 Ι.

1721 123 1773 154 522

149 190 203 211 tam
233 184 373 211 multaret.
401 183 564 218 Serpentem
591 189 656 218 ergo
686 183 839 211 maledictis
866 182 1048 215 feriitAllatc
1079 187 1188 217 propter
1216 180 1389 209 Hebraeorum
1422 185 1532 214 quoque
1561 177 1773 206 imbecillitatem

149 229 230 262 Deus,
248 234 276 256 ut
292 229 421 256 Satanam
452 229 545 257 dolore
572 233 683 264 angeret
705 229 751 263 qni
767 229 793 256 in
810 233 939 264 serpente

149 275 329 309 loquebatur;
357 274 428 301 sicut
455 279 483 301 et
508 273 640 308 legionem
668 273 765 301 alilixit
799 274 938 309 perdendo

148 327 249 355 porcos
259 320 281 336 ⁶⁰
297 329 303 346 :
320 319 402 347 simul
415 324 498 353 atque
513 319 585 346 enim
601 318 718 346 Satanas
730 319 871 353 conspexit
887 327 938 346 an-

151 373 228 400 guem
239 365 349 392 amissis
361 365 475 399 pedibus
492 365 568 391 humi
580 365 708 398 volutari,
725 365 824 392 acerbo
837 372 939 400 angore

149 411 323 438 excruciatus
350 415 401 438 est.
419 409 553 437 Praeterea
580 410 640 437 ideo
665 418 774 445 quoque
799 410 940 437 maledixit

149 455 280 489 serpenti,
298 454 370 490 quod
396 455 502 482 Adamo
520 459 603 488 atque
625 454 687 482 Eva:
710 455 838 489 peccandi
856 462 937 482 causa

149 501 318 533 exstitisset;
343 499 414 527 sicut
444 499 598 534 jumentum
624 499 758 534 lapidibus
773 500 939 527 obruebatur

150 552 213 572 cum
227 553 282 580 quo
298 553 398 580 corpus
422 546 571 573 miscuerat
586 545 705 578 homo",
723 553 756 573 eo
769 547 840 580 quod
854 554 938 574 causa

151 591 214 617 muli
231 591 343 624 luisset;
359 591 489 626 scriptum
505 596 547 618 est
558 592 632 618 enim
651 600 658 618 :
676 591 717 618 En
741 592 841 619 malum
859 594 937 626 venit,

150 636 194 663 sed
204 644 240 663 rw
249 636 290 662 illi
302 645 348 670 per
356 645 431 670 quem
442 638 509 664 venit
520 638 554 665 “.
564 639 604 664 Ad
616 639 672 666 haec
681 639 718 666 ita
729 639 868 666 maledixit
880 648 938 668 scr-

149 683 223 717 penli
243 687 352 717 propter
370 683 510 716 Satanam,
526 689 555 710 ut
573 690 652 711 terra:
665 691 775 719 propter
790 685 936 713 Adamum.

150 728 265 762 insuper
284 729 333 756 hac
357 730 438 756 etiam
468 730 501 757 de
527 738 610 757 causa
640 731 780 758 maledixit
806 733 936 766 serpenti,

149 781 203 808 quo
215 774 299 801 Adam
315 774 423 809 Evaqne
432 775 488 809 (ubi
506 775 629 803 viderent
645 781 776 811 quautam
791 778 938 804 sustineret

148 826 260 853 serpens
286 827 318 846 ex
345 820 437 847 divina
464 821 657 849 maledictione
674 822 799 854 multam,
822 823 937 857 pedibus

990 227 1079 255 noluit
1113 227 1201 255 Moses
1238 226 1362 261 spiritum
1400 226 1469 252 intra
1503 232 1618 260 anguem
1648 224 1776 252 latentem

990 273 1124 308 prodere;
1147 282 1181 301 ne
1203 272 1306 301 scilicet
1322 272 1363 300 illi
1387 271 1573 299 adversariam
1590 270 1645 298 Deo
1659 275 1777 304 potesta-

990 323 1044 346 tem
1061 326 1121 346 esse
1141 318 1223 346 ullam
1248 320 1435 353 opinarentur,
1458 324 1518 351 quze
1541 316 1691 351 majoribus
1706 316 1777 344 freta

989 365 1094 391 viribus
1119 368 1212 399 posset
1238 363 1341 398 aliquid
1358 363 1443 390 invito
1457 369 1537 397 agere
1552 362 1617 390 Deo.
1632 361 1699 388 Nam
1717 362 1778 390 ideo

989 410 1071 437 ctiam
1088 410 1246 445 angelorum
1265 409 1338 436 nulla
1356 413 1398 436 est
1413 417 1427 436 a
1443 408 1516 436 Mose
1531 407 1602 436 facta
1625 408 1728 436 mentio
1744 408 1778 436 ad

989 455 1087 490 Agaris
1100 463 1186 491 usque
1194 460 1312 488 aetatem,
1324 463 1359 482 ne
1373 454 1457 482 Judaei
1472 453 1677 489 suspicarentur
1687 453 1778 488 plures

989 509 1050 529 esse
1066 502 1142 529 deos.
1161 501 1274 536 Insuper
1295 501 1420 536 quamvis
1437 508 1492 528 non
1517 504 1612 535 aperte
1639 500 1778 529 maledixit

991 547 1100 574 Satanae
1120 547 1208 579 Deus,
1241 552 1329 574 tamen
1349 547 1456 575 occulte
1472 551 1554 581 atque
1571 546 1731 574 abscondite
1754 545 1779 573 id

989 593 1023 620 ab
1055 593 1102 620 illo
1130 593 1249 620 maxime
1275 598 1366 620 actutn
1405 601 1466 621 esse
1496 592 1676 620 allirmamus.
1711 592 1779 619 llum

988 637 1060 665 enim
1070 645 1197 673 expresse
1208 645 1324 674 anguem
1336 639 1542 671 exsecrahatur,
1556 638 1637 665 tacite
1649 637 1780 665 Satanam

989 683 1139 710 maledictis
1152 684 1367 719 perstringebat;
1378 684 1448 717 quod
1459 689 1518 719 post
1531 682 1780 718 prohabimus,‘_l)eo

986 729 1110 763 juvante.
1130 729 1206 756 llanc
1231 730 1304 756 enim
1336 729 1444 756 Satame
1461 729 1680 756 maledictionem
1708 728 1781 755 clare

989 778 1107 808 arguunt
1122 773 1167 800 illa
1184 773 1285 801 Christi
1300 774 1381 801 verba
1395 775 1421 802 in
1434 774 1581 810 Evangelio
1594 783 1600 802 :
1620 774 1690 807 Quia
1704 774 1777 808 prin-

989 827 1047 852 ceps
1079 820 1171 846 mundi
1199 820 1277 854 hujus
1293 820 1352 854 jam
1371 820 1507 855 judicatus
1528 825 1566 847 est
1587 821 1620 848 °'.
1637 820 1670 847 Et
1687 822 1749 849 alibi
1771 831 1778 848 :

148 864 232 892 orbus
244 870 325 900 atque
338 873 419 901 super
438 872 559 894 ventrem
574 868 748 902 proreptans)
765 856 938 896 animadver-
955 856 973 883 Β
989 865 1119 892 Discedite
1128 873 1201 898 ama,
1214 866 1358 899 maledicti,
1368 867 1489 901 injgnem
1499 867 1687 901 aateruum,qui
1695 876 1779 902 para-

150 916 237 939 tereut
261 917 342 947 atque
360 913 542 948 intelligerent
559 913 585 940 in
603 920 684 948 quam
704 921 811 948 gravem
829 914 938 940 incidis-

149 961 211 985 Sent
238 964 371 988 errorem,
388 962 577 992 quantumque
602 958 734 992 ﬂagitium
762 958 939 986 admisissent

150 1003 270 1037 serpenti
297 1003 516 1038 obtemperantes
531 1011 539 1031 :
555 1011 587 1030 ac
603 1003 717 1038 proinde
749 1004 776 1030 in
798 1008 937 1038 posterum

150 1056 250 1082 magno
263 1053 335 1076 metu
352 1049 569 1076 continerentur.
588 1048 640 1076 Sed
653 1049 728 1084 juvet
742 1050 813 1084 apud
829 1057 877 1078 eos
891 1050 938 1085 qui

149 1093 221 1120 hanc
237 1099 345 1121 movent
367 1095 544 1129 quaestionem
572 1094 623 1121 hac
646 1099 772 1121 mutuum
787 1095 938 1130 qumstione

149 1140 188 1167 uti
206 1148 213 1166 :
229 1140 302 1166 itane
318 1148 376 1172 vos,
391 1141 524 1175 serpentis
538 1140 694 1167 virnlicandi
710 1141 796 1175 gratia
815 1141 938 1175 quaeritis

148 1193 197 1213 cur
223 1186 412 1213 exsecratione
427 1186 584 1220 perstrictus
609 1186 644 1212 sit
659 1185 706 1220 qui
723 1185 837 1213 arbitrio
853 1186 938 1213 libero

150 1232 262 1259 minimc
287 1233 405 1260 donatus
430 1232 492 1260 mali
508 1233 544 1259 nil
564 1233 703 1268 patt‘arat?
718 1232 818 1265 dicite,
832 1240 937 1267 quaeso,

149 1279 268 1306 vicissim
282 1278 360 1310 mihi.
380 1285 430 1305 cur
445 1277 520 1311 ἴθι-ιιι,
545 1278 680 1312 jumcnta,
697 1278 822 1305 volucres
837 1278 938 1305 diluvio

149 1326 267 1360 periere,
290 1333 349 1360 qua:
366 1332 420 1352 non
448 1324 639 1358 deliquerunt?
655 1329 703 1351 aut
729 1325 793 1359 quid
814 1332 938 1352 meruere

149 1377 228 1403 oves,
247 1371 383 1406 bovesque
403 1375 430 1398 et
444 1378 508 1398 aves
523 1378 583 1405 qua-
605 1370 728 1405 quotidie
757 1371 880 1398 insontes
904 1370 936 1397 ad

149 1415 282 1444 sacriﬁcia
306 1416 495 1444 debebantur?
522 1416 591 1449 Quid
615 1416 810 1444 commiserant
841 1423 936 1450 pecora

147 1461 211 1495 Job,
219 1470 280 1496 quae
293 1462 402 1489 innoxia
413 1470 474 1489 eum
492 1467 594 1494 essent,
603 1462 658 1498 igni
670 1466 734 1489 sunt
747 1461 846 1489 tradita
856 1462 939 1489 devo-

148 1507 253 1534 rando?
276 1507 333 1534 Cur
358 1506 485 1535 Christus
508 1507 607 1542 legioni
628 1507 752 1542 permisit
781 1514 879 1541 porcos
909 1507 935 1534 in

149 1553 218 1580 mari
236 1552 421 1584 sutl'oeandos,
438 1553 484 1588 qui
500 1560 554 1580 non
573 1553 738 1588 peccarant?
760 1552 816 1580 Cur
831 1552 937 1580 sacrifi-

149 1599 295 1631 cabantur,
323 1598 562 1633 oﬂ'ercbantttrque
590 1598 725 1626 columbae
756 1606 789 1626 ac
817 1602 937 1626 turtures

150 1653 200 1682 pro
212 1646 354 1680 expiandis
364 1645 482 1680 peceatis
497 1652 614 1680 quorum
630 1645 695 1680 ipsa:
708 1649 832 1680 expertes
844 1645 938 1672 erant?

150 1691 206 1719 Cur
223 1691 281 1719 ovis
300 1699 348 1726 pro
367 1690 457 1726 populi
471 1690 657 1726 redemptione
672 1691 876 1723 immolabatur,
890 1696 937 1718 aut

152 1740 249 1766 hmdus
270 1739 438 1766 mactabatur
453 1747 501 1773 pro
516 1737 640 1766 ecclesia:
654 1737 802 1772 impietate,
821 1737 862 1764 vel
885 1737 936 1765 bos

151 1791 201 1820 pro
216 1784 358 1812 sacerdote
385 1784 528 1820 improbo,
553 1791 615 1811 cum
640 1791 728 1818 neque
754 1783 823 1816 ovis,
846 1791 935 1818 neque

152 1831 259 1862 hmdus,
277 1838 363 1865 neque
385 1830 435 1858 bos
458 1829 654 1865 deliquissent?
670 1829 726 1856 Cur
750 1829 934 1861 contumeliis,

151 1876 207 1903 imo
219 1875 299 1902 etiam
317 1881 403 1902 morte
419 1875 507 1903 aﬂ‘eeti
529 1880 592 1902 sunt
608 1882 656 1910 pro
671 1875 772 1909 populo
799 1875 936 1909 prophetae

151 1919 467 1952 innocentissimi?Quid
495 1918 638 1947 Christus?
660 1926 749 1946 neuue
772 1919 934 1954 supplicium

151 1965 240 1992 crucis
256 1964 385 1992 sustinuit
401 1971 449 1999 pro
466 1965 568 1992 nostris
582 1964 702 1998 peccatis
713 1963 724 1990 ?
735 1963 790 1991 Cur
802 1971 867 1999 ergo
877 1971 933 1991 ser-

150 2012 240 2047 pentis
264 2011 375 2038 multam
405 2010 725 2046 suggillatis?Numquid
754 2011 860 2046 aequius
874 2019 936 2039 esse

151 2059 286 2086 duceretis
299 2058 321 2085 si
334 2057 466 2084 Adamum
485 2057 557 2084 Deus
574 2057 762 2084 maledictione
777 2057 934 2088 multasset,

150 2107 303 2138 serpentem
315 2111 377 2130 vero
389 2103 497 2129 interim
510 2102 544 2129 ab
557 2102 631 2128 onmi
643 2110 714 2129 noxa
727 2102 842 2129 liberum
854 2107 936 2137 atque

150 2150 289 2184 impunem
307 2148 444 2176 habuisset
462 2148 473 2174 ἵ
486 2147 716 2175 Destituendusne
731 2148 779 2175 tibi
794 2148 937 2176 videbatur

150 2195 273 2222 Adamus
298 2198 372 2221 tanta
399 2192 505 2228 gloria,
535 2197 663 2227 tatitoque
687 2193 809 2225 honore,
840 2194 936 2228 anguis

150 2247 217 2270 vero
245 2248 278 2267 ne
304 2239 418 2275 pedibus
451 2239 560 2275 quidem
591 2238 780 2267 mutilandus‘!
803 2239 855 2266 Sed
880 2240 936 2274 jam

150 2286 263 2314 dicent:
277 2286 331 2313 Cur
347 2286 443 2313 saltem
464 2293 518 2313 non
538 2286 621 2312 etiam
644 2285 775 2312 Satanam
796 2286 878 2313 simul
896 2291 938 2313 est.

149 2338 308 2359 exsecratus
334 2339 396 2358 cum
428 2332 576 2367 serpente?
611 2339 706 2358 verum
740 2332 937 2366 respondemus

150 2377 237 2405 Deum
250 2377 352 2406 idcirco
367 2385 420 2405 non
436 2371 615 2406 maledixisso
627 2377 735 2405 Satanae
747 2378 855 2414 (l5),ne
866 2377 939 2405 Ada-

150 2431 212 2451 mus
225 2423 334 2458 Evaque
345 2424 594 2452 animadverterent
605 2423 731 2458 spiritum
753 2424 871 2459 aliquem
885 2431 938 2452 non

150 2468 343 2505 aspectabilem
371 2478 449 2503 esse,
464 2478 550 2506 eoque
568 2470 595 2498 in
613 2471 699 2497 multo
721 2470 838 2506 majores
858 2477 937 2505 rape-

151 2521 246 2543 rentur
261 2523 368 2543 errores
382 2524 388 2542 :
401 2523 489 2550 neque
506 2516 578 2543 enim
595 2516 684 2543 adhuc
698 2515 820 2543 sciebant
834 2515 936 2550 aliquid

150 2568 211 2590 esse
240 2565 337 2596 praeter
365 2560 460 2594 Deum,
477 2561 549 2596 quod
571 2560 659 2589 oculis
681 2560 756 2589 cerni
774 2565 886 2595 posset:
902 2560 935 2587 ad

205 2643 228 2659 "
254 2641 349 2669 Matth.
365 2649 425 2674 xm,
438 2641 482 2675 5i,
502 2640 546 2668 3‘2.

192 2720 255 2756 (IS),
265 2719 380 2756 Temere
395 2719 447 2745 ista
474 2716 572 2756 astruit
584 2715 739 2756 Bar-‘Ceplia
755 2722 816 2756 cum
829 2720 932 2743 certum

155 2750 201 2784 sit‘
218 2750 351 2781 It'damum
375 2754 400 2780 in
424 2751 720 2790 paradisoexcellenti
744 2750 861 2790 quadam
886 2758 935 2790 ρο-

155 2791 275 2825 gnitione
297 2789 407 2825 novisse
425 2785 763 2825 'substantiasspiritales,
823 2789 865 2811 est
880 2785 935 2810 An-

153 2819 226 2860 icius
240 2824 268 2853 S.
290 2824 388 2852 Thom.
423 2831 431 2850 ι
447 2827 516 2858 part.
535 2829 562 2856 q.
575 2821 620 2854 95,
631 2819 718 2849 'art.‘2
732 2821 765 2848 ad
776 2819 856 2848 tinem
875 2825 936 2847 cor-

312 2874 446 2906 ΡΑτιιοι..
462 2871 519 2903 Gn.
540 2869 613 2901 CXI.

604 2641 624 2656 "
646 2640 734 2668 Levii.
748 2647 795 2673 xx,
811 2640 855 2667 15.
894 2639 916 2655 ⁸³
937 2639 1033 2667 Matth.
1069 2647 1146 2674 xvm,
1162 2640 1188 2667 6.

990 915 1031 937 tua
1040 915 1078 937 est
1089 911 1193 938 diabolo
1201 916 1225 938 et
1234 912 1334 946 angelis
1347 912 1414 946 ejm.
1428 912 1537 939 Decima
1547 914 1660 947 quaestio
1668 918 1720 943 est.
1731 920 1780 940 cur

989 955 1077 983 Moses
1093 961 1244 991 serpentem
1258 957 1398 992 scripserit
1410 959 1569 985 astutiorem
1587 958 1672 985 fuisse
1684 958 1779 986 bestiis

990 1001 1059 1036 agri,
1079 1009 1133 1029 non
1149 1006 1240 1030 autem
1258 1003 1472 1038 prudentiorem.
1493 1004 1534 1031 Ad
1547 1004 1618 1032 hanc
1631 1005 1780 1039 responde-

989 1053 1052 1074 mus
1083 1047 1254 1081 prudentiam
1269 1048 1360 1076 virtuti
1373 1048 1479 1076 amnem
1502 1056 1584 1082 esse;
1601 1053 1690 1077 ustum
1703 1057 1778 1083 vero,

989 1092 1073 1120 vitiis.
1091 1092 1126 1120 Et
1144 1098 1208 1120 sunt
1226 1093 1294 1121 inter
1319 1094 1419 1122 bestias
1440 1095 1500 1122 alite
1529 1095 1691 1129 hebetiores,
1719 1097 1780 1123 aliae

988 1138 1158 1167 callidiores:
1180 1147 1268 1173 neque
1297 1139 1340 1167 hic
1364 1139 1471 1175 Moyses
1486 1148 1614 1176 anguem,
1637 1143 1778 1170 hominum

988 1184 1201 1218 comparatione,
1213 1185 1421 1213 callidissimum
1441 1187 1638 1220 pronuntiavit,
1656 1189 1701 1215 sed
1715 1196 1778 1216 cum

989 1229 1097 1257 caeteris
1126 1230 1255 1257 collatum
1273 1231 1378 1264 bestiis,
1407 1232 1564 1260 hominibus
1586 1240 1652 1260 vero
1670 1235 1779 1269 propria

988 1275 1122 1310 sapientia
1134 1276 1333 1311 prudentiaque
1356 1277 1437 1304 tribui
1453 1277 1534 1311 solet,
1547 1279 1592 1313 qui
1605 1279 1708 1314 alioqui
1723 1287 1779 1307 non

989 1322 1077 1349 solum
1092 1326 1204 1349 tta-teras
1217 1322 1382 1355 animantes,
1409 1324 1456 1350 sed
1472 1323 1546 1359 ipsos
1560 1324 1641 1352 etiam
1675 1332 1779 1361 angues

988 1372 1049 1394 astu
1066 1370 1146 1401 atque
1159 1367 1267 1394 solertia
1280 1368 1359 1402 longe
1374 1374 1512 1397 antceunt.

1252 1415 1367 1442 CAPUT
1389 1415 1509 1444 XXVIII.

1025 1460 1097 1495 (15")
1111 1460 1226 1496 Scripsit
1240 1466 1331 1488 autent
1350 1461 1446 1490 beatus
1461 1462 1550 1492 Moses
1562 1464 1595 1492 de
1603 1465 1732 1500 paradiso
1745 1466 1778 1493 ad

951 1519 974 1550 c
991 1506 1063 1532 hunc
1077 1507 1186 1534 modum
1205 1515 1212 1534 :
1231 1506 1264 1533 Et
1281 1507 1448 1541 pluntoveral
1462 1509 1594 1537 Dominus
1609 1510 1680 1538 Deus
1694 1520 1778 1546 paro-

990 1551 1078 1578 disum
1094 1552 1120 1577 in
1146 1551 1221 1578 Eden
1241 1551 1273 1578 ab
1296 1552 1373 1579 initio
1392 1552 1426 1580 “.
1451 1553 1484 1580 Et
1506 1554 1530 1582 si
1551 1556 1696 1589 paradisus
1715 1561 1779 1585 ante

988 1597 1121 1624 Adamum
1138 1597 1264 1625 conditus
1285 1603 1359 1626 esset
1382 1603 1474 1627 tamen
1509 1600 1597 1630 Moses
1613 1608 1705 1632 creato
1718 1605 1775 1639 jam

989 1642 1094 1670 Adamo
1117 1644 1217 1679 agitde
1250 1645 1357 1672 consito
1390 1647 1529 1681 paradiso,
1559 1648 1689 1678 nimirum
1712 1651 1777 1686 quia

989 1689 1134 1716 revertitur
1159 1689 1192 1716 ad
1213 1690 1381 1725 superiorem
1407 1692 1562 1722 historiam.
1579 1694 1647 1722 Nam
1662 1703 1725 1724 eum
1742 1698 1777 1725 ab

988 1734 1022 1762 iis
1038 1734 1072 1762 de
1097 1735 1199 1770 quibus
1219 1736 1245 1763 in
1263 1743 1311 1764 sex
1338 1737 1436 1766 diebus
1458 1738 1631 1774 loquebatur,
1654 1743 1776 1771 nondum

988 1781 1107 1816 perfecta
1123 1781 1279 1809 narratione
1294 1783 1431 1817 digressus
1446 1784 1528 1813 fuerit
1542 1806 1550 1819 ,
1566 1787 1636 1814 redit
1651 1796 1724 1817 nunc
1742 1790 1775 1817 ad

988 1827 1184 1855 absolvendam
1221 1828 1294 1855 illam
1323 1829 1525 1864 narrationem,
1555 1840 1642 1868 eaque
1671 1836 1776 1864 ratione

988 1873 1043 1908 agit
1062 1873 1116 1905 hic,
1139 1878 1201 1908 post
1220 1878 1343 1902 creatum
1360 1875 1506 1909 Adamum,
1531 1878 1565 1905 de
1581 1880 1709 1913 paradiso
1729 1883 1775 1916 qui

988 1919 1091 1954 alioqui
1109 1923 1173 1947 ante
1188 1919 1263 1946 illum
1286 1919 1376 1947 fuerat
1390 1921 1528 1950 conditus.
1544 1922 1604 1951 Jam
1623 1933 1687 1953 vero
1709 1927 1775 1961 quid

988 1964 1024 1992 sit
1041 1964 1197 1999 paradisus,
1210 1969 1237 1992 et
1250 1972 1301 1992 cur
1316 1973 1331 1993 ιι
1346 1966 1401 1994 Deo
1416 1968 1551 2001 consitus,
1567 1978 1623 2004 quo
1638 1971 1702 1999 item
1718 1972 1776 2007 die,

987 2015 1014 2038 et
1027 2010 1072 2037 ubi
1088 2010 1221 2043 locorum,
1239 2010 1265 2037 in
1277 2015 1384 2039 terrane
1397 2019 1431 2039 an
1447 2013 1473 2040 in
1488 2010 1566 2047 e'telo,
1579 2015 1641 2042 etin
1652 2024 1703 2051 qua
1715 2021 1776 2045 tan-

987 2057 1048 2084 dem
1067 2055 1163 2084 mundi
1177 2057 1288 2091 regione
1301 2057 1420 2092 positus,
1436 2063 1493 2086 tum
1508 2067 1569 2094 qua:
1584 2061 1637 2089 huc
1651 2068 1776 2097 spectant

988 2102 1039 2129 alia
1066 2110 1150 2137 supra
1174 2106 1237 2129 sunt
1256 2109 1271 2129 a
1292 2103 1372 2130 nobis
1388 2103 1446 2132 suis
1483 2105 1634 2141 disceptata
1658 2109 1774 2137 rationi-

988 2149 1049 2176 bus.
1062 2147 1197 2175 Caeterum
1215 2146 1286 2174 Eden
1303 2148 1378 2177 locus
1394 2154 1434 2177 est
1447 2158 1574 2180 amoenus
1588 2156 1670 2188 atque
1683 2155 1775 2183 omnis

952 2185 974 2213 Ι)
989 2192 1097 2229 generis
1111 2193 1255 2220 arboribus
1270 2193 1373 2226 varius,
1393 2195 1420 2221 in
1435 2202 1489 2229 quo
1502 2196 1562 2224 loco
1577 2185 1648 2225 Deus
1667 2199 1776 2233 paradi-

988 2245 1048 2265 sum
1065 2238 1208 2266 consuevit
1230 2241 1312 2272 atque
1333 2240 1479 2274 disposuit.
1504 2240 1568 2269 Haec
1580 2243 1653 2270 enim
1670 2244 1751 2271 verba
1766 2253 1774 2272 :

990 2282 1025 2309 Et
1046 2284 1212 2317 plantarum!
1237 2283 1366 2311 Dominus
1390 2284 1460 2312 Dem
1481 2286 1637 2320 paradisum
1650 2308 1658 2321 ,
1681 2294 1774 2323 aperte

988 2329 1145 2360 ostendunt.
1169 2336 1342 2364 nequaquam
1357 2330 1391 2358 ab
1413 2331 1525 2360 homine
1543 2332 1620 2360 illum
1635 2341 1695 2361 esse
1707 2341 1771 2361 con-

991 2374 1074 2401 situm
1091 2374 1323 2411 dispositumque
1338 2396 1347 2407 ,
1373 2377 1485 2411 perinde
1518 2385 1551 2405 ac
1585 2378 1643 2406 Noe
1667 2379 1791 2407 vineam.

987 2420 1129 2455 plantavit,
1144 2426 1192 2448 aut
1204 2426 1234 2449 ut
1247 2422 1303 2455 jam
1316 2429 1464 2450 conserunt
1476 2424 1607 2452 mortales
1619 2425 1773 2459 paradisos,

986 2466 1156 2501 hortosque;
1174 2466 1221 2494 sed
1239 2467 1322 2494 Deum
1341 2467 1443 2502 ipsum,
1464 2476 1515 2496 suo
1538 2469 1626 2503 ipsius
1643 2469 1734 2497 studio
1749 2475 1774 2497 et

986 2513 1116 2540 mandato
1131 2513 1205 2540 illum
1222 2513 1361 2547 plantasse
1380 2514 1453 2542 sicut
1467 2514 1504 2541 ait
1521 2514 1626 2542 Psaltes
1639 2515 1723 2542 David
1740 2515 1775 2543 de

985 2557 1041 2586 Deo
1067 2559 1149 2586 verba
1166 2558 1270 2587 faciens
1294 2568 1302 2586 :
1329 2559 1363 2586 Et
1386 2559 1458 2586 cedri
1472 2559 1568 2587 Libani
1582 2568 1648 2595 quas
1667 2561 1775 2595 planta.

1263 2640 1286 2656 "
1305 2640 1384 2667 Joan.
1398 2647 1454 2671 xvr,
1472 2640 1514 2667 tl.
1577 2638 1600 2654 ἰ
1619 2638 1685 2666 Gen.
1704 2645 1733 2672 ll,
1746 2639 1772 2666 8.

991 2719 1172 2784 ῃοδὲῧῒὶὶοο
1200 2749 1290 2783 capite
1308 2748 1396 2777 'verba
1422 2748 1504 2777 Hosis
1528 2749 1562 2777 de
1578 2749 1713 2784 paradiso,
1730 2756 1774 2776 re-

989 2785 1095 2819 busque
1118 2792 1150 2811 eo
1170 2784 1375 2819 spectantibus:
1399 2792 1453 2811 non
1477 2785 1592 2819 mystico
1619 2791 1712 2818 sensu,
1727 2785 1774 2812 sed

990 2819 1056 2855 ipsis
1070 2819 1278 2849 accommodata
1293 2819 1375 2850 rebus
1393 2819 1576 2855 explicantur.

958 2884 1000 2902 .-.~
1133 2880 1136 2882 λ
1579 2863 1610 2898 ιτ
