2020 3080
240 97 292 129 523

871 87 960 117 MOSI
967 88 986 116 S
1008 85 1084 114 ΒΑΗ
1101 84 1223 114 CEPHA

1809 82 1861 112 :‘2'.

242 152 323 178 uit“.
350 149 383 176 Et
406 157 471 176 vero
487 149 550 176 hinc
571 148 652 175 etiam
680 149 797 175 constat,
823 143 977 178 paradisum
992 141 1025 168 ab
1041 148 1062 175 Α
1077 140 1231 174 ingessisse,
1248 145 1379 172 suamque
1402 145 1494 164 vocem
1510 137 1594 171 ipsius
1612 137 1798 172 intelligentia
1817 146 1861 165 re-

243 198 302 231 ipso
317 196 373 223 Deo
386 202 445 222 esse
461 195 608 229 plantatum
622 212 629 224 ,
656 190 728 226 quod
744 189 883 223 Scriptura
899 188 979 218 dicat,
994 186 1025 212 ab

247 243 335 269 initio.
354 240 481 275 Sequitur
495 239 564 274 apud
580 239 671 264 Mosen
689 245 695 262 :
723 235 756 261 Et
780 235 866 268 posuit
886 233 938 259 illic
957 232 1028 258 Ada-

247 295 318 314 mum
330 294 407 321 quem
420 286 541 320 ﬁnxerat.
559 281 637 315 Quod
653 281 690 307 ait
707 289 713 306 :
742 279 774 305 Et
788 279 875 313 posuit
890 278 944 304 illic
955 277 1028 303 Ada-

248 341 331 364 munt,
349 333 537 365 argumentum
555 332 598 355 est
613 326 705 361 gloria
728 331 809 359 quam
835 324 905 350 Deus
926 322 1030 349 Adamo

249 377 383 406 attribuit.
400 376 462 401 dum
480 373 567 407 ipsum
587 371 734 398 collocaret
752 371 778 396 in
803 369 928 403 paradiso
948 367 1031 394 variis

250 421 392 448 arboribus
408 426 525 449 amomo,
539 422 568 443 ut
582 425 611 443 se
625 416 689 443 inibi
703 416 759 449 ipse
774 414 934 445 oblectaret,
944 419 1031 446 neque

248 467 313 493 sivit
327 467 353 491 in
370 464 460 495 terris,
486 470 561 489 more
585 467 747 489 cancrorum
768 459 945 485 animantium
972 464 1033 492 quas

249 512 353 538 ratione
370 514 473 540 carent,
491 507 620 542 pabulum
636 513 757 540 carpere.
770 504 846 537 Quod
863 511 944 538 porro
959 503 1034 530 addi-

251 562 294 584 tur
319 565 325 583 :
349 555 432 588 Quem
458 555 573 588 ﬁnxerat
591 551 659 586 (13),
681 552 707 578 in
724 551 782 577 haec
797 557 846 576 nos
862 556 942 576 sensa
960 549 1035 575 ducit

248 605 338 637 primo
353 611 386 629 ex
401 603 459 630 sola
480 607 552 628 terra
575 601 659 627 Deum
684 605 739 625 non
761 597 916 624 condidisse
939 595 1035 622 Adami

249 656 364 682 corpus,
389 647 436 674 sed
464 654 498 672 ex
524 650 643 680 quatuor
659 642 800 670 elementis
825 641 936 668 ﬁnxisse
955 644 1036 674 atque

250 694 437 727 composuisse
454 691 539 726 (certe
555 689 645 724 figliua
661 689 764 722 absque
776 694 846 721 aqua
863 694 917 713 non
937 686 975 719 ﬁt)
991 686 1037 711 de-

251 739 315 765 inde
328 745 383 764 non
400 737 436 764 ita
451 737 509 763 solo
526 736 608 763 verbo
629 733 806 769 progenuisse
825 732 921 758 Adami
939 737 1038 764 corpus

252 791 287 811 ex
307 788 378 809 terra
392 802 400 814 ,
421 786 491 808 srcut
506 789 539 808 cx
556 781 607 807 hac
627 779 684 806 solo
702 778 842 812 suojussu
860 776 957 803 herbas
974 783 1037 810 pio-

252 827 379 858 duxerat,
396 825 580 859 animaliaque
597 828 707 853 cretera,
721 827 800 855 atque
815 820 946 855 ex‘aquis
962 819 1036 846 varia

253 872 369 907 pisciqu
387 878 504 906 genera;
528 870 575 898 sed
602 869 660 896 suis
685 868 752 894 illud
774 866 901 893 manibus
926 866 1039 891 ﬁnxisse

254 922 335 952 atque
350 916 546 947 cciiformasse,
565 922 625 949 quae
643 922 686 941 res
702 912 869 948 amplissima
885 918 962 943 sane,
989 911 1040 936 ho-

255 964 354 990 minem
373 970 428 998 pro:
450 961 562 996 reliquis
586 960 680 992 rebus,
706 959 792 994 gloria
806 966 820 985 a
837 957 891 984 Deo
914 961 1040 983 ornatum

257 1008 389 1036 ostendit.
416 1007 549 1034 Praeterea
570 1006 700 1032 Adamum
720 1011 773 1031 non
789 1007 865 1030 utero
881 1005 1040 1036 conceptum

257 1058 390 1089 partuque
412 1052 508 1079 deinde
529 1052 630 1078 editum
652 1057 734 1080 esse,
758 1053 786 1075 ut
812 1047 891 1074 hodie
912 1047 1039 1074 homines

259 1097 396 1133 procreari
422 1096 566 1128 videmus;
593 1095 638 1121 Dei
662 1093 790 1120 manibus
805 1091 945 1118 conditum
963 1089 1045 1117 exsti-

258 1145 334 1171 tisse.
359 1143 471 1177 lnsuper
489 1146 519 1168 ut
540 1141 727 1175 jumentorum
745 1142 772 1164 et
791 1137 921 1168 ferarum,
934 1142 1044 1162 eorum-

261 1198 313 1224 que
330 1196 390 1222 quae
405 1189 494 1214 volatu
511 1191 537 1213 et
555 1193 615 1220 qum
630 1189 723 1212 natatu
742 1187 855 1210 utuntur
867 1181 1045 1208 animantium

261 1241 374 1269 corpora
390 1233 470 1259 simul
485 1236 511 1258 et
527 1231 634 1257 animas
645 1237 677 1256 ex
694 1233 763 1255 terra
781 1232 808 1254 et
820 1227 898 1261 aquis
914 1226 1047 1254 condide-

261 1286 314 1310 rat,
330 1287 392 1314 quae
411 1277 503 1304 omnia
525 1276 629 1302 ratione
645 1279 755 1306 carent;
783 1281 837 1300 non
855 1273 894 1299 sic
912 1271 1047 1299 Adamum

262 1327 346 1353 etiam
360 1323 494 1355 effecisse,
511 1322 558 1349 sed
575 1321 657 1355 hujus
673 1326 774 1354 corpus
790 1318 899 1353 quidem
915 1325 948 1344 ex
965 1317 1047 1343 humo

264 1370 463 1406 composuisse,
476 1372 603 1395 caeterum
619 1366 738 1393 animam
753 1372 785 1392 ex
800 1364 885 1391 nihilo
900 1363 1047 1390 creavisse.

265 1418 387 1452 Denique
402 1422 455 1442 non
471 1421 530 1441 eam
549 1413 632 1440 fuisse
648 1412 682 1438 ab
698 1411 775 1438 initio
787 1410 929 1437 hominum
943 1428 951 1441 ,
963 1415 1050 1443 popu-

264 1465 354 1490 lorum
366 1482 373 1494 ,
387 1462 531 1489 nationum
557 1459 662 1485 turbam
680 1457 707 1484 in
725 1461 795 1483 terra
813 1463 894 1490 quam
914 1455 993 1482 hodie
1010 1454 1051 1480 vi-
1063 1474 1085 1503 Γ

1078 1494 1085 1503 .

1078 1494 1088 1505 ι

262 1508 349 1541 detis;
368 1507 416 1535 sed
444 1506 528 1533 Dettm
549 1505 636 1539 primo
662 1502 772 1530 finxisse
794 1508 937 1536 personam
966 1507 1047 1526 unam

263 1555 363 1589 (ipsum
379 1552 441 1580 dico
459 1550 605 1584 Adamum)
619 1547 716 1576 deinde
731 1555 763 1575 ex
778 1547 823 1574 illa
840 1546 974 1573 formasse
987 1553 1048 1571 inii-

263 1601 377 1631 herem',
402 1602 483 1631 atque
507 1597 543 1623 ita
560 1595 690 1628 deinceps
706 1601 753 1627 per
774 1593 861 1619 virum
878 1596 904 1618 et
921 1591 1049 1618 feminam

263 1647 438 1679 procreatum
465 1648 525 1668 esse
552 1648 639 1675 genus
667 1640 816 1666 humanum
848 1647 854 1664 :
887 1642 967 1671 atque
994 1637 1050 1663 Itﬂ‘c

267 1690 359 1716 omnia
380 1687 555 1721 intelligimus
578 1694 610 1714 ex
637 1683 719 1713 verbo
745 1685 792 1711 illo
810 1694 816 1711 :
838 1682 979 1714 Finxernt,
996 1689 1049 1717 quo

268 1742 335 1761 usus
350 1737 391 1761 est
407 1732 507 1759 Moses.

305 1781 364 1812 Quo
386 1778 478 1806 habitu
502 1777 571 1804 Deus
596 1776 748 1812 apparuerit
764 1776 866 1802 Adamo
886 1780 909 1802 et
927 1773 999 1801 Em.
1017 1789 1052 1793 —

269 1824 321 1852 Sed
347 1823 420 1850 enim
445 1829 535 1857 opera:
563 1821 681 1855 pretium
704 1819 785 1847 fuerit
808 1825 975 1854 cognoscere
999 1826 1052 1852 quo

268 1871 363 1898 habitu
387 1867 542 1904 apparuerit
565 1867 635 1894 Deus
660 1866 774 1898 Adamo,
802 1865 860 1892 sive
888 1864 951 1891 dum
966 1863 1052 1898 ipsius

268 1922 367 1950 corpus
394 1915 519 1948 fingeret.
544 1913 603 1940 sive
623 1911 686 1938 dum
708 1911 792 1946 legem
817 1909 868 1944 ipsi
891 1909 1051 1944 imponeret,

269 1961 326 1988 sive
339 1959 450 1995 quando
465 1966 497 1985 ex
516 1957 602 1991 ipsius
618 1961 693 1984 costa
708 1956 798 1983 ablata
814 1954 943 1981 conderet
957 1953 1051 1985 Evam,

268 2007 325 2034 sive
336 2005 455 2040 denique
467 2004 512 2032 ubi
528 2004 555 2031 in
570 2003 698 2038 paradiso
713 2000 892 2028 obambulans
906 2007 984 2026 suam
999 1999 1053 2026 illis

267 2059 278 2077 \
285 2058 362 2078 ocem
374 2051 520 2085 ingereret,
531 2048 678 2075 inclinante
686 2047 738 2074 die.
757 2045 898 2072 Philoxeni
909 2045 1054 2080 Mabugen-

269 2098 307 2125 sis
326 2096 460 2124 sententia
477 2101 530 2127 est,
554 2094 712 2129 priusquam
731 2091 891 2126 deliquisset
905 2091 990 2117 Adam
1004 2091 1054 2117 ad-

1080 190 1268 220 prmsentasse,
1283 184 1403 218 quando,
1414 183 1553 210 utdictutu
1568 188 1619 213 est,
1632 183 1687 210 fieri
1703 191 1757 210 non
1765 185 1862 217 potuit,

1080 236 1109 258 ut
1126 231 1152 257 in
1168 229 1290 265 corporis
1304 237 1412 256 sensum
1433 229 1562 263 aliquem,
1579 236 1714 263 apparens
1731 229 1802 257 Deus
1823 232 1863 256 in-

1081 280 1213 303 curreret.
1227 274 1279 302 Sed
1293 274 1409 301 aliorum
1425 275 1519 309 opinio
1535 279 1586 305 est.
1597 274 1680 301 Deum
1701 282 1730 302 se
1745 275 1866 309 corporis

1084 321 1181 348 Adami
1194 320 1320 347 sensibus
1329 319 1506 353 corporaliter
1519 318 1559 353 (ut.
1568 319 1714 352 sicjdiram)
1725 318 1864 349 obtulisse,

1085 373 1117 392 eo
1130 365 1270 400 quod,hac
1281 365 1361 390 modo
1375 364 1489 395 ratione,
1500 371 1586 397 neque
1601 369 1731 398 prieterea
1745 364 1796 390 alia
1814 364 1868 390 ulla

1085 411 1195 444 assequi
1210 410 1254 436 ille
1273 413 1362 445 mente
1374 413 1465 443 posset
1482 409 1588 436 divinas
1601 409 1788 443 apparitiones
1805 417 1867 436 cas-

1083 464 1136 490 que
1164 455 1313 490 intelligere
1342 463 1348 481 :
1379 455 1468 490 ipsum
1495 455 1567 481 enim
1597 455 1669 482 illius
1697 456 1866 482 conditorem

1085 501 1181 532 Deum,
1197 508 1259 528 sese
1274 500 1307 526 ad
1325 500 1384 534 ejus
1403 499 1582 526 humilitatem
1596 499 1747 531 demisisse,
1765 500 1871 534 ipsique

1085 547 1121 573 ita
1129 546 1296 582 apparuisse,
1304 546 1470 580 caeteroquin
1486 545 1666 578 immensum;
1685 545 1755 572 unde
1774 552 1872 572 consc-

1086 599 1172 626 quens
1188 595 1243 622 est,
1273 590 1301 617 hi
1331 595 1361 617 ut
1376 590 1500 617 'ulterius
1525 590 1626 622 dicant,
1647 591 1730 617 Deum
1752 590 1871 616 humana

1087 644 1172 671 eaque
1203 637 1276 672 regia
1303 641 1330 663 et
1364 643 1475 670 prorsus
1501 635 1694 670 augustissima
1722 636 1811 669 specie
1843 642 1873 661 se

1090 682 1194 708 Adamo
1230 681 1389 707 exhibuisse
1424 680 1618 714 aspectabilem
1652 685 1679 706 et
1712 687 1870 714 quanquam

1089 734 1175 761 neque
1200 733 1298 752 manus
1327 726 1435 757 habeat,
1463 733 1550 760 neque
1573 725 1665 759 pedes,
1684 730 1730 751 aut
1755 719 1882 757 vultum,

1091 774 1132 799 vel
1150 781 1192 804 os,
1216 777 1306 799 tamen
1325 772 1511 799 demittentem
1538 779 1566 798 se
1589 772 1667 806 quasi
1686 771 1728 798 his
1747 771 1875 798 omnibus

1090 824 1160 846 esset
1180 818 1318 853 praeditus,
1334 818 1368 844 ab
1389 817 1492 844 Adamo
1513 817 1603 843 visum
1632 825 1704 849 esse,
1730 822 1810 851 atque
1838 817 1875 843 ita

1091 863 1216 890 manibus
1229 863 1286 890 suis
1301 862 1375 888 illum
1390 861 1534 893 formasse,
1549 861 1620 895 quod
1637 863 1677 895 (ut
1695 862 1825 895 diximus)
1840 862 1875 888 ad

1090 909 1149 943 ejus
1168 908 1214 942 qui
1241 908 1410 934 formabatur
1435 907 1548 941 gloriam
1583 906 1798 940 dignitatemque
1813 913 1876 940 spe-

1091 958 1156 981 ctat.
1172 953 1224 980 Sed
1239 953 1373 988 expendat
1388 951 1550 986 suojudicio
1567 953 1650 978 lector
1667 953 1714 978 has
1731 953 1800 978 duas
1815 953 1874 985 opi-

1091 1001 1205 1031 niones;
1233 1007 1264 1026 ac
1295 1005 1382 1026 utram
1406 999 1491 1029 malit,
1506 999 1592 1025 altera
1614 999 1730 1030 omissa,
1751 998 1876 1024 retineat.

1093 1044 1177 1072 Porro
1195 1044 1270 1071 fuere
1294 1052 1325 1071 ex
1348 1043 1482 1070 hatreticis
1501 1043 1547 1078 qui
1563 1043 1686 1070 dicerent
1721 1044 1790 1070 duos
1806 1042 1878 1069 Ada—

1094 1098 1154 1117 mos
1178 1098 1193 1117 a
1219 1090 1273 1117 Deo
1296 1094 1403 1117 creatos
1430 1089 1533 1122 fuisse;
1556 1089 1637 1125 idque
1657 1097 1690 1116 ex
1717 1096 1750 1116 eo
1775 1089 1877 1124 colligi,

1095 1135 1168 1171 quod
1193 1136 1281 1163 Moses
1305 1136 1420 1162 duorutn
1447 1135 1611 1167 meminerit,
1635 1135 1730 1162 dicens
1761 1134 1874 1161 alterum

1096 1183 1140 1209 die
1156 1187 1234 1209 sexto
1249 1181 1388 1208 conditum
1405 1188 1465 1208 esse
1479 1200 1487 1212 ,
1512 1181 1627 1208 alterum
1654 1181 1697 1208 hic
1720 1184 1781 1214 post
1807 1181 1878 1206 diem

1098 1235 1203 1255 sextum
1223 1236 1229 1253 :
1247 1228 1281 1254 ad
1306 1227 1381 1254 illum
1401 1228 1472 1254 enim
1500 1231 1623 1261 spectare
1649 1234 1679 1253 ea
1708 1227 1787 1252 verba
1807 1235 1813 1252 :
1845 1224 1880 1251 Et

1099 1273 1178 1307 ﬁnxit
1197 1272 1324 1300 Dominus
1338 1272 1408 1299 Deus
1423 1273 1555 1299 Adamuut
1567 1272 1696 1305 pulverem
1712 1279 1725 1298 e
1739 1277 1822 1298 terra.
1846 1273 1881 1297 At

1103 1318 1189 1350 hunc,
1209 1326 1298 1352 neque
1312 1326 1344 1346 ex
1361 1318 1471 1352 pulvere
1487 1318 1577 1344 dicere
1592 1317 1694 1349 Mosen,
1711 1317 1758 1344 sed
1776 1317 1883 1351 simpli-

1101 1363 1180 1396 eiter,
1203 1363 1334 1390 Adamqu
1364 1363 1418 1391 illic
1437 1363 1562 1398 posuisse
1587 1370 1667 1397 quem
1686 1363 1812 1389 tinxerat.
1830 1362 1882 1389 Sed

1101 1417 1152 1437 nos
1176 1410 1230 1437 illis
1259 1410 1456 1444 respondemus
1483 1418 1489 1435 :
1516 1408 1553 1434 Ex
1570 1415 1602 1436 eo
1616 1408 1688 1442 quod
1703 1412 1766 1435 ante
1779 1408 1886 1435 dixerat

1102 1455 1189 1483 Moses
1211 1456 1343 1483 Adanium
1372 1455 1415 1482 dic
1430 1459 1506 1483 sexto
1538 1462 1597 1481 esse
1624 1459 1759 1487 creatum,
1776 1455 1884 1487 deinde,

1101 1502 1202 1529 omissa
1214 1502 1258 1528 illa
1275 1502 1443 1533 narratione,
1454 1501 1600 1527 etiamtum
1613 1501 1781 1535 imperfecta,
1793 1506 1882 1528 trans-

1103 1547 1151 1574 ivit
1172 1548 1206 1575 ad
1227 1547 1392 1574 mentionem
1414 1545 1468 1573 diei
1489 1546 1621 1580 septimae,
1639 1546 1710 1573 unde
1726 1554 1832 1579 rursus,
1848 1548 1881 1573 ad

1101 1593 1291 1623 absolvendum
1307 1592 1379 1619 illam
1393 1595 1456 1618 ante
1468 1596 1583 1626 coeptam
1601 1592 1756 1622 historiam,
1773 1592 1885 1618 reverti-

1103 1646 1145 1668 tor
1172 1639 1381 1674 haudquaquam
1406 1643 1619 1665 consentaneum
1643 1645 1703 1664 esse
1735 1642 1765 1664 ut
1791 1638 1886 1664 existi-

1102 1694 1207 1713 memus
1222 1685 1290 1712 duos
1305 1692 1319 1710 a
1334 1683 1390 1710 Deo
1401 1683 1512 1710 effectos
1526 1682 1611 1710 fuisse
1623 1683 1753 1716 Adamos,
1766 1683 1812 1710 sed
1825 1683 1887 1709 uiii-

1103 1740 1176 1760 cum.
1193 1731 1260 1758 Nam
1279 1731 1348 1757 idem
1371 1737 1480 1764 quoque
1494 1731 1528 1756 de
1551 1730 1658 1762 bestiis,
1672 1729 1705 1756 de
1728 1729 1887 1759 arboribus,

1103 1778 1136 1804 de
1145 1776 1282 1812 paradiso,
1294 1779 1320 1802 et
1332 1774 1442 1803 ﬂumine
1456 1776 1529 1802 hunc
1539 1775 1640 1810 rigante
1652 1775 1724 1802 fecit.
1736 1774 1802 1801 Cum
1815 1776 1888 1801 en'rn

1106 1822 1244 1850 historiam
1271 1821 1378 1847 illarum
1401 1828 1491 1847 rerutn
1514 1821 1635 1847 nondum
1659 1820 1804 1855 perfectam
1822 1821 1887 1846 reli-

1105 1869 1227 1903 quisset,
1247 1868 1290 1895 hic
1311 1867 1368 1902 jam
1383 1867 1453 1893 redit
1468 1866 1502 1893 ad
1518 1873 1575 1892 eam
1593 1865 1796 1892 absolvendam.
1815 1866 1890 1893 Prae-

1105 1917 1179 1939 terea
1197 1912 1249 1938 hoc
1265 1918 1373 1945 quoque
1388 1910 1442 1937 illis
1458 1909 1665 1943 respondemus,
1679 1916 1767 1943 neque
1783 1908 1888 1941 Mosen,

1106 1965 1194 1992 neque
1210 1963 1372 1992 quemquam
1410 1955 1614 1990 prophetarum,
1631 1959 1678 1981 aut
1692 1955 1890 1989 apostolorum,

1104 2002 1146 2028 vel
1159 2001 1385 2036 evangelistarum
1396 2007 1514 2034 unquam
1532 2006 1708 2031 memorasse,
1725 1999 1793 2026 duos
1806 2007 1821 2026 a
1835 1999 1890 2025 Deo

1105 2052 1213 2074 creatos
1224 2045 1386 2079 eductosque
1398 2044 1482 2071 fuisse
1497 2045 1625 2076 Atlantes,
1637 2045 1683 2070 sed
1694 2051 1776 2069 unum
1789 2043 1889 2069 solum.

1107 2091 1191 2118 Porro
1211 2091 1351 2118 sciendum
1365 2094 1417 2121 est,
1437 2088 1520 2115 Vetus
1549 2087 1751 2114 Testamentum
1768 2087 1892 2122 pluribus

268 2149 366 2170 versus
392 2141 437 2168 Dei
453 2141 622 2172 mandatum,
650 2138 734 2165 Deum
760 2144 847 2171 neque
867 2144 915 2171 per
927 2137 1052 2171 angelum
1070 2135 1093 2162 D
1109 2136 1334 2163 translationibus
1346 2143 1379 2161 ex
1396 2133 1507 2160 Hebraea
1523 2134 1548 2159 in
1560 2132 1681 2159 Graecam
1698 2132 1816 2167 linguam
1831 2140 1893 2159 eSse

268 2195 358 2222 neque
371 2194 420 2222 per
435 2194 492 2213 rem
511 2185 630 2219 aliquam
644 2187 815 2218 corporatam
831 2182 869 2208 illi
885 2182 1053 2216 apparuisse,

270 2234 316 2261 sed
333 2233 423 2268 ipsum
437 2239 497 2259 sese
512 2231 551 2258 illi
568 2233 799 2264 repraesentasse;
823 2235 876 2254 non
897 2227 972 2262 quod
991 2234 1055 2254 cor-

271 2278 347 2314 poris
361 2277 404 2304 sui
423 2277 560 2308 sensibus,
580 2275 679 2306 Adam,
695 2277 868 2308 apparentem
890 2272 974 2299 Deum
993 2279 1055 2307 per-

269 2324 362 2359 cipere
384 2325 485 2357 posset,
511 2321 557 2348 sed
581 2320 682 2348 utentis
708 2318 894 2353 intelligentia.
917 2317 982 2344 Nam
1004 2318 1055 2344 etsi

269 2368 411 2396 habitabat
437 2367 546 2401 quidem
572 2366 643 2393 intra
688 2372 788 2398 corpus
826 2363 922 2390 Adami
954 2363 1058 2394 anima.

273 2421 363 2442 tamen
379 2422 434 2440 non
451 2420 531 2440 secuit
553 2417 635 2446 atque
658 2409 812 2444 incorporei
835 2409 936 2443 angeli,
951 2415 983 2435 ea
998 2415 1059 2434 cetb

271 2468 337 2487 nere
352 2460 426 2486 illam
442 2458 573 2493 quivissc,
591 2464 651 2492 quas
665 2464 747 2491 supra
762 2462 843 2482 omne
857 2461 956 2488 corpus
971 2457 1056 2480 mate-

272 2505 395 2539 riemque
408 2509 581 2538 corporatam
597 2503 722 2528 l'eruntur
740 2510 746 2527 :
774 2501 865 2534 itaque
882 2506 944 2526 cum
961 2498 1057 2533 integri

273 2551 354 2577 etiam
371 2555 428 2577 tum
446 2553 538 2576 essent
559 2548 656 2574 anima:
677 2546 771 2573 Adami
788 2552 893 2576 sensus.
910 2551 995 2578 neque
1009 2546 1058 2570 abs

273 2600 386 2629 peccato
406 2593 597 2626 contaminati,
620 2592 703 2619 Deum
720 2599 748 2618 se
769 2589 868 2617 mentis
882 2589 954 2617 illius
969 2589 1058 2616 oculis

322 2697 344 2712 "
365 2696 506 2728 Psal.ctu,
527 2696 570 2723 16.

1110 2181 1304 2215 transpositqu
1314 2189 1322 2206 :
1333 2178 1425 2213 Syrice
1432 2185 1495 2204 vero
1507 2177 1640 2203 redditum
1651 2183 1711 2202 esse
1720 2183 1773 2202 una
1783 2175 1892 2209 quidem

1111 2227 1331 2261 interpretatione
1341 2233 1373 2252 ex
1384 2224 1442 2258 ipso
1449 2223 1569 2253 Hebraeo,
1577 2222 1663 2248 altera
1674 2228 1777 2247 veroex
1788 2221 1895 2248 Gratco.

1111 2272 1247 2299 Caeterum
1267 2279 1328 2306 qua:
1351 2270 1434 2297 fuerit
1451 2275 1503 2296 tarn
1521 2269 1666 2294 multarum
1688 2267 1894 2293 translationum

1112 2326 1207 2349 causa,
1233 2321 1260 2344 et
1277 2325 1336 2351 qua:
1355 2317 1427 2343 inter
1442 2315 1513 2350 ipsas
1535 2313 1641 2340 cieteris
1667 2312 1778 2346 probior
1799 2313 1894 2339 existi-

1113 2363 1180 2390 mari
1206 2362 1320 2392 debeat,
1353 2367 1414 2387 cum
1442 2359 1503 2385 aliis
1526 2357 1584 2392 ejus
1603 2357 1710 2391 generis
1728 2356 1898 2390 argumentis

1112 2407 1291 2435 disseruimus
1312 2405 1338 2431 in
1355 2411 1388 2431 co
1401 2403 1469 2430 libro
1485 2410 1564 2436 quem
1586 2401 1623 2427 De
1648 2407 1694 2427 sea:
1717 2400 1807 2426 diebus
1826 2407 1897 2434 [1'2-

1112 2453 1245 2481 misimus.
1269 2451 1352 2486 Igitur
1375 2450 1402 2476 in
1422 2456 1453 2476 ea
1476 2448 1568 2475 Greca
1591 2447 1761 2474 traductione
1773 2453 1833 2480 quas
1853 2450 1895 2472 est

1114 2497 1292 2532 Septuaginta
1315 2496 1504 2529 interpretum,
1524 2494 1564 2520 sic
1593 2493 1694 2526 scripta
1719 2496 1827 2518 exstant
1849 2491 1895 2518 illa

1114 2543 1195 2570 Mosis
1209 2543 1290 2570 verba
1311 2551 1318 2568 :
1347 2541 1382 2568 Et
1397 2541 1561 2576 plantauerat
1578 2539 1707 2566 Dominus
1724 2537 1794 2565 Deus
1809 2545 1894 2572 para-

1111 2589 1198 2614 disum
1216 2588 1242 2614 in
1256 2586 1330 2614 Edeu
1352 2587 1383 2613 ab
1405 2587 1513 2617 oriente,
1536 2590 1560 2611 et
1577 2585 1662 2617 posuit
1683 2584 1739 2611 illic
1763 2584 1896 2611 hominem

314 2785 368 2819 (ιι)
389 2784 468 2818 Quod
493 2784 562 2813 verti
595 2784 708 2818 ﬁnxerat
726 2803 734 2818 ,
765 2787 807 2812 est
829 2783 942 2812 verbum
969 2781 1065 2815 Gabal,
1085 2782 1156 2817 quod
1188 2782 1268 2817 plane
1281 2779 1427 2815 respondet
1442 2779 1547 2808 Graeco.
1564 2779 1686 2810 πλατεις.
