2020 3080
195 133 246 164 5‘25

764 135 813 165 DE
830 135 1034 167 PARADISO.
1051 149 1086 154 —
1104 137 1200 167 PARS
1220 137 1245 168 Ι.

1757 141 1809 172 526

194 192 317 225 ﬁnxerat.
340 189 479 216 Orientem
503 189 584 224 igitur
599 189 734 223 appellant
748 189 784 216 illi
800 190 974 224 interpretes,
990 197 1010 224 Α
1028 191 1175 225 prophetia
1194 191 1264 218 dona
1277 190 1303 218 in
1320 191 1408 226 ipsum
1421 192 1546 225 contulit,
1563 197 1722 227 propuetam
1733 197 1806 223 enim

193 244 252 263 eam
269 241 402 262 terrarum
422 235 558 268 regionem
572 242 603 261 ex
625 241 679 268 qua
694 234 734 261 sol
751 234 894 268 oboritur;
913 243 974 262 nam

193 284 220 309 in
237 282 284 308 illo
299 285 386 308 tractu
407 280 547 307 orientalis
558 280 725 314 plantaverat
743 280 976 315 collocaveratque

192 328 360 363 paradisum,
385 331 413 353 ut
434 325 559 356 Basilius,
591 329 618 352 ct
641 325 701 359 ejus
726 325 807 352 frater
829 326 976 360 Gregorius

198 377 372 404 altestantur,
397 376 423 398 et
445 371 575 398 Dominus
607 371 724 397 Severus
752 378 870 405 quoque.
899 371 976 403 Quod

193 425 258 445 vero
273 418 306 443 ad
324 417 410 450 ipsum
432 422 530 442 nomen
554 415 659 447 attinet,
674 422 730 449 quo
750 415 786 441 illi
806 414 876 441 LXX
893 415 977 442 inter-

192 467 282 497 pretes
320 462 363 488 hic
402 460 488 486 Adam
519 465 617 486 vocant
655 460 773 494 (vocant
809 459 881 486 enim
910 459 977 486 Bar-

192 507 264 533 Noso
281 505 359 541 [l5]),
378 505 428 531 tria
439 508 503 532 sunt
514 504 643 531 vocabula
654 505 753 539 quibus
765 505 820 531 fere
835 504 974 538 Scriptura

191 557 217 579 ct
240 553 288 578 hoc
305 552 363 578 loco
377 555 404 577 et
420 551 546 584 superius
566 550 650 577 utitur
667 558 715 584 pro
734 550 832 576 Adami
856 549 976 584 appella-

193 598 283 629 tione;
307 595 389 627 Noso,
416 595 563 627 Bar-Noso,
586 595 682 622 Adam.
707 595 741 622 Et
763 595 840 622 Noso
865 595 974 629 quidem

190 647 286 674 vocat,
315 642 379 668 dum
405 641 443 667 ait
473 648 482 667 :
518 640 659 668 Faciamus
690 639 764 667 Naso
792 640 830 674 (id
863 644 904 667 est
927 641 976 666 ho-

190 688 303 721 minem)
326 686 361 713 ad
379 687 521 721 imaginem
535 691 652 713 nostram
670 687 815 713 secundum
848 685 975 712 similitu-

190 733 275 758 dinem
295 735 412 758 nostram
426 738 435 761 ;
450 730 535 757 Adam
551 738 616 758 vero
630 731 694 758 dum
710 731 775 758 dicit
792 739 798 757 :
826 729 860 756 Et
876 730 975 756 creavit

190 777 259 803 Deus
289 776 373 803 Adam
401 775 434 801 ad
462 775 604 809 imaginem
631 782 705 806 suam
725 784 732 802 .-
751 773 784 800 Et
808 774 894 807 posuit
919 772 975 798 illic

189 821 275 848 Adam
299 828 375 855 quem
404 820 574 853 formaverat.
602 818 724 852 Denique
750 817 905 849 Bar-Noso,
930 817 974 844 hic

1026 235 1112 262 fuisse
1127 236 1212 263 Adam
1241 236 1281 263 vel
1304 235 1367 263 hinc
1382 241 1489 264 constat
1501 238 1573 272 quod
1589 245 1637 272 per
1648 239 1805 266 vaticinium

1027 281 1145 307 dixerit:
1161 282 1226 308 Hora
1236 281 1295 315 jam
1316 289 1379 308 caro
1391 281 1422 308 de
1447 290 1526 309 carne
1545 291 1600 309 mea
1616 287 1641 309 et
1659 291 1687 310 os
1701 284 1733 310 de
1751 293 1807 311 oste

1027 333 1094 357 ntro,
1121 327 1176 352 [nec
1202 327 1337 353 vocabitur
1369 327 1473 360 mulier,
1505 332 1558 354 etc.
1587 328 1704 360 Decimo,
1732 331 1808 356 auxit

1027 370 1113 404 ipsum
1137 371 1279 397 sacerdotii
1297 378 1406 398 munere
1421 380 1428 403 ;
1456 379 1516 398 nam
1533 371 1615 398 fuisse
1626 373 1806 404 sacerdotem,

1025 421 1059 442 ex
1084 414 1196 442 Davidis
1218 415 1364 450 psalmistre
1379 416 1468 443 verbis
1483 417 1664 450 cognoscitur,
1682 418 1744 444 dum
1764 425 1810 445 ve-

1028 460 1078 486 luti
1102 460 1256 494 loquentem
1281 461 1416 487 Adamum
1439 469 1500 487 cutn
1526 461 1580 488 Deo
1597 462 1727 490 inducens
1745 464 1806 490 ait:

1026 501 1143 529 Finxiin
1156 511 1194 530 me
1207 509 1232 530 et
1254 504 1365 538 posuisli
1390 511 1466 538 super
1491 513 1596 531 manum
1620 510 1693 532 tuam
1708 506 1749 539 ";
1766 514 1809 533 sa-

1026 548 1176 574 cerdotium
1201 549 1273 575 enim
1303 557 1433 576 manuum
1459 550 1633 584 impositionc
1658 551 1807 583 confertur,

1027 592 1100 619 sicut
1118 597 1144 618 et
1159 593 1309 627 baptismus
1322 613 1329 620 .
1350 594 1509 627 Undecimo,
1525 595 1599 630 regia
1614 600 1694 630 atque
1707 596 1809 630 princi-

1026 637 1080 671 pali
1097 638 1184 671 ipsum
1206 639 1352 666 donatione
1376 640 1572 673 ampliﬁcavit;
1596 641 1634 668 ait
1654 641 1726 667 cnim
1747 650 1754 667 :
1773 641 1809 668 Et

1025 684 1200 711 dominamini
1213 685 1326 719 piscibus
1343 686 1436 717 maris,
1450 690 1474 712 et
1491 686 1639 712 volucribus
1651 688 1717 714 «cli.
1735 686 1810 713 Dun-

1026 729 1145 761 decimo,
1169 729 1206 755 ita
1228 729 1315 763 ipsum
1332 731 1511 764 comparavit,
1525 731 1655 758 utanimo
1674 736 1755 766 atque
1769 732 1811 758 in-

1027 773 1174 808 telligentia
1212 782 1259 801 sua
1304 776 1406 809 angelis
1427 780 1499 803 cssct
1522 776 1675 804 fandliaris.
1699 776 1810 804 Decimo

1027 819 1119 850 tertio,
1133 819 1253 846 condidit
1268 820 1357 854 ipsum
1378 827 1492 854 corpore
1509 821 1560 848 levi
1580 825 1662 856 atque
1673 823 1810 856 expedito.

190 865 346 899 (sequamur
362 863 431 890 LXX
442 863 620 897 interpretum
636 862 864 895 translationem).
881 861 974 888 Posuit
991 860 1012 888 Β
1027 871 1081 891 non
1093 868 1181 891 autem
1208 865 1282 899 gravi
1296 866 1375 899 quale
1387 865 1495 892 demum
1505 866 1588 893 evasit
1603 871 1664 901 post
1682 867 1810 894 violatam

189 910 247 936 illic
262 908 408 935 Bar-Now
422 908 459 941 (id
483 912 534 938 est.
554 907 638 934 lilium
653 907 783 939 hominis)
799 914 874 941 quem
890 907 974 940 [incre-

189 959 242 981 rut.
269 955 357 988 Atque
374 954 430 980 haec
452 953 502 979 tria
516 953 628 979 nomina
642 953 713 979 inter
735 959 763 979 se
780 952 816 979 ita
835 952 972 984 diﬂ‘erunt,

190 1005 220 1026 ut
235 999 308 1026 Νυεο
323 999 430 1033 proprie
445 998 603 1025 universum
626 1005 712 1032 genus
725 998 865 1024 hominum
883 1002 975 1024 osten-

189 1045 251 1077 dat;
270 1044 410 1072 Bar-Noso
425 1052 488 1071 vero
506 1051 568 1070 eum
585 1043 632 1078 qui
650 1051 683 1070 ex
699 1043 811 1070 homine
828 1046 975 1078 prognatus

189 1089 234 1121 sit,
259 1089 310 1116 hoc
338 1093 390 1120 est,
410 1088 493 1115 lilium
520 1087 638 1114 hominis
663 1087 798 1121 signiﬁcet
819 1095 825 1114 :
850 1092 877 1114 et
901 1085 974 1112 Noso

189 1135 298 1169 quidem
322 1133 484 1168 pluraliter,
502 1131 643 1159 Bar-Noso
657 1139 722 1158 vero
742 1131 916 1166 singulariter
935 1130 975 1165 (ut

189 1179 228 1206 sic
243 1179 342 1212 dicam)
357 1177 537 1211 accipiantur,
567 1181 764 1211 spectentque;
780 1175 853 1203 Noso
870 1176 926 1203 fere
939 1177 973 1203 ad

189 1224 275 1258 ipsam
291 1223 422 1258 speciem,
440 1221 577 1249 Bar—Noso
596 1229 660 1248 vero
674 1222 707 1248 ad
724 1222 872 1248 individua.
887 1221 973 1248 Porro

189 1269 222 1296 dc
247 1276 314 1295 voce
339 1268 424 1294 Adam
447 1267 541 1294 dicunt
572 1267 642 1301 apud
665 1273 716 1293 nos
740 1266 823 1301 Syros
850 1266 974 1301 plerique

189 1313 395 1348 appellatiOnem
420 1319 481 1339 esse
506 1311 698 1346 particularem
722 1311 855 1345 hominis,
873 1319 970 1346 perso-

191 1367 311 1393 namque
333 1367 414 1385 unam
444 1362 638 1392 repraesentare
664 1366 672 1383 ι
698 1365 792 1384 verum
818 1357 863 1383 alii
882 1356 977 1383 existi-

191 1410 275 1435 mant.
302 1404 372 1438 apud
393 1403 521 1430 Hebraeos
544 1410 643 1430 nomen
665 1409 724 1429 esse
751 1401 920 1436 specilicum,
946 1406 974 1428 et

192 1457 277 1478 totum
295 1458 379 1485 genus
397 1451 546 1477 humanum
564 1457 613 1477 sua
626 1450 738 1478 notione
754 1449 890 1484 amplecti,
905 1449 977 1476 sicut

191 1497 308 1523 antehac
329 1496 446 1522 diximus
474 1496 499 1521 in
525 1495 728 1530 Gpmmentario
750 1501 843 1522 nostro
870 1495 902 1522 de
928 1501 975 1522 sex

191 1541 297 1568 diebus.
315 1541 419 1567 Rursus
436 1539 482 1566 alii
496 1544 569 1568 sunt.
588 1539 632 1573 qui
648 1543 744 1574 putant
762 1546 858 1566 nomen
888 1538 974 1565 Adam

191 1591 329 1620 smnptum
344 1593 405 1612 esse
425 1592 458 1612 ex
475 1585 535 1619 ipso
551 1584 668 1612 hominis
684 1591 813 1618 corpore,
830 1589 857 1611 et
871 1583 894 1610 ei
912 1590 977 1618 pro-

191 1631 250 1666 prie
267 1631 423 1665 impositum
442 1637 502 1657 esse
517 1637 549 1656 eo
561 1629 633 1663 quod
646 1638 679 1656 ex
695 1634 767 1656 terra
780 1637 839 1664 quae
855 1631 974 1657 Adamo-

192 1679 239 1704 tho
253 1677 352 1703 dicitur
361 1676 550 1703 conﬁrmatum
565 1675 601 1701 sit
616 1683 623 1701 :
641 1674 715 1702 Noso
728 1682 793 1702 vero
809 1675 841 1702 ad
857 1676 975 1702 animum

192 1722 369 1757 peculiariter
382 1725 514 1755 spectare.
530 1720 663 1748 Czeterum
681 1721 746 1755 quid
762 1721 815 1748 sibi
832 1721 895 1747 velit
910 1721 975 1748 illud

193 1772 273 1793 terrae
290 1765 464 1797 vocabulum,
481 1765 643 1797 Adamotho,
672 1764 728 1792 illic
743 1772 853 1799 quoque
867 1772 882 1791 a
897 1765 976 1792 nobis

192 1816 233 1839 est
246 1810 420 1844 explicatum.

228 1855 320 1882 Dei”
348 1855 471 1889 beneﬁcia
501 1854 528 1881 in
555 1853 696 1880 Adamum.
715 1853 861 1881 —Verum
887 1861 974 1881 enim-

195 1910 260 1929 vero
275 1909 364 1937 operte
380 1901 495 1936 pretium
520 1905 562 1927 est
586 1904 615 1927 ut
638 1899 774 1934 expcndas
793 1900 836 1926 hic
850 1903 976 1926 accurate

193 1947 267 1984 apud
295 1947 415 1973 animum
431 1950 519 1978 tuum,
536 1953 617 1980 quant
634 1945 728 1972 multis
752 1945 840 1972 modis
854 1947 975 1973 cohone-

194 1991 309 2020 staverit
322 1991 394 2018 Deus
407 1991 552 2017 Adamum.
568 1990 658 2016 Primo
673 1991 744 2016 enim
761 1997 823 2017 cum
840 1990 868 2017 in
885 1999 974 2018 rerum

195 2042 292 2065 natura
319 2043 432 2071 prorsus
457 2043 510 2062 non
537 2040 624 2067 esset,
647 2036 816 2069 procreavit,
845 2036 977 2071 cllicitque

196 2083 286 2118 ipsum
300 2090 333 2109 ex
351 2081 436 2108 nihilo
452 2085 482 2107 ut
499 2079 601 2114 aliquid
625 2083 707 2107 esset.
725 2081 826 2108 Deinde
847 2081 880 2108 ad
898 2089 976 2108 suam

196 2129 282 2162 ipsius
333 2126 476 2160 imaginem
522 2130 549 2152 et
595 2125 798 2152 similitudinem
846 2126 975 2153 condidit.

1025 908 1120 942 legem.
1165 907 1273 935 Decimo
1310 912 1408 942 quarto
1448 909 1576 943 denique,
1600 911 1690 943 posuit
1721 912 1810 944 ipsum

1025 952 1052 980 in
1077 951 1226 986 paradiso,
1259 957 1289 980 ut
1327 953 1392 980 inibi
1426 953 1606 981 obiectaretur
1627 963 1714 990 neque
1747 963 1810 984 cum

1026 998 1132 1024 cmteris
1163 998 1327 1026 animalibus
1356 999 1456 1026 mentis
1489 1000 1644 1034 expertibus
1673 1001 1700 1027 in
1738 1006 1810 1028 terra

1029 1042 1171 1070 nascendo
1200 1043 1310 1078 reliquit
1342 1053 1348 1070 :
1389 1044 1422 1070 Et
1446 1045 1535 1072 enasci
1557 1045 1655 1080 fecerat
1680 1045 1810 1074 Dominus

1027 1088 1097 1116 Deus
1111 1097 1124 1115 ι
1139 1093 1210 1116 terra
1232 1097 1334 1116 omnem
1358 1089 1479 1117 arborem
1493 1091 1549 1125 ipso
1570 1096 1675 1126 aspectu
1689 1098 1811 1119 ear-elen-

1025 1133 1097 1164 dam,
1119 1137 1143 1159 et
1162 1133 1299 1167 pulchram
1313 1135 1347 1160 at!
1361 1135 1512 1161 vescendum
1524 1144 1533 1167 ;
1545 1135 1588 1163 die
1608 1137 1712 1164 scilicet
1727 1138 1809 1165 tertio

1026 1178 1192 1212 produxerat
1219 1177 1352 1205 Dominus
1379 1186 1425 1206 eas
1450 1180 1563 1208 arbores
1585 1188 1617 1207 ex
1645 1186 1726 1215 terra,
1748 1190 1809 1210 cum

1026 1223 1128 1250 diceret
1143 1231 1151 1250 :
1168 1223 1301 1250 Producat
1313 1228 1383 1250 terra
1398 1224 1506 1251 herbam
1520 1226 1629 1253 viridem
1642 1235 1729 1253 semen
1740 1229 1811 1262 [aeli-

1027 1269 1122 1302 ﬁcaus,
1143 1273 1167 1295 et
1188 1268 1309 1295 arborem
1326 1270 1505 1304 fructi/“eram,
1527 1275 1581 1298 etc.
1599 1271 1698 1298 Verum
1721 1273 1763 1299 hic
1776 1275 1809 1299 ad

1026 1312 1144 1347 priorem
1158 1312 1231 1339 illam
1249 1313 1433 1340 narrationem
1452 1314 1615 1348 regreditur,
1631 1314 1717 1349 ipsam
1732 1315 1812 1343 abso-

1026 1357 1134 1384 luturus
1147 1357 1212 1392 quin
1235 1358 1293 1393 ipse
1316 1358 1396 1385 etiam
1417 1360 1562 1392 paradisus
1587 1360 1632 1387 die
1655 1361 1702 1387 illo
1729 1361 1811 1388 tertio

1028 1402 1155 1429 consitus
1170 1403 1267 1429 fuerat.
1286 1403 1421 1430 Caeterum
1447 1403 1502 1431 Deo
1518 1405 1643 1432 attribuit
1657 1405 1745 1434 Moses
1765 1407 1811 1434 illa

1027 1447 1110 1474 verba
1127 1456 1134 1474 :
1151 1446 1185 1473 Et
1199 1448 1288 1474 enasci
1305 1448 1404 1482 fecerat
1418 1449 1534 1482 arbores,
1553 1454 1583 1477 ut
1597 1450 1810 1485 intelligeremus

1028 1499 1082 1519 non
1100 1492 1134 1518 ab
1149 1492 1258 1520 homine
1278 1497 1352 1520 satas
1368 1493 1464 1525 fuisse,
1489 1495 1524 1521 nt’
1541 1494 1597 1522 Noe
1622 1496 1704 1522 vitem
1728 1497 1809 1529 sevit,

1030 1540 1077 1564 aut
1090 1537 1157 1563 alias
1170 1537 1292 1570 arbores,
1309 1538 1374 1571 alii;
1390 1540 1438 1565 sed
1451 1539 1536 1573 ipsius
1550 1539 1596 1566 Dei
1612 1547 1678 1566 cura
1695 1548 1726 1568 ac
1740 1547 1810 1568 nutu

1030 1586 1220 1617 praeceptaque
1241 1582 1390 1615 exstitisse,
1405 1583 1481 1617 juxta
1501 1583 1566 1611 illud
1580 1584 1731 1612 Psalmistte
1748 1595 1755 1613 :
1777 1586 1812 1613 Et

1029 1626 1099 1654 cedri
1111 1627 1207 1654 Libani
1232 1636 1298 1662 quas
1321 1628 1451 1663 plantavit
1472 1628 1506 1655 ⁸⁷.
1524 1628 1577 1656 Sed
1594 1630 1679 1657 videri
1696 1635 1812 1666 possunt

1029 1673 1112 1700 verba
1124 1673 1213 1706 potius
1225 1674 1258 1700 ad
1272 1673 1342 1700 hunc
1357 1674 1467 1701 modum
1482 1682 1543 1702 esse
1556 1675 1666 1710 legenda
1679 1684 1685 1702 :
1702 1676 1811 1704 Omnem

1031 1718 1152 1744 arborem
1165 1718 1302 1752 pulchram
1318 1719 1352 1745 ad
1372 1720 1551 1753 spectandum,
1570 1725 1596 1747 et
1606 1723 1810 1756 exspectandam

1030 1764 1065 1791 ad
1082 1764 1244 1796 vescendum,
1259 1764 1431 1798 pulchritudo
1442 1765 1514 1792 enim
1530 1766 1561 1792 ad
1579 1766 1685 1794 videndi
1699 1774 1810 1795 srnsunt

1030 1811 1156 1844 pertinet,
1179 1810 1314 1845 appetitus
1329 1817 1394 1837 vero
1412 1811 1445 1837 ad
1461 1811 1552 1837 cibum
1573 1816 1687 1845 spectat.
1710 1811 1808 1839 Verum

1029 1855 1171 1883 consuevit
1185 1854 1325 1890 Scriptura
1338 1856 1519 1890 appetentiam
1536 1856 1636 1883 referre
1652 1857 1684 1884 ad
1704 1858 1809 1890 oculos,

1029 1901 1109 1935 quale
1131 1905 1173 1928 est
1189 1901 1253 1928 illud
1278 1901 1391 1928 Joannis
1411 1901 1584 1936 evangelista:
1609 1902 1638 1928 in
1663 1901 1782 1936 Epistola
1800 1912 1809 1931 :

1032 1946 1115 1974 Omne
1126 1947 1195 1981 quod
1204 1946 1277 1973 estin
1290 1947 1397 1977 mundo,
1410 1947 1620 1980 concupiscentia
1633 1947 1749 1980 corporis
1761 1952 1810 1980 est,

1029 1995 1054 2018 et
1071 1991 1284 2025 concupiscentia
1307 1991 1442 2018 oculorum
1457 1991 1490 2018 “.
1517 1991 1550 2017 Et
1575 1991 1694 2018 arborem
1710 1992 1770 2018 vitta
1783 1993 1811 2018 in

1031 2037 1115 2063 medio
1134 2036 1270 2070 paradiso,
1291 2040 1315 2063 et
1339 2036 1460 2062 arborem
1478 2037 1594 2063 scientiae
1614 2035 1675 2062 boni
1689 2041 1713 2062 et
1735 2036 1810 2062 mali.

1031 2081 1104 2109 Duas
1119 2083 1157 2108 ait
1172 2081 1315 2109 Dominum
1329 2082 1421 2109 enasci
1439 2082 1535 2109 fecisse
1548 2082 1660 2110 arbores
1679 2083 1707 2108 in
1723 2082 1812 2110 medio

1031 2127 1169 2161 paradiso,
1187 2128 1298 2154 alteram
1317 2127 1388 2159 vitae,
1411 2127 1523 2154 alteram
1551 2128 1681 2155 scientiae.
1709 2128 1812 2155 Viden-

198 2173 303 2205 Tertio,
319 2180 380 2199 cum
400 2172 488 2205 ipsius
503 2170 584 2205 longe
607 2171 777 2205 przestantior
792 2175 864 2198 esset
882 2176 978 2198 natura
996 2179 1017 2206 ι)
1032 2172 1096 2199 dum
1113 2173 1195 2206 igitur
1213 2172 1260 2207 qui
1283 2173 1340 2199 lteri
1366 2173 1494 2207 potuerit,
1525 2177 1551 2199 ut
1576 2173 1637 2200 duas
1653 2173 1765 2200 arbores
1785 2174 1811 2200 in

198 2227 280 2255 quam
305 2219 349 2246 cui
369 2225 466 2244 manus
487 2216 616 2250 vocisque
637 2223 703 2243 usus
718 2216 829 2243 attribui
847 2217 977 2248 deberet,

197 2269 288 2292 tamen
303 2264 379 2290 illum
397 2267 423 2290 et
446 2262 571 2289 manibus
588 2262 645 2288 suis
660 2260 782 2293 tinxisse,
797 2265 823 2287 et
836 2268 901 2288 voce
915 2261 980 2288 aﬂ'a-

197 2313 242 2337 tns
270 2316 331 2336 esse
360 2307 412 2335 dici
437 2306 533 2333 voluit.
561 2304 679 2338 Quarto,
710 2304 849 2331 conditum
876 2304 979 2331 ratione

197 2355 316 2386 ornavit,
340 2361 394 2389 qua
423 2352 529 2380 caeteris
554 2350 737 2378 animantibus
762 2350 806 2377 illa
823 2350 979 2377 carentibus

197 2405 348 2436 praestaret.
380 2399 492 2431 Quinto,
509 2397 551 2424 sui
572 2397 727 2430 cognitione
747 2396 836 2430 ipsum
851 2395 978 2429 dignatus

196 2451 247 2474 est.
264 2445 356 2477 Sexto,
369 2444 480 2471 admisit
494 2443 582 2476 ipsum
597 2442 680 2469 veluti
697 2442 724 2468 in
737 2449 815 2468 suam
834 2440 979 2468 familiari-

198 2495 293 2523 tatem,
311 2495 339 2518 ut
361 2497 393 2517 ea
414 2497 475 2516 sese
497 2495 547 2522 pro
563 2487 679 2515 arbitrio
692 2487 851 2517 oblectaret,
866 2486 980 2513 medita-

199 2537 319 2563 tionibus
333 2533 661 2568 contemplationihusque
671 2531 770 2559 divinis
785 2538 886 2558 vacans
900 2535 981 2565 atque

199 2582 355 2616 indulgens.
394 2579 538 2614 Septimo,
580 2577 809 2605 immortalitatem
843 2576 979 2610 promisit.

199 2625 311 2658 Octavo,
337 2625 455 2652 maxima
478 2624 568 2658 ipsum
598 2622 732 2657 sapientia
761 2621 868 2649 imbuit.
893 2621 981 2654 Nono,

235 2704 258 2721 “
277 2704 349 2732 Psal.
364 2710 495 2733 cxxxvtu,
512 2701 556 2730 16.

1033 2216 1092 2251 ipso
1115 2221 1254 2244 exstarent
1278 2217 1396 2251 paradisi
1429 2217 1580 2244 meditullio
1602 2225 1609 2244 :
1638 2225 1719 2244 unam
1738 2217 1812 2244 enim

1034 2262 1119 2289 solam
1135 2269 1215 2296 posse
1237 2263 1357 2290 medium
1377 2263 1504 2289 obtinere
1529 2262 1618 2290 locum
1636 2270 1716 2290 nemo
1732 2268 1814 2297 nega-

1034 2307 1115 2340 verit,
1134 2311 1160 2334 at
1183 2307 1244 2334 dua:
1259 2312 1289 2334 ut
1303 2307 1385 2334 simul
1406 2307 1495 2334 medio
1516 2307 1646 2342 quopiam
1665 2307 1725 2335 loco
1739 2308 1813 2335 exsi-

1031 2355 1114 2384 stant,
1131 2359 1184 2379 non
1203 2352 1244 2379 ius
1265 2355 1317 2380 est.
1335 2351 1405 2378 Sunt
1428 2351 1510 2386 igitur
1533 2352 1579 2386 qui
1600 2351 1690 2378 dicant
1706 2352 1812 2379 unicam

1031 2396 1116 2424 fuisse
1141 2397 1167 2423 in
1191 2397 1249 2430 ipso
1275 2397 1365 2423 medio
1395 2397 1549 2429 consitam,
1574 2404 1634 2424 eam
1663 2404 1723 2431 quas
1753 2397 1814 2424 vitae

1031 2447 1154 2474 vocatur,
1167 2442 1279 2468 alteram
1295 2450 1360 2469 vero
1371 2450 1431 2477 quae
1441 2442 1592 2477 appellatur
1605 2442 1725 2469 scicntia!
1737 2442 1814 2476 juxta

1033 2486 1106 2513 illam
1137 2486 1198 2512 vitae
1224 2487 1360 2514 exstitisse
1388 2491 1487 2514 satam.
1515 2487 1567 2513 Sed
1593 2486 1636 2514 his
1668 2487 1814 2521 objicimus

1032 2532 1119 2566 ipsam
1139 2531 1307 2566 Scripturam
1321 2541 1328 2564 ;
1345 2540 1405 2567 quae
1416 2534 1495 2559 verba
1513 2533 1558 2559 illa
1573 2540 1580 2559 :
1594 2533 1626 2559 In
1639 2532 1724 2559 medio
1734 2540 1815 2566 para-

1033 2576 1102 2608 diso,
1131 2577 1164 2604 ad
1190 2583 1334 2612 utramQue
1363 2579 1488 2605 arborem
1521 2578 1731 2609 accommodat,
1760 2584 1814 2604 n0n

1035 2626 1127 2650 autem
1144 2623 1178 2650 ad
1193 2631 1254 2651 eam
1268 2631 1329 2658 quae
1345 2624 1406 2651 vita:
1419 2628 1473 2657 est,
1490 2624 1587 2652 solam.
1599 2623 1657 2652 Hoc
1667 2623 1739 2660 enim
1754 2622 1818 2651 inde

602 2699 624 2716 ⁴⁷
643 2699 715 2726 Psal.
732 2707 789 2732 cut,
807 2699 850 2726 16.
889 2699 910 2715 ⁸⁸
930 2698 1034 2736 idean.
1051 2707 1083 2731 ll,
1098 2700 1142 2728 16.

238 2773 295 2807 (lii)
317 2771 394 2807 Apud
410 2769 479 2798 LXX
505 2769 531 2798 in
553 2768 646 2797 Graeco
673 2772 725 2797 est.
746 2767 894 2802 ἃνθρωπαυ
918 2767 990 2803 quod
1012 2768 1091 2797 Sirus
1125 2769 1270 2808 interpres,
1287 2776 1367 2809 quem
1391 2772 1487 2811 auctor
1508 2768 1642 2804 sequitur,
1662 2767 1751 2797 reddit
1764 2767 1820 2796 illic

201 2809 332 2837 Barnoao.
