2020 3080
205 120 255 153 521

203 173 390 211 cegnoscitur,
414 171 487 207 quod
509 169 564 197 Eva
586 168 618 195 ad
640 168 792 200 serpentem
806 162 910 211 diceret
928 160 991 211 ulla
1005 162 1028 190 Α

204 204 293 254 Ιίἰῖειιι
315 204 499 250 arboris—qum
522 219 559 241 est
581 214 609 239 in
632 210 715 237 medio
741 206 865 243 paradiso
880 226 887 237 ,
908 204 988 231 nolite

204 250 349 296 contulere,
364 262 401 288 ait
427 260 508 286 Deus.
527 258 591 283 Erat
611 255 682 282 enim
700 253 784 280 arbor
798 250 930 281 scientia,
956 255 988 275 ea

204 317 258 343 qua
270 309 325 335 illis
341 293 428 333 iuerat
443 302 616 331 interdictunt
626 321 634 334 ,
646 307 701 326 non
716 300 796 326 arbor
805 296 877 324 vitae.
893 293 988 322 Cottii-

205 340 277 382 eitur
300 360 364 387 ergo
388 351 420 378 ad
439 355 581 383 utratnque
606 347 732 374 arborem
755 344 893 379 pertinere
915 340 989 376 quod

207 399 307 426 dicitur
319 385 372 427 :Vln
391 394 474 422 medio
492 393 627 428 paradiso.
652 391 736 426 igitur
752 388 899 423 Gregorius
922 385 992 421 Nys-

210 451 294 472 senus
327 441 392 468 dicit
413 440 481 466 duas
502 439 585 465 hasce
606 436 718 463 arbores
737 433 874 469 spiritales
895 431 990 463 fuisse,

208 490 322 523 solaque
339 487 444 513 ratione
461 484 586 519 potuisse
597 481 722 516 intelligi.
742 480 837 515 quales
854 486 908 505 non
925 477 991 504 duas

207 534 298 565 modo,
312 531 358 560 sed
370 530 503 566 plurimas
521 536 575 556 uno
587 527 739 561 eodemque
752 526 811 553 loco
826 523 917 551 ntedio
933 529 992 550 esse

205 586 299 615 posse,
331 584 412 604 nemo
433 574 608 602 dubitaverit.
637 572 704 599 Nam
727 570 809 598 animi
835 569 921 597 nostri
951 568 992 595 vis

206 614 286 653 iacile
312 631 344 651 ea
370 622 516 665 conjungit
544 627 605 654 quae
635 618 736 653 alioqui
762 617 803 644 vel
827 624 842 643 a
868 614 992 650 plurimis

207 669 290 697 sintut
324 658 519 700 conlprehendi
551 667 697 697 nequeant.
729 661 764 687 At
797 666 847 686 nos
874 657 993 684 dicimus

206 715 319 740 arbores
343 711 403 737 illas
432 713 591 743 corporatas
615 705 774 737 exstitisse;
802 702 884 736 idque
904 707 993 734 nuper

207 757 396 787 ostendintus,
426 760 506 789 atque
539 757 669 786 utrasque
694 751 720 776 in
748 747 868 784 paradisi
904 745 994 772 medio

207 804 317 839 quidem
335 801 419 828 fuisse
433 799 536 834 positas
551 797 597 825 sed
611 804 664 823 tton
679 800 708 822 ιιι
729 795 757 821 in
779 799 833 820 uno
844 791 994 824 eodemque

827 103 952 136 ’MOSIS
970 103 1047 132 ΒΑΗ
1065 100 1189 132 CEPIIA

1773 90 1826 121 59.8

1042 158 1118 185 locus
1134 160 1193 183 erat
1212 161 1327 189 magnus
1349 155 1431 186 atquc
1453 150 1572 184 amplus,
1597 149 1640 176 cui
1663 147 1689 175 id
1706 147 1826 174 nominis

1039 203 1166 234 dabatur,
1199 206 1340 236 propterea
1371 197 1444 233 quod
1475 203 1599 223 atnmnus
1623 199 1651 222 ct
1679 193 1825 221 multarunt

1039 248 1167 275 arborum
1184 246 1314 273 varietate
1326 243 1480 279 spectabilis
1491 245 1563 269 esset
1578 250 1585 269 :
1612 240 1695 274 hujus
1717 246 1779 274 pars
1794 246 1826 265 ea

1039 302 1101 329 qua:
1136 298 1248 320 ceteras
1273 298 1367 318 omnes
1389 287 1592 324 pulchritudine
1617 292 1698 318 atque
1726 285 1827 312 decore

1042 338 1175 370 attteibat,
1198 336 1343 372 paradisus
1357 335 1500 362 dicebatur
1525 330 1825 360 accommodatissimas

1040 384 1073 411 ad
1091 383 1282 410 habitationem
1300 380 1562 412 oblectationemqne
1586 377 1739 404 hominum.
1773 374 1826 402 Sed

1042 433 1144 464 quanta
1157 427 1240 454 fuerit
1255 426 1337 461 hujus
1353 425 1512 459 amplitudo,
1535 423 1600 450 satis
1617 422 1707 456 arguit
1725 421 1827 448 ﬂuvius

1042 474 1086 501 ille
1129 479 1244 506 magnus
1262 491 1270 503 ,
1294 470 1340 505 qui
1369 478 1400 496 ex
1432 469 1492 503 ipso
1517 467 1663 499 aﬂlucbat,
1699 471 1724 492 et
1752 470 1826 499 post-

1041 526 1124 553 quam
1149 518 1258 552 elapsus
1286 519 1358 543 esset
1386 514 1556 542 dividebatur
1580 513 1606 538 in
1633 515 1751 546 quatuor
1774 509 1827 536 ﬂu-

1043 566 1139 593 mina:
1169 564 1191 590 si
1217 563 1289 589 enim
1314 561 1412 588 ﬂuvius
1445 560 1502 594 ipse
1529 565 1643 592 magnus
1667 560 1741 588 erat,
1769 563 1828 581 mao

1042 609 1171 637 niiestum
1193 613 1236 635 est
1258 607 1414 640 paradisum
1443 612 1522 640 quem
1550 604 1665 637 rigabat,
1695 608 1826 635 magnum

1042 655 1245 690 spatiosumque
1260 653 1344 680 fuisse
1361 661 1368 679 :
1387 650 1419 677 Et
1434 651 1508 676 illim:
1520 649 1697 680 dividebatur,
1709 653 1733 674 et
1747 648 1829 674 evasit

1042 701 1069 728 iu
1098 705 1211 735 quatuor
1236 699 1334 732 capita.
1367 698 1512 731 Postquam
1537 696 1559 723 is
1591 695 1689 722 ﬂuvius
1715 694 1829 728 rigasset

1043 745 1211 779 paradisum,
1242 743 1369 770 diductus
1399 741 1555 775 divisusque
1582 745 1623 766 est
1651 739 1677 766 itt
1709 743 1828 773 quatuor

1044 791 1140 819 ﬂuvios
1153 799 1222 826 quos
1237 790 1325 816 Moses
1340 788 1415 824 (quia
1436 788 1522 822 ipsius
1549 787 1651 814 saeculo
1667 786 1725 813 noti
1740 785 1829 819 erant)

209 829 365 886 particulari
387 847 459 877 loco.
477 845 525 880 qui
538 844 616 871 locus
635 841 716 868 fuerit
730 837 847 874 paradisi
868 836 995 864 nteditul—
1011 829 1101 865 Bsuis
1125 842 1151 864 et
1171 835 1346 866 numinibus,
1372 838 1399 861 et
1426 833 1492 860 |ocis
1507 832 1654 862 describit,
1680 830 1826 865 tuquiens;

210 881 365 922 lium.Nam
394 891 422 918 id
444 890 514 917 haud
529 888 585 916 ﬁeri
601 886 698 923 potuit,
721 889 749 912 et
773 884 795 912 si
815 883 892 910 ineo
912 881 994 907 altera

212 939 349 970 exstabat,
363 937 477 964 alteratn
490 939 565 962 extra
577 940 638 960 eum
651 933 739 958 locum
752 929 838 956 fuisse
853 932 993 954 necessum

210 991 263 1016 est,
278 990 340 1011 eum
363 981 469 1018 profani
493 979 575 1007 etiant
604 975 757 1013 philosophi
785 973 918 1001 aﬂ‘trment
942 971 996 998 im-

211 1028 340 1066 possibile
364 1033 425 1054 essc
452 1030 482 1052 ut
506 1024 561 1051 duo
593 1029 707 1057 corpora
730 1020 919 1047 contineatttur
940 1023 995 1044 uno

210 1061 369 1110 particulari
392 1072 452 1099 loco
477 1069 559 1097 simul
586 1077 594 1095 :
620 1067 665 1096 sed
691 1067 728 1094 ita
755 1065 848 1093 antbas
863 1063 947 1091 fuisse
967 1061 995 1088 in

210 1119 300 1148 medio
317 1117 454 1153 paradiso,
472 1120 501 1142 ut
516 1115 577 1149 quis
590 1112 723 1140 utramvis
738 1111 828 1138 dicere
844 1113 916 1136 recte
931 1115 996 1142 pos-

212 1169 264 1197 set,
281 1151 405 1197 respectu
431 1163 614 1187 extremarum
625 1155 750 1191 paradisi
776 1153 894 1188 partium
910 1151 997 1178 fuisse

211 1212 239 1238 in
255 1209 344 1237 medio
371 1205 509 1242 paradiso.
530 1202 647 1231 Medium
664 1201 747 1235 igitur
761 1201 788 1226 in
812 1201 939 1226 contextu
958 1197 996 1224 ita

212 1253 400 1289 accipiendum
429 1255 482 1281 est,
511 1255 565 1275 nan
597 1251 627 1274 ut
658 1245 849 1280 particularent
876 1243 996 1276 aliquem

213 1288 302 1331 locum
328 1299 475 1334 signiﬁcet,
500 1295 548 1323 sed
571 1293 650 1329 quasi
669 1292 760 1330 dicat,
779 1298 841 1318 cum
856 1288 997 1323 paradisus

215 1331 454 1382 frequentissimus
471 1344 542 1368 esset
558 1339 640 1367 variis
656 1336 801 1364 arboribus
816 1338 898 1368 atque
919 1331 995 1367 plan-

214 1379 361 1425 tim-hasce
375 1389 443 1416 duas
460 1386 572 1414 arbores
587 1391 641 1410 llOn
664 1383 692 1410 in
720 1381 780 1416 ejus
805 1379 905 1414 angulo
930 1385 998 1412 quo-

217 1421 289 1473 piam
304 1440 376 1463 satas
391 1433 485 1464 fuisse,
504 1431 550 1458 sed
565 1429 592 1456 in
605 1427 693 1455 medio
706 1424 832 1461 paradiso
847 1424 918 1451 inter
931 1421 997 1449 alias

215 1467 329 1510 arbores
344 1477 491 1507 exstitisse.
508 1474 560 1501 Sed
577 1477 604 1500 et
627 1473 678 1499 hoc
695 1470 766 1498 seire
780 1475 868 1504 operte
881 1467 997 1502 pretium

215 1528 307 1560 fuerit,
324 1532 389 1553 num
402 1523 462 1551 duae
477 1522 535 1548 istae
550 1519 661 1547 arbores
674 1537 682 1550 ,
698 1517 781 1543 altera
793 1515 870 1550 juxta
888 1513 1000 1540 alteram

215 1573 312 1609 positae
321 1569 485 1601 exstiterint,
500 1574 534 1594 an
553 1564 666 1593 seorsim
682 1571 690 1589 ε
706 1562 740 1590 de
756 1562 806 1588 hac
827 1567 857 1588 re
876 1566 925 1587 nos
940 1565 1003 1593 pro-

217 1602 388 1647 ;tuntiamus,
405 1613 480 1648 juxta
498 1610 600 1645 positas
618 1608 711 1635 fuisse.
738 1604 831 1640 Neque
847 1603 920 1630 enim
935 1602 1003 1629 dixit

218 1663 359 1697 Scriptura
375 1660 408 1687 de
421 1658 525 1684 Adamo
539 1663 546 1683 :
563 1655 600 1682 Ne
616 1654 686 1681 torte
698 1652 777 1680 adeat
792 1650 916 1678 arborem
931 1648 1002 1681 vitae,

219 1705 413 1742 capiatqtte‘de
439 1710 482 1734 ea,
506 1708 537 1728 ac
548 1705 682 1730 vescatur,
707 1702 734 1724 et
760 1697 832 1724 vivat
855 1697 1002 1730 perpetuo;

220 1739 269 1781 sed
296 1739 377 1778 habet
405 1748 441 1776 ad
471 1748 544 1774 ltunc
566 1745 674 1772 modnnt
703 1752 710 1770 :
735 1742 776 1769 Ne
790 1742 858 1777 {orte
881 1739 1004 1767 extendat

220 1803 329 1825 manum
344 1801 431 1825 suam,
456 1796 479 1819 et
492 1790 590 1825 capiat.
606 1789 631 1816 is
645 1787 708 1816 vero
726 1787 772 1822 qui
797 1792 907 1813 manum
925 1791 1003 1811 suant

221 1841 256 1870 ad
274 1847 330 1868 rem
356 1836 511 1873 quampiattt
542 1833 687 1869 protendit,
707 1839 851 1860 necessum
876 1834 917 1857 est
935 1833 965 1856 ut
979 1828 1004 1855 ei

223 1887 262 1915 rei
282 1885 421 1921 proximus
439 1880 669 1910 astet.'Przcterea
687 1878 749 1905 hinc
764 1875 892 1904 credibile
908 1878 959 1905 est.
979 1873 1003 1901 ei

222 1919 293 1965 loco,
307 1938 334 1958 ιιι
348 1937 402 1965 quo
414 1928 518 1955 Adamo
534 1930 669 1954 certamen
683 1928 710 1951 et
720 1924 792 1950 lucta
805 1926 864 1948 erat
874 1919 1004 1947 adversus

221 1978 344 2006 arborem
369 1974 506 2006 scientiae,
531 1972 683 2008 proximam
714 1968 852 1997 exstitisse
872 1966 1003 1993 arborem

221 2025 293 2056 vitae,
323 2030 371 2050 ceu
405 2019 526 2048 victoria:
553 2017 716 2052 praemium:
738 2020 768 2042 ut
793 2014 815 2042 si
834 2013 941 2041 vicisset
958 2019 1004 2047 per

221 2067 418 2097 continentiam
434 2072 522 2100 neque
534 2063 635 2091 edisset
650 2062 682 2088 de
701 2061 764 2093 ltac,
788 2067 850 2087 mox
872 2059 1004 2094 permissa

222 2113 319 2141 luisset
350 2111 401 2146 ipsi
436 2110 481 2137 illa
510 2108 595 2135 altera
625 2104 778 2141 gustanda,
807 2104 907 2138 quippe
936 2103 1004 2129 solet

223 2158 319 2186 victori
337 2156 425 2191 palma
443 2155 469 2181 in
487 2156 612 2189 promptu
625 2158 696 2178 esse.
722 2150 837 2184 Insuper
855 2148 920 2176 illud
938 2156 1006 2183 quo-

223 2212 277 2239 que
291 2201 375 2237 quaeri
400 2203 498 2236 potest,
518 2206 567 2226 cur
598 2198 668 2224 Deus
689 2195 849 2231 produxerit
863 2194 930 2221 duas
943 2193 1002 2220 illas

223 2247 375 2277 arbores-in
395 2244 484 2272 medio
503 2242 639 2277 paradiso,
663 2248 696 2268 ac
714 2247 767 2267 non
790 2239 878 2273 potius
893 2239 920 2265 in
937 2245 1005 2273 quo-

222 2295 294 2330 piam
308 2292 369 2326 ejus
381 2289 489 2324 angulo.
504 2287 553 2314 llic
567 2286 773 2321 respondemus,
787 2285 846 2311 ideo
862 2284 886 2311 id
903 2283 1002 2310 factum

223 2329 285 2366 esse
314 2335 378 2371 quia
416 2334 443 2361 itt
480 2332 570 2359 medio
598 2330 724 2366 paradiso
743 2329 921 2356 habitaturus
946 2331 1005 2355 erat

222 2383 321 2414 Adam,
343 2384 455 2414 accepto
477 2378 523 2405 Dei
543 2377 657 2411 imperio
679 2375 712 2403 dc
735 2374 848 2402 edendis
867 2373 1004 2401 fructibus

223 2426 330 2454 arboris
347 2423 467 2452 scientia
484 2422 548 2450 boni
563 2426 592 2450 et
607 2421 681 2448 mali.
697 2421 831 2447 Caeterum
850 2419 1003 2453 qualisnam

223 2471 307 2500 fuerit
320 2470 402 2498 arbor
419 2469 490 2500 vitae,
500 2471 527 2495 et
541 2475 590 2495 cur
603 2467 642 2495 sic
656 2465 692 2493 sit
705 2465 777 2492 dicta
788 2483 796 2496 .
810 2463 907 2490 deinde
917 2463 1005 2498 qualis

223 2517 304 2544 arbor
338 2514 458 2543 scientia
483 2513 546 2540 boni
577 2517 603 2540 et
627 2511 704 2544 mali,
726 2515 753 2538 et
770 2509 948 2545 quamobrem
971 2515 1005 2535 eo

223 2562 336 2589 nomine
365 2559 516 2595 appellata,
547 2565 602 2585 una
637 2563 700 2584 cunt
729 2555 790 2583 aliis
816 2554 875 2589 ejus
900 2554 1006 2588 generis

226 2606 378 2635 rationibus
393 2612 473 2639 supra
490 2611 505 2631 a
523 2603 601 2631 nobis
616 2602 683 2630 satis
695 2601 878 2636 explicatum:
902 2598 936 2625 Et
953 2599 1006 2633 ﬂu-

223 2653 280 2681 vius
296 2651 479 2688 egrediebatur
493 2657 525 2677 ea
537 2648 609 2676 Edeu
621 2653 650 2675 ut
672 2647 769 2682 rigaret
789 2645 954 2680 paradisum.
976 2643 1008 2671 Et

1013 1492 1034 1521 (Ξ

1021 2162 1042 2190 D

1045 882 1147 910 Nomen
1162 882 1238 908 unius
1252 879 1361 912 Phison,
1372 879 1442 906 is-est
1456 877 1604 913 qui'circuit
1619 876 1766 902 uniuersam
1779 879 1832 901 tero

1045 937 1102 956 ram
1122 927 1233 954 Havilw.
1260 925 1364 953 Nomen
1392 925 1476 959 igitur
1491 923 1573 950 unius
1599 923 1696 949 ltorutn
1710 925 1831 955 quatuor

1044 974 1188 1001 ﬂuviorum
1203 977 1246 998 est
1260 970 1378 1002 Phison;
1393 971 1451 997 sive
1464 988 1471 1000 ,
1488 967 1638 995 ut‘Gmcus
1652 969 1740 998 vocat,
1757 964 1830 999 Dija-

1045 1020 1087 1048 bis
1103 1029 1109 1046 :
1125 1019 1171 1054 qui
1186 1018 1285 1046 ﬂuvius
1312 1023 1454 1052 postquam
1481 1015 1591 1041 avulsus
1608 1013 1642 1040 ab
1661 1013 1707 1039 illo
1729 1011 1833 1046 majore

1045 1070 1071 1093 et
1089 1065 1219 1100 primario
1232 1063 1388 1099 paradisum
1404 1062 1539 1097 pclluente
1550 1080 1558 1092 ,
1576 1061 1601 1086 in
1615 1064 1770 1093 terramque
1783 1058 1832 1085 tle-

1047 1119 1154 1138 mersus
1182 1115 1234 1143 est,
1262 1110 1313 1137 sub
1333 1109 1399 1144 ipsis
1422 1109 1503 1136 etiam
1533 1107 1632 1134 Oceani
1659 1107 1735 1132 vadis
1758 1104 1831 1136 ﬂuit,

1047 1157 1132 1184 donec
1155 1156 1288 1183 ebullit-ns
1309 1158 1468 1190 prorumpat
1496 1153 1523 1180 in
1548 1152 1736 1183 occidentem,
1762 1150 1833 1176 unde

1047 1209 1143 1229 versus
1169 1201 1381 1236 septentrionem
1401 1206 1530 1234 regyrans
1548 1198 1682 1225 delabitur
1705 1205 1751 1232 per
1769 1196 1834 1222 uni-

1048 1253 1153 1273 versant
1187 1245 1326 1280 regionem
1355 1243 1481 1270 lndorunt
1511 1243 1602 1277 (quant
1635 1245 1713 1267 vocat
1743 1239 1833 1267 Moses

1048 1297 1145 1319 terram
1156 1291 1280 1324 Havilae),
1292 1298 1323 1317 ac
1338 1290 1445 1316 tandem
1455 1289 1553 1315 desittit
1569 1289 1596 1314 itt
1613 1294 1686 1314 mare
1699 1286 1833 1314 Indicant.

1049 1336 1118 1364 Sunt
1132 1341 1221 1364 autem
1244 1336 1290 1370 qui
1312 1339 1407 1370 putent
1435 1333 1535 1360 Phison
1560 1333 1723 1367 appellatum
1739 1338 1801 1358 esse
1818 1337 1833 1357 a

1048 1382 1131 1409 verbo
1146 1381 1216 1408 Plias
1225 1381 1292 1417 (l6).
1306 1385 1446 1416 propterea
1461 1379 1529 1412 quod
1540 1382 1625 1405 cesset
1637 1385 1652 1404 a
1661 1376 1741 1404 ﬂuctu
1756 1384 1834 1410 aspc-

1049 1428 1152 1460 ctabili,
1166 1427 1266 1462 quippe
1279 1427 1324 1461 qui
1341 1425 1389 1452 sub
1403 1425 1494 1451 multis
1511 1424 1611 1458 pelagis
1625 1423 1754 1456 majorem
1771 1429 1835 1448 cur-

1051 1479 1097 1499 sus
1111 1472 1154 1498 sui
1173 1476 1274 1506 partem
1291 1473 1410 1504 peragat.
1426 1467 1458 1494 Et
1472 1468 1511 1495 ibi
1526 1473 1563 1494 est
1580 1474 1686 1498 aurum,
1701 1470 1725 1492 ει
1740 1473 1835 1492 aurum

1052 1517 1108 1552 ejus
1133 1521 1210 1543 teme
1234 1520 1361 1546 pra’stans
1383 1518 1437 1544 est;
1461 1512 1499 1539 ibi
1527 1510 1667 1542 Bedalalh,
1691 1515 1716 1537 et
1736 1510 1835 1544 lapides

1053 1563 1162 1590 Berilli.
1181 1561 1282 1589 Ferunt
1302 1561 1328 1587 in
1355 1561 1484 1594 pleraque
1508 1557 1591 1591 hujus
1611 1556 1729 1583 ﬂuminis
1754 1562 1836 1582 arena

1054 1614 1134 1643 atque
1150 1608 1177 1634 in
1204 1607 1261 1642 ipsa
1278 1606 1347 1640 ripa,
1365 1612 1460 1632 aurum
1477 1604 1591 1639 probum
1610 1601 1837 1635 admirandasqne

1054 1653 1216 1689 margaritas
1240 1652 1357 1680 ubertim
1383 1650 1504 1685 reperiri.
1522 1648 1663 1676 ilebrmunt
1678 1648 1762 1679 enim,
1787 1647 1838 1674 Be-

1054 1699 1159 1730 dolath,
1176 1705 1294 1733 gemmas
1324 1701 1419 1729 vocat;
1438 1694 1551 1722 Berillos
1568 1701 1641 1724 vero,
1659 1693 1761 1728 lapides
1777 1699 1838 1727 pre-

1055 1744 1151 1772 tiosos.
1167 1743 1230 1776 Alii,
1248 1742 1390 1774 Bedolatb,
1407 1741 1538 1769 candidas
1556 1741 1669 1768 uniones
1684 1739 1837 1774 signiﬁcan

1055 1788 1230 1820 existimant;
1262 1786 1376 1814 Berillos
1404 1793 1478 1818 vero,
1510 1786 1615 1817 sardos,
1648 1785 1780 1819 topazios,
1811 1788 1837 1810 at

1055 1838 1168 1861 caeteras
1185 1833 1211 1860 id
1229 1839 1314 1868 genus
1327 1839 1460 1867 gemmas.
1480 1832 1513 1858 Et
1529 1839 1620 1857 nomen
1641 1830 1716 1863 ﬂuvii
1732 1829 1838 1856 secundi

1056 1878 1156 1911 Gihon;
1174 1879 1196 1904 is
1214 1883 1252 1904 est
1273 1886 1318 1912 qut
1338 1877 1431 1904 circuit
1455 1885 1556 1904 omnem
1577 1881 1673 1903 terram
1688 1875 1770 1902 Clitis.
1791 1873 1841 1901 Se-

1055 1924 1160 1952 cundus
1174 1923 1273 1950 ﬂuvius
1289 1931 1387 1950 nomen
1404 1923 1484 1950 habet
1500 1921 1601 1948 Gihon.
1617 1921 1728 1948 Graecus
1745 1920 1837 1946 Nilum

1055 1969 1189 2004 appellat:
1208 1969 1252 1995 alii
1270 1967 1368 1996 Sicltor
1384 1967 1531 1995 vocant.Et
1546 1967 1589 1994 ltic
1604 1973 1711 2001 quoque
1725 1964 1835 1996 ﬂuvius,

1056 2020 1086 2042 ut.
1112 2019 1250 2050 separatus
1277 2019 1318 2041 est
1342 2014 1377 2041 ab
1401 2013 1447 2040 illo
1472 2013 1586 2047 majore,
1626 2012 1677 2039 sub
1701 2010 1838 2039 Oceannnt

1055 2060 1205 2093 descendit,
1221 2059 1308 2087 donec
1323 2058 1487 2093 scaturigine
1502 2057 1636 2085 evomitur
1650 2057 1676 2083 in
1692 2057 1767 2091 plaga
1784 2058 1840 2082 Au-

1055 2106 1142 2138 strali,
1174 2109 1256 2140 atque
1287 2112 1386 2140 gyrans
1411 2103 1510 2138 perluit
1536 2107 1635 2130 terraut
1661 2102 1839 2129 Chussiorum

1057 2150 1202 2185 (Ethiopas
1228 2149 1368 2183 vocamus)
1399 2154 1425 2175 et
1450 2147 1647 2183 Egyptiorum,
1676 2147 1840 2180 tandemque.

1056 2195 1158 2222 desinit
1181 2195 1208 2220 in
1218 2201 1293 2221 mare
1310 2193 1494 2224 Adriaticum,
1517 2191 1591 2226 quod
1613 2195 1654 2218 est
1675 2191 1746 2225 apud
1760 2190 1841 2225 [Egy-

1056 2245 1142 2274 ptum.
1157 2239 1290 2266 Caeterum
1313 2245 1412 2265 nomen
1434 2237 1549 2265 Gihottis
1568 2236 1685 2264 obtinuit
1701 2243 1715 2262 a
1734 2236 1841 2262 ﬂuendo

1058 2291 1119 2311 cum
1133 2284 1323 2316 inundatione;
1336 2283 1384 2310 hac
1394 2283 1480 2314 enim,
1491 2282 1549 2317 ripa
1562 2289 1611 2309 sua
1623 2280 1839 2316 supergrediens,

1057 2330 1152 2364 irrigat
1178 2333 1263 2356 terras
1287 2329 1337 2356 sibi
1356 2329 1590 2363 circumjacenles.
1608 2326 1642 2353 Et
1661 2335 1755 2354 namm
1767 2327 1841 2361 ﬂuvii

1060 2374 1129 2401 tertii
1145 2373 1247 2406 Diklat,
1263 2374 1306 2408 qui
1321 2373 1341 2399 it
1355 2373 1479 2400 adversus
1491 2373 1586 2400 Assur.
1605 2371 1722 2405 Quartus
1733 2372 1842 2406 denique

1060 2420 1157 2455 ﬂuvius
1184 2424 1222 2446 est
1251 2419 1358 2446 Perath.
1389 2418 1477 2446 Diklat
1506 2419 1656 2454 appellatus
1680 2423 1722 2446 est
1747 2418 1842 2446 tertius

1059 2464 1167 2496 ﬂuvius,
1184 2464 1256 2498 quod
1270 2465 1439 2499 impctuosus
1460 2471 1491 2491 ac
1512 2464 1622 2498 rapidus
1638 2471 1747 2491 sursum
1762 2463 1842 2490 dear-

1059 2517 1120 2537 sum
1139 2509 1242 2536 feratur
1257 2510 1334 2544 quasi
1355 2509 1436 2536 homo
1452 2509 1587 2536 violentus
1612 2516 1644 2536 ac
1659 2508 1778 2536 fervidus
1794 2508 1841 2543 qui

1060 2555 1092 2583 ad
1105 2555 1316 2590 perrumpenda:
1326 2555 1466 2589 angustias
1476 2555 1582 2590 aliquas
1595 2562 1667 2582 nunc
1678 2562 1707 2582 se
1715 2554 1840 2588 subrigit,

1061 2607 1134 2626 nunc
1167 2599 1295 2625 demittit.
1323 2598 1442 2631 Quartus
1474 2599 1590 2633 denique
1618 2597 1717 2625 ﬂuvius
1742 2597 1842 2624 dicitur

1061 2643 1170 2676 Peratlt,
1190 2643 1254 2678 quia
1270 2642 1482 2671 fecundissimus
1499 2647 1549 2671 est.
1566 2642 1599 2670 Et
1611 2643 1638 2670 hi
1663 2649 1771 2677 quoque
1788 2642 1842 2669 duo

262 2754 318 2788 (l0)
335 2753 446 2785 Phison.
462 2751 585 2788 superius
590 2759 655 2788 _cap_.
668 2751 714 2785 2|,
727 2750 794 2779 dixit
808 2750 900 2779 Graece
928 2747 1020 2778 vocari
1040 2746 1143 2781 Diiabis
1167 2755 1215 2783 per
1235 2752 1359 2784 quartam
1395 2748 1514 2777 vocalem
1535 2748 1561 2776 in
1589 2747 1708 2776 secunda
1726 2746 1838 2782 syllaba.

221 2786 423 2822 Phas,'ceuare
437 2786 570 2822 signiﬁcat
587 2786 674 2822 Syris.
