2020 3080
202 160 262 199 ⁷52)

789 171 843 202 DE
857 171 1047 203 PARADlSO
1079 183 1112 190 --
1134 171 1229 201 ΡΧΗὸ
1248 169 1274 200 Ι.

1770 162 1840 194 ‘530

210 225 287 252 nuvli
298 225 379 254 simul
395 230 477 261 atque
490 227 604 254 d‘erivati
618 228 730 255 snnt‘ab
743 228 790 255 illo
802 229 997 264 principalium
1013 232 1031 258 Α
1051 225 1106 255 illic
1117 228 1189 255 haud
1204 227 1251 254 diu
1268 224 1382 258 mansit,
1396 231 1461 255 sua;
1471 229 1528 251 non
1539 221 1682 250 Eﬂectorls
1698 220 1740 249 sui
1757 219 1836 254 culpa

209 270 341 297 ﬂumine:
357 271 477 306 absorpti
493 272 544 299 sub
556 272 706 305 Oceanum,
722 274 831 300 tandem
849 273 993 308 prosiliunt

210 315 236 342 in
257 316 347 343 medio
365 320 497 344 terrarum
514 318 587 347 orbe.
608 318 728 347 fontibus
745 326 801 346 non
818 319 912 353 procul
927 320 996 346 inter

209 368 238 387 se
249 361 389 393 dissipatis
404 370 435 389 ac
448 363 567 397 prolapsi
586 364 713 391 desinunt
736 364 762 391 in
778 372 854 391 mare
869 364 996 392 Australe

211 404 297 438 ipsius
312 405 414 434 Bosra.
428 407 511 434 Porro
524 408 610 435 Assur
627 413 706 435 vocat
720 409 857 443 regionem
873 409 952 436 Attur
969 413 997 436 et

210 449 397 479 Ninevitarum
413 460 444 480 ac
460 451 638 487 Bethgarme,
659 454 766 488 aliaqtte
782 455 996 488 circumquaque

210 496 252 523 his
264 497 418 531 adjacentia
434 498 502 525 loca.
517 498 568 526 Sed
581 499 652 526 enim
663 503 789 533 quaerunt
802 499 845 526 hic
859 500 994 531 homines,

210 541 257 574 qui
277 543 361 576 possit
379 544 435 570 ﬁeri
453 548 481 570 ut
497 543 522 570 hi
539 543 744 577 quatuorlluvii
763 544 872 572 veniant
885 552 900 571 e
915 552 996 579 para-

211 585 273 613 diso
287 607 294 618 ,
308 592 341 614 et:
352 588 477 622 absorpti-
487 589 537 615 sub
552 589 688 616 Gccanunt
711 589 780 616 intra
798 594 877 616 terra-
892 590 996 617 viscera

214 636 313 664 mrent',
330 640 360 659 ac
375 633 480 659 tandem
494 638 643 668 emergam,
664 634 891 669 eﬁ‘undanturque
903 635 929 662 in
946 635 998 662 hac

213 679 311 702 nostra
320 677 406 702 terra!
426 675 523 703 Verum
546 676 616 704 hanc
629 677 818 711 quzcstioncm,
837 683 864 705 et
877 678 937 712 ejus
951 686 997 713 ge-

211 721 284 747 neris
308 721 377 749 alias
399 721 453 755 jam
477 722 543 750 satis
564 723 749 751 dissolvimus.
780 723 866 752 Porro
893 724 997 757 Moses,

208 764 344 798 explicata
361 766 516 791 narratione
530 773 624 792 carum
640 774 732 794 rerum
750 775 810 802 quae
826 767 858 794 ad
877 768 995 802 paradisi

210 808 315 834 laudent
347 808 652 843 magniﬁcentiamque:
671 810 733 837 item
759 818 851 838 earum
877 819 937 846 qua:
965 812 998 839 ad

211 851 311 878 ﬁumen
327 851 421 885 ingens
437 859 491 886 quo
510 852 554 879 ille
572 853 675 887 rigatur
691 862 698 880 :
717 854 834 889 denique
848 855 881 882 ad
897 855 999 883 seduli-

211 900 295 922 tatem
315 895 361 923 Dei
379 897 530 925 conditoris
553 897 625 925 illius
645 903 726 932 atque
740 900 839 926 satoris
854 905 977 935 spectant
993 910 1000 928 :
1018 901 1039 928 Β

211 940 309 967 transit
333 941 366 968 ad
386 941 531 969 dicendum
546 943 580 970 de
596 943 706 971 imlucto
720 945 825 973 Adamo
839 946 865 972 in
890 947 999 981 paradi-

211 992 269 1012 sum
284 985 326 1013 his
341 987 429 1014 verbis
444 997 451 1012 -.
469 987 501 1014 Et
518 989 618 1022 accepit
632 988 759 1016 Dominus
773 989 841 1018 Deus
853 991 997 1023 Adamunt,

210 1035 236 1057 et
246 1031 332 1065 posuit
347 1032 432 1065 ipsum
451 1033 477 1059 in
489 1034 615 1067 paradiso
632 1034 715 1062 Edon.
729 1035 789 1067 Quo
809 1036 901 1065 habitu
917 1045 1000 1072 appa-

211 1076 297 1103 ruerit
311 1077 382 1104 Deus
395 1078 509 1110 Adamo,
526 1078 645 1106 diximus
664 1088 762 1114 nuper.
792 1079 851 1107 Jam
868 1089 933 1109 vero
951 1083 1001 1110 hoc

212 1121 359 1149 videndum
373 1127 424 1155 est,
436 1124 516 1157 unde,
529 1129 556 1152 et
568 1132 622 1159 quo
634 1126 775 1153 sustulerit
788 1127 876 1161 ipsum
891 1129 1001 1162 quando

212 1166 353 1201 Scriptura
371 1167 406 1194 ait
423 1177 430 1195 :
445 1168 479 1194 Et
502 1170 600 1203 accepit
617 1169 745 1197 Dominus
765 1171 833 1198 Deus
856 1172 999 1200 Atlamum.

212 1211 296 1245 lo'itur
311 1213 420 1247 quidam
438 1219 577 1248 putantes
595 1214 742 1243 Jerusalem
761 1216 896 1244 sttblatum
915 1223 1002 1245 trans-

212 1257 305 1284 tulisse
321 1258 345 1284 in
364 1259 519 1293 paradisum
536 1269 543 1286 :
563 1268 624 1287 nam
642 1261 668 1287 in
682 1259 832 1289 Jerusalem
853 1261 998 1290 formatum

210 1310 283 1335 esse,
301 1303 344 1330 ubi
359 1309 385 1331 et
399 1309 512 1332 mortem
530 1306 612 1332 etiam
628 1306 736 1333 obierit.
761 1306 812 1334 Alii
828 1315 892 1335 vero
905 1308 999 1335 existi-

213 1354 285 1375 mant
299 1368 306 1381 ,
329 1357 362 1376 ex
390 1349 450 1376 loco
467 1350 612 1378 humiliore
634 1356 716 1386 atque
731 1352 826 1380 viliore
855 1353 1000 1381 sustulisse

212 1394 240 1420 in
256 1394 344 1422 locum
359 1395 502 1424 sublimem
518 1397 758 1432 magniﬁcumque,
784 1402 811 1425 et
825 1399 908 1426 veluti
923 1407 1000 1427 crea-

215 1443 271 1466 tum
292 1448 306 1467 a
324 1447 352 1468 se
369 1449 459 1475 regem
478 1442 617 1469 induxisse
634 1443 659 1469 in
684 1443 801 1477 regalem
827 1444 929 1471 sedem.
949 1444 1001 1472 Sed

213 1493 332 1519 quonam
346 1486 420 1513 illum
437 1487 517 1514 modo
531 1487 658 1514 sustulit?
675 1487 849 1523 Respondent
861 1489 1000 1522 nonnulli,

213 1530 239 1556 id
258 1531 329 1565 quod
348 1531 484 1566 Scriptura
505 1533 561 1559 ait:
580 1532 611 1559 Et
632 1535 732 1568 accepit
744 1555 751 1567 ,
768 1534 836 1561 nihil
854 1535 926 1562 aliud
945 1535 996 1562 sibi

213 1576 281 1602 velle
295 1583 375 1610 quam
392 1576 474 1604 Deum
492 1578 594 1606 dixisse
614 1580 646 1606 ad
668 1580 743 1606 illum
759 1589 766 1606 :
780 1579 842 1612 Abi,
857 1581 1001 1615 ipsumque

212 1621 344 1648 continuo
369 1623 521 1656 profectum
543 1631 612 1651 esse.
637 1625 688 1652 Sed
715 1625 756 1652 his
783 1625 917 1660 objiciunt
942 1626 1000 1659 alii,

215 1666 347 1693 incertum
361 1667 446 1694 fuisse
457 1668 572 1701 Adamo,
591 1669 671 1701 unde,
685 1675 711 1697 et
725 1677 779 1704 quo
790 1670 867 1697 abire
879 1670 999 1698 deberet.

214 1709 318 1741 Quibus
333 1710 368 1736 illi
383 1711 556 1745 respondent,
571 1712 620 1746 ipsi
634 1713 659 1738 iu
677 1718 792 1740 tuentem
808 1713 916 1741 vertisse
929 1715 1001 1742 uttde

213 1759 240 1792 et
254 1763 308 1789 quo
319 1756 473 1783 abeundum
491 1757 552 1790 sibi,
567 1762 648 1792 atque
662 1758 707 1785 ubi
722 1759 898 1786 habitandum
914 1764 999 1792 esset,

215 1799 294 1826 sicuti
323 1801 380 1828 \isa
407 1802 546 1836 prophetis
571 1802 657 1830 solent
685 1804 806 1832 evenire.
831 1803 932 1832 Verum
955 1804 1001 1832 alii

215 1845 318 1872 malunt
337 1845 503 1878 existimare,
539 1847 622 1874 Deum
641 1848 745 1875 Adamo
769 1849 886 1876 humana
912 1850 1002 1884 specie

214 1889 385 1923 apparuisse,
407 1890 554 1924 ipsumque
576 1891 777 1925 apprehensum
802 1895 1003 1926 transportasse

216 1934 241 1960 in
256 1934 423 1969 paradisum.
438 1935 491 1962 Sed
505 1935 597 1963 dices:
612 1936 670 1963 sive
682 1944 730 1971 per
743 1936 841 1965 mentis
855 1937 1001 1970 visionem,

215 1980 273 2007 sive
289 1989 337 2016 per
353 1981 500 2008 humanam
522 1981 633 2015 ﬁguram
659 1982 696 2009 illi
721 1983 894 2018 apparuerit;
920 1988 1002 2019 atque

216 2026 254 2052 ita
272 2027 450 2058 transtulerit,
467 2034 564 2061 magno
581 2026 668 2054 luisse
686 2035 754 2062 opus
770 2029 898 2063 temporis
913 2030 1002 2064 spatio

218 2071 251 2097 ad
278 2071 330 2097 iter
353 2072 404 2099 hoc
421 2072 631 2099 conﬁciendum.
656 2072 742 2106 [gitur
758 2078 848 2100 nostra
867 2075 1001 2102 sententia

217 2120 270 2148 est,
289 2115 370 2141 Demn
391 2116 524 2144 formasse
536 2118 668 2145 Adamum
684 2122 758 2145 extra
777 2119 944 2153 paradisum,
960 2124 1003 2148 at-

220 2168 273 2201 que
285 2160 359 2188 illinc
372 2166 510 2197 arreptum
523 2163 678 2191 sustullisse
691 2164 716 2190 in
729 2164 896 2199 paradisum,
912 2165 1004 2200 ibique

220 2206 523 2239 dimisisse;c:eteruut
549 2215 582 2236 co
609 2209 747 2243 accepisse
777 2210 868 2242 modo,
895 2218 950 2245 quo
978 2216 1004 2238 et

220 2251 331 2285 Enech,
351 2257 377 2280 et
393 2253 556 2288 Philippum.
573 2254 640 2281 Nam
658 2259 688 2281 ut
708 2256 742 2282 de
763 2255 854 2282 Enoch
872 2256 1002 2291 seriptnm

221 2302 308 2324 exstat
324 2306 331 2324 :
349 2298 382 2325 Et
395 2298 454 2325 tulit
469 2299 554 2333 ipsum
567 2299 636 2326 Deus
647 2300 687 2333 “;
717 2299 835 2335 itemque
853 2300 977 2336 Philippo
992 2309 1001 2329 :

225 2344 257 2369 l-.t
272 2343 388 2379 Spiritus
406 2344 512 2372 Domini
527 2346 615 2380 rapuit
629 2346 714 2380 ipsum
726 2346 747 2362 ⁷⁰
765 2354 773 2373 :
790 2347 830 2374 sic
843 2351 870 2374 et
884 2347 1000 2374 dicimus

223 2390 355 2418 Adamum
372 2399 432 2419 esse
446 2399 460 2417 ιι
481 2391 534 2418 Deo
549 2395 656 2426 raptum
671 2399 704 2419 ex
720 2399 751 2419 eo
770 2392 830 2420 loco
845 2400 899 2428 quo
913 2392 1002 2421 lueret

220 2437 363 2468 fortnatus.
380 2441 462 2472 atque
478 2438 504 2464 in
525 2438 680 2473 paradisum
697 2439 901 2473 transpositum.
916 2439 1002 2467 Dimi-

220 2484 303 2518 sitque
323 2485 408 2518 ipsum
429 2485 454 2510 iu
481 2484 605 2518 paradiso
626 2484 717 2517 Etlen,
741 2489 769 2510 ut
786 2492 844 2511 eum
867 2485 961 2512 coleret
978 2491 1003 2512 et

220 2529 371 2554 rustodiret.
387 2529 424 2554 Eo
435 2528 509 2562 quod
521 2528 588 2555 dicit
603 2537 609 2555 :
625 2528 658 2554 Et
670 2529 768 2555 dimisit
781 2529 866 2563 ipsum
881 2530 907 2556 in
923 2538 1004 2565 para-

221 2573 288 2605 tliso,
306 2573 426 2599 declarat
441 2573 523 2600 Deum
540 2573 647 2600 sublato
660 2574 765 2601 Adamo
781 2582 835 2601 non
848 2576 1002 2603 ostendisse

221 2616 301 2642 tundo
316 2616 433 2651 paradisi
459 2616 687 2650 pulchritudinem
711 2618 1002 2654 magniﬁcentiamque,

223 2665 249 2687 et
264 2669 322 2688 mox
339 2661 401 2689 inde
414 2661 575 2696 abripuisse,
588 2662 634 2689 sed
650 2661 717 2689 inibi
730 2663 833 2696 relicto,
847 2663 1002 2692 facultatem

223 2707 349 2733 manendi
360 2714 443 2741 seque
453 2706 603 2734 oblectandi
615 2707 773 2742 permisisse
784 2712 813 2735 ut
825 2709 851 2735 in
860 2708 920 2736 loco
931 2710 1004 2738 illius

222 2753 307 2788 ipsius
333 2754 418 2789 gratia
445 2753 555 2781 condito
580 2752 798 2788 concinnatoque
819 2762 825 2781 :
843 2762 905 2782 nam
932 2756 1004 2784 ottod

261 2849 282 2864 "
299 2848 365 2876 Gen.
382 2855 408 2881 ι’,
422 2848 467 2876 Si.
505 2846 527 2864 ’°
543 2847 602 2875 Act.
616 2853 673 2880 vtn,
687 2846 730 2874 59.

770 2847 789 2862 ⁷¹
806 2846 828 2874 ll
845 2845 940 2874 Thess.
954 2853 992 2880 ιιι,
1017 2846 1056 2873 ll.

1050 273 1152 300 evenit:
1162 271 1240 305 Quod
1253 277 1333 306 porro
1344 270 1478 304 sequitur:
1493 268 1525 296 Ut
1536 276 1595 295 eum
1607 267 1702 294 coleret
1715 270 1739 293 et
1752 270 1843 292 custo-

1049 319 1134 350 diret,
1151 324 1266 352 quanam
1293 315 1425 344 sententia
1456 314 1508 342 erit
1524 312 1731 348 accipiendum?
1764 311 1844 338 Nun-

1050 363 1117 398 quid
1132 362 1277 398 paradisus
1292 361 1396 388 cultore
1411 360 1514 395 egebat,
1531 360 1558 387 in
1573 367 1627 394 quo
1643 358 1741 386 silvosa
1755 357 1842 384 senti-

1049 415 1167 443 cosaque
1178 407 1304 434 materies
1317 414 1369 434 non
1381 405 1587 434 succrescebat?
1598 405 1654 432 haec
1666 404 1738 431 enim
1749 407 1843 438 postea

1049 462 1098 489 per
1111 453 1324 481 exsecrationem
1345 452 1426 486 coepit
1442 452 1468 478 in
1480 458 1511 478 ea
1530 456 1613 483 terra,
1629 457 1689 485 quae
1701 454 1776 477 extra
1791 456 1840 482 pa-

1051 498 1172 525 radisum
1196 502 1270 530 erat,
1291 497 1393 524 enasci.
1412 496 1545 523 Praeterea
1559 495 1605 530 qui
1629 495 1717 530 potuit
1739 494 1844 521 cultore

1050 551 1120 578 opus
1150 543 1250 570 habere
1276 542 1439 577 paradisus.
1457 541 1546 568 omnis
1571 541 1676 576 generis
1698 539 1842 567 arboribus

1051 588 1212 615 abundans?
1242 587 1359 622 denique
1390 586 1527 622 quomodo
1553 586 1702 616 coluisset,
1724 583 1834 619 quando

1050 640 1139 668 neque
1155 633 1278 666 sarcula,
1297 640 1392 667 nequa:
1409 639 1517 666 scopa,
1532 635 1580 658 aut
1606 630 1718 657 alterius
1736 631 1843 663 genesis

1053 678 1233 706 instrumenta
1247 678 1359 705 cultura:
1371 677 1440 704 facta
1454 678 1559 705 .erant.’.
1573 675 1704 702 Similiter
1725 682 1841 709 quorum

1053 723 1169 751 habebat
1182 723 1307 751 custodia
1320 730 1390 757 opus
1405 722 1558 757 paradisus,
1572 728 1634 748 cum
1649 720 1714 747 nulli
1727 727 1841 754 usquam

1053 772 1216 799 exsisterent
1240 770 1316 805 egeni
1339 768 1484 796 homines?
1502 767 1572 801 Quid
1591 774 1655 802 ergo
1679 766 1730 794 sibi
1748 765 1843 792 volunt

1053 817 1097 844 illa
1111 817 1202 844 verba:
1223 815 1257 842 Ut
1281 815 1376 843 coleret
1401 818 1425 841 et
1447 813 1608 841 custodiret?
1635 811 1843 846 Respondemus

1055 868 1107 888 non
1125 861 1152 888 id
1176 859 1328 895 signiﬁcare
1352 858 1494 886 fodiendas
1518 857 1555 885 illi
1576 856 1662 884 fuisse
1688 856 1799 883 scrobes
1813 855 1841 881 in

1052 906 1150 941 quibus
1161 906 1267 940 plantas
1280 908 1444 936 consereret,
1460 906 1489 930 ut
1499 901 1555 929 Noe
1568 901 1673 928 vitream
1688 922 1694 933 ,
1707 904 1754 926 aut
1768 899 1842 926 labo-

1053 952 1137 979 riosis
1149 951 1238 985 ipsum
1250 949 1438 978 instrumentis
1449 947 1586 983 operando
1597 945 1747 972 molestiam
1759 944 1841 971 ullam

1051 995 1141 1023 subire
1149 995 1284 1027 debuisse,
1297 994 1344 1022 sed
1355 994 1380 1021 in
1392 1001 1425 1021 eo
1434 993 1550 1028 positum
1560 991 1643 1018 fuisse
1655 989 1755 1017 ettltum
1766 989 1841 1016 illum
1855 1004 1858 1006 ν

1052 1044 1081 1067 ιιι
1100 1039 1166 1066 inibi
1179 1039 1269 1066 locum
1282 1038 1334 1066 sibi
1353 1045 1401 1072 pro
1411 1036 1577 1064 habitatione
1594 1039 1710 1069 aptaret.
1730 1034 1842 1067 viasque

1051 1091 1083 1111 ac
1109 1084 1220 1112 semitas
1253 1083 1352 1118 quibus
1379 1081 1522 1110 commode
1547 1083 1640 1115 posset
1653 1079 1842 1110 obambulare,

1050 1130 1234 1164 complanaret
1247 1148 1254 1160 ,
1281 1135 1315 1156 ne
1331 1127 1434 1156 scilicet
1459 1127 1564 1154 otiosus
1579 1130 1665 1153 esset:
1682 1124 1790 1159 quando
1807 1131 1841 1151 ex

1054 1176 1112 1202 otio
1127 1175 1242 1209 plurima
1256 1178 1422 1201 enascantur
1434 1173 1516 1203 mala,
1533 1172 1609 1206 juxta
1624 1171 1688 1198 illud
1705 1170 1843 1205 Sapientis

1050 1220 1192 1255 cujusdam
1211 1228 1218 1246 :
1236 1219 1327 1246 Otium
1355 1219 1456 1246 malum
1486 1222 1547 1250 est,
1582 1222 1609 1244 et
1627 1217 1748 1243 fraudem
1774 1216 1846 1250 parit

1051 1265 1168 1299 pigritia.
1199 1264 1231 1291 Et
1256 1264 1336 1291 divus
1360 1262 1459 1290 Paulus
1475 1263 1540 1290 dicit
1560 1271 1567 1289 :
1585 1262 1648 1289 Nisi
1666 1261 1740 1288 aliud
1759 1269 1840 1295 quum

1050 1311 1134 1336 otium
1154 1314 1259 1344 agentes
1271 1310 1304 1336 τί.
1324 1308 1356 1335 Et
1370 1308 1434 1336 alibi
1446 1309 1493 1339 ait,
1509 1307 1641 1342 quasdam
1659 1306 1774 1334 l'entinas
1787 1313 1843 1333 nou

1050 1354 1137 1382 solum
1153 1354 1254 1381 otiosas
1268 1353 1448 1386 esse,rverum
1467 1352 1547 1379 etiam
1563 1350 1745 1386 quarumdam
1757 1349 1844 1376 mala-

1051 1408 1111 1428 rum
1127 1408 1218 1427 rerum
1238 1400 1410 1427 occasionem
1432 1398 1540 1426 dare".
1559 1397 1704 1428 Caeterum,
1722 1395 1794 1430 quod
1811 1395 1844 1422 de

1052 1445 1230 1472 custodiendo
1256 1444 1384 1479 paradiso
1410 1444 1587 1474 dictum-cst,
1603 1442 1629 1469 id
1653 1441 1685 1468 ad
1710 1441 1844 1468 arcendas

1052 1488 1114 1516 inde
1126 1489 1227 1516 bestias
1242 1492 1361 1521 spectat;
1376 1487 1494 1522 paradisi
1516 1486 1587 1513 enim
1612 1486 1698 1512 vincat
1716 1485 1842 1519 hortique

1053 1534 1098 1560 alii
1112 1534 1220 1568 quando
1238 1534 1273 1560 ab
1289 1532 1444 1560 hominibus
1469 1531 1571 1558 deserti
1592 1536 1715 1562 manent,
1730 1531 1844 1557 concul-

1054 1582 1161 1609 cantur,
1178 1578 1424 1613 opprimuntnrque
1436 1585 1450 1603 a
1472 1576 1548 1603 laris.
1561 1576 1647 1610 Igitur
1665 1579 1691 1601 et
1705 1576 1796 1603 colere
1814 1578 1843 1602 et

1053 1623 1205 1654 custodire,
1227 1623 1259 1650 ad
1284 1630 1376 1649 curam
1397 1621 1572 1648 habitationis
1595 1620 1690 1648 Adami
1719 1625 1842 1655 spectat;

1053 1676 1141 1703 neque
1165 1668 1236 1695 enim
1265 1668 1297 1695 ad
1323 1668 1451 1702 exiguum
1469 1666 1602 1694 duntaxat
1618 1671 1725 1700 tempus
1750 1666 1842 1692 datum

1053 1714 1142 1741 fuerat
1158 1713 1182 1741 ei
1200 1714 1265 1741 illud
1293 1713 1462 1741 domicilium
1484 1714 1510 1740 in
1527 1720 1582 1748 quo
1600 1716 1729 1743 maneret,
1748 1712 1793 1738 sed
1809 1711 1842 1738 ad

1053 1758 1213 1785 diuturnum
1236 1757 1412 1792 longumque.
1430 1757 1542 1792 Insuper
1563 1757 1616 1783 huc
1630 1763 1740 1790 quoque
1754 1755 1844 1782 cultus

1054 1802 1098 1829 ille
1112 1807 1139 1828 et
1153 1801 1275 1829 custodia
1293 1801 1445 1836 pertinent,
1463 1804 1492 1827 ut
1516 1804 1588 1827 esset
1601 1799 1722 1827 Adamus
1737 1799 1800 1833 vigil
1818 1804 1845 1826 et

1052 1851 1160 1880 cautus;
1171 1851 1384 1882 agnosceretque
1392 1851 1530 1878 parentem
1541 1853 1620 1872 suum
1629 1852 1660 1871 ex
1674 1844 1739 1879 ipsis
1747 1843 1845 1878 plantis
1863 1866 1866 1868 _

1053 1893 1242 1927 fructibusque
1258 1891 1387 1926 paradisi,
1406 1899 1454 1918 ceu
1479 1891 1594 1917 colonus
1615 1890 1767 1924 plantarum
1792 1890 1843 1916 im—

1054 1938 1212 1966 mortalium
1230 1947 1237 1966 :
1256 1938 1309 1965 hoc
1332 1941 1374 1965 est
1398 1936 1551 1963 divinarum
1581 1935 1776 1970 cogitationum
1789 1955 1796 1966 .
1814 1941 1845 1962 ιιι

1053 1984 1092 2011 ait
1107 1983 1254 2018 Gregorius
1272 1982 1439 2017 Theologus.
1460 1981 1582 2016 Denique
1607 1981 1660 2008 illis
1674 1980 1779 2008 colendi
1794 1987 1846 2008 ειιε

1054 2029 1244 2064 stodiendique
1261 2028 1355 2056 verbis
1374 2028 1529 2056 ostenditur
1544 2027 1624 2054 etiam
1638 2046 1646 2059 ,
1671 2027 1749 2061 longe
1766 2026 1845 2053 aliter

1055 2076 1180 2103 homines
1194 2075 1276 2102 vitam
1288 2082 1373 2102 suam
1390 2074 1532 2102 instituere
1547 2073 1647 2100 debere
1661 2079 1743 2107 quam
1761 2079 1844 2106 pecu-

1056 2122 1104 2149 des
1123 2121 1238 2149 rationis
1258 2125 1384 2155 expertes
1408 2120 1528 2155 dcgant:
1549 2120 1589 2146 lue
1611 2119 1684 2147 enim
1704 2119 1737 2146 ad
1752 2119 1845 2145 colen-

1055 2164 1119 2192 dum
1150 2164 1412 2198 custodiendumque
1442 2162 1598 2198 paradisum
1639 2162 1750 2189 minitue
1779 2166 1844 2188 sunt

1056 2211 1214 2243 destinatae;
1242 2209 1289 2238 sed
1314 2210 1394 2237 homo
1420 2212 1463 2236 est
1486 2208 1558 2235 illius
1581 2207 1720 2235 cultor-ct
1751 2211 1844 2234 custos

1056 2256 1223 2291 designatus,
1240 2263 1326 2290 eaque
1344 2262 1374 2282 re
1392 2254 1538 2289 plurimum
1555 2253 1605 2280 iste
1619 2253 1654 2280 ab
1669 2252 1722 2280 illis
1733 2251 1823 2280 dill'ert
1834 2272 1842 2284 .

1055 2303 1127 2338 quod
1148 2302 1236 2336 ipsum
1257 2309 1366 2336 quoque
1382 2301 1446 2328 dum
1465 2299 1602 2326 hominem
1619 2298 1736 2333 propriis
1753 2298 1842 2324 mani-

1056 2348 1108 2376 bus
1117 2348 1244 2375 lortnaret
1256 2347 1337 2379 Deus,
1347 2345 1490 2374 ostendere
1500 2345 1594 2372 voluit».
1604 2344 1841 2378 Porropostquam
1859 2364 1862 2368 .

1056 2393 1093 2421 do
1103 2393 1256 2421 introducto
1270 2393 1296 2419 in
1310 2391 1465 2427 paradisum
1479 2391 1584 2417 Adamo
1599 2389 1737 2421 disseruit,
1754 2393 1780 2416 et
1794 2395 1844 2415 cur

1056 2447 1118 2466 eum
1136 2440 1205 2466 Deus
1223 2438 1286 2465 illuc
1301 2437 1438 2464 intulisset
1451 2456 1459 2469 ,
1472 2434 1626 2470 explicavit,
1648 2433 1797 2468 digreditur
1809 2432 1843 2458 ad

1057 2483 1200 2511 dicendum
1216 2483 1250 2510 de
1267 2482 1325 2516 lege
1340 2481 1377 2508 illi
1393 2480 1520 2515 imposita
1540 2479 1581 2506 Itis
1594 2479 1685 2506 verbis
1701 2486 1708 2505 :
1726 2477 1759 2504 Et
1774 2485 1840 2512 praz‘

1058 2528 1125 2562 cepit
1142 2528 1269 2554 Dominus
1291 2526 1360 2554 Dens
1377 2527 1479 2554 Adamo
1491 2546 1497 2558 ,
1510 2526 1628 2560 dixitque
1638 2525 1688 2559 ipsi
1700 2530 1710 2549 .'
1730 2523 1769 2550 De
1787 2531 1841 2550 om-

1053 2574 1129 2601 nibus
1148 2573 1287 2600 arboribus
1304 2580 1362 2607 qua:
1377 2577 1437 2599 sunt
1454 2572 1482 2598 in
1500 2571 1638 2605 paradiso,
1652 2569 1753 2596 edendo
1769 2568 1839 2601 edes;

1055 2624 1081 2646 ut
1095 2619 1126 2646 de
1141 2618 1234 2645 arbore
1248 2618 1363 2645 scientia
1377 2617 1437 2644 boni
1447 2621 1472 2644 et
1490 2615 1555 2643 mali
1577 2623 1628 2642 non
1644 2614 1703 2642 edes
1726 2615 1758 2640 de
1772 2613 1840 2647 ipso.

1056 2664 1113 2692 lloc
1142 2665 1223 2699 igitur
1246 2668 1288 2691 est
1307 2667 1490 2698 prmeeptum,
1521 2662 1579 2688 haec
1602 2661 1644 2687 lex
1664 2666 1745 2694 quam
1772 2658 1842 2686 Deus

1057 2710 1160 2737 Adamo
1177 2709 1318 2744 imposuit,
1331 2715 1365 2735 ne
1377 2707 1470 2735 ederet
1486 2706 1520 2735 de
1531 2706 1631 2734 arbore
1644 2704 1773 2732 scientias.
1786 2702 1841 2732 Sed

1056 2757 1111 2792 jam
1140 2755 1166 2782 in
1187 2754 1406 2789 disquisitionem
1423 2753 1515 2787 venit,
1534 2756 1600 2787 quot
1625 2750 1713 2779 modis
1735 2749 1840 2778 dicatur

1096 2846 1117 2861 "
1135 2844 1228 2872 l'l’im.
1248 2852 1273 2876 ι,
1304 2843 1344 2871 l3.
