  <div class='ocr_page' id='page_1' title='image "/cluster/home/n/w/nwhite01/storage/ocr_20150623/111/njp.32101077772943/292.png"; bbox 0 0 2020 3080; ppageno 0'>
   <div class='ocr_carea' id='block_1_1' title="bbox 153 189 202 224">
    <p class='ocr_par' dir='ltr' id='par_1_1' title="bbox 153 189 202 224">
     <span class='ocr_line' id='line_1_1' title="bbox 153 189 202 224; baseline -0.041 0"><span class='ocrx_word' id='word_1_1' title='bbox 153 189 202 224; x_wconf 64' lang='lat' dir='ltr'><strong>filii</strong></span> 
     </span>
    </p>
   </div>
   <div class='ocr_carea' id='block_1_2' title="bbox 728 195 1211 227">
    <p class='ocr_par' dir='ltr' id='par_1_2' title="bbox 728 195 1211 227">
     <span class='ocr_line' id='line_1_2' title="bbox 728 195 1211 227; baseline 0.004 -2"><span class='ocrx_word' id='word_1_2' title='bbox 728 195 776 225; x_wconf 88' lang='lat' dir='ltr'><strong>DE</strong></span> <span class='ocrx_word' id='word_1_3' title='bbox 796 195 995 227; x_wconf 76' lang='lat' dir='ltr'><strong>PARADISO.</strong></span> <span class='ocrx_word' id='word_1_4' title='bbox 1015 209 1049 216; x_wconf 90' lang='lat'><strong>--</strong></span> <span class='ocrx_word' id='word_1_5' title='bbox 1069 196 1165 227; x_wconf 78' lang='lat' dir='ltr'><strong>PARS</strong></span> <span class='ocrx_word' id='word_1_6' title='bbox 1187 197 1211 227; x_wconf 88' lang='lat' dir='ltr'><strong>I.</strong></span> 
     </span>
    </p>
   </div>
   <div class='ocr_carea' id='block_1_3' title="bbox 1733 201 1784 231">
    <p class='ocr_par' dir='ltr' id='par_1_3' title="bbox 1733 201 1784 231">
     <span class='ocr_line' id='line_1_3' title="bbox 1733 201 1784 231; baseline 0 0"><span class='ocrx_word' id='word_1_7' title='bbox 1733 201 1784 231; x_wconf 52' lang='grc' dir='ltr'><strong>θυι</strong></span> 
     </span>
    </p>
   </div>
   <div class='ocr_carea' id='block_1_4' title="bbox 155 247 1784 290">
    <p class='ocr_par' dir='ltr' id='par_1_4' title="bbox 155 247 1784 290">
     <span class='ocr_line' id='line_1_4' title="bbox 155 247 1784 290; baseline 0.004 -16"><span class='ocrx_word' id='word_1_8' title='bbox 155 247 296 283; x_wconf 83' lang='lat' dir='ltr'><strong>regionem</strong></span> <span class='ocrx_word' id='word_1_9' title='bbox 324 247 350 275; x_wconf 92' lang='lat' dir='ltr'><strong>in</strong></span> <span class='ocrx_word' id='word_1_10' title='bbox 371 255 453 283; x_wconf 79' lang='lat' dir='ltr'><strong>quam</strong></span> <span class='ocrx_word' id='word_1_11' title='bbox 480 248 557 276; x_wconf 84' lang='lat' dir='ltr'><strong>multi</strong></span> <span class='ocrx_word' id='word_1_12' title='bbox 584 255 770 278; x_wconf 77' lang='lat' dir='ltr'><strong>convenerant</strong></span> <span class='ocrx_word' id='word_1_13' title='bbox 791 252 919 279; x_wconf 85' lang='lat' dir='ltr'><strong>mortales</strong></span> <span class='ocrx_word' id='word_1_14' title='bbox 938 262 943 279; x_wconf 92' lang='lat'><strong>:</strong></span> <span class='ocrx_word' id='word_1_15' title='bbox 961 253 982 282; x_wconf 78' lang='grc' dir='ltr'>Α</span> <span class='ocrx_word' id='word_1_16' title='bbox 1000 260 1075 280; x_wconf 89' lang='lat' dir='ltr'><strong>nere.</strong></span> <span class='ocrx_word' id='word_1_17' title='bbox 1094 253 1172 286; x_wconf 83' lang='lat' dir='ltr'><strong>Quod</strong></span> <span class='ocrx_word' id='word_1_18' title='bbox 1188 260 1270 288; x_wconf 87' lang='lat' dir='ltr'><strong>porro</strong></span> <span class='ocrx_word' id='word_1_19' title='bbox 1287 253 1390 280; x_wconf 88' lang='lat' dir='ltr'><strong>nullam</strong></span> <span class='ocrx_word' id='word_1_20' title='bbox 1406 254 1464 288; x_wconf 88' lang='lat' dir='ltr'><strong>ipsa</strong></span> <span class='ocrx_word' id='word_1_21' title='bbox 1480 255 1664 290; x_wconf 80' lang='lat' dir='ltr'><strong>cognitionem</strong></span> <span class='ocrx_word' id='word_1_22' title='bbox 1680 255 1784 282; x_wconf 74' lang='lat' dir='ltr'><strong>Adamn</strong></span> 
     </span>
    </p>
   </div>
   <div class='ocr_carea' id='block_1_5' title="bbox 154 293 944 330">
    <p class='ocr_par' dir='ltr' id='par_1_5' title="bbox 154 293 944 330">
     <span class='ocr_line' id='line_1_5' title="bbox 154 293 944 330; baseline 0.006 -10"><span class='ocrx_word' id='word_1_23' title='bbox 154 300 266 328; x_wconf 83' lang='lat' dir='ltr'><strong>Insuper</strong></span> <span class='ocrx_word' id='word_1_24' title='bbox 289 293 373 321; x_wconf 81' lang='lat' dir='ltr'><strong>haece</strong></span> <span class='ocrx_word' id='word_1_25' title='bbox 394 294 476 321; x_wconf 85' lang='lat' dir='ltr'><strong>etiam</strong></span> <span class='ocrx_word' id='word_1_26' title='bbox 506 300 666 330; x_wconf 86' lang='lat' dir='ltr'><strong>tempestate</strong></span> <span class='ocrx_word' id='word_1_27' title='bbox 689 297 805 330; x_wconf 85' lang='lat' dir='ltr'><strong>plurima</strong></span> <span class='ocrx_word' id='word_1_28' title='bbox 828 304 892 325; x_wconf 90' lang='lat' dir='ltr'><strong>sunt</strong></span> <span class='ocrx_word' id='word_1_29' title='bbox 917 299 944 325; x_wconf 88' lang='lat' dir='ltr'><strong>in</strong></span> 
     </span>
    </p>
   </div>
   <div class='ocr_carea' id='block_1_6' title="bbox 154 333 944 378">
    <p class='ocr_par' dir='ltr' id='par_1_6' title="bbox 154 333 944 378">
     <span class='ocr_line' id='line_1_6' title="bbox 154 333 944 378; baseline 0.005 -12"><span class='ocrx_word' id='word_1_30' title='bbox 154 333 309 367; x_wconf 42' lang='lat' dir='ltr'><strong>orbe&#39;loca</strong></span> <span class='ocrx_word' id='word_1_31' title='bbox 340 347 401 374; x_wconf 66' lang='lat' dir='ltr'><strong>quae</strong></span> <span class='ocrx_word' id='word_1_32' title='bbox 431 347 521 375; x_wconf 85' lang='lat' dir='ltr'><strong>neque</strong></span> <span class='ocrx_word' id='word_1_33' title='bbox 547 341 582 368; x_wconf 90' lang='lat' dir='ltr'><strong>ab</strong></span> <span class='ocrx_word' id='word_1_34' title='bbox 608 341 765 369; x_wconf 86' lang='lat' dir='ltr'><strong>hominibus</strong></span> <span class='ocrx_word' id='word_1_35' title='bbox 794 351 882 378; x_wconf 86' lang='lat' dir='ltr'><strong>neque</strong></span> <span class='ocrx_word' id='word_1_36' title='bbox 913 344 944 370; x_wconf 85' lang='lat' dir='ltr'><strong>ab</strong></span> 
     </span>
    </p>
   </div>
   <div class='ocr_carea' id='block_1_7' title="bbox 155 384 942 422">
    <p class='ocr_par' dir='ltr' id='par_1_7' title="bbox 155 384 942 422">
     <span class='ocr_line' id='line_1_7' title="bbox 155 384 942 422; baseline 0.005 -11"><span class='ocrx_word' id='word_1_37' title='bbox 155 384 259 419; x_wconf 85' lang='lat' dir='ltr'><strong>angelis</strong></span> <span class='ocrx_word' id='word_1_38' title='bbox 282 385 454 417; x_wconf 87' lang='lat' dir='ltr'><strong>incoluntur,</strong></span> <span class='ocrx_word' id='word_1_39' title='bbox 472 386 588 419; x_wconf 87' lang='lat' dir='ltr'><strong>plttrima</strong></span> <span class='ocrx_word' id='word_1_40' title='bbox 606 386 669 413; x_wconf 83' lang='lat' dir='ltr'><strong>item</strong></span> <span class='ocrx_word' id='word_1_41' title='bbox 688 388 773 414; x_wconf 85' lang='lat' dir='ltr'><strong>maria</strong></span> <span class='ocrx_word' id='word_1_42' title='bbox 802 389 942 422; x_wconf 66' lang='lat' dir='ltr'><strong>innaviga-</strong></span> 
     </span>
    </p>
   </div>
   <div class='ocr_carea' id='block_1_8' title="bbox 155 430 946 468">
    <p class='ocr_par' dir='ltr' id='par_1_8' title="bbox 155 430 946 468">
     <span class='ocr_line' id='line_1_8' title="bbox 155 430 946 468; baseline 0.006 -12"><span class='ocrx_word' id='word_1_43' title='bbox 155 431 231 458; x_wconf 84' lang='lat' dir='ltr'><strong>bilia.</strong></span> <span class='ocrx_word' id='word_1_44' title='bbox 250 430 372 466; x_wconf 85' lang='lat' dir='ltr'><strong>Denique</strong></span> <span class='ocrx_word' id='word_1_45' title='bbox 389 435 451 466; x_wconf 88' lang='lat' dir='ltr'><strong>post</strong></span> <span class='ocrx_word' id='word_1_46' title='bbox 471 432 702 460; x_wconf 83' lang='lat' dir='ltr'><strong>resurrectionem</strong></span> <span class='ocrx_word' id='word_1_47' title='bbox 722 434 789 460; x_wconf 83' lang='lat' dir='ltr'><strong>nihil</strong></span> <span class='ocrx_word' id='word_1_48' title='bbox 810 435 861 462; x_wconf 87' lang='lat' dir='ltr'><strong>crit</strong></span> <span class='ocrx_word' id='word_1_49' title='bbox 878 443 946 468; x_wconf 83' lang='lat' dir='ltr'><strong>opus</strong></span> 
     </span>
    </p>
   </div>
   <div class='ocr_carea' id='block_1_9' title="bbox 156 477 945 512">
    <p class='ocr_par' dir='ltr' id='par_1_9' title="bbox 156 477 945 512">
     <span class='ocr_line' id='line_1_9' title="bbox 156 477 945 512; baseline 0.008 -10"><span class='ocrx_word' id='word_1_50' title='bbox 156 481 202 503; x_wconf 83' lang='lat' dir='ltr'><strong>aut</strong></span> <span class='ocrx_word' id='word_1_51' title='bbox 228 477 296 509; x_wconf 82' lang='lat' dir='ltr'><strong>sole,</strong></span> <span class='ocrx_word' id='word_1_52' title='bbox 320 481 368 503; x_wconf 90' lang='lat' dir='ltr'><strong>aut</strong></span> <span class='ocrx_word' id='word_1_53' title='bbox 393 477 469 510; x_wconf 91' lang='lat' dir='ltr'><strong>luna,</strong></span> <span class='ocrx_word' id='word_1_54' title='bbox 495 482 543 505; x_wconf 88' lang='lat' dir='ltr'><strong>aut</strong></span> <span class='ocrx_word' id='word_1_55' title='bbox 569 478 654 506; x_wconf 88' lang='lat' dir='ltr'><strong>stellis</strong></span> <span class='ocrx_word' id='word_1_56' title='bbox 679 481 795 512; x_wconf 65' lang='lat' dir='ltr'><strong>caeteris,</strong></span> <span class='ocrx_word' id='word_1_57' title='bbox 817 481 858 507; x_wconf 81' lang='lat' dir='ltr'><strong>vel</strong></span> <span class='ocrx_word' id='word_1_58' title='bbox 883 481 945 508; x_wconf 87' lang='lat' dir='ltr'><strong>ullis</strong></span> 
     </span>
    </p>
   </div>
   <div class='ocr_carea' id='block_1_10' title="bbox 157 521 947 558">
    <p class='ocr_par' dir='ltr' id='par_1_10' title="bbox 157 521 947 558">
     <span class='ocr_line' id='line_1_10' title="bbox 157 521 947 558; baseline 0.008 -11"><span class='ocrx_word' id='word_1_59' title='bbox 157 521 271 548; x_wconf 78' lang='lat' dir='ltr'><strong>omnino</strong></span> <span class='ocrx_word' id='word_1_60' title='bbox 299 522 507 553; x_wconf 84' lang='lat' dir='ltr'><strong>animantibus,</strong></span> <span class='ocrx_word' id='word_1_61' title='bbox 535 523 728 558; x_wconf 74' lang='lat' dir='ltr'><strong>serpentibus,</strong></span> <span class='ocrx_word' id='word_1_62' title='bbox 756 526 863 552; x_wconf 74' lang='lat' dir='ltr'><strong>aribus.</strong></span> <span class='ocrx_word' id='word_1_63' title='bbox 892 526 947 553; x_wconf 88' lang='lat' dir='ltr'><strong>Po-</strong></span> 
     </span>
    </p>
   </div>
   <div class='ocr_carea' id='block_1_11' title="bbox 158 568 946 605">
    <p class='ocr_par' dir='ltr' id='par_1_11' title="bbox 158 568 946 605">
     <span class='ocr_line' id='line_1_11' title="bbox 158 568 946 605; baseline 0.008 -12"><span class='ocrx_word' id='word_1_64' title='bbox 158 570 262 593; x_wconf 84' lang='lat' dir='ltr'><strong>stremo</strong></span> <span class='ocrx_word' id='word_1_65' title='bbox 280 573 342 601; x_wconf 86' lang='lat' dir='ltr'><strong>post</strong></span> <span class='ocrx_word' id='word_1_66' title='bbox 358 568 587 596; x_wconf 68' lang='lat' dir='ltr'><strong>resurrectionem</strong></span> <span class='ocrx_word' id='word_1_67' title='bbox 606 570 699 597; x_wconf 85' lang='lat' dir='ltr'><strong>nullus</strong></span> <span class='ocrx_word' id='word_1_68' title='bbox 711 570 848 605; x_wconf 89' lang='lat' dir='ltr'><strong>justorum</strong></span> <span class='ocrx_word' id='word_1_69' title='bbox 868 579 946 599; x_wconf 88' lang='lat' dir='ltr'><strong>man-</strong></span> 
     </span>
    </p>
   </div>
   <div class='ocr_carea' id='block_1_12' title="bbox 156 613 945 650">
    <p class='ocr_par' dir='ltr' id='par_1_12' title="bbox 156 613 945 650">
     <span class='ocr_line' id='line_1_12' title="bbox 156 613 945 650; baseline 0.009 -13"><span class='ocrx_word' id='word_1_70' title='bbox 156 618 238 639; x_wconf 88' lang='lat' dir='ltr'><strong>surus</strong></span> <span class='ocrx_word' id='word_1_71' title='bbox 253 616 295 639; x_wconf 90' lang='lat' dir='ltr'><strong>est</strong></span> <span class='ocrx_word' id='word_1_72' title='bbox 311 613 338 639; x_wconf 94' lang='lat' dir='ltr'><strong>in</strong></span> <span class='ocrx_word' id='word_1_73' title='bbox 354 613 445 645; x_wconf 81' lang='lat' dir='ltr'><strong>terris.</strong></span> <span class='ocrx_word' id='word_1_74' title='bbox 465 614 565 649; x_wconf 85' lang='lat' dir='ltr'><strong>quippe</strong></span> <span class='ocrx_word' id='word_1_75' title='bbox 577 615 624 649; x_wconf 90' lang='lat' dir='ltr'><strong>qui</strong></span> <span class='ocrx_word' id='word_1_76' title='bbox 643 623 727 650; x_wconf 83' lang='lat' dir='ltr'><strong>supra</strong></span> <span class='ocrx_word' id='word_1_77' title='bbox 743 617 945 644; x_wconf 85' lang='lat' dir='ltr'><strong>firmamentum</strong></span> 
     </span>
    </p>
   </div>
   <div class='ocr_carea' id='block_1_13' title="bbox 156 659 946 696">
    <p class='ocr_par' dir='ltr' id='par_1_13' title="bbox 156 659 946 696">
     <span class='ocr_line' id='line_1_13' title="bbox 156 659 946 696; baseline 0.01 -12"><span class='ocrx_word' id='word_1_78' title='bbox 156 659 351 691; x_wconf 76' lang='lat' dir='ltr'><strong>conscenderit,</strong></span> <span class='ocrx_word' id='word_1_79' title='bbox 366 659 413 687; x_wconf 86' lang='lat' dir='ltr'><strong>sed</strong></span> <span class='ocrx_word' id='word_1_80' title='bbox 431 660 480 687; x_wconf 88' lang='lat' dir='ltr'><strong>soli</strong></span> <span class='ocrx_word' id='word_1_81' title='bbox 497 660 553 688; x_wconf 90' lang='lat' dir='ltr'><strong>illic</strong></span> <span class='ocrx_word' id='word_1_82' title='bbox 565 661 756 696; x_wconf 87' lang='lat' dir='ltr'><strong>relinquemur</strong></span> <span class='ocrx_word' id='word_1_83' title='bbox 770 668 796 690; x_wconf 89' lang='lat' dir='ltr'><strong>et</strong></span> <span class='ocrx_word' id='word_1_84' title='bbox 811 665 946 692; x_wconf 87' lang='lat' dir='ltr'><strong>moraturi</strong></span> 
     </span>
    </p>
   </div>
   <div class='ocr_carea' id='block_1_14' title="bbox 158 702 946 739">
    <p class='ocr_par' dir='ltr' id='par_1_14' title="bbox 158 702 946 739">
     <span class='ocr_line' id='line_1_14' title="bbox 158 702 946 739; baseline 0.011 -11"><span class='ocrx_word' id='word_1_85' title='bbox 158 706 221 729; x_wconf 76' lang='lat' dir='ltr'><strong>sunt</strong></span> <span class='ocrx_word' id='word_1_86' title='bbox 237 702 324 737; x_wconf 86' lang='lat' dir='ltr'><strong>impii.</strong></span> <span class='ocrx_word' id='word_1_87' title='bbox 349 703 383 731; x_wconf 90' lang='lat' dir='ltr'><strong>Ut</strong></span> <span class='ocrx_word' id='word_1_88' title='bbox 398 711 463 739; x_wconf 86' lang='lat' dir='ltr'><strong>ergo</strong></span> <span class='ocrx_word' id='word_1_89' title='bbox 488 705 513 731; x_wconf 93' lang='lat' dir='ltr'><strong>in</strong></span> <span class='ocrx_word' id='word_1_90' title='bbox 531 705 574 732; x_wconf 84' lang='lat' dir='ltr'><strong>his</strong></span> <span class='ocrx_word' id='word_1_91' title='bbox 599 707 727 735; x_wconf 83' lang='lat' dir='ltr'><strong>omnibus</strong></span> <span class='ocrx_word' id='word_1_92' title='bbox 742 715 804 735; x_wconf 91' lang='lat' dir='ltr'><strong>cum</strong></span> <span class='ocrx_word' id='word_1_93' title='bbox 823 709 860 736; x_wconf 86' lang='lat' dir='ltr'><strong>ita</strong></span> <span class='ocrx_word' id='word_1_94' title='bbox 885 717 946 737; x_wconf 83' lang='lat' dir='ltr'><strong>sese</strong></span> 
     </span>
    </p>
   </div>
   <div class='ocr_carea' id='block_1_15' title="bbox 159 747 946 787">
    <p class='ocr_par' dir='ltr' id='par_1_15' title="bbox 159 747 946 787">
     <span class='ocr_line' id='line_1_15' title="bbox 159 747 946 787; baseline 0.011 -13"><span class='ocrx_word' id='word_1_95' title='bbox 159 747 286 780; x_wconf 83' lang='lat' dir='ltr'><strong>habeant,</strong></span> <span class='ocrx_word' id='word_1_96' title='bbox 310 749 379 776; x_wconf 88' lang='lat' dir='ltr'><strong>nihil</strong></span> <span class='ocrx_word' id='word_1_97' title='bbox 394 750 545 778; x_wconf 86' lang='lat' dir='ltr'><strong>absurdum</strong></span> <span class='ocrx_word' id='word_1_98' title='bbox 570 756 618 779; x_wconf 89' lang='lat' dir='ltr'><strong>aut</strong></span> <span class='ocrx_word' id='word_1_99' title='bbox 638 752 859 787; x_wconf 71' lang='lat' dir='ltr'><strong>dissentaneum,</strong></span> <span class='ocrx_word' id='word_1_100' title='bbox 879 757 946 784; x_wconf 89' lang='lat' dir='ltr'><strong>nihil</strong></span> 
     </span>
    </p>
   </div>
   <div class='ocr_carea' id='block_1_16' title="bbox 160 793 944 834">
    <p class='ocr_par' dir='ltr' id='par_1_16' title="bbox 160 793 944 834">
     <span class='ocr_line' id='line_1_16' title="bbox 160 793 944 834; baseline 0.013 -16"><span class='ocrx_word' id='word_1_101' title='bbox 160 793 284 820; x_wconf 90' lang='lat' dir='ltr'><strong>mutilum</strong></span> <span class='ocrx_word' id='word_1_102' title='bbox 305 799 353 821; x_wconf 88' lang='lat' dir='ltr'><strong>aut</strong></span> <span class='ocrx_word' id='word_1_103' title='bbox 370 795 449 823; x_wconf 87' lang='lat' dir='ltr'><strong>hians</strong></span> <span class='ocrx_word' id='word_1_104' title='bbox 465 803 525 823; x_wconf 88' lang='lat' dir='ltr'><strong>esse</strong></span> <span class='ocrx_word' id='word_1_105' title='bbox 539 797 657 826; x_wconf 81' lang='lat' dir='ltr'><strong>dicimus</strong></span> <span class='ocrx_word' id='word_1_106' title='bbox 673 807 680 825; x_wconf 84' lang='lat'><strong>:</strong></span> <span class='ocrx_word' id='word_1_107' title='bbox 698 799 735 826; x_wconf 85' lang='lat' dir='ltr'><strong>ita</strong></span> <span class='ocrx_word' id='word_1_108' title='bbox 753 807 841 834; x_wconf 90' lang='lat' dir='ltr'><strong>neque</strong></span> <span class='ocrx_word' id='word_1_109' title='bbox 855 801 880 828; x_wconf 91' lang='lat' dir='ltr'><strong>in</strong></span> <span class='ocrx_word' id='word_1_110' title='bbox 898 808 944 833; x_wconf 88' lang='lat' dir='ltr'><strong>eo,</strong></span> 
     </span>
    </p>
   </div>
   <div class='ocr_carea' id='block_1_17' title="bbox 155 840 946 876">
    <p class='ocr_par' dir='ltr' id='par_1_17' title="bbox 155 840 946 876">
     <span class='ocr_line' id='line_1_17' title="bbox 155 840 946 876; baseline 0.014 -11"><span class='ocrx_word' id='word_1_111' title='bbox 155 840 228 874; x_wconf 87' lang='lat' dir='ltr'><strong>quod</strong></span> <span class='ocrx_word' id='word_1_112' title='bbox 244 841 388 874; x_wconf 77' lang='lat' dir='ltr'><strong>paradisus</strong></span> <span class='ocrx_word' id='word_1_113' title='bbox 408 847 470 876; x_wconf 81' lang='lat' dir='ltr'><strong>post</strong></span> <span class='ocrx_word' id='word_1_114' title='bbox 494 845 723 872; x_wconf 73' lang='lat' dir='ltr'><strong>resurrectionem</strong></span> <span class='ocrx_word' id='word_1_115' title='bbox 741 847 823 874; x_wconf 89' lang='lat' dir='ltr'><strong>nullis</strong></span> <span class='ocrx_word' id='word_1_116' title='bbox 850 848 946 876; x_wconf 80' lang='lat' dir='ltr'><strong>usibus</strong></span> 
     </span>
    </p>
   </div>
   <div class='ocr_carea' id='block_1_18' title="bbox 157 885 947 922">
    <p class='ocr_par' dir='ltr' id='par_1_18' title="bbox 157 885 947 922">
     <span class='ocr_line' id='line_1_18' title="bbox 157 885 947 922; baseline 0.014 -11"><span class='ocrx_word' id='word_1_117' title='bbox 157 885 278 917; x_wconf 78' lang='lat' dir='ltr'><strong>serviet,</strong></span> <span class='ocrx_word' id='word_1_118' title='bbox 303 887 453 921; x_wconf 81' lang='lat' dir='ltr'><strong>quidquam</strong></span> <span class='ocrx_word' id='word_1_119' title='bbox 479 888 603 917; x_wconf 83' lang='lat' dir='ltr'><strong>deforme</strong></span> <span class='ocrx_word' id='word_1_120' title='bbox 627 897 675 918; x_wconf 88' lang='lat' dir='ltr'><strong>aut</strong></span> <span class='ocrx_word' id='word_1_121' title='bbox 701 892 825 920; x_wconf 87' lang='lat' dir='ltr'><strong>hiulcum</strong></span> <span class='ocrx_word' id='word_1_122' title='bbox 855 894 947 922; x_wconf 83' lang='lat' dir='ltr'><strong>inesse</strong></span> 
     </span>
    </p>
   </div>
   <div class='ocr_carea' id='block_1_19' title="bbox 157 932 946 974">
    <p class='ocr_par' dir='ltr' id='par_1_19' title="bbox 157 932 946 974">
     <span class='ocr_line' id='line_1_19' title="bbox 157 932 946 974; baseline 0.015 -18"><span class='ocrx_word' id='word_1_123' title='bbox 157 932 296 959; x_wconf 78' lang='lat' dir='ltr'><strong>statueris.</strong></span> <span class='ocrx_word' id='word_1_124' title='bbox 314 932 428 968; x_wconf 89' lang='lat' dir='ltr'><strong>insuper</strong></span> <span class='ocrx_word' id='word_1_125' title='bbox 448 942 525 969; x_wconf 79' lang='lat' dir='ltr'><strong>rcges</strong></span> <span class='ocrx_word' id='word_1_126' title='bbox 547 943 619 971; x_wconf 63' lang='lat' dir='ltr'><strong>sape</strong></span> <span class='ocrx_word' id='word_1_127' title='bbox 645 939 771 966; x_wconf 77' lang='lat' dir='ltr'><strong>maximis</strong></span> <span class='ocrx_word' id='word_1_128' title='bbox 792 940 946 974; x_wconf 81' lang='lat' dir='ltr'><strong>stnnptibus</strong></span> 
     </span>
    </p>
   </div>
   <div class='ocr_carea' id='block_1_20' title="bbox 158 980 944 1020">
    <p class='ocr_par' dir='ltr' id='par_1_20' title="bbox 158 980 944 1020">
     <span class='ocr_line' id='line_1_20' title="bbox 158 980 944 1020; baseline 0.014 -17"><span class='ocrx_word' id='word_1_129' title='bbox 158 984 256 1012; x_wconf 81' lang='lat' dir='ltr'><strong>magna</strong></span> <span class='ocrx_word' id='word_1_130' title='bbox 275 982 406 1006; x_wconf 83' lang='lat' dir='ltr'><strong>extruunt</strong></span> <span class='ocrx_word' id='word_1_131' title='bbox 430 980 556 1014; x_wconf 65' lang='lat' dir='ltr'><strong>aedilicia,</strong></span> <span class='ocrx_word' id='word_1_132' title='bbox 571 990 631 1016; x_wconf 69' lang='lat' dir='ltr'><strong>quae</strong></span> <span class='ocrx_word' id='word_1_133' title='bbox 648 989 795 1019; x_wconf 84' lang='lat' dir='ltr'><strong>postquam</strong></span> <span class='ocrx_word' id='word_1_134' title='bbox 823 986 944 1020; x_wconf 83' lang='lat' dir='ltr'><strong>ipsorum</strong></span> 
     </span>
    </p>
   </div>
   <div class='ocr_carea' id='block_1_21' title="bbox 156 1024 946 1065">
    <p class='ocr_par' dir='ltr' id='par_1_21' title="bbox 156 1024 946 1065">
     <span class='ocr_line' id='line_1_21' title="bbox 156 1024 946 1065; baseline 0.01 -14"><span class='ocrx_word' id='word_1_135' title='bbox 156 1024 219 1052; x_wconf 89' lang='lat' dir='ltr'><strong>usui</strong></span> <span class='ocrx_word' id='word_1_136' title='bbox 237 1024 326 1052; x_wconf 85' lang='lat' dir='ltr'><strong>fecere</strong></span> <span class='ocrx_word' id='word_1_137' title='bbox 353 1025 433 1059; x_wconf 83' lang='lat' dir='ltr'><strong>satis,</strong></span> <span class='ocrx_word' id='word_1_138' title='bbox 458 1034 544 1054; x_wconf 75' lang='lat' dir='ltr'><strong>vacua</strong></span> <span class='ocrx_word' id='word_1_139' title='bbox 572 1027 671 1056; x_wconf 90' lang='lat' dir='ltr'><strong>deinde</strong></span> <span class='ocrx_word' id='word_1_140' title='bbox 695 1031 898 1065; x_wconf 87' lang='lat' dir='ltr'><strong>relinquuntur,</strong></span> <span class='ocrx_word' id='word_1_141' title='bbox 920 1038 946 1060; x_wconf 90' lang='lat' dir='ltr'><strong>et</strong></span> 
     </span>
    </p>
   </div>
   <div class='ocr_carea' id='block_1_22' title="bbox 157 1071 947 1106">
    <p class='ocr_par' dir='ltr' id='par_1_22' title="bbox 157 1071 947 1106">
     <span class='ocr_line' id='line_1_22' title="bbox 157 1071 947 1106; baseline 0.011 -10"><span class='ocrx_word' id='word_1_142' title='bbox 157 1075 247 1097; x_wconf 73' lang='lat' dir='ltr'><strong>tamen</strong></span> <span class='ocrx_word' id='word_1_143' title='bbox 281 1071 393 1098; x_wconf 89' lang='lat' dir='ltr'><strong>minime</strong></span> <span class='ocrx_word' id='word_1_144' title='bbox 429 1077 550 1106; x_wconf 81' lang='lat' dir='ltr'><strong>temere,</strong></span> <span class='ocrx_word' id='word_1_145' title='bbox 585 1079 633 1101; x_wconf 84' lang='lat' dir='ltr'><strong>aut</strong></span> <span class='ocrx_word' id='word_1_146' title='bbox 664 1075 866 1104; x_wconf 85' lang='lat' dir='ltr'><strong>inconsiderate</strong></span> <span class='ocrx_word' id='word_1_147' title='bbox 903 1078 947 1104; x_wconf 89' lang='lat' dir='ltr'><strong>illa</strong></span> 
     </span>
    </p>
   </div>
   <div class='ocr_carea' id='block_1_23' title="bbox 157 1117 947 1158">
    <p class='ocr_par' dir='ltr' id='par_1_23' title="bbox 157 1117 947 1158">
     <span class='ocr_line' id='line_1_23' title="bbox 157 1117 947 1158; baseline 0.009 -14"><span class='ocrx_word' id='word_1_148' title='bbox 157 1120 261 1144; x_wconf 77' lang='lat' dir='ltr'><strong>structa</strong></span> <span class='ocrx_word' id='word_1_149' title='bbox 287 1117 480 1145; x_wconf 77' lang='lat' dir='ltr'><strong>existimantur</strong></span> <span class='ocrx_word' id='word_1_150' title='bbox 494 1127 502 1145; x_wconf 87' lang='lat'><strong>:</strong></span> <span class='ocrx_word' id='word_1_151' title='bbox 518 1119 580 1152; x_wconf 85' lang='lat' dir='ltr'><strong>quis</strong></span> <span class='ocrx_word' id='word_1_152' title='bbox 597 1120 678 1155; x_wconf 76' lang='lat' dir='ltr'><strong>igitur</strong></span> <span class='ocrx_word' id='word_1_153' title='bbox 691 1120 774 1149; x_wconf 86' lang='lat' dir='ltr'><strong>Deum</strong></span> <span class='ocrx_word' id='word_1_154' title='bbox 791 1123 947 1158; x_wconf 86' lang='lat' dir='ltr'><strong>prudentis-</strong></span> 
     </span>
    </p>
   </div>
   <div class='ocr_carea' id='block_1_24' title="bbox 158 1162 948 1199">
    <p class='ocr_par' dir='ltr' id='par_1_24' title="bbox 158 1162 948 1199">
     <span class='ocr_line' id='line_1_24' title="bbox 158 1162 948 1199; baseline 0.016 -12"><span class='ocrx_word' id='word_1_155' title='bbox 158 1162 259 1189; x_wconf 77' lang='lat' dir='ltr'><strong>simum</strong></span> <span class='ocrx_word' id='word_1_156' title='bbox 283 1170 374 1189; x_wconf 90' lang='lat' dir='ltr'><strong>rerum</strong></span> <span class='ocrx_word' id='word_1_157' title='bbox 395 1163 610 1198; x_wconf 75' lang='lat' dir='ltr'><strong>dispensatorem</strong></span> <span class='ocrx_word' id='word_1_158' title='bbox 636 1167 878 1199; x_wconf 73' lang='lat' dir='ltr'><strong>inconsiderantiae</strong></span> <span class='ocrx_word' id='word_1_159' title='bbox 901 1179 948 1199; x_wconf 86' lang='lat' dir='ltr'><strong>ar-</strong></span> 
     </span>
    </p>
   </div>
   <div class='ocr_carea' id='block_1_25' title="bbox 158 1208 946 1252">
    <p class='ocr_par' dir='ltr' id='par_1_25' title="bbox 158 1208 946 1252">
     <span class='ocr_line' id='line_1_25' title="bbox 158 1208 946 1252; baseline 0.014 -18"><span class='ocrx_word' id='word_1_160' title='bbox 158 1212 232 1241; x_wconf 79' lang='lat' dir='ltr'><strong>guat,</strong></span> <span class='ocrx_word' id='word_1_161' title='bbox 248 1208 294 1242; x_wconf 90' lang='lat' dir='ltr'><strong>qui</strong></span> <span class='ocrx_word' id='word_1_162' title='bbox 310 1216 372 1235; x_wconf 91' lang='lat' dir='ltr'><strong>cum</strong></span> <span class='ocrx_word' id='word_1_163' title='bbox 386 1210 543 1243; x_wconf 80' lang='lat' dir='ltr'><strong>paradisum</strong></span> <span class='ocrx_word' id='word_1_164' title='bbox 558 1213 725 1243; x_wconf 85' lang='lat' dir='ltr'><strong>condidisset</strong></span> <span class='ocrx_word' id='word_1_165' title='bbox 737 1215 833 1244; x_wconf 80' lang='lat' dir='ltr'><strong>Adami</strong></span> <span class='ocrx_word' id='word_1_166' title='bbox 847 1219 946 1252; x_wconf 86' lang='lat' dir='ltr'><strong>gratia,</strong></span> 
     </span>
    </p>
   </div>
   <div class='ocr_carea' id='block_1_26' title="bbox 160 1254 949 1296">
    <p class='ocr_par' dir='ltr' id='par_1_26' title="bbox 160 1254 949 1296">
     <span class='ocr_line' id='line_1_26' title="bbox 160 1254 949 1296; baseline 0.013 -15"><span class='ocrx_word' id='word_1_167' title='bbox 160 1261 277 1288; x_wconf 86' lang='lat' dir='ltr'><strong>eumque</strong></span> <span class='ocrx_word' id='word_1_168' title='bbox 307 1254 332 1280; x_wconf 91' lang='lat' dir='ltr'><strong>in</strong></span> <span class='ocrx_word' id='word_1_169' title='bbox 366 1254 413 1280; x_wconf 90' lang='lat' dir='ltr'><strong>illo</strong></span> <span class='ocrx_word' id='word_1_170' title='bbox 445 1255 627 1290; x_wconf 82' lang='lat' dir='ltr'><strong>collocasset,</strong></span> <span class='ocrx_word' id='word_1_171' title='bbox 656 1265 685 1287; x_wconf 92' lang='lat' dir='ltr'><strong>ut</strong></span> <span class='ocrx_word' id='word_1_172' title='bbox 717 1268 779 1288; x_wconf 92' lang='lat' dir='ltr'><strong>cum</strong></span> <span class='ocrx_word' id='word_1_173' title='bbox 810 1263 949 1296; x_wconf 77' lang='lat' dir='ltr'><strong>voluptate</strong></span> 
     </span>
    </p>
   </div>
   <div class='ocr_carea' id='block_1_27' title="bbox 161 1299 948 1343">
    <p class='ocr_par' dir='ltr' id='par_1_27' title="bbox 161 1299 948 1343">
     <span class='ocr_line' id='line_1_27' title="bbox 161 1299 948 1343; baseline 0.015 -18"><span class='ocrx_word' id='word_1_174' title='bbox 161 1299 281 1332; x_wconf 78' lang='lat' dir='ltr'><strong>haberet,</strong></span> <span class='ocrx_word' id='word_1_175' title='bbox 299 1304 455 1335; x_wconf 75' lang='lat' dir='ltr'><strong>peccantem</strong></span> <span class='ocrx_word' id='word_1_176' title='bbox 473 1301 538 1330; x_wconf 85' lang='lat' dir='ltr'><strong>inde</strong></span> <span class='ocrx_word' id='word_1_177' title='bbox 562 1304 654 1339; x_wconf 75' lang='lat' dir='ltr'><strong>eiecit,</strong></span> <span class='ocrx_word' id='word_1_178' title='bbox 674 1313 848 1343; x_wconf 84' lang='lat' dir='ltr'><strong>vacuumque</strong></span> <span class='ocrx_word' id='word_1_179' title='bbox 870 1309 948 1336; x_wconf 87' lang='lat' dir='ltr'><strong>illum</strong></span> 
     </span>
    </p>
   </div>
   <div class='ocr_carea' id='block_1_28' title="bbox 160 1346 287 1381">
    <p class='ocr_par' dir='ltr' id='par_1_28' title="bbox 160 1346 287 1381">
     <span class='ocr_line' id='line_1_28' title="bbox 160 1346 287 1381; baseline 0.016 -9"><span class='ocrx_word' id='word_1_180' title='bbox 160 1346 287 1381; x_wconf 82' lang='lat' dir='ltr'><strong>reliquit?</strong></span> 
     </span>
    </p>
   </div>
   <div class='ocr_carea' id='block_1_29' title="bbox 449 1398 658 1426">
    <p class='ocr_par' dir='ltr' id='par_1_29' title="bbox 449 1398 658 1426">
     <span class='ocr_line' id='line_1_29' title="bbox 449 1398 658 1426; baseline 0 -1"><span class='ocrx_word' id='word_1_181' title='bbox 449 1398 566 1426; x_wconf 77' lang='lat' dir='ltr'><strong>CAPUT</strong></span> <span class='ocrx_word' id='word_1_182' title='bbox 587 1398 658 1425; x_wconf 70' lang='lat' dir='ltr'><strong>XIX.</strong></span> 
     </span>
    </p>
   </div>
   <div class='ocr_carea' id='block_1_30' title="bbox 193 1439 949 1482">
    <p class='ocr_par' dir='ltr' id='par_1_30' title="bbox 193 1439 949 1482">
     <span class='ocr_line' id='line_1_30' title="bbox 193 1439 949 1482; baseline 0.011 -15"><span class='ocrx_word' id='word_1_183' title='bbox 193 1439 354 1475; x_wconf 77' lang='lat' dir='ltr'><strong>Cujusmodi</strong></span> <span class='ocrx_word' id='word_1_184' title='bbox 379 1444 460 1478; x_wconf 80' lang='lat' dir='ltr'><strong>fuerit</strong></span> <span class='ocrx_word' id='word_1_185' title='bbox 496 1446 575 1471; x_wconf 85' lang='lat' dir='ltr'><strong>arbor</strong></span> <span class='ocrx_word' id='word_1_186' title='bbox 599 1446 716 1473; x_wconf 77' lang='lat' dir='ltr'><strong>scientia:</strong></span> <span class='ocrx_word' id='word_1_187' title='bbox 740 1447 801 1474; x_wconf 67' lang='lat' dir='ltr'><strong>belli</strong></span> <span class='ocrx_word' id='word_1_188' title='bbox 831 1453 855 1474; x_wconf 79' lang='lat' dir='ltr'><strong>et</strong></span> <span class='ocrx_word' id='word_1_189' title='bbox 875 1449 949 1482; x_wconf 83' lang='lat' dir='ltr'><strong>muli,</strong></span> 
     </span>
    </p>
   </div>
   <div class='ocr_carea' id='block_1_31' title="bbox 159 1488 950 1527">
    <p class='ocr_par' dir='ltr' id='par_1_31' title="bbox 159 1488 950 1527">
     <span class='ocr_line' id='line_1_31' title="bbox 159 1488 950 1527; baseline 0.013 -16"><span class='ocrx_word' id='word_1_190' title='bbox 159 1494 238 1519; x_wconf 73' lang='lat' dir='ltr'><strong>quam</strong></span> <span class='ocrx_word' id='word_1_191' title='bbox 268 1488 448 1516; x_wconf 63' lang='lat' dir='ltr'><strong>interdixerat</strong></span> <span class='ocrx_word' id='word_1_192' title='bbox 473 1491 573 1518; x_wconf 76' lang='lat' dir='ltr'><strong>Adamn</strong></span> <span class='ocrx_word' id='word_1_193' title='bbox 598 1491 678 1523; x_wconf 78' lang='lat' dir='ltr'><strong>Deus,</strong></span> <span class='ocrx_word' id='word_1_194' title='bbox 703 1498 726 1518; x_wconf 69' lang='lat' dir='ltr'><strong>et</strong></span> <span class='ocrx_word' id='word_1_195' title='bbox 743 1502 800 1527; x_wconf 65' lang='lat' dir='ltr'><strong>qam:</strong></span> <span class='ocrx_word' id='word_1_196' title='bbox 822 1494 856 1520; x_wconf 76' lang='lat' dir='ltr'><strong>sit</strong></span> <span class='ocrx_word' id='word_1_197' title='bbox 882 1495 950 1521; x_wconf 76' lang='lat' dir='ltr'><strong>ratio</strong></span> 
     </span>
    </p>
   </div>
   <div class='ocr_carea' id='block_1_32' title="bbox 159 1533 949 1574">
    <p class='ocr_par' dir='ltr' id='par_1_32' title="bbox 159 1533 949 1574">
     <span class='ocr_line' id='line_1_32' title="bbox 159 1533 949 1574; baseline 0.011 -16"><span class='ocrx_word' id='word_1_198' title='bbox 159 1533 217 1566; x_wconf 68' lang='lat' dir='ltr'><strong>ejus</strong></span> <span class='ocrx_word' id='word_1_199' title='bbox 233 1535 360 1562; x_wconf 70' lang='lat' dir='ltr'><strong>nominis.</strong></span> <span class='ocrx_word' id='word_1_200' title='bbox 376 1552 409 1556; x_wconf 89' lang='lat'><em>—</em></span> <span class='ocrx_word' id='word_1_201' title='bbox 426 1536 526 1564; x_wconf 70' lang='lat' dir='ltr'><strong>Beatus</strong></span> <span class='ocrx_word' id='word_1_202' title='bbox 541 1537 630 1564; x_wconf 78' lang='lat' dir='ltr'><strong>Moses</strong></span> <span class='ocrx_word' id='word_1_203' title='bbox 651 1539 738 1572; x_wconf 88' lang='lat' dir='ltr'><strong>primo</strong></span> <span class='ocrx_word' id='word_1_204' title='bbox 757 1540 826 1566; x_wconf 89' lang='lat' dir='ltr'><strong>libro</strong></span> <span class='ocrx_word' id='word_1_205' title='bbox 841 1541 949 1574; x_wconf 82' lang='lat' dir='ltr'><strong>scripsit</strong></span> 
     </span>
    </p>
   </div>
   <div class='ocr_carea' id='block_1_33' title="bbox 997 298 1784 334">
    <p class='ocr_par' dir='ltr' id='par_1_33' title="bbox 997 298 1784 334">
     <span class='ocr_line' id='line_1_33' title="bbox 997 298 1784 334; baseline 0.003 -9"><span class='ocrx_word' id='word_1_206' title='bbox 997 298 1112 329; x_wconf 83' lang='lat' dir='ltr'><strong>dederit.</strong></span> <span class='ocrx_word' id='word_1_207' title='bbox 1125 303 1228 326; x_wconf 87' lang='lat' dir='ltr'><strong>certum</strong></span> <span class='ocrx_word' id='word_1_208' title='bbox 1248 303 1299 331; x_wconf 89' lang='lat' dir='ltr'><strong>cst,</strong></span> <span class='ocrx_word' id='word_1_209' title='bbox 1315 299 1538 334; x_wconf 88' lang='lat' dir='ltr'><strong>quandoquidem</strong></span> <span class='ocrx_word' id='word_1_210' title='bbox 1552 300 1597 326; x_wconf 87' lang='lat' dir='ltr'><strong>ille</strong></span> <span class='ocrx_word' id='word_1_211' title='bbox 1613 300 1714 334; x_wconf 85' lang='lat' dir='ltr'><strong>alioqui</strong></span> <span class='ocrx_word' id='word_1_212' title='bbox 1727 301 1784 334; x_wconf 76' lang='lat' dir='ltr'><strong>jam</strong></span> 
     </span>
    </p>
   </div>
   <div class='ocr_carea' id='block_1_34' title="bbox 997 343 1785 380">
    <p class='ocr_par' dir='ltr' id='par_1_34' title="bbox 997 343 1785 380">
     <span class='ocr_line' id='line_1_34' title="bbox 997 343 1785 380; baseline 0.001 -10"><span class='ocrx_word' id='word_1_213' title='bbox 997 349 1060 370; x_wconf 83' lang='lat' dir='ltr'><strong>ante</strong></span> <span class='ocrx_word' id='word_1_214' title='bbox 1077 343 1166 371; x_wconf 79' lang='lat' dir='ltr'><strong>fuerat</strong></span> <span class='ocrx_word' id='word_1_215' title='bbox 1178 345 1290 372; x_wconf 76' lang='lat' dir='ltr'><strong>scientia</strong></span> <span class='ocrx_word' id='word_1_216' title='bbox 1304 345 1368 372; x_wconf 89' lang='lat' dir='ltr'><strong>boni</strong></span> <span class='ocrx_word' id='word_1_217' title='bbox 1385 346 1504 379; x_wconf 86' lang='lat' dir='ltr'><strong>malique</strong></span> <span class='ocrx_word' id='word_1_218' title='bbox 1518 350 1631 373; x_wconf 85' lang='lat' dir='ltr'><strong>ornatus</strong></span> <span class='ocrx_word' id='word_1_219' title='bbox 1646 355 1651 371; x_wconf 92' lang='lat'><strong>:</strong></span> <span class='ocrx_word' id='word_1_220' title='bbox 1671 353 1785 380; x_wconf 65' lang='lat' dir='ltr'><strong>conspo-</strong></span> 
     </span>
    </p>
   </div>
   <div class='ocr_carea' id='block_1_35' title="bbox 997 390 1786 427">
    <p class='ocr_par' dir='ltr' id='par_1_35' title="bbox 997 390 1786 427">
     <span class='ocr_line' id='line_1_35' title="bbox 997 390 1786 427; baseline 0.004 -12"><span class='ocrx_word' id='word_1_221' title='bbox 997 390 1066 416; x_wconf 82' lang='lat' dir='ltr'><strong>situs</strong></span> <span class='ocrx_word' id='word_1_222' title='bbox 1099 391 1171 417; x_wconf 89' lang='lat' dir='ltr'><strong>enim</strong></span> <span class='ocrx_word' id='word_1_223' title='bbox 1202 396 1261 417; x_wconf 89' lang='lat' dir='ltr'><strong>erat</strong></span> <span class='ocrx_word' id='word_1_224' title='bbox 1286 398 1317 418; x_wconf 79' lang='lat' dir='ltr'><strong>ex</strong></span> <span class='ocrx_word' id='word_1_225' title='bbox 1347 392 1439 418; x_wconf 82' lang='lat' dir='ltr'><strong>anima</strong></span> <span class='ocrx_word' id='word_1_226' title='bbox 1471 392 1595 419; x_wconf 86' lang='lat' dir='ltr'><strong>rationali</strong></span> <span class='ocrx_word' id='word_1_227' title='bbox 1629 400 1690 427; x_wconf 72' lang='lat' dir='ltr'><strong>qure</strong></span> <span class='ocrx_word' id='word_1_228' title='bbox 1722 392 1786 419; x_wconf 84' lang='lat' dir='ltr'><strong>beni</strong></span> 
     </span>
    </p>
   </div>
   <div class='ocr_carea' id='block_1_36' title="bbox 998 436 1784 472">
    <p class='ocr_par' dir='ltr' id='par_1_36' title="bbox 998 436 1784 472">
     <span class='ocr_line' id='line_1_36' title="bbox 998 436 1784 472; baseline 0.001 -10"><span class='ocrx_word' id='word_1_229' title='bbox 998 436 1116 470; x_wconf 87' lang='lat' dir='ltr'><strong>malique</strong></span> <span class='ocrx_word' id='word_1_230' title='bbox 1139 436 1243 469; x_wconf 87' lang='lat' dir='ltr'><strong>judicio</strong></span> <span class='ocrx_word' id='word_1_231' title='bbox 1262 437 1355 470; x_wconf 84' lang='lat' dir='ltr'><strong>pollet.</strong></span> <span class='ocrx_word' id='word_1_232' title='bbox 1373 437 1413 463; x_wconf 80' lang='lat' dir='ltr'><strong>Ad</strong></span> <span class='ocrx_word' id='word_1_233' title='bbox 1439 437 1501 468; x_wconf 86' lang='lat' dir='ltr'><strong>huc,</strong></span> <span class='ocrx_word' id='word_1_234' title='bbox 1530 437 1572 465; x_wconf 84' lang='lat' dir='ltr'><strong>lex</strong></span> <span class='ocrx_word' id='word_1_235' title='bbox 1600 437 1784 472; x_wconf 75' lang='lat' dir='ltr'><strong>imperabatur</strong></span> 
     </span>
    </p>
   </div>
   <div class='ocr_carea' id='block_1_37' title="bbox 998 482 1787 518">
    <p class='ocr_par' dir='ltr' id='par_1_37' title="bbox 998 482 1787 518">
     <span class='ocr_line' id='line_1_37' title="bbox 998 482 1787 518; baseline 0.003 -10"><span class='ocrx_word' id='word_1_236' title='bbox 998 482 1114 514; x_wconf 81' lang='lat' dir='ltr'><strong>Adamo,</strong></span> <span class='ocrx_word' id='word_1_237' title='bbox 1134 483 1223 517; x_wconf 86' lang='lat' dir='ltr'><strong>qualis</strong></span> <span class='ocrx_word' id='word_1_238' title='bbox 1250 490 1304 510; x_wconf 90' lang='lat' dir='ltr'><strong>non</strong></span> <span class='ocrx_word' id='word_1_239' title='bbox 1331 483 1382 510; x_wconf 86' lang='lat' dir='ltr'><strong>nisi</strong></span> <span class='ocrx_word' id='word_1_240' title='bbox 1408 483 1443 511; x_wconf 91' lang='lat' dir='ltr'><strong>iis</strong></span> <span class='ocrx_word' id='word_1_241' title='bbox 1464 484 1510 518; x_wconf 91' lang='lat' dir='ltr'><strong>qui</strong></span> <span class='ocrx_word' id='word_1_242' title='bbox 1533 483 1604 511; x_wconf 89' lang='lat' dir='ltr'><strong>inter</strong></span> <span class='ocrx_word' id='word_1_243' title='bbox 1630 484 1730 511; x_wconf 89' lang='lat' dir='ltr'><strong>bonum</strong></span> <span class='ocrx_word' id='word_1_244' title='bbox 1760 489 1787 511; x_wconf 79' lang='lat' dir='ltr'><strong>ct</strong></span> 
     </span>
    </p>
   </div>
   <div class='ocr_carea' id='block_1_38' title="bbox 998 528 1785 564">
    <p class='ocr_par' dir='ltr' id='par_1_38' title="bbox 998 528 1785 564">
     <span class='ocr_line' id='line_1_38' title="bbox 998 528 1785 564; baseline 0.003 -10"><span class='ocrx_word' id='word_1_245' title='bbox 998 528 1099 554; x_wconf 88' lang='lat' dir='ltr'><strong>malum</strong></span> <span class='ocrx_word' id='word_1_246' title='bbox 1125 534 1223 556; x_wconf 89' lang='lat' dir='ltr'><strong>norunt</strong></span> <span class='ocrx_word' id='word_1_247' title='bbox 1246 529 1405 561; x_wconf 86' lang='lat' dir='ltr'><strong>discrimen.</strong></span> <span class='ocrx_word' id='word_1_248' title='bbox 1433 534 1507 557; x_wconf 89' lang='lat' dir='ltr'><strong>recte</strong></span> <span class='ocrx_word' id='word_1_249' title='bbox 1534 530 1684 564; x_wconf 90' lang='lat' dir='ltr'><strong>imponitur</strong></span> <span class='ocrx_word' id='word_1_250' title='bbox 1701 539 1707 556; x_wconf 89' lang='lat'>:</span> <span class='ocrx_word' id='word_1_251' title='bbox 1724 537 1785 556; x_wconf 88' lang='lat' dir='ltr'><strong>nam</strong></span> 
     </span>
    </p>
   </div>
   <div class='ocr_carea' id='block_1_39' title="bbox 998 574 1786 610">
    <p class='ocr_par' dir='ltr' id='par_1_39' title="bbox 998 574 1786 610">
     <span class='ocr_line' id='line_1_39' title="bbox 998 574 1786 610; baseline 0.001 -9"><span class='ocrx_word' id='word_1_252' title='bbox 998 574 1099 609; x_wconf 89' lang='lat' dir='ltr'><strong>alioqui</strong></span> <span class='ocrx_word' id='word_1_253' title='bbox 1115 574 1200 609; x_wconf 78' lang='lat' dir='ltr'><strong>(quod</strong></span> <span class='ocrx_word' id='word_1_254' title='bbox 1226 574 1324 609; x_wconf 73' lang='lat' dir='ltr'><strong>absit!)</strong></span> <span class='ocrx_word' id='word_1_255' title='bbox 1350 574 1492 603; x_wconf 78' lang='lat' dir='ltr'><strong>habuisset</strong></span> <span class='ocrx_word' id='word_1_256' title='bbox 1516 575 1560 602; x_wconf 86' lang='lat' dir='ltr'><strong>ille</strong></span> <span class='ocrx_word' id='word_1_257' title='bbox 1578 576 1651 610; x_wconf 89' lang='lat' dir='ltr'><strong>quod</strong></span> <span class='ocrx_word' id='word_1_258' title='bbox 1675 577 1707 602; x_wconf 81' lang='lat' dir='ltr'><strong>de</strong></span> <span class='ocrx_word' id='word_1_259' title='bbox 1732 575 1786 602; x_wconf 79' lang='lat' dir='ltr'><strong>beo</strong></span> 
     </span>
    </p>
   </div>
   <div class='ocr_carea' id='block_1_40' title="bbox 998 620 1784 655">
    <p class='ocr_par' dir='ltr' id='par_1_40' title="bbox 998 620 1784 655">
     <span class='ocr_line' id='line_1_40' title="bbox 998 620 1784 655; baseline 0.001 -10"><span class='ocrx_word' id='word_1_260' title='bbox 998 624 1171 654; x_wconf 85' lang='lat' dir='ltr'><strong>quereretur,</strong></span> <span class='ocrx_word' id='word_1_261' title='bbox 1198 620 1246 654; x_wconf 92' lang='lat' dir='ltr'><strong>qui</strong></span> <span class='ocrx_word' id='word_1_262' title='bbox 1270 620 1356 655; x_wconf 85' lang='lat' dir='ltr'><strong>legem</strong></span> <span class='ocrx_word' id='word_1_263' title='bbox 1382 620 1433 647; x_wconf 86' lang='lat' dir='ltr'><strong>sibi</strong></span> <span class='ocrx_word' id='word_1_264' title='bbox 1457 621 1547 648; x_wconf 89' lang='lat' dir='ltr'><strong>omnis</strong></span> <span class='ocrx_word' id='word_1_265' title='bbox 1563 622 1784 655; x_wconf 86' lang='lat' dir='ltr'><strong>prorsnsjudicii</strong></span> 
     </span>
    </p>
   </div>
   <div class='ocr_carea' id='block_1_41' title="bbox 997 666 1786 702">
    <p class='ocr_par' dir='ltr' id='par_1_41' title="bbox 997 666 1786 702">
     <span class='ocr_line' id='line_1_41' title="bbox 997 666 1786 702; baseline 0.001 -9"><span class='ocrx_word' id='word_1_266' title='bbox 997 666 1101 700; x_wconf 72' lang='lat' dir='ltr'><strong>experti</strong></span> <span class='ocrx_word' id='word_1_267' title='bbox 1142 666 1364 702; x_wconf 67' lang='lat' dir='ltr'><strong>prmscripsisset.</strong></span> <span class='ocrx_word' id='word_1_268' title='bbox 1403 667 1518 702; x_wconf 87' lang='lat' dir='ltr'><strong>insuper</strong></span> <span class='ocrx_word' id='word_1_269' title='bbox 1557 668 1608 695; x_wconf 91' lang='lat' dir='ltr'><strong>nisi</strong></span> <span class='ocrx_word' id='word_1_270' title='bbox 1642 668 1786 694; x_wconf 80' lang='lat' dir='ltr'><strong>illiusmodi</strong></span> 
     </span>
    </p>
   </div>
   <div class='ocr_carea' id='block_1_42' title="bbox 998 711 1786 748">
    <p class='ocr_par' dir='ltr' id='par_1_42' title="bbox 998 711 1786 748">
     <span class='ocr_line' id='line_1_42' title="bbox 998 711 1786 748; baseline 0 -8"><span class='ocrx_word' id='word_1_271' title='bbox 998 712 1111 740; x_wconf 84' lang='lat' dir='ltr'><strong>seientia</strong></span> <span class='ocrx_word' id='word_1_272' title='bbox 1135 712 1190 747; x_wconf 86' lang='lat' dir='ltr'><strong>jam</strong></span> <span class='ocrx_word' id='word_1_273' title='bbox 1218 718 1274 739; x_wconf 91' lang='lat' dir='ltr'><strong>tum</strong></span> <span class='ocrx_word' id='word_1_274' title='bbox 1294 711 1393 740; x_wconf 81' lang='lat' dir='ltr'><strong>fuisset</strong></span> <span class='ocrx_word' id='word_1_275' title='bbox 1414 713 1536 739; x_wconf 90' lang='lat' dir='ltr'><strong>imbutus</strong></span> <span class='ocrx_word' id='word_1_276' title='bbox 1556 713 1652 744; x_wconf 81' lang='lat' dir='ltr'><strong>Adam.</strong></span> <span class='ocrx_word' id='word_1_277' title='bbox 1668 713 1714 748; x_wconf 90' lang='lat' dir='ltr'><strong>qui</strong></span> <span class='ocrx_word' id='word_1_278' title='bbox 1737 721 1786 748; x_wconf 81' lang='lat' dir='ltr'><strong>po~</strong></span> 
     </span>
    </p>
   </div>
   <div class='ocr_carea' id='block_1_43' title="bbox 999 758 1788 794">
    <p class='ocr_par' dir='ltr' id='par_1_43' title="bbox 999 758 1788 794">
     <span class='ocr_line' id='line_1_43' title="bbox 999 758 1788 794; baseline 0.001 -9"><span class='ocrx_word' id='word_1_279' title='bbox 999 759 1097 786; x_wconf 79' lang='lat' dir='ltr'><strong>luisset</strong></span> <span class='ocrx_word' id='word_1_280' title='bbox 1113 759 1224 785; x_wconf 81' lang='lat' dir='ltr'><strong>nomina</strong></span> <span class='ocrx_word' id='word_1_281' title='bbox 1240 759 1428 786; x_wconf 84' lang='lat' dir='ltr'><strong>animantibus</strong></span> <span class='ocrx_word' id='word_1_282' title='bbox 1446 758 1557 785; x_wconf 79' lang='lat' dir='ltr'><strong>indere?</strong></span> <span class='ocrx_word' id='word_1_283' title='bbox 1577 759 1623 793; x_wconf 88' lang='lat' dir='ltr'><strong>qui</strong></span> <span class='ocrx_word' id='word_1_284' title='bbox 1637 767 1788 794; x_wconf 74' lang='lat' dir='ltr'><strong>agnoscere</strong></span> 
     </span>
    </p>
   </div>
   <div class='ocr_carea' id='block_1_44' title="bbox 998 803 1789 839">
    <p class='ocr_par' dir='ltr' id='par_1_44' title="bbox 998 803 1789 839">
     <span class='ocr_line' id='line_1_44' title="bbox 998 803 1789 839; baseline -0.003 -7"><span class='ocrx_word' id='word_1_285' title='bbox 998 804 1082 832; x_wconf 83' lang='lat' dir='ltr'><strong>Evam</strong></span> <span class='ocrx_word' id='word_1_286' title='bbox 1102 812 1214 831; x_wconf 72' lang='lat' dir='ltr'><strong>uxorem</strong></span> <span class='ocrx_word' id='word_1_287' title='bbox 1231 812 1321 836; x_wconf 85' lang='lat' dir='ltr'><strong>suam,</strong></span> <span class='ocrx_word' id='word_1_288' title='bbox 1337 809 1419 839; x_wconf 85' lang='lat' dir='ltr'><strong>atque</strong></span> <span class='ocrx_word' id='word_1_289' title='bbox 1435 803 1469 830; x_wconf 87' lang='lat' dir='ltr'><strong>de</strong></span> <span class='ocrx_word' id='word_1_290' title='bbox 1481 811 1512 831; x_wconf 87' lang='lat' dir='ltr'><strong>ea</strong></span> <span class='ocrx_word' id='word_1_291' title='bbox 1532 804 1622 831; x_wconf 81' lang='lat' dir='ltr'><strong>dicere</strong></span> <span class='ocrx_word' id='word_1_292' title='bbox 1637 814 1644 832; x_wconf 86' lang='lat'><strong>:</strong></span> <span class='ocrx_word' id='word_1_293' title='bbox 1664 804 1720 831; x_wconf 75' lang='lat' dir='ltr'><strong>Hoc</strong></span> <span class='ocrx_word' id='word_1_294' title='bbox 1729 805 1789 838; x_wconf 80' lang='lat' dir='ltr'><strong>jam</strong></span> 
     </span>
    </p>
   </div>
   <div class='ocr_carea' id='block_1_45' title="bbox 998 850 1787 882">
    <p class='ocr_par' dir='ltr' id='par_1_45' title="bbox 998 850 1787 882">
     <span class='ocr_line' id='line_1_45' title="bbox 998 850 1787 882; baseline -0.001 -5"><span class='ocrx_word' id='word_1_295' title='bbox 998 858 1027 877; x_wconf 75' lang='lat' dir='ltr'><strong>os</strong></span> <span class='ocrx_word' id='word_1_296' title='bbox 1045 859 1077 877; x_wconf 72' lang='lat' dir='ltr'><strong>ea;</strong></span> <span class='ocrx_word' id='word_1_297' title='bbox 1095 851 1198 878; x_wconf 74' lang='lat' dir='ltr'><strong>assibus</strong></span> <span class='ocrx_word' id='word_1_298' title='bbox 1221 851 1295 882; x_wconf 71' lang='lat' dir='ltr'><strong>nmis,</strong></span> <span class='ocrx_word' id='word_1_299' title='bbox 1313 856 1336 878; x_wconf 82' lang='lat' dir='ltr'><strong>et</strong></span> <span class='ocrx_word' id='word_1_300' title='bbox 1365 858 1427 877; x_wconf 79' lang='lat' dir='ltr'><strong>caro</strong></span> <span class='ocrx_word' id='word_1_301' title='bbox 1448 850 1480 877; x_wconf 77' lang='lat' dir='ltr'><strong>de</strong></span> <span class='ocrx_word' id='word_1_302' title='bbox 1505 858 1584 876; x_wconf 83' lang='lat' dir='ltr'><strong>carne</strong></span> <span class='ocrx_word' id='word_1_303' title='bbox 1612 858 1669 877; x_wconf 79' lang='lat' dir='ltr'><strong>mut</strong></span> <span class='ocrx_word' id='word_1_304' title='bbox 1682 850 1714 882; x_wconf 83' lang='grc'><strong>⁸⁸,</strong></span> <span class='ocrx_word' id='word_1_305' title='bbox 1733 856 1787 877; x_wconf 87' lang='lat' dir='ltr'><strong>etc.</strong></span> 
     </span>
    </p>
   </div>
   <div class='ocr_carea' id='block_1_46' title="bbox 1000 895 1788 931">
    <p class='ocr_par' dir='ltr' id='par_1_46' title="bbox 1000 895 1788 931">
     <span class='ocr_line' id='line_1_46' title="bbox 1000 895 1788 931; baseline -0.001 -8"><span class='ocrx_word' id='word_1_306' title='bbox 1000 895 1121 931; x_wconf 87' lang='lat' dir='ltr'><strong>Denique</strong></span> <span class='ocrx_word' id='word_1_307' title='bbox 1150 897 1303 925; x_wconf 82' lang='lat' dir='ltr'><strong>divinitatis</strong></span> <span class='ocrx_word' id='word_1_308' title='bbox 1331 896 1470 924; x_wconf 88' lang='lat' dir='ltr'><strong>desiderio</strong></span> <span class='ocrx_word' id='word_1_309' title='bbox 1498 896 1660 930; x_wconf 82' lang='lat' dir='ltr'><strong>tangebatur</strong></span> <span class='ocrx_word' id='word_1_310' title='bbox 1692 897 1788 927; x_wconf 79' lang='lat' dir='ltr'><strong>Adam,</strong></span> 
     </span>
    </p>
   </div>
   <div class='ocr_carea' id='block_1_47' title="bbox 1000 942 1789 978">
    <p class='ocr_par' dir='ltr' id='par_1_47' title="bbox 1000 942 1789 978">
     <span class='ocr_line' id='line_1_47' title="bbox 1000 942 1789 978; baseline 0.001 -9"><span class='ocrx_word' id='word_1_311' title='bbox 1000 947 1082 976; x_wconf 87' lang='lat' dir='ltr'><strong>atque</strong></span> <span class='ocrx_word' id='word_1_312' title='bbox 1117 942 1177 976; x_wconf 84' lang='lat' dir='ltr'><strong>ejus</strong></span> <span class='ocrx_word' id='word_1_313' title='bbox 1209 943 1392 978; x_wconf 85' lang='lat' dir='ltr'><strong>adipisceml:c</strong></span> <span class='ocrx_word' id='word_1_314' title='bbox 1429 952 1511 972; x_wconf 86' lang='lat' dir='ltr'><strong>causa</strong></span> <span class='ocrx_word' id='word_1_315' title='bbox 1540 945 1574 971; x_wconf 87' lang='lat' dir='ltr'><strong>de</strong></span> <span class='ocrx_word' id='word_1_316' title='bbox 1609 945 1706 971; x_wconf 84' lang='lat' dir='ltr'><strong>arbore</strong></span> <span class='ocrx_word' id='word_1_317' title='bbox 1743 944 1789 970; x_wconf 83' lang='lat' dir='ltr'><strong>illa</strong></span> 
     </span>
    </p>
   </div>
   <div class='ocr_carea' id='block_1_48' title="bbox 1000 989 1789 1024">
    <p class='ocr_par' dir='ltr' id='par_1_48' title="bbox 1000 989 1789 1024">
     <span class='ocr_line' id='line_1_48' title="bbox 1000 989 1789 1024; baseline 0.001 -10"><span class='ocrx_word' id='word_1_318' title='bbox 1000 989 1129 1023; x_wconf 76' lang='lat' dir='ltr'><strong>gustabat</strong></span> <span class='ocrx_word' id='word_1_319' title='bbox 1162 997 1168 1016; x_wconf 92' lang='lat'><strong>:</strong></span> <span class='ocrx_word' id='word_1_320' title='bbox 1196 997 1282 1024; x_wconf 86' lang='lat' dir='ltr'><strong>quare</strong></span> <span class='ocrx_word' id='word_1_321' title='bbox 1320 997 1463 1017; x_wconf 85' lang='lat' dir='ltr'><strong>necessum</strong></span> <span class='ocrx_word' id='word_1_322' title='bbox 1497 995 1539 1017; x_wconf 85' lang='lat' dir='ltr'><strong>est</strong></span> <span class='ocrx_word' id='word_1_323' title='bbox 1569 989 1633 1017; x_wconf 92' lang='lat' dir='ltr'><strong>boni</strong></span> <span class='ocrx_word' id='word_1_324' title='bbox 1669 989 1789 1024; x_wconf 75' lang='lat' dir='ltr'><strong>malique</strong></span> 
     </span>
    </p>
   </div>
   <div class='ocr_carea' id='block_1_49' title="bbox 999 1034 1789 1070">
    <p class='ocr_par' dir='ltr' id='par_1_49' title="bbox 999 1034 1789 1070">
     <span class='ocr_line' id='line_1_49' title="bbox 999 1034 1789 1070; baseline 0 -9"><span class='ocrx_word' id='word_1_325' title='bbox 999 1034 1182 1069; x_wconf 75' lang='lat' dir='ltr'><strong>cognitionem</strong></span> <span class='ocrx_word' id='word_1_326' title='bbox 1211 1035 1237 1061; x_wconf 89' lang='lat' dir='ltr'><strong>in</strong></span> <span class='ocrx_word' id='word_1_327' title='bbox 1265 1035 1324 1069; x_wconf 89' lang='lat' dir='ltr'><strong>ipso</strong></span> <span class='ocrx_word' id='word_1_328' title='bbox 1351 1034 1445 1066; x_wconf 88' lang='lat' dir='ltr'><strong>fuisse,</strong></span> <span class='ocrx_word' id='word_1_329' title='bbox 1466 1035 1513 1070; x_wconf 87' lang='lat' dir='ltr'><strong>qui</strong></span> <span class='ocrx_word' id='word_1_330' title='bbox 1538 1035 1691 1062; x_wconf 75' lang='lat' dir='ltr'><strong>divinitatis</strong></span> <span class='ocrx_word' id='word_1_331' title='bbox 1713 1043 1789 1070; x_wconf 75' lang='lat' dir='ltr'><strong>pne—</strong></span> 
     </span>
    </p>
   </div>
   <div class='ocr_carea' id='block_1_50' title="bbox 999 1080 1790 1115">
    <p class='ocr_par' dir='ltr' id='par_1_50' title="bbox 999 1080 1790 1115">
     <span class='ocr_line' id='line_1_50' title="bbox 999 1080 1790 1115; baseline 0.001 -8"><span class='ocrx_word' id='word_1_332' title='bbox 999 1080 1128 1107; x_wconf 79' lang='lat' dir='ltr'><strong>stantiam</strong></span> <span class='ocrx_word' id='word_1_333' title='bbox 1146 1080 1364 1115; x_wconf 76' lang='lat' dir='ltr'><strong>dignitatemque</strong></span> <span class='ocrx_word' id='word_1_334' title='bbox 1381 1081 1560 1115; x_wconf 75' lang='lat' dir='ltr'><strong>intelligebat,</strong></span> <span class='ocrx_word' id='word_1_335' title='bbox 1585 1089 1700 1115; x_wconf 79' lang='lat' dir='ltr'><strong>eantque</strong></span> <span class='ocrx_word' id='word_1_336' title='bbox 1724 1080 1790 1108; x_wconf 71' lang='lat' dir='ltr'><strong>alie-</strong></span> 
     </span>
    </p>
   </div>
   <div class='ocr_carea' id='block_1_51' title="bbox 999 1125 1790 1160">
    <p class='ocr_par' dir='ltr' id='par_1_51' title="bbox 999 1125 1790 1160">
     <span class='ocr_line' id='line_1_51' title="bbox 999 1125 1790 1160; baseline -0.001 -7"><span class='ocrx_word' id='word_1_337' title='bbox 999 1126 1100 1153; x_wconf 84' lang='lat' dir='ltr'><strong>ctabat.</strong></span> <span class='ocrx_word' id='word_1_338' title='bbox 1124 1125 1238 1159; x_wconf 89' lang='lat' dir='ltr'><strong>Insuper</strong></span> <span class='ocrx_word' id='word_1_339' title='bbox 1263 1125 1418 1152; x_wconf 86' lang='lat' dir='ltr'><strong>considerat</strong></span> <span class='ocrx_word' id='word_1_340' title='bbox 1438 1126 1528 1160; x_wconf 84' lang='lat' dir='ltr'><strong>ipsum</strong></span> <span class='ocrx_word' id='word_1_341' title='bbox 1547 1125 1616 1152; x_wconf 84' lang='lat' dir='ltr'><strong>Deus</strong></span> <span class='ocrx_word' id='word_1_342' title='bbox 1639 1126 1671 1152; x_wconf 87' lang='lat' dir='ltr'><strong>ad</strong></span> <span class='ocrx_word' id='word_1_343' title='bbox 1693 1126 1790 1160; x_wconf 84' lang='lat' dir='ltr'><strong>imagi-</strong></span> 
     </span>
    </p>
   </div>
   <div class='ocr_carea' id='block_1_52' title="bbox 1001 1171 1790 1206">
    <p class='ocr_par' dir='ltr' id='par_1_52' title="bbox 1001 1171 1790 1206">
     <span class='ocr_line' id='line_1_52' title="bbox 1001 1171 1790 1206; baseline -0.001 -8"><span class='ocrx_word' id='word_1_344' title='bbox 1001 1179 1062 1198; x_wconf 87' lang='lat' dir='ltr'><strong>nem</strong></span> <span class='ocrx_word' id='word_1_345' title='bbox 1094 1171 1357 1206; x_wconf 84' lang='lat' dir='ltr'><strong>similitudinemque</strong></span> <span class='ocrx_word' id='word_1_346' title='bbox 1382 1179 1481 1203; x_wconf 80' lang='lat' dir='ltr'><strong>suam,</strong></span> <span class='ocrx_word' id='word_1_347' title='bbox 1519 1177 1546 1199; x_wconf 90' lang='lat' dir='ltr'><strong>et</strong></span> <span class='ocrx_word' id='word_1_348' title='bbox 1576 1172 1699 1198; x_wconf 88' lang='lat' dir='ltr'><strong>onmium</strong></span> <span class='ocrx_word' id='word_1_349' title='bbox 1729 1180 1790 1206; x_wconf 69' lang='lat' dir='ltr'><strong>qua:</strong></span> 
     </span>
    </p>
   </div>
   <div class='ocr_carea' id='block_1_53' title="bbox 1000 1217 1789 1252">
    <p class='ocr_par' dir='ltr' id='par_1_53' title="bbox 1000 1217 1789 1252">
     <span class='ocr_line' id='line_1_53' title="bbox 1000 1217 1789 1252; baseline 0.001 -8"><span class='ocrx_word' id='word_1_350' title='bbox 1000 1217 1134 1248; x_wconf 86' lang='lat' dir='ltr'><strong>viverent,</strong></span> <span class='ocrx_word' id='word_1_351' title='bbox 1155 1217 1395 1245; x_wconf 81' lang='lat' dir='ltr'><strong>absolutissimum</strong></span> <span class='ocrx_word' id='word_1_352' title='bbox 1420 1217 1534 1245; x_wconf 72' lang='lat' dir='ltr'><strong>fecerat.</strong></span> <span class='ocrx_word' id='word_1_353' title='bbox 1559 1217 1624 1244; x_wconf 71' lang='lat' dir='ltr'><strong>l-Tum</strong></span> <span class='ocrx_word' id='word_1_354' title='bbox 1654 1226 1718 1245; x_wconf 63' lang='lat' dir='ltr'><strong>vero</strong></span> <span class='ocrx_word' id='word_1_355' title='bbox 1743 1220 1789 1252; x_wconf 85' lang='lat' dir='ltr'><strong>qut</strong></span> 
     </span>
    </p>
   </div>
   <div class='ocr_carea' id='block_1_54' title="bbox 1003 1263 1791 1299">
    <p class='ocr_par' dir='ltr' id='par_1_54' title="bbox 1003 1263 1791 1299">
     <span class='ocr_line' id='line_1_54' title="bbox 1003 1263 1791 1299; baseline -0.001 -10"><span class='ocrx_word' id='word_1_356' title='bbox 1003 1263 1064 1290; x_wconf 86' lang='lat' dir='ltr'><strong>talis</strong></span> <span class='ocrx_word' id='word_1_357' title='bbox 1088 1271 1102 1289; x_wconf 87' lang='lat' dir='ltr'><strong>a</strong></span> <span class='ocrx_word' id='word_1_358' title='bbox 1125 1263 1179 1290; x_wconf 87' lang='lat' dir='ltr'><strong>Deo</strong></span> <span class='ocrx_word' id='word_1_359' title='bbox 1202 1263 1292 1290; x_wconf 78' lang='lat' dir='ltr'><strong>fuerat</strong></span> <span class='ocrx_word' id='word_1_360' title='bbox 1317 1264 1458 1295; x_wconf 66' lang='lat' dir='ltr'><strong>«eliditus,</strong></span> <span class='ocrx_word' id='word_1_361' title='bbox 1483 1264 1546 1298; x_wconf 83' lang='lat' dir='ltr'><strong>quis</strong></span> <span class='ocrx_word' id='word_1_362' title='bbox 1572 1268 1660 1299; x_wconf 79' lang='lat' dir='ltr'><strong>neget.</strong></span> <span class='ocrx_word' id='word_1_363' title='bbox 1688 1264 1791 1297; x_wconf 82' lang='lat' dir='ltr'><strong>judicio</strong></span> 
     </span>
    </p>
   </div>
   <div class='ocr_carea' id='block_1_55' title="bbox 1001 1308 1792 1344">
    <p class='ocr_par' dir='ltr' id='par_1_55' title="bbox 1001 1308 1792 1344">
     <span class='ocr_line' id='line_1_55' title="bbox 1001 1308 1792 1344; baseline 0.001 -9"><span class='ocrx_word' id='word_1_364' title='bbox 1001 1308 1063 1343; x_wconf 90' lang='lat' dir='ltr'><strong>(hoc</strong></span> <span class='ocrx_word' id='word_1_365' title='bbox 1080 1313 1133 1340; x_wconf 84' lang='lat' dir='ltr'><strong>est,</strong></span> <span class='ocrx_word' id='word_1_366' title='bbox 1147 1309 1211 1336; x_wconf 93' lang='lat' dir='ltr'><strong>boni</strong></span> <span class='ocrx_word' id='word_1_367' title='bbox 1226 1310 1344 1344; x_wconf 84' lang='lat' dir='ltr'><strong>malique</strong></span> <span class='ocrx_word' id='word_1_368' title='bbox 1364 1310 1531 1344; x_wconf 85' lang='lat' dir='ltr'><strong>cognitione)</strong></span> <span class='ocrx_word' id='word_1_369' title='bbox 1547 1310 1670 1336; x_wconf 88' lang='lat' dir='ltr'><strong>dolatum</strong></span> <span class='ocrx_word' id='word_1_370' title='bbox 1689 1310 1792 1336; x_wconf 74' lang='lat' dir='ltr'><strong>fuisse?</strong></span> 
     </span>
    </p>
   </div>
   <div class='ocr_carea' id='block_1_56' title="bbox 1001 1354 1791 1388">
    <p class='ocr_par' dir='ltr' id='par_1_56' title="bbox 1001 1354 1791 1388">
     <span class='ocr_line' id='line_1_56' title="bbox 1001 1354 1791 1388; baseline -0.003 -6"><span class='ocrx_word' id='word_1_371' title='bbox 1001 1354 1068 1382; x_wconf 77' lang='lat' dir='ltr'><strong>Nam</strong></span> <span class='ocrx_word' id='word_1_372' title='bbox 1081 1355 1153 1388; x_wconf 91' lang='lat' dir='ltr'><strong>quod</strong></span> <span class='ocrx_word' id='word_1_373' title='bbox 1170 1355 1371 1382; x_wconf 71' lang='lat' dir='ltr'><strong>cacodaemonis</strong></span> <span class='ocrx_word' id='word_1_374' title='bbox 1387 1355 1437 1382; x_wconf 88' lang='lat' dir='ltr'><strong>fuit</strong></span> <span class='ocrx_word' id='word_1_375' title='bbox 1453 1354 1548 1382; x_wconf 81' lang='lat' dir='ltr'><strong>fraude</strong></span> <span class='ocrx_word' id='word_1_376' title='bbox 1572 1356 1712 1386; x_wconf 81' lang='lat' dir='ltr'><strong>seductus,</strong></span> <span class='ocrx_word' id='word_1_377' title='bbox 1737 1363 1791 1381; x_wconf 83' lang='lat' dir='ltr'><strong>non</strong></span> 
     </span>
    </p>
   </div>
   <div class='ocr_carea' id='block_1_57' title="bbox 1003 1400 1793 1435">
    <p class='ocr_par' dir='ltr' id='par_1_57' title="bbox 1003 1400 1793 1435">
     <span class='ocr_line' id='line_1_57' title="bbox 1003 1400 1793 1435; baseline -0.001 -8"><span class='ocrx_word' id='word_1_378' title='bbox 1003 1400 1067 1427; x_wconf 84' lang='lat' dir='ltr'><strong>boni</strong></span> <span class='ocrx_word' id='word_1_379' title='bbox 1095 1400 1216 1434; x_wconf 85' lang='lat' dir='ltr'><strong>malique</strong></span> <span class='ocrx_word' id='word_1_380' title='bbox 1243 1401 1415 1435; x_wconf 87' lang='lat' dir='ltr'><strong>ignoratione</strong></span> <span class='ocrx_word' id='word_1_381' title='bbox 1436 1401 1546 1431; x_wconf 81' lang='lat' dir='ltr'><strong>evenit;</strong></span> <span class='ocrx_word' id='word_1_382' title='bbox 1577 1400 1624 1427; x_wconf 84' lang='lat' dir='ltr'><strong>scd</strong></span> <span class='ocrx_word' id='word_1_383' title='bbox 1651 1401 1713 1434; x_wconf 80' lang='lat' dir='ltr'><strong>quin</strong></span> <span class='ocrx_word' id='word_1_384' title='bbox 1736 1409 1793 1427; x_wconf 72' lang='lat' dir='ltr'><strong>sine</strong></span> 
     </span>
    </p>
   </div>
   <div class='ocr_carea' id='block_1_58' title="bbox 1003 1445 1790 1481">
    <p class='ocr_par' dir='ltr' id='par_1_58' title="bbox 1003 1445 1790 1481">
     <span class='ocr_line' id='line_1_58' title="bbox 1003 1445 1790 1481; baseline -0.003 -9"><span class='ocrx_word' id='word_1_385' title='bbox 1003 1447 1068 1481; x_wconf 63' lang='lat' dir='ltr'><strong>ipsa)</strong></span> <span class='ocrx_word' id='word_1_386' title='bbox 1100 1447 1255 1481; x_wconf 87' lang='lat' dir='ltr'><strong>cupiditati,</strong></span> <span class='ocrx_word' id='word_1_387' title='bbox 1285 1447 1430 1480; x_wconf 87' lang='lat' dir='ltr'><strong>pellectus,</strong></span> <span class='ocrx_word' id='word_1_388' title='bbox 1459 1445 1583 1472; x_wconf 89' lang='lat' dir='ltr'><strong>indulsit.</strong></span> <span class='ocrx_word' id='word_1_389' title='bbox 1613 1445 1680 1472; x_wconf 79' lang='lat' dir='ltr'><strong>Nam</strong></span> <span class='ocrx_word' id='word_1_390' title='bbox 1710 1446 1790 1471; x_wconf 85' lang='lat' dir='ltr'><strong>etiam</strong></span> 
     </span>
    </p>
   </div>
   <div class='ocr_carea' id='block_1_59' title="bbox 1003 1489 1792 1525">
    <p class='ocr_par' dir='ltr' id='par_1_59' title="bbox 1003 1489 1792 1525">
     <span class='ocr_line' id='line_1_59' title="bbox 1003 1489 1792 1525; baseline -0.004 -8"><span class='ocrx_word' id='word_1_391' title='bbox 1003 1498 1075 1518; x_wconf 94' lang='lat' dir='ltr'><strong>nunc</strong></span> <span class='ocrx_word' id='word_1_392' title='bbox 1087 1490 1133 1524; x_wconf 90' lang='lat' dir='ltr'><strong>qui</strong></span> <span class='ocrx_word' id='word_1_393' title='bbox 1148 1496 1272 1525; x_wconf 84' lang='lat' dir='ltr'><strong>peccant,</strong></span> <span class='ocrx_word' id='word_1_394' title='bbox 1288 1497 1461 1525; x_wconf 82' lang='lat' dir='ltr'><strong>nequaquam</strong></span> <span class='ocrx_word' id='word_1_395' title='bbox 1477 1494 1505 1516; x_wconf 92' lang='lat' dir='ltr'><strong>ut</strong></span> <span class='ocrx_word' id='word_1_396' title='bbox 1521 1489 1611 1516; x_wconf 90' lang='lat' dir='ltr'><strong>omnis</strong></span> <span class='ocrx_word' id='word_1_397' title='bbox 1627 1489 1792 1523; x_wconf 73' lang='lat' dir='ltr'><strong>cognitionis</strong></span> 
     </span>
    </p>
   </div>
   <div class='ocr_carea' id='block_1_60' title="bbox 1004 1534 1794 1570">
    <p class='ocr_par' dir='ltr' id='par_1_60' title="bbox 1004 1534 1794 1570">
     <span class='ocr_line' id='line_1_60' title="bbox 1004 1534 1794 1570; baseline -0.004 -8"><span class='ocrx_word' id='word_1_398' title='bbox 1004 1536 1081 1562; x_wconf 85' lang='lat' dir='ltr'><strong>vacui</strong></span> <span class='ocrx_word' id='word_1_399' title='bbox 1106 1540 1234 1570; x_wconf 86' lang='lat' dir='ltr'><strong>peccant,</strong></span> <span class='ocrx_word' id='word_1_400' title='bbox 1252 1543 1302 1562; x_wconf 87' lang='lat' dir='ltr'><strong>cur</strong></span> <span class='ocrx_word' id='word_1_401' title='bbox 1333 1535 1406 1562; x_wconf 89' lang='lat' dir='ltr'><strong>enim</strong></span> <span class='ocrx_word' id='word_1_402' title='bbox 1431 1534 1500 1561; x_wconf 82' lang='lat' dir='ltr'><strong>tales</strong></span> <span class='ocrx_word' id='word_1_403' title='bbox 1526 1534 1794 1561; x_wconf 79' lang='lat' dir='ltr'><strong>condemnarentur?</strong></span> 
     </span>
    </p>
   </div>
   <div class='ocr_carea' id='block_1_61' title="bbox 161 1577 950 1618">
    <p class='ocr_par' dir='ltr' id='par_1_61' title="bbox 161 1579 950 1618">
     <span class='ocr_line' id='line_1_61' title="bbox 161 1579 950 1618; baseline 0.011 -14"><span class='ocrx_word' id='word_1_404' title='bbox 161 1579 188 1605; x_wconf 88' lang='lat' dir='ltr'><strong>in</strong></span> <span class='ocrx_word' id='word_1_405' title='bbox 217 1579 288 1607; x_wconf 87' lang='lat' dir='ltr'><strong>hanc</strong></span> <span class='ocrx_word' id='word_1_406' title='bbox 316 1583 479 1609; x_wconf 74' lang='lat' dir='ltr'><strong>sententiam</strong></span> <span class='ocrx_word' id='word_1_407' title='bbox 496 1591 503 1609; x_wconf 89' lang='lat'>:</span> <span class='ocrx_word' id='word_1_408' title='bbox 523 1583 554 1609; x_wconf 76' lang='lat' dir='ltr'><strong>Et</strong></span> <span class='ocrx_word' id='word_1_409' title='bbox 585 1586 708 1618; x_wconf 74' lang='lat' dir='ltr'><strong>pra‘repit</strong></span> <span class='ocrx_word' id='word_1_410' title='bbox 732 1585 858 1612; x_wconf 79' lang='lat' dir='ltr'><strong>Dominus</strong></span> <span class='ocrx_word' id='word_1_411' title='bbox 882 1586 950 1613; x_wconf 80' lang='lat' dir='ltr'><strong>Deus</strong></span> 
     </span>
    </p>
   </div>
   <div class='ocr_carea' id='block_1_62' title="bbox 1003 1577 1793 1618">
    <p class='ocr_par' dir='ltr' id='par_1_62' title="bbox 1004 1577 1793 1615">
     <span class='ocr_line' id='line_1_62' title="bbox 1004 1577 1793 1615; baseline -0.005 -7"><span class='ocrx_word' id='word_1_412' title='bbox 1004 1581 1049 1608; x_wconf 90' lang='lat' dir='ltr'><strong>sed</strong></span> <span class='ocrx_word' id='word_1_413' title='bbox 1074 1588 1089 1607; x_wconf 89' lang='lat' dir='ltr'><strong>a</strong></span> <span class='ocrx_word' id='word_1_414' title='bbox 1115 1588 1166 1607; x_wconf 85' lang='lat' dir='ltr'><strong>suo</strong></span> <span class='ocrx_word' id='word_1_415' title='bbox 1184 1580 1306 1615; x_wconf 85' lang='lat' dir='ltr'><strong>ipsorum</strong></span> <span class='ocrx_word' id='word_1_416' title='bbox 1326 1579 1423 1607; x_wconf 71' lang='lat' dir='ltr'><strong>aifcctu</strong></span> <span class='ocrx_word' id='word_1_417' title='bbox 1450 1579 1628 1606; x_wconf 84' lang='lat' dir='ltr'><strong>seducuntur.</strong></span> <span class='ocrx_word' id='word_1_418' title='bbox 1649 1577 1793 1605; x_wconf 83' lang='lat' dir='ltr'><strong>Postremo</strong></span> 
     </span>
    </p>
   </div>
   <div class='ocr_carea' id='block_1_63' title="bbox 161 1623 949 1665">
    <p class='ocr_par' dir='ltr' id='par_1_63' title="bbox 161 1623 949 1665">
     <span class='ocr_line' id='line_1_63' title="bbox 161 1623 949 1665; baseline 0.011 -16"><span class='ocrx_word' id='word_1_419' title='bbox 161 1623 237 1656; x_wconf 62' lang='grc' dir='ltr'><strong>Δότε,</strong></span> <span class='ocrx_word' id='word_1_420' title='bbox 258 1625 377 1660; x_wconf 70' lang='lat' dir='ltr'><strong>dixitque</strong></span> <span class='ocrx_word' id='word_1_421' title='bbox 395 1627 441 1654; x_wconf 76' lang='lat' dir='ltr'><strong>ei:</strong></span> <span class='ocrx_word' id='word_1_422' title='bbox 460 1627 496 1654; x_wconf 82' lang='lat' dir='ltr'><strong>De</strong></span> <span class='ocrx_word' id='word_1_423' title='bbox 518 1628 638 1654; x_wconf 75' lang='lat' dir='ltr'><strong>omnibus</strong></span> <span class='ocrx_word' id='word_1_424' title='bbox 663 1629 803 1657; x_wconf 76' lang='lat' dir='ltr'><strong>arboribus</strong></span> <span class='ocrx_word' id='word_1_425' title='bbox 827 1631 949 1665; x_wconf 78' lang='lat' dir='ltr'><strong>paradisi</strong></span> 
     </span>
    </p>
   </div>
   <div class='ocr_carea' id='block_1_64' title="bbox 162 1669 951 1704">
    <p class='ocr_par' dir='ltr' id='par_1_64' title="bbox 162 1669 951 1704">
     <span class='ocr_line' id='line_1_64' title="bbox 162 1669 951 1704; baseline 0.01 -8"><span class='ocrx_word' id='word_1_426' title='bbox 162 1669 262 1698; x_wconf 72' lang='lat' dir='ltr'><strong>edendo</strong></span> <span class='ocrx_word' id='word_1_427' title='bbox 277 1672 337 1698; x_wconf 79' lang='lat' dir='ltr'><strong>cdes</strong></span> <span class='ocrx_word' id='word_1_428' title='bbox 354 1680 363 1699; x_wconf 86' lang='lat'><strong>.&#39;</strong></span> <span class='ocrx_word' id='word_1_429' title='bbox 379 1679 404 1698; x_wconf 80' lang='lat' dir='ltr'><strong>at</strong></span> <span class='ocrx_word' id='word_1_430' title='bbox 421 1673 452 1699; x_wconf 78' lang='lat' dir='ltr'><strong>de</strong></span> <span class='ocrx_word' id='word_1_431' title='bbox 469 1674 562 1700; x_wconf 80' lang='lat' dir='ltr'><strong>arbore</strong></span> <span class='ocrx_word' id='word_1_432' title='bbox 587 1675 704 1702; x_wconf 61' lang='lat' dir='ltr'><strong>scicntia</strong></span> <span class='ocrx_word' id='word_1_433' title='bbox 718 1675 778 1702; x_wconf 66' lang='lat' dir='ltr'><strong>Itoni</strong></span> <span class='ocrx_word' id='word_1_434' title='bbox 792 1681 816 1703; x_wconf 84' lang='lat' dir='ltr'><strong>et</strong></span> <span class='ocrx_word' id='word_1_435' title='bbox 840 1677 904 1704; x_wconf 71' lang='lat' dir='ltr'><strong>mali</strong></span> <span class='ocrx_word' id='word_1_436' title='bbox 921 1686 951 1704; x_wconf 83' lang='lat' dir='ltr'><strong>ne</strong></span> 
     </span>
    </p>
   </div>
   <div class='ocr_carea' id='block_1_65' title="bbox 161 1716 949 1755">
    <p class='ocr_par' dir='ltr' id='par_1_65' title="bbox 161 1716 949 1755">
     <span class='ocr_line' id='line_1_65' title="bbox 161 1716 949 1755; baseline 0.009 -12"><span class='ocrx_word' id='word_1_437' title='bbox 161 1716 224 1743; x_wconf 75' lang='lat' dir='ltr'><strong>edas</strong></span> <span class='ocrx_word' id='word_1_438' title='bbox 237 1725 248 1744; x_wconf 88' lang='lat'><strong><em>:</em></strong></span> <span class='ocrx_word' id='word_1_439' title='bbox 263 1725 323 1744; x_wconf 84' lang='lat' dir='ltr'><strong>nam</strong></span> <span class='ocrx_word' id='word_1_440' title='bbox 341 1726 393 1752; x_wconf 85' lang='lat' dir='ltr'><strong>quo</strong></span> <span class='ocrx_word' id='word_1_441' title='bbox 411 1719 454 1745; x_wconf 80' lang='lat' dir='ltr'><strong>die</strong></span> <span class='ocrx_word' id='word_1_442' title='bbox 469 1720 501 1746; x_wconf 82' lang='lat' dir='ltr'><strong>de</strong></span> <span class='ocrx_word' id='word_1_443' title='bbox 516 1720 565 1746; x_wconf 76' lang='lat' dir='ltr'><strong>hac</strong></span> <span class='ocrx_word' id='word_1_444' title='bbox 584 1720 655 1753; x_wconf 75' lang='lat' dir='ltr'><strong>edes,</strong></span> <span class='ocrx_word' id='word_1_445' title='bbox 674 1727 784 1748; x_wconf 87' lang='lat' dir='ltr'><strong>mortem</strong></span> <span class='ocrx_word' id='word_1_446' title='bbox 803 1727 904 1755; x_wconf 73' lang='lat' dir='ltr'><strong>appetes</strong></span> <span class='ocrx_word' id='word_1_447' title='bbox 917 1722 949 1750; x_wconf 77' lang='lat'><strong>&quot;.</strong></span> 
     </span>
    </p>
   </div>
   <div class='ocr_carea' id='block_1_66' title="bbox 161 1763 951 1802">
    <p class='ocr_par' dir='ltr' id='par_1_66' title="bbox 161 1763 951 1802">
     <span class='ocr_line' id='line_1_66' title="bbox 161 1763 951 1802; baseline 0.006 -12"><span class='ocrx_word' id='word_1_448' title='bbox 161 1763 195 1790; x_wconf 83' lang='lat' dir='ltr'><strong>Et</strong></span> <span class='ocrx_word' id='word_1_449' title='bbox 223 1764 304 1798; x_wconf 82' lang='lat' dir='ltr'><strong>paulo</strong></span> <span class='ocrx_word' id='word_1_450' title='bbox 335 1770 395 1798; x_wconf 90' lang='lat' dir='ltr'><strong>post</strong></span> <span class='ocrx_word' id='word_1_451' title='bbox 419 1774 425 1792; x_wconf 89' lang='lat'><strong>:</strong></span> <span class='ocrx_word' id='word_1_452' title='bbox 453 1765 484 1792; x_wconf 75' lang='lat' dir='ltr'><strong>Et</strong></span> <span class='ocrx_word' id='word_1_453' title='bbox 513 1767 611 1800; x_wconf 77' lang='lat' dir='ltr'><strong>accepit</strong></span> <span class='ocrx_word' id='word_1_454' title='bbox 639 1767 736 1793; x_wconf 67' lang='lat' dir='ltr'><strong>mulier</strong></span> <span class='ocrx_word' id='word_1_455' title='bbox 763 1767 795 1794; x_wconf 74' lang='lat' dir='ltr'><strong>de</strong></span> <span class='ocrx_word' id='word_1_456' title='bbox 820 1768 951 1802; x_wconf 71' lang='lat' dir='ltr'><strong>[rudibus</strong></span> 
     </span>
    </p>
   </div>
   <div class='ocr_carea' id='block_1_67' title="bbox 161 1809 952 1847">
    <p class='ocr_par' dir='ltr' id='par_1_67' title="bbox 161 1809 952 1847">
     <span class='ocr_line' id='line_1_67' title="bbox 161 1809 952 1847; baseline 0.006 -12"><span class='ocrx_word' id='word_1_457' title='bbox 161 1809 276 1842; x_wconf 80' lang='lat' dir='ltr'><strong>arboris,</strong></span> <span class='ocrx_word' id='word_1_458' title='bbox 289 1810 402 1844; x_wconf 82' lang='lat' dir='ltr'><strong>editque,</strong></span> <span class='ocrx_word' id='word_1_459' title='bbox 420 1819 450 1837; x_wconf 83' lang='lat' dir='ltr'><strong>ac</strong></span> <span class='ocrx_word' id='word_1_460' title='bbox 462 1811 533 1837; x_wconf 80' lang='lat' dir='ltr'><strong>dedit</strong></span> <span class='ocrx_word' id='word_1_461' title='bbox 549 1813 628 1838; x_wconf 77' lang='lat' dir='ltr'><strong>etiam</strong></span> <span class='ocrx_word' id='word_1_462' title='bbox 650 1813 705 1839; x_wconf 79' lang='lat' dir='ltr'><strong>viro</strong></span> <span class='ocrx_word' id='word_1_463' title='bbox 722 1820 780 1844; x_wconf 77' lang='lat' dir='ltr'><strong>suo,</strong></span> <span class='ocrx_word' id='word_1_464' title='bbox 797 1813 842 1847; x_wconf 82' lang='lat' dir='ltr'><strong>qui</strong></span> <span class='ocrx_word' id='word_1_465' title='bbox 858 1818 881 1839; x_wconf 79' lang='lat' dir='ltr'><strong>et</strong></span> <span class='ocrx_word' id='word_1_466' title='bbox 898 1814 952 1847; x_wconf 75' lang='lat' dir='ltr'><strong>ipse</strong></span> 
     </span>
    </p>
   </div>
   <div class='ocr_carea' id='block_1_68' title="bbox 163 1855 950 1894">
    <p class='ocr_par' dir='ltr' id='par_1_68' title="bbox 163 1855 950 1894">
     <span class='ocr_line' id='line_1_68' title="bbox 163 1855 950 1894; baseline 0.008 -14"><span class='ocrx_word' id='word_1_467' title='bbox 163 1855 264 1882; x_wconf 76' lang='lat' dir='ltr'><strong>edit&quot;.</strong></span> <span class='ocrx_word' id='word_1_468' title='bbox 291 1857 341 1883; x_wconf 87' lang='lat' dir='ltr'><strong>ilic</strong></span> <span class='ocrx_word' id='word_1_469' title='bbox 366 1857 416 1883; x_wconf 89' lang='lat' dir='ltr'><strong>tria</strong></span> <span class='ocrx_word' id='word_1_470' title='bbox 434 1865 463 1884; x_wconf 83' lang='lat' dir='ltr'><strong>sc</strong></span> <span class='ocrx_word' id='word_1_471' title='bbox 481 1857 598 1884; x_wconf 71' lang='lat' dir='ltr'><strong>omn-unt</strong></span> <span class='ocrx_word' id='word_1_472' title='bbox 615 1858 806 1893; x_wconf 85' lang='lat' dir='ltr'><strong>disquirenda,</strong></span> <span class='ocrx_word' id='word_1_473' title='bbox 832 1867 950 1894; x_wconf 88' lang='lat' dir='ltr'><strong>quorum</strong></span> 
     </span>
    </p>
   </div>
   <div class='ocr_carea' id='block_1_69' title="bbox 165 1901 953 1938">
    <p class='ocr_par' dir='ltr' id='par_1_69' title="bbox 165 1901 953 1938">
     <span class='ocr_line' id='line_1_69' title="bbox 165 1901 953 1938; baseline 0.006 -11"><span class='ocrx_word' id='word_1_474' title='bbox 165 1901 282 1934; x_wconf 85' lang='lat' dir='ltr'><strong>primum</strong></span> <span class='ocrx_word' id='word_1_475' title='bbox 306 1908 358 1935; x_wconf 86' lang='lat' dir='ltr'><strong>est,</strong></span> <span class='ocrx_word' id='word_1_476' title='bbox 381 1910 430 1928; x_wconf 86' lang='lat' dir='ltr'><strong>cur</strong></span> <span class='ocrx_word' id='word_1_477' title='bbox 453 1903 535 1930; x_wconf 85' lang='lat' dir='ltr'><strong>arbor</strong></span> <span class='ocrx_word' id='word_1_478' title='bbox 551 1903 597 1930; x_wconf 90' lang='lat' dir='ltr'><strong>illa</strong></span> <span class='ocrx_word' id='word_1_479' title='bbox 623 1905 760 1938; x_wconf 84' lang='lat' dir='ltr'><strong>appellata</strong></span> <span class='ocrx_word' id='word_1_480' title='bbox 775 1904 810 1931; x_wconf 87' lang='lat' dir='ltr'><strong>sit</strong></span> <span class='ocrx_word' id='word_1_481' title='bbox 827 1905 953 1932; x_wconf 65' lang='lat' dir='ltr'><strong>scientiae</strong></span> 
     </span>
    </p>
   </div>
   <div class='ocr_carea' id='block_1_70' title="bbox 165 1946 953 1985">
    <p class='ocr_par' dir='ltr' id='par_1_70' title="bbox 165 1946 953 1985">
     <span class='ocr_line' id='line_1_70' title="bbox 165 1946 953 1985; baseline 0.006 -13"><span class='ocrx_word' id='word_1_482' title='bbox 165 1946 230 1973; x_wconf 93' lang='lat' dir='ltr'><strong>boni</strong></span> <span class='ocrx_word' id='word_1_483' title='bbox 254 1952 281 1973; x_wconf 87' lang='lat' dir='ltr'><strong>ct</strong></span> <span class='ocrx_word' id='word_1_484' title='bbox 308 1948 392 1979; x_wconf 84' lang='lat' dir='ltr'><strong>mali;</strong></span> <span class='ocrx_word' id='word_1_485' title='bbox 414 1948 541 1981; x_wconf 78' lang='lat' dir='ltr'><strong>alterum,</strong></span> <span class='ocrx_word' id='word_1_486' title='bbox 559 1949 623 1983; x_wconf 87' lang='lat' dir='ltr'><strong>quid</strong></span> <span class='ocrx_word' id='word_1_487' title='bbox 651 1950 687 1976; x_wconf 83' lang='lat' dir='ltr'><strong>sit</strong></span> <span class='ocrx_word' id='word_1_488' title='bbox 713 1950 826 1981; x_wconf 87' lang='lat' dir='ltr'><strong>bonum,</strong></span> <span class='ocrx_word' id='word_1_489' title='bbox 844 1955 872 1977; x_wconf 85' lang='lat' dir='ltr'><strong>et</strong></span> <span class='ocrx_word' id='word_1_490' title='bbox 888 1950 953 1985; x_wconf 86' lang='lat' dir='ltr'><strong>quid</strong></span> 
     </span>
    </p>
   </div>
   <div class='ocr_carea' id='block_1_71' title="bbox 165 1992 952 2028">
    <p class='ocr_par' dir='ltr' id='par_1_71' title="bbox 165 1992 952 2028">
     <span class='ocr_line' id='line_1_71' title="bbox 165 1992 952 2028; baseline 0.009 -11"><span class='ocrx_word' id='word_1_491' title='bbox 165 1992 287 2025; x_wconf 90' lang='lat' dir='ltr'><strong>malum;</strong></span> <span class='ocrx_word' id='word_1_492' title='bbox 311 1993 431 2025; x_wconf 82' lang='lat' dir='ltr'><strong>tertium,</strong></span> <span class='ocrx_word' id='word_1_493' title='bbox 459 1994 537 2027; x_wconf 89' lang='lat' dir='ltr'><strong>cujus</strong></span> <span class='ocrx_word' id='word_1_494' title='bbox 559 1995 666 2028; x_wconf 80' lang='lat' dir='ltr'><strong>generis</strong></span> <span class='ocrx_word' id='word_1_495' title='bbox 688 1995 770 2022; x_wconf 86' lang='lat' dir='ltr'><strong>fuerit</strong></span> <span class='ocrx_word' id='word_1_496' title='bbox 789 1996 833 2022; x_wconf 88' lang='lat' dir='ltr'><strong>illa</strong></span> <span class='ocrx_word' id='word_1_497' title='bbox 861 1996 952 2024; x_wconf 87' lang='lat' dir='ltr'><strong>arbor.</strong></span> 
     </span>
    </p>
   </div>
   <div class='ocr_carea' id='block_1_72' title="bbox 164 2036 953 2074">
    <p class='ocr_par' dir='ltr' id='par_1_72' title="bbox 164 2036 953 2074">
     <span class='ocr_line' id='line_1_72' title="bbox 164 2036 953 2074; baseline 0.009 -12"><span class='ocrx_word' id='word_1_498' title='bbox 164 2036 250 2070; x_wconf 78' lang='lat' dir='ltr'><strong>Igitur</strong></span> <span class='ocrx_word' id='word_1_499' title='bbox 264 2039 335 2072; x_wconf 86' lang='lat' dir='ltr'><strong>quod</strong></span> <span class='ocrx_word' id='word_1_500' title='bbox 355 2039 386 2064; x_wconf 86' lang='lat' dir='ltr'><strong>ad</strong></span> <span class='ocrx_word' id='word_1_501' title='bbox 415 2039 533 2072; x_wconf 84' lang='lat' dir='ltr'><strong>primum</strong></span> <span class='ocrx_word' id='word_1_502' title='bbox 553 2040 663 2073; x_wconf 83' lang='lat' dir='ltr'><strong>attinet,</strong></span> <span class='ocrx_word' id='word_1_503' title='bbox 680 2041 732 2067; x_wconf 92' lang='lat' dir='ltr'><strong>hoc</strong></span> <span class='ocrx_word' id='word_1_504' title='bbox 754 2046 806 2074; x_wconf 87' lang='lat' dir='ltr'><strong>est,</strong></span> <span class='ocrx_word' id='word_1_505' title='bbox 829 2042 953 2069; x_wconf 84' lang='lat' dir='ltr'><strong>vocabuli</strong></span> 
     </span>
    </p>
   </div>
   <div class='ocr_carea' id='block_1_73' title="bbox 165 2083 953 2121">
    <p class='ocr_par' dir='ltr' id='par_1_73' title="bbox 165 2083 953 2121">
     <span class='ocr_line' id='line_1_73' title="bbox 165 2083 953 2121; baseline 0.008 -12"><span class='ocrx_word' id='word_1_506' title='bbox 165 2083 314 2115; x_wconf 83' lang='lat' dir='ltr'><strong>rationem,</strong></span> <span class='ocrx_word' id='word_1_507' title='bbox 331 2084 450 2112; x_wconf 85' lang='lat' dir='ltr'><strong>dicimus</strong></span> <span class='ocrx_word' id='word_1_508' title='bbox 475 2085 589 2113; x_wconf 88' lang='lat' dir='ltr'><strong>minime</strong></span> <span class='ocrx_word' id='word_1_509' title='bbox 605 2086 768 2121; x_wconf 79' lang='lat' dir='ltr'><strong>appellatam</strong></span> <span class='ocrx_word' id='word_1_510' title='bbox 789 2095 850 2115; x_wconf 85' lang='lat' dir='ltr'><strong>esse</strong></span> <span class='ocrx_word' id='word_1_511' title='bbox 872 2088 953 2115; x_wconf 89' lang='lat' dir='ltr'><strong>arbo-</strong></span> 
     </span>
    </p>
   </div>
   <div class='ocr_carea' id='block_1_74' title="bbox 167 2129 954 2169">
    <p class='ocr_par' dir='ltr' id='par_1_74' title="bbox 167 2129 954 2169">
     <span class='ocr_line' id='line_1_74' title="bbox 167 2129 954 2169; baseline 0.008 -14"><span class='ocrx_word' id='word_1_512' title='bbox 167 2137 224 2156; x_wconf 82' lang='lat' dir='ltr'><strong>rem</strong></span> <span class='ocrx_word' id='word_1_513' title='bbox 243 2129 365 2158; x_wconf 77' lang='grc' dir='ltr'><strong>ε‹·ἱειιιίω</strong></span> <span class='ocrx_word' id='word_1_514' title='bbox 384 2131 446 2158; x_wconf 89' lang='lat' dir='ltr'><strong>boni</strong></span> <span class='ocrx_word' id='word_1_515' title='bbox 459 2136 485 2158; x_wconf 87' lang='lat' dir='ltr'><strong>et</strong></span> <span class='ocrx_word' id='word_1_516' title='bbox 501 2132 577 2164; x_wconf 80' lang='lat' dir='ltr'><strong>ntali,</strong></span> <span class='ocrx_word' id='word_1_517' title='bbox 593 2133 664 2167; x_wconf 89' lang='lat' dir='ltr'><strong>quod</strong></span> <span class='ocrx_word' id='word_1_518' title='bbox 683 2134 740 2168; x_wconf 88' lang='lat' dir='ltr'><strong>ipsa</strong></span> <span class='ocrx_word' id='word_1_519' title='bbox 758 2138 830 2161; x_wconf 80' lang='lat' dir='ltr'><strong>esset</strong></span> <span class='ocrx_word' id='word_1_520' title='bbox 843 2135 954 2169; x_wconf 59' lang='lat' dir='ltr'><strong>praedita</strong></span> 
     </span>
    </p>
   </div>
   <div class='ocr_carea' id='block_1_75' title="bbox 165 2175 956 2214">
    <p class='ocr_par' dir='ltr' id='par_1_75' title="bbox 165 2175 956 2214">
     <span class='ocr_line' id='line_1_75' title="bbox 165 2175 956 2214; baseline 0.006 -13"><span class='ocrx_word' id='word_1_521' title='bbox 165 2175 323 2209; x_wconf 75' lang='lat' dir='ltr'><strong>cognitione</strong></span> <span class='ocrx_word' id='word_1_522' title='bbox 357 2184 411 2210; x_wconf 88' lang='lat' dir='ltr'><strong>qua</strong></span> <span class='ocrx_word' id='word_1_523' title='bbox 440 2177 511 2204; x_wconf 86' lang='lat' dir='ltr'><strong>inter</strong></span> <span class='ocrx_word' id='word_1_524' title='bbox 542 2178 643 2204; x_wconf 84' lang='lat' dir='ltr'><strong>bonum</strong></span> <span class='ocrx_word' id='word_1_525' title='bbox 673 2183 700 2205; x_wconf 85' lang='lat' dir='ltr'><strong>et</strong></span> <span class='ocrx_word' id='word_1_526' title='bbox 734 2179 836 2205; x_wconf 89' lang='lat' dir='ltr'><strong>tnainm</strong></span> <span class='ocrx_word' id='word_1_527' title='bbox 863 2187 956 2214; x_wconf 85' lang='lat' dir='ltr'><strong>posset</strong></span> 
     </span>
    </p>
   </div>
   <div class='ocr_carea' id='block_1_76' title="bbox 166 2220 954 2259">
    <p class='ocr_par' dir='ltr' id='par_1_76' title="bbox 166 2220 954 2259">
     <span class='ocr_line' id='line_1_76' title="bbox 166 2220 954 2259; baseline 0.008 -13"><span class='ocrx_word' id='word_1_528' title='bbox 166 2220 329 2255; x_wconf 87' lang='lat' dir='ltr'><strong>dijudicare,</strong></span> <span class='ocrx_word' id='word_1_529' title='bbox 343 2229 432 2256; x_wconf 84' lang='lat' dir='ltr'><strong>nequc</strong></span> <span class='ocrx_word' id='word_1_530' title='bbox 449 2225 531 2250; x_wconf 84' lang='lat' dir='ltr'><strong>etiam</strong></span> <span class='ocrx_word' id='word_1_531' title='bbox 550 2223 621 2258; x_wconf 86' lang='lat' dir='ltr'><strong>quod</strong></span> <span class='ocrx_word' id='word_1_532' title='bbox 645 2224 704 2258; x_wconf 84' lang='lat' dir='ltr'><strong>ipsa</strong></span> <span class='ocrx_word' id='word_1_533' title='bbox 724 2225 784 2259; x_wconf 86' lang='lat' dir='ltr'><strong>ejus</strong></span> <span class='ocrx_word' id='word_1_534' title='bbox 802 2225 840 2251; x_wconf 89' lang='lat' dir='ltr'><strong>rei</strong></span> <span class='ocrx_word' id='word_1_535' title='bbox 865 2225 954 2252; x_wconf 85' lang='lat' dir='ltr'><strong>scicn-</strong></span> 
     </span>
    </p>
   </div>
   <div class='ocr_carea' id='block_1_77' title="bbox 167 2265 956 2296">
    <p class='ocr_par' dir='ltr' id='par_1_77' title="bbox 167 2265 956 2296">
     <span class='ocr_line' id='line_1_77' title="bbox 167 2265 956 2296; baseline 0.006 -5"><span class='ocrx_word' id='word_1_536' title='bbox 167 2265 232 2291; x_wconf 87' lang='lat' dir='ltr'><strong>tiam</strong></span> <span class='ocrx_word' id='word_1_537' title='bbox 253 2265 279 2292; x_wconf 89' lang='lat' dir='ltr'><strong>in</strong></span> <span class='ocrx_word' id='word_1_538' title='bbox 296 2267 430 2293; x_wconf 78' lang='lat' dir='ltr'><strong>Adumum</strong></span> <span class='ocrx_word' id='word_1_539' title='bbox 457 2267 615 2295; x_wconf 85' lang='lat' dir='ltr'><strong>contulerit.</strong></span> <span class='ocrx_word' id='word_1_540' title='bbox 641 2268 707 2295; x_wconf 84' lang='lat' dir='ltr'><strong>Nam</strong></span> <span class='ocrx_word' id='word_1_541' title='bbox 735 2269 881 2296; x_wconf 89' lang='lat' dir='ltr'><strong>illiusmodi</strong></span> <span class='ocrx_word' id='word_1_542' title='bbox 911 2278 956 2296; x_wconf 86' lang='lat' dir='ltr'><strong>co-</strong></span> 
     </span>
    </p>
   </div>
   <div class='ocr_carea' id='block_1_78' title="bbox 167 2312 955 2348">
    <p class='ocr_par' dir='ltr' id='par_1_78' title="bbox 167 2312 955 2348">
     <span class='ocr_line' id='line_1_78' title="bbox 167 2312 955 2348; baseline 0.006 -10"><span class='ocrx_word' id='word_1_543' title='bbox 167 2312 300 2346; x_wconf 77' lang='lat' dir='ltr'><strong>gnitionis</strong></span> <span class='ocrx_word' id='word_1_544' title='bbox 328 2317 465 2347; x_wconf 83' lang='lat' dir='ltr'><strong>expertem</strong></span> <span class='ocrx_word' id='word_1_545' title='bbox 497 2315 606 2348; x_wconf 90' lang='lat' dir='ltr'><strong>penitus</strong></span> <span class='ocrx_word' id='word_1_546' title='bbox 637 2314 722 2342; x_wconf 87' lang='lat' dir='ltr'><strong>fuisse</strong></span> <span class='ocrx_word' id='word_1_547' title='bbox 756 2315 882 2342; x_wconf 90' lang='lat' dir='ltr'><strong>arborem</strong></span> <span class='ocrx_word' id='word_1_548' title='bbox 914 2316 955 2343; x_wconf 86' lang='lat' dir='ltr'><strong>vel</strong></span> 
     </span>
    </p>
   </div>
   <div class='ocr_carea' id='block_1_79' title="bbox 166 2358 955 2396">
    <p class='ocr_par' dir='ltr' id='par_1_79' title="bbox 166 2358 955 2396">
     <span class='ocr_line' id='line_1_79' title="bbox 166 2358 955 2396; baseline 0.004 -11"><span class='ocrx_word' id='word_1_549' title='bbox 166 2358 231 2385; x_wconf 86' lang='lat' dir='ltr'><strong>hinc</strong></span> <span class='ocrx_word' id='word_1_550' title='bbox 255 2358 401 2392; x_wconf 72' lang='lat' dir='ltr'><strong>intelligas,</strong></span> <span class='ocrx_word' id='word_1_551' title='bbox 429 2360 501 2393; x_wconf 90' lang='lat' dir='ltr'><strong>quod</strong></span> <span class='ocrx_word' id='word_1_552' title='bbox 529 2367 563 2387; x_wconf 90' lang='lat' dir='ltr'><strong>ne</strong></span> <span class='ocrx_word' id='word_1_553' title='bbox 586 2360 665 2388; x_wconf 86' lang='lat' dir='ltr'><strong>bruta</strong></span> <span class='ocrx_word' id='word_1_554' title='bbox 690 2361 800 2395; x_wconf 89' lang='lat' dir='ltr'><strong>quidem</strong></span> <span class='ocrx_word' id='word_1_555' title='bbox 830 2362 955 2396; x_wconf 88' lang='lat' dir='ltr'><strong>(necdum</strong></span> 
     </span>
    </p>
   </div>
   <div class='ocr_carea' id='block_1_80' title="bbox 167 2404 956 2440">
    <p class='ocr_par' dir='ltr' id='par_1_80' title="bbox 167 2404 956 2440">
     <span class='ocr_line' id='line_1_80' title="bbox 167 2404 956 2440; baseline 0.003 -10"><span class='ocrx_word' id='word_1_556' title='bbox 167 2404 308 2440; x_wconf 79' lang='lat' dir='ltr'><strong>rationali)</strong></span> <span class='ocrx_word' id='word_1_557' title='bbox 343 2405 433 2431; x_wconf 82' lang='lat' dir='ltr'><strong>anima</strong></span> <span class='ocrx_word' id='word_1_558' title='bbox 460 2405 542 2432; x_wconf 88' lang='lat' dir='ltr'><strong>fuerit.</strong></span> <span class='ocrx_word' id='word_1_559' title='bbox 569 2406 682 2440; x_wconf 61' lang='lat' dir='ltr'><strong>prardita</strong></span> <span class='ocrx_word' id='word_1_560' title='bbox 699 2415 705 2434; x_wconf 87' lang='lat'>:</span> <span class='ocrx_word' id='word_1_561' title='bbox 724 2414 787 2434; x_wconf 88' lang='lat' dir='ltr'><strong>nam</strong></span> <span class='ocrx_word' id='word_1_562' title='bbox 816 2407 839 2434; x_wconf 90' lang='lat' dir='ltr'><strong>si</strong></span> <span class='ocrx_word' id='word_1_563' title='bbox 864 2407 956 2439; x_wconf 83' lang='lat' dir='ltr'><strong>bruta,</strong></span> 
     </span>
    </p>
   </div>
   <div class='ocr_carea' id='block_1_81' title="bbox 168 2450 958 2486">
    <p class='ocr_par' dir='ltr' id='par_1_81' title="bbox 168 2450 958 2486">
     <span class='ocr_line' id='line_1_81' title="bbox 168 2450 958 2486; baseline 0.005 -10"><span class='ocrx_word' id='word_1_564' title='bbox 168 2450 309 2477; x_wconf 86' lang='lat' dir='ltr'><strong>mactanda</strong></span> <span class='ocrx_word' id='word_1_565' title='bbox 341 2451 461 2486; x_wconf 89' lang='lat' dir='ltr'><strong>prinnnn</strong></span> <span class='ocrx_word' id='word_1_566' title='bbox 491 2451 591 2479; x_wconf 85' lang='lat' dir='ltr'><strong>fuisset</strong></span> <span class='ocrx_word' id='word_1_567' title='bbox 618 2457 647 2479; x_wconf 89' lang='lat' dir='ltr'><strong>nt</strong></span> <span class='ocrx_word' id='word_1_568' title='bbox 672 2459 769 2480; x_wconf 64' lang='lat' dir='ltr'><strong>ctctcra</strong></span> <span class='ocrx_word' id='word_1_569' title='bbox 798 2453 958 2486; x_wconf 82' lang='lat' dir='ltr'><strong>animantia,</strong></span> 
     </span>
    </p>
   </div>
   <div class='ocr_carea' id='block_1_82' title="bbox 167 2498 956 2533">
    <p class='ocr_par' dir='ltr' id='par_1_82' title="bbox 167 2498 956 2533">
     <span class='ocr_line' id='line_1_82' title="bbox 167 2498 956 2533; baseline 0.004 -10"><span class='ocrx_word' id='word_1_570' title='bbox 167 2501 314 2532; x_wconf 86' lang='lat' dir='ltr'><strong>antequam</strong></span> <span class='ocrx_word' id='word_1_571' title='bbox 334 2500 366 2525; x_wconf 88' lang='lat' dir='ltr'><strong>de</strong></span> <span class='ocrx_word' id='word_1_572' title='bbox 385 2506 414 2525; x_wconf 84' lang='lat' dir='ltr'><strong>ea</strong></span> <span class='ocrx_word' id='word_1_573' title='bbox 434 2501 588 2532; x_wconf 84' lang='lat' dir='ltr'><strong>potuissent</strong></span> <span class='ocrx_word' id='word_1_574' title='bbox 613 2498 695 2526; x_wconf 88' lang='lat' dir='ltr'><strong>cdere</strong></span> <span class='ocrx_word' id='word_1_575' title='bbox 715 2499 794 2533; x_wconf 89' lang='lat' dir='ltr'><strong>primi</strong></span> <span class='ocrx_word' id='word_1_576' title='bbox 812 2503 956 2533; x_wconf 78' lang='lat' dir='ltr'><strong>parentes;</strong></span> 
     </span>
    </p>
   </div>
   <div class='ocr_carea' id='block_1_83' title="bbox 169 2542 957 2576">
    <p class='ocr_par' dir='ltr' id='par_1_83' title="bbox 169 2542 957 2576">
     <span class='ocr_line' id='line_1_83' title="bbox 169 2542 957 2576; baseline 0.004 -8"><span class='ocrx_word' id='word_1_577' title='bbox 169 2542 296 2570; x_wconf 85' lang='lat' dir='ltr'><strong>rationali</strong></span> <span class='ocrx_word' id='word_1_578' title='bbox 316 2551 382 2571; x_wconf 86' lang='lat' dir='ltr'><strong>vero</strong></span> <span class='ocrx_word' id='word_1_579' title='bbox 407 2545 520 2572; x_wconf 92' lang='lat' dir='ltr'><strong>omnino</strong></span> <span class='ocrx_word' id='word_1_580' title='bbox 546 2545 671 2572; x_wconf 74' lang='lat' dir='ltr'><strong>corruisse</strong></span> <span class='ocrx_word' id='word_1_581' title='bbox 697 2545 880 2572; x_wconf 79' lang='lat' dir='ltr'><strong>certissimum</strong></span> <span class='ocrx_word' id='word_1_582' title='bbox 905 2550 957 2576; x_wconf 69' lang='lat' dir='ltr'><strong>est,</strong></span> 
     </span>
    </p>
   </div>
   <div class='ocr_carea' id='block_1_84' title="bbox 167 2589 957 2625">
    <p class='ocr_par' dir='ltr' id='par_1_84' title="bbox 167 2589 957 2625">
     <span class='ocr_line' id='line_1_84' title="bbox 167 2589 957 2625; baseline 0.006 -12"><span class='ocrx_word' id='word_1_583' title='bbox 167 2595 231 2614; x_wconf 89' lang='lat' dir='ltr'><strong>cum</strong></span> <span class='ocrx_word' id='word_1_584' title='bbox 263 2589 337 2615; x_wconf 82' lang='lat' dir='ltr'><strong>nulla</strong></span> <span class='ocrx_word' id='word_1_585' title='bbox 367 2589 496 2617; x_wconf 79' lang='lat' dir='ltr'><strong>facultate</strong></span> <span class='ocrx_word' id='word_1_586' title='bbox 522 2590 604 2618; x_wconf 84' lang='lat' dir='ltr'><strong>rebus</strong></span> <span class='ocrx_word' id='word_1_587' title='bbox 639 2598 688 2625; x_wconf 87' lang='lat' dir='ltr'><strong>pro</strong></span> <span class='ocrx_word' id='word_1_588' title='bbox 721 2589 835 2617; x_wconf 88' lang='lat' dir='ltr'><strong>arbitrio</strong></span> <span class='ocrx_word' id='word_1_589' title='bbox 864 2590 957 2618; x_wconf 87' lang='lat' dir='ltr'><strong>utendi</strong></span> 
     </span>
    </p>
   </div>
   <div class='ocr_carea' id='block_1_85' title="bbox 167 2634 958 2671">
    <p class='ocr_par' dir='ltr' id='par_1_85' title="bbox 167 2634 958 2671">
     <span class='ocr_line' id='line_1_85' title="bbox 167 2634 958 2671; baseline 0.004 -11"><span class='ocrx_word' id='word_1_590' title='bbox 167 2634 262 2662; x_wconf 84' lang='lat' dir='ltr'><strong>dotata</strong></span> <span class='ocrx_word' id='word_1_591' title='bbox 284 2635 381 2667; x_wconf 86' lang='lat' dir='ltr'><strong>fuerit,</strong></span> <span class='ocrx_word' id='word_1_592' title='bbox 407 2644 495 2671; x_wconf 85' lang='lat' dir='ltr'><strong>neque</strong></span> <span class='ocrx_word' id='word_1_593' title='bbox 522 2637 641 2671; x_wconf 85' lang='lat' dir='ltr'><strong>aliquam</strong></span> <span class='ocrx_word' id='word_1_594' title='bbox 666 2645 680 2663; x_wconf 85' lang='lat' dir='ltr'><strong>a</strong></span> <span class='ocrx_word' id='word_1_595' title='bbox 702 2637 849 2664; x_wconf 90' lang='lat' dir='ltr'><strong>Conditore</strong></span> <span class='ocrx_word' id='word_1_596' title='bbox 872 2637 958 2671; x_wconf 87' lang='lat' dir='ltr'><strong>legem</strong></span> 
     </span>
    </p>
   </div>
   <div class='ocr_carea' id='block_1_86' title="bbox 168 2680 959 2723">
    <p class='ocr_par' dir='ltr' id='par_1_86' title="bbox 168 2680 959 2723">
     <span class='ocr_line' id='line_1_86' title="bbox 168 2680 959 2723; baseline 0.003 -17"><span class='ocrx_word' id='word_1_597' title='bbox 168 2680 317 2713; x_wconf 79' lang='lat' dir='ltr'><strong>acceperit,</strong></span> <span class='ocrx_word' id='word_1_598' title='bbox 344 2681 453 2714; x_wconf 89' lang='lat' dir='ltr'><strong>qualem</strong></span> <span class='ocrx_word' id='word_1_599' title='bbox 480 2681 513 2709; x_wconf 91' lang='lat' dir='ltr'><strong>iis</strong></span> <span class='ocrx_word' id='word_1_600' title='bbox 537 2682 581 2709; x_wconf 86' lang='lat' dir='ltr'><strong>ille</strong></span> <span class='ocrx_word' id='word_1_601' title='bbox 609 2682 740 2716; x_wconf 87' lang='lat' dir='ltr'><strong>imposuit</strong></span> <span class='ocrx_word' id='word_1_602' title='bbox 765 2689 826 2723; x_wconf 54' lang='lat' dir='ltr'><strong>quae.</strong></span> <span class='ocrx_word' id='word_1_603' title='bbox 854 2681 959 2708; x_wconf 87' lang='lat' dir='ltr'><strong>ratione</strong></span> 
     </span>
    </p>
   </div>
   <div class='ocr_carea' id='block_1_87' title="bbox 172 2725 957 2762">
    <p class='ocr_par' dir='ltr' id='par_1_87' title="bbox 172 2725 957 2762">
     <span class='ocr_line' id='line_1_87' title="bbox 172 2725 957 2762; baseline 0.005 -12"><span class='ocrx_word' id='word_1_604' title='bbox 172 2725 296 2752; x_wconf 84' lang='lat' dir='ltr'><strong>donavit.</strong></span> <span class='ocrx_word' id='word_1_605' title='bbox 312 2725 403 2758; x_wconf 81' lang='lat' dir='ltr'><strong>Quare.</strong></span> <span class='ocrx_word' id='word_1_606' title='bbox 418 2726 440 2753; x_wconf 91' lang='lat' dir='ltr'><strong>si</strong></span> <span class='ocrx_word' id='word_1_607' title='bbox 456 2734 504 2762; x_wconf 91' lang='lat' dir='ltr'><strong>per</strong></span> <span class='ocrx_word' id='word_1_608' title='bbox 519 2731 642 2755; x_wconf 88' lang='lat' dir='ltr'><strong>neutram</strong></span> <span class='ocrx_word' id='word_1_609' title='bbox 656 2728 790 2754; x_wconf 81' lang='lat' dir='ltr'><strong>dictorum</strong></span> <span class='ocrx_word' id='word_1_610' title='bbox 803 2727 957 2754; x_wconf 85' lang='lat' dir='ltr'><strong>animarum</strong></span> 
     </span>
    </p>
   </div>
   <div class='ocr_carea' id='block_1_88' title="bbox 169 2769 959 2807">
    <p class='ocr_par' dir='ltr' id='par_1_88' title="bbox 169 2769 959 2807">
     <span class='ocr_line' id='line_1_88' title="bbox 169 2769 959 2807; baseline 0.004 -12"><span class='ocrx_word' id='word_1_611' title='bbox 169 2769 277 2797; x_wconf 79' lang='lat' dir='ltr'><strong>vivebat</strong></span> <span class='ocrx_word' id='word_1_612' title='bbox 297 2770 380 2797; x_wconf 87' lang='lat' dir='ltr'><strong>arbor</strong></span> <span class='ocrx_word' id='word_1_613' title='bbox 392 2770 449 2802; x_wconf 89' lang='lat' dir='ltr'><strong>illa,</strong></span> <span class='ocrx_word' id='word_1_614' title='bbox 467 2771 603 2805; x_wconf 80' lang='lat' dir='ltr'><strong>colligitur</strong></span> <span class='ocrx_word' id='word_1_615' title='bbox 617 2779 704 2807; x_wconf 88' lang='lat' dir='ltr'><strong>neque</strong></span> <span class='ocrx_word' id='word_1_616' title='bbox 727 2771 869 2798; x_wconf 83' lang='lat' dir='ltr'><strong>scientiam</strong></span> <span class='ocrx_word' id='word_1_617' title='bbox 886 2771 912 2797; x_wconf 92' lang='lat' dir='ltr'><strong>in</strong></span> <span class='ocrx_word' id='word_1_618' title='bbox 929 2778 959 2798; x_wconf 85' lang='lat' dir='ltr'><strong>se</strong></span> 
     </span>
    </p>
   </div>
   <div class='ocr_carea' id='block_1_89' title="bbox 170 2816 958 2852">
    <p class='ocr_par' dir='ltr' id='par_1_89' title="bbox 170 2816 958 2852">
     <span class='ocr_line' id='line_1_89' title="bbox 170 2816 958 2852; baseline 0 -8"><span class='ocrx_word' id='word_1_619' title='bbox 170 2816 256 2844; x_wconf 82' lang='lat' dir='ltr'><strong>ullam</strong></span> <span class='ocrx_word' id='word_1_620' title='bbox 276 2817 405 2844; x_wconf 85' lang='lat' dir='ltr'><strong>habuisse</strong></span> <span class='ocrx_word' id='word_1_621' title='bbox 427 2824 480 2851; x_wconf 89' lang='lat' dir='ltr'><strong>qua</strong></span> <span class='ocrx_word' id='word_1_622' title='bbox 495 2816 596 2843; x_wconf 88' lang='lat' dir='ltr'><strong>bonum</strong></span> <span class='ocrx_word' id='word_1_623' title='bbox 622 2821 712 2852; x_wconf 86' lang='lat' dir='ltr'><strong>posset</strong></span> <span class='ocrx_word' id='word_1_624' title='bbox 737 2826 751 2844; x_wconf 83' lang='grc' dir='ltr'><strong>ιι</strong></span> <span class='ocrx_word' id='word_1_625' title='bbox 770 2817 840 2844; x_wconf 88' lang='lat' dir='ltr'><strong>maio</strong></span> <span class='ocrx_word' id='word_1_626' title='bbox 855 2817 958 2845; x_wconf 86' lang='lat' dir='ltr'><strong>discer-</strong></span> 
     </span>
    </p>
   </div>
   <div class='ocr_carea' id='block_1_90' title="bbox 209 2906 734 2940">
    <p class='ocr_par' dir='ltr' id='par_1_90' title="bbox 209 2906 734 2940">
     <span class='ocr_line' id='line_1_90' title="bbox 209 2906 734 2940; baseline 0.002 -7"><span class='ocrx_word' id='word_1_627' title='bbox 209 2906 232 2922; x_wconf 75' lang='lat'>”</span> <span class='ocrx_word' id='word_1_628' title='bbox 246 2906 314 2934; x_wconf 80' lang='lat' dir='ltr'><strong>Gen.</strong></span> <span class='ocrx_word' id='word_1_629' title='bbox 332 2915 362 2940; x_wconf 87' lang='grc' dir='ltr'>ιι,</span> <span class='ocrx_word' id='word_1_630' title='bbox 387 2906 428 2940; x_wconf 84' lang='grc'><strong>16,</strong></span> <span class='ocrx_word' id='word_1_631' title='bbox 450 2907 491 2934; x_wconf 84' lang='lat' dir='ltr'><strong>i7.</strong></span> <span class='ocrx_word' id='word_1_632' title='bbox 532 2907 552 2922; x_wconf 79' lang='grc'><strong>³⁸</strong></span> <span class='ocrx_word' id='word_1_633' title='bbox 566 2908 632 2936; x_wconf 80' lang='lat' dir='ltr'><strong>Gen.</strong></span> <span class='ocrx_word' id='word_1_634' title='bbox 652 2915 692 2940; x_wconf 87' lang='lat' dir='ltr'><strong>In,</strong></span> <span class='ocrx_word' id='word_1_635' title='bbox 709 2907 734 2934; x_wconf 79' lang='grc' dir='ltr'><strong>ϐ.</strong></span> 
     </span>
    </p>
   </div>
   <div class='ocr_carea' id='block_1_91' title="bbox 774 2905 1028 2938">
    <p class='ocr_par' dir='ltr' id='par_1_91' title="bbox 774 2905 1028 2938">
     <span class='ocr_line' id='line_1_91' title="bbox 774 2905 1028 2938; baseline -0.004 -5"><span class='ocrx_word' id='word_1_636' title='bbox 774 2906 796 2921; x_wconf 58' lang='grc'><strong>³*</strong></span> <span class='ocrx_word' id='word_1_637' title='bbox 809 2905 876 2933; x_wconf 82' lang='lat' dir='ltr'><strong>Gen.</strong></span> <span class='ocrx_word' id='word_1_638' title='bbox 894 2914 923 2938; x_wconf 86' lang='lat' dir='ltr'><strong>ll,</strong></span> <span class='ocrx_word' id='word_1_639' title='bbox 940 2907 967 2938; x_wconf 71' lang='grc'><strong>2,</strong></span> <span class='ocrx_word' id='word_1_640' title='bbox 983 2905 1028 2933; x_wconf 73' lang='lat'><strong>‘25.</strong></span> 
     </span>
    </p>
   </div>
   <div class='ocr_carea' id='block_1_92' title="bbox 1005 1624 1792 1660">
    <p class='ocr_par' dir='ltr' id='par_1_92' title="bbox 1005 1624 1792 1660">
     <span class='ocr_line' id='line_1_92' title="bbox 1005 1624 1792 1660; baseline -0.003 -8"><span class='ocrx_word' id='word_1_641' title='bbox 1005 1627 1062 1653; x_wconf 83' lang='lat' dir='ltr'><strong>ﬁeri</strong></span> <span class='ocrx_word' id='word_1_642' title='bbox 1086 1633 1140 1652; x_wconf 90' lang='lat' dir='ltr'><strong>non</strong></span> <span class='ocrx_word' id='word_1_643' title='bbox 1158 1626 1244 1660; x_wconf 89' lang='lat' dir='ltr'><strong>potuit</strong></span> <span class='ocrx_word' id='word_1_644' title='bbox 1269 1630 1298 1652; x_wconf 88' lang='lat' dir='ltr'><strong>ut</strong></span> <span class='ocrx_word' id='word_1_645' title='bbox 1321 1626 1403 1652; x_wconf 87' lang='lat' dir='ltr'><strong>arbor</strong></span> <span class='ocrx_word' id='word_1_646' title='bbox 1427 1632 1460 1652; x_wconf 91' lang='lat' dir='ltr'><strong>eo</strong></span> <span class='ocrx_word' id='word_1_647' title='bbox 1483 1624 1618 1651; x_wconf 84' lang='lat' dir='ltr'><strong>Adamum</strong></span> <span class='ocrx_word' id='word_1_648' title='bbox 1646 1625 1792 1657; x_wconf 73' lang='lat' dir='ltr'><strong>imbueret,</strong></span> 
     </span>
    </p>
   </div>
   <div class='ocr_carea' id='block_1_93' title="bbox 1003 1671 1793 1706">
    <p class='ocr_par' dir='ltr' id='par_1_93' title="bbox 1003 1671 1793 1706">
     <span class='ocr_line' id='line_1_93' title="bbox 1003 1671 1793 1706; baseline -0.001 -8"><span class='ocrx_word' id='word_1_649' title='bbox 1003 1679 1058 1706; x_wconf 92' lang='lat' dir='ltr'><strong>quo</strong></span> <span class='ocrx_word' id='word_1_650' title='bbox 1075 1671 1133 1706; x_wconf 89' lang='lat' dir='ltr'><strong>ipsa</strong></span> <span class='ocrx_word' id='word_1_651' title='bbox 1149 1672 1269 1698; x_wconf 84' lang='lat' dir='ltr'><strong>carebat.</strong></span> <span class='ocrx_word' id='word_1_652' title='bbox 1286 1671 1429 1698; x_wconf 77' lang='lat' dir='ltr'><strong>Pet-ficitur</strong></span> <span class='ocrx_word' id='word_1_653' title='bbox 1448 1679 1513 1705; x_wconf 83' lang='lat' dir='ltr'><strong>ergo</strong></span> <span class='ocrx_word' id='word_1_654' title='bbox 1529 1679 1562 1699; x_wconf 81' lang='lat' dir='ltr'><strong>ex</strong></span> <span class='ocrx_word' id='word_1_655' title='bbox 1578 1671 1612 1698; x_wconf 86' lang='lat' dir='ltr'><strong>iis</strong></span> <span class='ocrx_word' id='word_1_656' title='bbox 1627 1679 1686 1706; x_wconf 78' lang='lat' dir='ltr'><strong>quze</strong></span> <span class='ocrx_word' id='word_1_657' title='bbox 1703 1671 1793 1698; x_wconf 86' lang='lat' dir='ltr'><strong>adhuc</strong></span> 
     </span>
    </p>
   </div>
   <div class='ocr_carea' id='block_1_94' title="bbox 1003 1709 1793 1748">
    <p class='ocr_par' dir='ltr' id='par_1_94' title="bbox 1003 1709 1793 1748">
     <span class='ocr_line' id='line_1_94' title="bbox 1003 1709 1793 1748; baseline 0 -4"><span class='ocrx_word' id='word_1_658' title='bbox 1003 1717 1074 1744; x_wconf 91' lang='lat' dir='ltr'><strong>dicta</strong></span> <span class='ocrx_word' id='word_1_659' title='bbox 1090 1723 1165 1748; x_wconf 85' lang='lat' dir='ltr'><strong>sunt,</strong></span> <span class='ocrx_word' id='word_1_660' title='bbox 1181 1725 1235 1744; x_wconf 87' lang='lat' dir='ltr'><strong>non</strong></span> <span class='ocrx_word' id='word_1_661' title='bbox 1249 1718 1310 1746; x_wconf 90' lang='lat' dir='ltr'><strong>ideo</strong></span> <span class='ocrx_word' id='word_1_662' title='bbox 1327 1718 1455 1745; x_wconf 87' lang='lat' dir='ltr'><strong>arborem</strong></span> <span class='ocrx_word' id='word_1_663' title='bbox 1474 1717 1594 1745; x_wconf 72' lang='lat' dir='ltr'><strong>scientiae</strong></span> <span class='ocrx_word' id='word_1_664' title='bbox 1609 1718 1672 1744; x_wconf 90' lang='lat' dir='ltr'><strong>boni</strong></span> <span class='ocrx_word' id='word_1_665' title='bbox 1689 1722 1714 1745; x_wconf 88' lang='lat' dir='ltr'><strong>et</strong></span> <span class='ocrx_word' id='word_1_666' title='bbox 1730 1709 1793 1745; x_wconf 67' lang='lat' dir='ltr'><strong>rm</strong></span> 
     </span>
    </p>
   </div>
   <div class='ocr_carea' id='block_1_95' title="bbox 1003 1763 1794 1799">
    <p class='ocr_par' dir='ltr' id='par_1_95' title="bbox 1003 1763 1794 1799">
     <span class='ocr_line' id='line_1_95' title="bbox 1003 1763 1794 1799; baseline 0 -9"><span class='ocrx_word' id='word_1_667' title='bbox 1003 1769 1126 1792; x_wconf 85' lang='lat' dir='ltr'><strong>vocatam</strong></span> <span class='ocrx_word' id='word_1_668' title='bbox 1152 1771 1224 1795; x_wconf 89' lang='lat' dir='ltr'><strong>esse,</strong></span> <span class='ocrx_word' id='word_1_669' title='bbox 1249 1764 1322 1798; x_wconf 83' lang='lat' dir='ltr'><strong>quod</strong></span> <span class='ocrx_word' id='word_1_670' title='bbox 1339 1764 1381 1791; x_wconf 84' lang='lat' dir='ltr'><strong>vel</strong></span> <span class='ocrx_word' id='word_1_671' title='bbox 1404 1764 1486 1791; x_wconf 89' lang='lat' dir='ltr'><strong>ullam</strong></span> <span class='ocrx_word' id='word_1_672' title='bbox 1511 1764 1569 1799; x_wconf 89' lang='lat' dir='ltr'><strong>ipsa</strong></span> <span class='ocrx_word' id='word_1_673' title='bbox 1595 1764 1658 1791; x_wconf 91' lang='lat' dir='ltr'><strong>boni</strong></span> <span class='ocrx_word' id='word_1_674' title='bbox 1685 1771 1700 1790; x_wconf 90' lang='lat' dir='ltr'><strong>a</strong></span> <span class='ocrx_word' id='word_1_675' title='bbox 1722 1763 1794 1790; x_wconf 86' lang='lat' dir='ltr'><strong>maio</strong></span> 
     </span>
    </p>
   </div>
   <div class='ocr_carea' id='block_1_96' title="bbox 1004 1809 1794 1845">
    <p class='ocr_par' dir='ltr' id='par_1_96' title="bbox 1004 1809 1794 1845">
     <span class='ocr_line' id='line_1_96' title="bbox 1004 1809 1794 1845; baseline 0.001 -9"><span class='ocrx_word' id='word_1_676' title='bbox 1004 1809 1189 1845; x_wconf 77' lang='lat' dir='ltr'><strong>distinguendi</strong></span> <span class='ocrx_word' id='word_1_677' title='bbox 1205 1810 1331 1844; x_wconf 78' lang='lat' dir='ltr'><strong>peritiam</strong></span> <span class='ocrx_word' id='word_1_678' title='bbox 1357 1810 1503 1842; x_wconf 77' lang='lat' dir='ltr'><strong>habuerit;</strong></span> <span class='ocrx_word' id='word_1_679' title='bbox 1531 1811 1572 1837; x_wconf 86' lang='lat' dir='ltr'><strong>vel</strong></span> <span class='ocrx_word' id='word_1_680' title='bbox 1588 1811 1692 1837; x_wconf 79' lang='lat' dir='ltr'><strong>Adamn</strong></span> <span class='ocrx_word' id='word_1_681' title='bbox 1715 1810 1747 1837; x_wconf 87' lang='lat' dir='ltr'><strong>de</strong></span> <span class='ocrx_word' id='word_1_682' title='bbox 1764 1818 1794 1837; x_wconf 83' lang='lat' dir='ltr'><strong>se</strong></span> 
     </span>
    </p>
   </div>
   <div class='ocr_carea' id='block_1_97' title="bbox 1004 1855 1811 1890">
    <p class='ocr_par' dir='ltr' id='par_1_97' title="bbox 1004 1855 1811 1890">
     <span class='ocr_line' id='line_1_97' title="bbox 1004 1855 1811 1890; baseline -0.001 -8"><span class='ocrx_word' id='word_1_683' title='bbox 1004 1856 1093 1883; x_wconf 80' lang='lat' dir='ltr'><strong>edenti</strong></span> <span class='ocrx_word' id='word_1_684' title='bbox 1125 1856 1270 1883; x_wconf 88' lang='lat' dir='ltr'><strong>scientiam&#39;</strong></span> <span class='ocrx_word' id='word_1_685' title='bbox 1291 1856 1426 1890; x_wconf 85' lang='lat' dir='ltr'><strong>ejusmodi</strong></span> <span class='ocrx_word' id='word_1_686' title='bbox 1453 1856 1714 1883; x_wconf 75' lang='lat' dir='ltr'><strong>accommodarerit.</strong></span> <span class='ocrx_word' id='word_1_687' title='bbox 1739 1855 1811 1882; x_wconf 62' lang='lat' dir='ltr'><strong>Sed.-</strong></span> 
     </span>
    </p>
   </div>
   <div class='ocr_carea' id='block_1_98' title="bbox 1004 1900 1792 1934">
    <p class='ocr_par' dir='ltr' id='par_1_98' title="bbox 1004 1900 1792 1934">
     <span class='ocr_line' id='line_1_98' title="bbox 1004 1900 1792 1934; baseline -0.003 -6"><span class='ocrx_word' id='word_1_688' title='bbox 1004 1908 1055 1928; x_wconf 91' lang='lat' dir='ltr'><strong>cur</strong></span> <span class='ocrx_word' id='word_1_689' title='bbox 1077 1901 1185 1928; x_wconf 88' lang='lat' dir='ltr'><strong>demum</strong></span> <span class='ocrx_word' id='word_1_690' title='bbox 1219 1900 1245 1927; x_wconf 88' lang='lat' dir='ltr'><strong>id</strong></span> <span class='ocrx_word' id='word_1_691' title='bbox 1274 1900 1393 1927; x_wconf 89' lang='lat' dir='ltr'><strong>nominis</strong></span> <span class='ocrx_word' id='word_1_692' title='bbox 1422 1901 1519 1927; x_wconf 84' lang='lat' dir='ltr'><strong>sortita</strong></span> <span class='ocrx_word' id='word_1_693' title='bbox 1548 1900 1584 1927; x_wconf 79' lang='lat' dir='ltr'><strong>sit</strong></span> <span class='ocrx_word' id='word_1_694' title='bbox 1612 1900 1688 1934; x_wconf 87' lang='lat' dir='ltr'><strong>prius</strong></span> <span class='ocrx_word' id='word_1_695' title='bbox 1710 1907 1792 1934; x_wconf 80' lang='lat' dir='ltr'><strong>quam</strong></span> 
     </span>
    </p>
   </div>
   <div class='ocr_carea' id='block_1_99' title="bbox 1005 1947 1796 1982">
    <p class='ocr_par' dir='ltr' id='par_1_99' title="bbox 1005 1947 1796 1982">
     <span class='ocr_line' id='line_1_99' title="bbox 1005 1947 1796 1982; baseline -0.003 -7"><span class='ocrx_word' id='word_1_696' title='bbox 1005 1947 1202 1982; x_wconf 77' lang='lat' dir='ltr'><strong>expediamus,</strong></span> <span class='ocrx_word' id='word_1_697' title='bbox 1227 1947 1374 1974; x_wconf 81' lang='lat' dir='ltr'><strong>dicendum</strong></span> <span class='ocrx_word' id='word_1_698' title='bbox 1401 1951 1462 1979; x_wconf 86' lang='lat' dir='ltr'><strong>est;</strong></span> <span class='ocrx_word' id='word_1_699' title='bbox 1487 1947 1553 1982; x_wconf 88' lang='lat' dir='ltr'><strong>quid</strong></span> <span class='ocrx_word' id='word_1_700' title='bbox 1579 1947 1653 1979; x_wconf 92' lang='lat' dir='ltr'><strong>boui,</strong></span> <span class='ocrx_word' id='word_1_701' title='bbox 1673 1947 1796 1982; x_wconf 79' lang='lat' dir='ltr'><strong>quidque</strong></span> 
     </span>
    </p>
   </div>
   <div class='ocr_carea' id='block_1_100' title="bbox 1006 1991 1794 2026">
    <p class='ocr_par' dir='ltr' id='par_1_100' title="bbox 1006 1991 1794 2026">
     <span class='ocr_line' id='line_1_100' title="bbox 1006 1991 1794 2026; baseline -0.004 -6"><span class='ocrx_word' id='word_1_702' title='bbox 1006 1993 1068 2020; x_wconf 88' lang='lat' dir='ltr'><strong>mali</strong></span> <span class='ocrx_word' id='word_1_703' title='bbox 1094 1993 1234 2020; x_wconf 88' lang='lat' dir='ltr'><strong>vocabulis</strong></span> <span class='ocrx_word' id='word_1_704' title='bbox 1261 1993 1297 2020; x_wconf 85' lang='lat' dir='ltr'><strong>sit</strong></span> <span class='ocrx_word' id='word_1_705' title='bbox 1323 1991 1539 2026; x_wconf 76' lang='lat' dir='ltr'><strong>intelligendum.</strong></span> <span class='ocrx_word' id='word_1_706' title='bbox 1567 1992 1671 2019; x_wconf 84' lang='lat' dir='ltr'><strong>Bonum</strong></span> <span class='ocrx_word' id='word_1_707' title='bbox 1698 1992 1794 2026; x_wconf 78' lang='lat' dir='ltr'><strong>igitur,</strong></span> 
     </span>
    </p>
   </div>
   <div class='ocr_carea' id='block_1_101' title="bbox 1006 2037 1800 2074">
    <p class='ocr_par' dir='ltr' id='par_1_101' title="bbox 1006 2037 1800 2074">
     <span class='ocr_line' id='line_1_101' title="bbox 1006 2037 1800 2074; baseline -0.004 -8"><span class='ocrx_word' id='word_1_708' title='bbox 1006 2043 1047 2066; x_wconf 89' lang='lat' dir='ltr'><strong>cst</strong></span> <span class='ocrx_word' id='word_1_709' title='bbox 1076 2039 1134 2074; x_wconf 87' lang='lat' dir='ltr'><strong>ipsa</strong></span> <span class='ocrx_word' id='word_1_710' title='bbox 1163 2038 1339 2071; x_wconf 79' lang='lat' dir='ltr'><strong>obedientia;</strong></span> <span class='ocrx_word' id='word_1_711' title='bbox 1373 2037 1474 2064; x_wconf 85' lang='lat' dir='ltr'><strong>malum</strong></span> <span class='ocrx_word' id='word_1_712' title='bbox 1505 2045 1590 2070; x_wconf 90' lang='lat' dir='ltr'><strong>vero,</strong></span> <span class='ocrx_word' id='word_1_713' title='bbox 1625 2038 1800 2064; x_wconf 81' lang='lat' dir='ltr'><strong>contrarium</strong></span> 
     </span>
    </p>
   </div>
   <div class='ocr_carea' id='block_1_102' title="bbox 1007 2082 1795 2115">
    <p class='ocr_par' dir='ltr' id='par_1_102' title="bbox 1007 2082 1795 2115">
     <span class='ocr_line' id='line_1_102' title="bbox 1007 2082 1795 2115; baseline -0.003 -3"><span class='ocrx_word' id='word_1_714' title='bbox 1007 2085 1168 2112; x_wconf 74' lang='lat' dir='ltr'><strong>obedientia:</strong></span> <span class='ocrx_word' id='word_1_715' title='bbox 1199 2084 1313 2115; x_wconf 89' lang='lat' dir='ltr'><strong>vitium,</strong></span> <span class='ocrx_word' id='word_1_716' title='bbox 1346 2083 1469 2111; x_wconf 89' lang='lat' dir='ltr'><strong>rebellio.</strong></span> <span class='ocrx_word' id='word_1_717' title='bbox 1505 2082 1572 2110; x_wconf 82' lang='lat' dir='ltr'><strong>Nam</strong></span> <span class='ocrx_word' id='word_1_718' title='bbox 1610 2083 1795 2111; x_wconf 81' lang='lat' dir='ltr'><strong>obedientiam</strong></span> 
     </span>
    </p>
   </div>
   <div class='ocr_carea' id='block_1_103' title="bbox 1007 2129 1796 2164">
    <p class='ocr_par' dir='ltr' id='par_1_103' title="bbox 1007 2129 1796 2164">
     <span class='ocr_line' id='line_1_103' title="bbox 1007 2129 1796 2164; baseline -0.004 -6"><span class='ocrx_word' id='word_1_719' title='bbox 1007 2131 1109 2159; x_wconf 90' lang='lat' dir='ltr'><strong>bonum</strong></span> <span class='ocrx_word' id='word_1_720' title='bbox 1138 2138 1198 2158; x_wconf 86' lang='lat' dir='ltr'><strong>esse</strong></span> <span class='ocrx_word' id='word_1_721' title='bbox 1227 2130 1375 2157; x_wconf 83' lang='lat' dir='ltr'><strong>ostendunt</strong></span> <span class='ocrx_word' id='word_1_722' title='bbox 1399 2129 1444 2156; x_wconf 85' lang='lat' dir='ltr'><strong>illa</strong></span> <span class='ocrx_word' id='word_1_723' title='bbox 1477 2129 1545 2163; x_wconf 68' lang='lat' dir='ltr'><strong>ivgis</strong></span> <span class='ocrx_word' id='word_1_724' title='bbox 1572 2129 1652 2156; x_wconf 82' lang='lat' dir='ltr'><strong>verba</strong></span> <span class='ocrx_word' id='word_1_725' title='bbox 1681 2139 1687 2156; x_wconf 92' lang='lat'><strong>:</strong></span> <span class='ocrx_word' id='word_1_726' title='bbox 1712 2129 1796 2164; x_wconf 78' lang='lat' dir='ltr'><strong>Dilige</strong></span> 
     </span>
    </p>
   </div>
   <div class='ocr_carea' id='block_1_104' title="bbox 1007 2176 1797 2210">
    <p class='ocr_par' dir='ltr' id='par_1_104' title="bbox 1007 2176 1797 2210">
     <span class='ocr_line' id='line_1_104' title="bbox 1007 2176 1797 2210; baseline -0.003 -6"><span class='ocrx_word' id='word_1_727' title='bbox 1007 2177 1149 2204; x_wconf 84' lang='lat' dir='ltr'><strong>Dominum</strong></span> <span class='ocrx_word' id='word_1_728' title='bbox 1174 2177 1258 2204; x_wconf 78' lang='lat' dir='ltr'><strong>Deum</strong></span> <span class='ocrx_word' id='word_1_729' title='bbox 1280 2182 1354 2202; x_wconf 86' lang='lat' dir='ltr'><strong>tuum</strong></span> <span class='ocrx_word' id='word_1_730' title='bbox 1369 2176 1410 2209; x_wconf 73' lang='lat'><strong>&#39;7;</strong></span> <span class='ocrx_word' id='word_1_731' title='bbox 1441 2184 1473 2203; x_wconf 81' lang='lat' dir='ltr'><strong>cx</strong></span> <span class='ocrx_word' id='word_1_732' title='bbox 1495 2183 1589 2203; x_wconf 87' lang='lat' dir='ltr'><strong>amore</strong></span> <span class='ocrx_word' id='word_1_733' title='bbox 1613 2176 1685 2203; x_wconf 88' lang='lat' dir='ltr'><strong>cnim</strong></span> <span class='ocrx_word' id='word_1_734' title='bbox 1715 2180 1797 2210; x_wconf 85' lang='lat' dir='ltr'><strong>atque</strong></span> 
     </span>
    </p>
   </div>
   <div class='ocr_carea' id='block_1_105' title="bbox 1008 2222 1797 2257">
    <p class='ocr_par' dir='ltr' id='par_1_105' title="bbox 1008 2222 1797 2257">
     <span class='ocr_line' id='line_1_105' title="bbox 1008 2222 1797 2257; baseline -0.003 -6"><span class='ocrx_word' id='word_1_735' title='bbox 1008 2224 1140 2251; x_wconf 83' lang='lat' dir='ltr'><strong>charitate</strong></span> <span class='ocrx_word' id='word_1_736' title='bbox 1170 2223 1324 2250; x_wconf 83' lang='lat' dir='ltr'><strong>obedientia</strong></span> <span class='ocrx_word' id='word_1_737' title='bbox 1356 2222 1487 2250; x_wconf 88' lang='lat' dir='ltr'><strong>nascitur.</strong></span> <span class='ocrx_word' id='word_1_738' title='bbox 1525 2222 1572 2250; x_wconf 84' lang='lat' dir='ltr'><strong>Est</strong></span> <span class='ocrx_word' id='word_1_739' title='bbox 1593 2223 1673 2257; x_wconf 88' lang='lat' dir='ltr'><strong>igitur</strong></span> <span class='ocrx_word' id='word_1_740' title='bbox 1694 2223 1797 2250; x_wconf 89' lang='lat' dir='ltr'><strong>bonum</strong></span> 
     </span>
    </p>
   </div>
   <div class='ocr_carea' id='block_1_106' title="bbox 1007 2267 1797 2303">
    <p class='ocr_par' dir='ltr' id='par_1_106' title="bbox 1007 2267 1797 2303">
     <span class='ocr_line' id='line_1_106' title="bbox 1007 2267 1797 2303; baseline 0 -9"><span class='ocrx_word' id='word_1_741' title='bbox 1007 2267 1174 2295; x_wconf 87' lang='lat' dir='ltr'><strong>obedientia.</strong></span> <span class='ocrx_word' id='word_1_742' title='bbox 1194 2267 1302 2295; x_wconf 69' lang='lat' dir='ltr'><strong>Rursus</strong></span> <span class='ocrx_word' id='word_1_743' title='bbox 1320 2268 1423 2295; x_wconf 91' lang='lat' dir='ltr'><strong>malum</strong></span> <span class='ocrx_word' id='word_1_744' title='bbox 1445 2275 1507 2295; x_wconf 78' lang='lat' dir='ltr'><strong>esse</strong></span> <span class='ocrx_word' id='word_1_745' title='bbox 1532 2268 1707 2295; x_wconf 85' lang='lat' dir='ltr'><strong>rebellionem</strong></span> <span class='ocrx_word' id='word_1_746' title='bbox 1731 2276 1797 2303; x_wconf 88' lang='lat' dir='ltr'><strong>pro-</strong></span> 
     </span>
    </p>
   </div>
   <div class='ocr_carea' id='block_1_107' title="bbox 1008 2313 1796 2349">
    <p class='ocr_par' dir='ltr' id='par_1_107' title="bbox 1008 2313 1796 2349">
     <span class='ocr_line' id='line_1_107' title="bbox 1008 2313 1796 2349; baseline -0.001 -8"><span class='ocrx_word' id='word_1_747' title='bbox 1008 2314 1073 2341; x_wconf 85' lang='lat' dir='ltr'><strong>bant</strong></span> <span class='ocrx_word' id='word_1_748' title='bbox 1090 2313 1134 2340; x_wconf 74' lang='lat' dir='ltr'><strong>illa</strong></span> <span class='ocrx_word' id='word_1_749' title='bbox 1151 2313 1196 2340; x_wconf 74' lang='lat' dir='ltr'><strong>Dei</strong></span> <span class='ocrx_word' id='word_1_750' title='bbox 1212 2315 1293 2340; x_wconf 85' lang='lat' dir='ltr'><strong>verba</strong></span> <span class='ocrx_word' id='word_1_751' title='bbox 1311 2322 1318 2340; x_wconf 94' lang='lat'><strong>:</strong></span> <span class='ocrx_word' id='word_1_752' title='bbox 1337 2313 1395 2340; x_wconf 87' lang='lat' dir='ltr'><strong>Duo</strong></span> <span class='ocrx_word' id='word_1_753' title='bbox 1409 2313 1479 2340; x_wconf 81' lang='lat' dir='ltr'><strong>mala</strong></span> <span class='ocrx_word' id='word_1_754' title='bbox 1495 2314 1557 2348; x_wconf 76' lang='lat' dir='ltr'><strong>fecit</strong></span> <span class='ocrx_word' id='word_1_755' title='bbox 1568 2314 1680 2349; x_wconf 76' lang='lat' dir='ltr'><strong>populus</strong></span> <span class='ocrx_word' id='word_1_756' title='bbox 1701 2322 1773 2340; x_wconf 74' lang='lat' dir='ltr'><strong>nteus</strong></span> <span class='ocrx_word' id='word_1_757' title='bbox 1787 2323 1796 2346; x_wconf 80' lang='lat'><strong>,-</strong></span> 
     </span>
    </p>
   </div>
   <div class='ocr_carea' id='block_1_108' title="bbox 1010 2359 1799 2394">
    <p class='ocr_par' dir='ltr' id='par_1_108' title="bbox 1010 2359 1799 2394">
     <span class='ocr_line' id='line_1_108' title="bbox 1010 2359 1799 2394; baseline -0.001 -8"><span class='ocrx_word' id='word_1_758' title='bbox 1010 2368 1050 2386; x_wconf 84' lang='lat' dir='ltr'><strong>me</strong></span> <span class='ocrx_word' id='word_1_759' title='bbox 1075 2359 1271 2394; x_wconf 80' lang='lat' dir='ltr'><strong>dereliquerunl</strong></span> <span class='ocrx_word' id='word_1_760' title='bbox 1286 2380 1292 2390; x_wconf 85' lang='lat'><strong>,</strong></span> <span class='ocrx_word' id='word_1_761' title='bbox 1320 2359 1420 2394; x_wconf 72' lang='lat' dir='ltr'><strong>[biztem</strong></span> <span class='ocrx_word' id='word_1_762' title='bbox 1438 2367 1515 2392; x_wconf 68' lang='lat' dir='ltr'><strong>aqum</strong></span> <span class='ocrx_word' id='word_1_763' title='bbox 1536 2360 1617 2392; x_wconf 74' lang='lat' dir='ltr'><strong>vim,</strong></span> <span class='ocrx_word' id='word_1_764' title='bbox 1641 2365 1664 2386; x_wconf 84' lang='lat' dir='ltr'><strong>et</strong></span> <span class='ocrx_word' id='word_1_765' title='bbox 1687 2359 1799 2394; x_wconf 78' lang='lat' dir='ltr'><strong>profecti</strong></span> 
     </span>
    </p>
   </div>
   <div class='ocr_carea' id='block_1_109' title="bbox 1010 2403 1799 2440">
    <p class='ocr_par' dir='ltr' id='par_1_109' title="bbox 1010 2403 1799 2440">
     <span class='ocr_line' id='line_1_109' title="bbox 1010 2403 1799 2440; baseline 0.004 -12"><span class='ocrx_word' id='word_1_766' title='bbox 1010 2403 1133 2438; x_wconf 76' lang='lat' dir='ltr'><strong>foderunt</strong></span> <span class='ocrx_word' id='word_1_767' title='bbox 1167 2404 1217 2430; x_wconf 76' lang='lat' dir='ltr'><strong>sibi</strong></span> <span class='ocrx_word' id='word_1_768' title='bbox 1247 2404 1332 2438; x_wconf 72' lang='lat' dir='ltr'><strong>fossus</strong></span> <span class='ocrx_word' id='word_1_769' title='bbox 1363 2404 1489 2438; x_wconf 75' lang='lat' dir='ltr'><strong>effractas</strong></span> <span class='ocrx_word' id='word_1_770' title='bbox 1522 2413 1581 2439; x_wconf 66' lang='lat' dir='ltr'><strong>qua</strong></span> <span class='ocrx_word' id='word_1_771' title='bbox 1605 2413 1656 2431; x_wconf 84' lang='lat' dir='ltr'><strong>non</strong></span> <span class='ocrx_word' id='word_1_772' title='bbox 1689 2409 1799 2440; x_wconf 68' lang='lat' dir='ltr'><strong>possunt,</strong></span> 
     </span>
    </p>
   </div>
   <div class='ocr_carea' id='block_1_110' title="bbox 1011 2451 1799 2487">
    <p class='ocr_par' dir='ltr' id='par_1_110' title="bbox 1011 2451 1799 2487">
     <span class='ocr_line' id='line_1_110' title="bbox 1011 2451 1799 2487; baseline 0.001 -8"><span class='ocrx_word' id='word_1_773' title='bbox 1011 2453 1146 2480; x_wconf 70' lang='lat' dir='ltr'><strong>emt/incrta</strong></span> <span class='ocrx_word' id='word_1_774' title='bbox 1168 2453 1194 2479; x_wconf 87' lang='lat' dir='ltr'><strong>in</strong></span> <span class='ocrx_word' id='word_1_775' title='bbox 1212 2460 1239 2479; x_wconf 82' lang='lat' dir='ltr'><strong>se</strong></span> <span class='ocrx_word' id='word_1_776' title='bbox 1253 2460 1336 2487; x_wconf 67' lang='lat' dir='ltr'><strong>aqua;</strong></span> <span class='ocrx_word' id='word_1_777' title='bbox 1349 2452 1381 2479; x_wconf 84' lang='grc'><strong>³⁸.</strong></span> <span class='ocrx_word' id='word_1_778' title='bbox 1403 2451 1462 2479; x_wconf 83' lang='lat' dir='ltr'><strong>Jam</strong></span> <span class='ocrx_word' id='word_1_779' title='bbox 1481 2460 1545 2479; x_wconf 89' lang='lat' dir='ltr'><strong>vero</strong></span> <span class='ocrx_word' id='word_1_780' title='bbox 1568 2453 1697 2485; x_wconf 78' lang='lat' dir='ltr'><strong>dicimus,</strong></span> <span class='ocrx_word' id='word_1_781' title='bbox 1715 2453 1799 2480; x_wconf 69' lang='lat' dir='ltr'><strong>arbo~</strong></span> 
     </span>
    </p>
   </div>
   <div class='ocr_carea' id='block_1_111' title="bbox 1013 2497 1799 2533">
    <p class='ocr_par' dir='ltr' id='par_1_111' title="bbox 1013 2497 1799 2533">
     <span class='ocr_line' id='line_1_111' title="bbox 1013 2497 1799 2533; baseline 0 -8"><span class='ocrx_word' id='word_1_782' title='bbox 1013 2506 1071 2525; x_wconf 86' lang='lat' dir='ltr'><strong>rem</strong></span> <span class='ocrx_word' id='word_1_783' title='bbox 1091 2498 1213 2525; x_wconf 68' lang='lat' dir='ltr'><strong>scientia:</strong></span> <span class='ocrx_word' id='word_1_784' title='bbox 1227 2497 1291 2524; x_wconf 87' lang='lat' dir='ltr'><strong>boni</strong></span> <span class='ocrx_word' id='word_1_785' title='bbox 1307 2503 1333 2524; x_wconf 89' lang='lat' dir='ltr'><strong>et</strong></span> <span class='ocrx_word' id='word_1_786' title='bbox 1358 2497 1422 2524; x_wconf 85' lang='lat' dir='ltr'><strong>mali</strong></span> <span class='ocrx_word' id='word_1_787' title='bbox 1439 2497 1513 2524; x_wconf 87' lang='lat' dir='ltr'><strong>illam</strong></span> <span class='ocrx_word' id='word_1_788' title='bbox 1537 2505 1600 2525; x_wconf 86' lang='lat' dir='ltr'><strong>esse</strong></span> <span class='ocrx_word' id='word_1_789' title='bbox 1625 2498 1799 2533; x_wconf 83' lang='lat' dir='ltr'><strong>appellatam,</strong></span> 
     </span>
    </p>
   </div>
   <div class='ocr_carea' id='block_1_112' title="bbox 1012 2542 1798 2578">
    <p class='ocr_par' dir='ltr' id='par_1_112' title="bbox 1012 2542 1798 2578">
     <span class='ocr_line' id='line_1_112' title="bbox 1012 2542 1798 2578; baseline 0.003 -9"><span class='ocrx_word' id='word_1_790' title='bbox 1012 2544 1076 2578; x_wconf 86' lang='lat' dir='ltr'><strong>quia</strong></span> <span class='ocrx_word' id='word_1_791' title='bbox 1105 2551 1153 2577; x_wconf 86' lang='lat' dir='ltr'><strong>per</strong></span> <span class='ocrx_word' id='word_1_792' title='bbox 1185 2550 1257 2575; x_wconf 86' lang='lat' dir='ltr'><strong>eam,</strong></span> <span class='ocrx_word' id='word_1_793' title='bbox 1283 2543 1373 2577; x_wconf 88' lang='lat' dir='ltr'><strong>reipsa</strong></span> <span class='ocrx_word' id='word_1_794' title='bbox 1406 2542 1479 2570; x_wconf 89' lang='lat' dir='ltr'><strong>facto</strong></span> <span class='ocrx_word' id='word_1_795' title='bbox 1511 2544 1644 2578; x_wconf 86' lang='lat' dir='ltr'><strong>periculo,</strong></span> <span class='ocrx_word' id='word_1_796' title='bbox 1676 2543 1798 2571; x_wconf 82' lang='lat' dir='ltr'><strong>Adamus</strong></span> 
     </span>
    </p>
   </div>
   <div class='ocr_carea' id='block_1_113' title="bbox 1013 2588 1801 2623">
    <p class='ocr_par' dir='ltr' id='par_1_113' title="bbox 1013 2588 1801 2623">
     <span class='ocr_line' id='line_1_113' title="bbox 1013 2588 1801 2623; baseline 0.003 -9"><span class='ocrx_word' id='word_1_797' title='bbox 1013 2588 1124 2623; x_wconf 77' lang='lat' dir='ltr'><strong>agnovit</strong></span> <span class='ocrx_word' id='word_1_798' title='bbox 1148 2588 1250 2615; x_wconf 92' lang='lat' dir='ltr'><strong>bonum</strong></span> <span class='ocrx_word' id='word_1_799' title='bbox 1280 2592 1307 2615; x_wconf 88' lang='lat' dir='ltr'><strong>et</strong></span> <span class='ocrx_word' id='word_1_800' title='bbox 1332 2588 1445 2615; x_wconf 86' lang='lat' dir='ltr'><strong>malum.</strong></span> <span class='ocrx_word' id='word_1_801' title='bbox 1469 2588 1504 2615; x_wconf 87' lang='lat' dir='ltr'><strong>At</strong></span> <span class='ocrx_word' id='word_1_802' title='bbox 1529 2589 1601 2616; x_wconf 89' lang='lat' dir='ltr'><strong>enim</strong></span> <span class='ocrx_word' id='word_1_803' title='bbox 1628 2588 1714 2620; x_wconf 79' lang='lat' dir='ltr'><strong>dices,</strong></span> <span class='ocrx_word' id='word_1_804' title='bbox 1736 2589 1801 2617; x_wconf 88' lang='lat' dir='ltr'><strong>hinc</strong></span> 
     </span>
    </p>
   </div>
   <div class='ocr_carea' id='block_1_114' title="bbox 1013 2633 1802 2668">
    <p class='ocr_par' dir='ltr' id='par_1_114' title="bbox 1013 2633 1802 2668">
     <span class='ocr_line' id='line_1_114' title="bbox 1013 2633 1802 2668; baseline 0 -8"><span class='ocrx_word' id='word_1_805' title='bbox 1013 2633 1119 2668; x_wconf 84' lang='lat' dir='ltr'><strong>colligi.</strong></span> <span class='ocrx_word' id='word_1_806' title='bbox 1136 2634 1270 2661; x_wconf 82' lang='lat' dir='ltr'><strong>Adamum</strong></span> <span class='ocrx_word' id='word_1_807' title='bbox 1297 2633 1383 2660; x_wconf 81' lang='lat' dir='ltr'><strong>fuisse</strong></span> <span class='ocrx_word' id='word_1_808' title='bbox 1410 2633 1562 2660; x_wconf 91' lang='lat' dir='ltr'><strong>cariturum</strong></span> <span class='ocrx_word' id='word_1_809' title='bbox 1593 2634 1656 2661; x_wconf 89' lang='lat' dir='ltr'><strong>boni</strong></span> <span class='ocrx_word' id='word_1_810' title='bbox 1689 2639 1715 2661; x_wconf 88' lang='lat' dir='ltr'><strong>ct</strong></span> <span class='ocrx_word' id='word_1_811' title='bbox 1736 2635 1802 2661; x_wconf 80' lang='lat' dir='ltr'><strong>mali</strong></span> 
     </span>
    </p>
   </div>
   <div class='ocr_carea' id='block_1_115' title="bbox 1012 2677 1801 2714">
    <p class='ocr_par' dir='ltr' id='par_1_115' title="bbox 1012 2677 1801 2714">
     <span class='ocr_line' id='line_1_115' title="bbox 1012 2677 1801 2714; baseline 0.003 -10"><span class='ocrx_word' id='word_1_812' title='bbox 1012 2677 1191 2712; x_wconf 81' lang='lat' dir='ltr'><strong>cognitione,</strong></span> <span class='ocrx_word' id='word_1_813' title='bbox 1218 2677 1271 2704; x_wconf 87' lang='lat' dir='ltr'><strong>nisi</strong></span> <span class='ocrx_word' id='word_1_814' title='bbox 1296 2677 1330 2705; x_wconf 90' lang='lat' dir='ltr'><strong>dc</strong></span> <span class='ocrx_word' id='word_1_815' title='bbox 1362 2677 1407 2706; x_wconf 89' lang='lat' dir='ltr'><strong>illa</strong></span> <span class='ocrx_word' id='word_1_816' title='bbox 1436 2678 1534 2706; x_wconf 88' lang='lat' dir='ltr'><strong>arbore</strong></span> <span class='ocrx_word' id='word_1_817' title='bbox 1567 2684 1713 2714; x_wconf 86' lang='lat' dir='ltr'><strong>gustasset.</strong></span> <span class='ocrx_word' id='word_1_818' title='bbox 1749 2679 1801 2707; x_wconf 84' lang='lat' dir='ltr'><strong>Sed</strong></span> 
     </span>
    </p>
   </div>
   <div class='ocr_carea' id='block_1_116' title="bbox 1012 2724 1801 2760">
    <p class='ocr_par' dir='ltr' id='par_1_116' title="bbox 1012 2724 1801 2760">
     <span class='ocr_line' id='line_1_116' title="bbox 1012 2724 1801 2760; baseline 0.003 -10"><span class='ocrx_word' id='word_1_819' title='bbox 1012 2724 1221 2759; x_wconf 85' lang='lat' dir='ltr'><strong>respondemus,</strong></span> <span class='ocrx_word' id='word_1_820' title='bbox 1245 2724 1358 2752; x_wconf 84' lang='lat' dir='ltr'><strong>scivisse</strong></span> <span class='ocrx_word' id='word_1_821' title='bbox 1375 2724 1486 2760; x_wconf 87' lang='lat' dir='ltr'><strong>quidem</strong></span> <span class='ocrx_word' id='word_1_822' title='bbox 1509 2725 1643 2754; x_wconf 86' lang='lat' dir='ltr'><strong>Adantum</strong></span> <span class='ocrx_word' id='word_1_823' title='bbox 1670 2725 1801 2753; x_wconf 48' lang='lat' dir='ltr'><strong>obediens</strong></span> 
     </span>
    </p>
   </div>
   <div class='ocr_carea' id='block_1_117' title="bbox 1012 2769 1801 2806">
    <p class='ocr_par' dir='ltr' id='par_1_117' title="bbox 1012 2769 1801 2806">
     <span class='ocr_line' id='line_1_117' title="bbox 1012 2769 1801 2806; baseline 0.004 -10"><span class='ocrx_word' id='word_1_824' title='bbox 1012 2769 1076 2797; x_wconf 88' lang='lat' dir='ltr'><strong>tiam</strong></span> <span class='ocrx_word' id='word_1_825' title='bbox 1098 2769 1200 2797; x_wconf 91' lang='lat' dir='ltr'><strong>bonum</strong></span> <span class='ocrx_word' id='word_1_826' title='bbox 1223 2776 1294 2802; x_wconf 85' lang='lat' dir='ltr'><strong>esse,</strong></span> <span class='ocrx_word' id='word_1_827' title='bbox 1311 2773 1338 2797; x_wconf 87' lang='lat' dir='ltr'><strong>et</strong></span> <span class='ocrx_word' id='word_1_828' title='bbox 1362 2769 1536 2797; x_wconf 84' lang='lat' dir='ltr'><strong>rebellionem</strong></span> <span class='ocrx_word' id='word_1_829' title='bbox 1563 2771 1677 2802; x_wconf 85' lang='lat' dir='ltr'><strong>malum,</strong></span> <span class='ocrx_word' id='word_1_830' title='bbox 1702 2777 1731 2798; x_wconf 92' lang='lat' dir='ltr'><strong>ut</strong></span> <span class='ocrx_word' id='word_1_831' title='bbox 1753 2771 1801 2806; x_wconf 81' lang='lat' dir='ltr'><strong>qui</strong></span> 
     </span>
    </p>
   </div>
   <div class='ocr_carea' id='block_1_118' title="bbox 1013 2813 1800 2848">
    <p class='ocr_par' dir='ltr' id='par_1_118' title="bbox 1013 2813 1800 2848">
     <span class='ocr_line' id='line_1_118' title="bbox 1013 2813 1800 2848; baseline 0.001 -5"><span class='ocrx_word' id='word_1_832' title='bbox 1013 2818 1087 2843; x_wconf 84' lang='lat' dir='ltr'><strong>esset</strong></span> <span class='ocrx_word' id='word_1_833' title='bbox 1111 2815 1143 2842; x_wconf 89' lang='lat' dir='ltr'><strong>ad</strong></span> <span class='ocrx_word' id='word_1_834' title='bbox 1176 2813 1220 2842; x_wconf 88' lang='lat' dir='ltr'><strong>Dci</strong></span> <span class='ocrx_word' id='word_1_835' title='bbox 1244 2815 1454 2843; x_wconf 82' lang='lat' dir='ltr'><strong>similitudinem</strong></span> <span class='ocrx_word' id='word_1_836' title='bbox 1480 2815 1618 2848; x_wconf 82' lang='lat' dir='ltr'><strong>conditus,</strong></span> <span class='ocrx_word' id='word_1_837' title='bbox 1645 2821 1671 2843; x_wconf 85' lang='lat' dir='ltr'><strong>ct</strong></span> <span class='ocrx_word' id='word_1_838' title='bbox 1697 2818 1800 2844; x_wconf 69' lang='lat' dir='ltr'><strong>ratione</strong></span> 
     </span>
    </p>
   </div>
   <div class='ocr_carea' id='block_1_119' title="bbox 1068 2903 1585 2937">
    <p class='ocr_par' dir='ltr' id='par_1_119' title="bbox 1068 2903 1585 2937">
     <span class='ocr_line' id='line_1_119' title="bbox 1068 2903 1585 2937; baseline 0.004 -7"><span class='ocrx_word' id='word_1_839' title='bbox 1068 2904 1089 2920; x_wconf 73' lang='grc'><strong>³⁷</strong></span> <span class='ocrx_word' id='word_1_840' title='bbox 1103 2903 1180 2931; x_wconf 88' lang='lat' dir='ltr'><strong>Deut.</strong></span> <span class='ocrx_word' id='word_1_841' title='bbox 1198 2911 1234 2935; x_wconf 87' lang='grc' dir='ltr'>νι,</span> <span class='ocrx_word' id='word_1_842' title='bbox 1251 2903 1277 2931; x_wconf 77' lang='lat'><strong>5.</strong></span> <span class='ocrx_word' id='word_1_843' title='bbox 1337 2903 1358 2920; x_wconf 69' lang='grc' dir='ltr'><strong>θ’</strong></span> <span class='ocrx_word' id='word_1_844' title='bbox 1372 2903 1472 2932; x_wconf 67' lang='lat' dir='ltr'><strong>iurent.</strong></span> <span class='ocrx_word' id='word_1_845' title='bbox 1491 2911 1519 2937; x_wconf 66' lang='grc' dir='ltr'><strong>ιιε</strong></span> <span class='ocrx_word' id='word_1_846' title='bbox 1541 2904 1585 2932; x_wconf 80' lang='lat' dir='ltr'><strong>l5.</strong></span> 
     </span>
    </p>
   </div>
  </div>
