  <div class='ocr_page' id='page_1' title='image "/cluster/home/n/w/nwhite01/storage/ocr_20150623/111/njp.32101077772943/293.png"; bbox 0 0 2020 3080; ppageno 0'>
   <div class='ocr_carea' id='block_1_1' title="bbox 243 189 298 222">
    <p class='ocr_par' dir='ltr' id='par_1_1' title="bbox 243 189 298 222">
     <span class='ocr_line' id='line_1_1' title="bbox 243 189 298 222; baseline 0 0"><span class='ocrx_word' id='word_1_1' title='bbox 243 189 298 222; x_wconf 71' lang='lat'><strong>503</strong></span> 
     </span>
    </p>
   </div>
   <div class='ocr_carea' id='block_1_2' title="bbox 859 175 1208 223">
    <p class='ocr_par' dir='ltr' id='par_1_2' title="bbox 859 175 1208 223">
     <span class='ocr_line' id='line_1_2' title="bbox 859 175 1208 223; baseline 0.006 -2"><span class='ocrx_word' id='word_1_2' title='bbox 859 191 974 222; x_wconf 78' lang='lat' dir='ltr'><strong>MOSIS</strong></span> <span class='ocrx_word' id='word_1_3' title='bbox 994 175 1068 222; x_wconf 75' lang='lat' dir='ltr'><strong>mn</strong></span> <span class='ocrx_word' id='word_1_4' title='bbox 1086 192 1208 223; x_wconf 65' lang='lat' dir='ltr'><strong>cerua</strong></span> 
     </span>
    </p>
   </div>
   <div class='ocr_carea' id='block_1_3' title="bbox 1811 192 1863 224">
    <p class='ocr_par' dir='ltr' id='par_1_3' title="bbox 1811 192 1863 224">
     <span class='ocr_line' id='line_1_3' title="bbox 1811 192 1863 224; baseline 0 -1"><span class='ocrx_word' id='word_1_5' title='bbox 1811 192 1863 224; x_wconf 76' lang='lat' dir='ltr'>5M</span> 
     </span>
    </p>
   </div>
   <div class='ocr_carea' id='block_1_4' title="bbox 248 244 1865 283">
    <p class='ocr_par' dir='ltr' id='par_1_4' title="bbox 248 244 1865 283">
     <span class='ocr_line' id='line_1_4' title="bbox 248 244 1865 283; baseline 0.002 -12"><span class='ocrx_word' id='word_1_6' title='bbox 248 246 366 278; x_wconf 84' lang='lat' dir='ltr'><strong>pollens,</strong></span> <span class='ocrx_word' id='word_1_7' title='bbox 387 244 569 279; x_wconf 71' lang='lat' dir='ltr'><strong>lacullateque</strong></span> <span class='ocrx_word' id='word_1_8' title='bbox 585 251 676 272; x_wconf 89' lang='lat' dir='ltr'><strong>rerum</strong></span> <span class='ocrx_word' id='word_1_9' title='bbox 692 251 760 279; x_wconf 87' lang='lat' dir='ltr'><strong>quas</strong></span> <span class='ocrx_word' id='word_1_10' title='bbox 777 244 869 272; x_wconf 87' lang='lat' dir='ltr'><strong>animo</strong></span> <span class='ocrx_word' id='word_1_11' title='bbox 883 244 1028 279; x_wconf 87' lang='lat' dir='ltr'><strong>concepis-</strong></span> <span class='ocrx_word' id='word_1_12' title='bbox 1043 247 1066 275; x_wconf 80' lang='grc' dir='ltr'><strong>Α</strong></span> <span class='ocrx_word' id='word_1_13' title='bbox 1081 245 1194 273; x_wconf 83' lang='lat' dir='ltr'><strong>edoctus</strong></span> <span class='ocrx_word' id='word_1_14' title='bbox 1209 246 1274 281; x_wconf 89' lang='lat' dir='ltr'><strong>quid</strong></span> <span class='ocrx_word' id='word_1_15' title='bbox 1289 250 1362 274; x_wconf 88' lang='lat' dir='ltr'><strong>esset</strong></span> <span class='ocrx_word' id='word_1_16' title='bbox 1384 247 1484 274; x_wconf 89' lang='lat' dir='ltr'><strong>bonum</strong></span> <span class='ocrx_word' id='word_1_17' title='bbox 1503 251 1530 274; x_wconf 87' lang='lat' dir='ltr'><strong>et</strong></span> <span class='ocrx_word' id='word_1_18' title='bbox 1543 246 1610 282; x_wconf 89' lang='lat' dir='ltr'><strong>quid</strong></span> <span class='ocrx_word' id='word_1_19' title='bbox 1632 247 1748 280; x_wconf 86' lang='lat' dir='ltr'><strong>malum,</strong></span> <span class='ocrx_word' id='word_1_20' title='bbox 1765 249 1865 283; x_wconf 79' lang='lat' dir='ltr'><strong>quippe</strong></span> 
     </span>
    </p>
   </div>
   <div class='ocr_carea' id='block_1_5' title="bbox 249 289 1027 326">
    <p class='ocr_par' dir='ltr' id='par_1_5' title="bbox 249 289 1027 326">
     <span class='ocr_line' id='line_1_5' title="bbox 249 289 1027 326; baseline -0.003 -8"><span class='ocrx_word' id='word_1_21' title='bbox 249 297 291 318; x_wconf 87' lang='lat' dir='ltr'><strong>set</strong></span> <span class='ocrx_word' id='word_1_22' title='bbox 305 291 538 326; x_wconf 84' lang='lat' dir='ltr'><strong>dijudicandarum</strong></span> <span class='ocrx_word' id='word_1_23' title='bbox 554 299 562 318; x_wconf 85' lang='lat'><strong>;</strong></span> <span class='ocrx_word' id='word_1_24' title='bbox 581 293 770 318; x_wconf 73' lang='lat' dir='ltr'><strong>verumtamen</strong></span> <span class='ocrx_word' id='word_1_25' title='bbox 794 289 820 317; x_wconf 91' lang='lat' dir='ltr'><strong>id</strong></span> <span class='ocrx_word' id='word_1_26' title='bbox 851 290 940 324; x_wconf 89' lang='lat' dir='ltr'><strong>ipsum</strong></span> <span class='ocrx_word' id='word_1_27' title='bbox 955 294 1027 324; x_wconf 85' lang='lat' dir='ltr'><strong>post,</strong></span> 
     </span>
    </p>
   </div>
   <div class='ocr_carea' id='block_1_6' title="bbox 248 335 1030 372">
    <p class='ocr_par' dir='ltr' id='par_1_6' title="bbox 248 335 1030 372">
     <span class='ocr_line' id='line_1_6' title="bbox 248 335 1030 372; baseline -0.003 -8"><span class='ocrx_word' id='word_1_28' title='bbox 248 345 298 372; x_wconf 86' lang='lat' dir='ltr'><strong>per</strong></span> <span class='ocrx_word' id='word_1_29' title='bbox 318 337 511 372; x_wconf 71' lang='lat' dir='ltr'><strong>experientiam</strong></span> <span class='ocrx_word' id='word_1_30' title='bbox 533 343 642 372; x_wconf 87' lang='lat' dir='ltr'><strong>quoque</strong></span> <span class='ocrx_word' id='word_1_31' title='bbox 665 336 704 363; x_wconf 95' lang='lat' dir='ltr'><strong>rei</strong></span> <span class='ocrx_word' id='word_1_32' title='bbox 719 336 858 368; x_wconf 75' lang='lat' dir='ltr'><strong>didicisse,</strong></span> <span class='ocrx_word' id='word_1_33' title='bbox 875 336 919 362; x_wconf 93' lang='lat' dir='ltr'><strong>ubi</strong></span> <span class='ocrx_word' id='word_1_34' title='bbox 940 335 1030 362; x_wconf 60' lang='lat' dir='ltr'><strong>eonti«</strong></span> 
     </span>
    </p>
   </div>
   <div class='ocr_carea' id='block_1_7' title="bbox 248 381 1030 418">
    <p class='ocr_par' dir='ltr' id='par_1_7' title="bbox 248 381 1030 418">
     <span class='ocr_line' id='line_1_7' title="bbox 248 381 1030 418; baseline -0.001 -9"><span class='ocrx_word' id='word_1_35' title='bbox 248 384 334 418; x_wconf 73' lang='lat' dir='ltr'><strong>gisset</strong></span> <span class='ocrx_word' id='word_1_36' title='bbox 358 387 440 416; x_wconf 84' lang='lat' dir='ltr'><strong>atque</strong></span> <span class='ocrx_word' id='word_1_37' title='bbox 463 386 598 417; x_wconf 70' lang='lat' dir='ltr'><strong>gustasset</strong></span> <span class='ocrx_word' id='word_1_38' title='bbox 633 383 731 410; x_wconf 81' lang='lat' dir='ltr'><strong>vetitos</strong></span> <span class='ocrx_word' id='word_1_39' title='bbox 761 382 876 409; x_wconf 62' lang='lat' dir='ltr'><strong>fruntus.</strong></span> <span class='ocrx_word' id='word_1_40' title='bbox 903 381 980 409; x_wconf 88' lang='lat' dir='ltr'><strong>Sicut</strong></span> <span class='ocrx_word' id='word_1_41' title='bbox 1003 386 1030 409; x_wconf 78' lang='lat' dir='ltr'><strong>et</strong></span> 
     </span>
    </p>
   </div>
   <div class='ocr_carea' id='block_1_8' title="bbox 247 427 1029 462">
    <p class='ocr_par' dir='ltr' id='par_1_8' title="bbox 247 427 1029 462">
     <span class='ocr_line' id='line_1_8' title="bbox 247 427 1029 462; baseline 0 -7"><span class='ocrx_word' id='word_1_42' title='bbox 247 429 317 455; x_wconf 74' lang='lat' dir='ltr'><strong>Cain</strong></span> <span class='ocrx_word' id='word_1_43' title='bbox 346 435 399 455; x_wconf 91' lang='lat' dir='ltr'><strong>non</strong></span> <span class='ocrx_word' id='word_1_44' title='bbox 429 428 570 462; x_wconf 75' lang='lat' dir='ltr'><strong>ignorabat</strong></span> <span class='ocrx_word' id='word_1_45' title='bbox 599 428 709 462; x_wconf 86' lang='lat' dir='ltr'><strong>quidem</strong></span> <span class='ocrx_word' id='word_1_46' title='bbox 745 436 800 455; x_wconf 85' lang='lat' dir='ltr'><strong>rem</strong></span> <span class='ocrx_word' id='word_1_47' title='bbox 831 427 930 454; x_wconf 88' lang='lat' dir='ltr'><strong>malam</strong></span> <span class='ocrx_word' id='word_1_48' title='bbox 969 434 1029 455; x_wconf 83' lang='lat' dir='ltr'><strong>esse</strong></span> 
     </span>
    </p>
   </div>
   <div class='ocr_carea' id='block_1_9' title="bbox 248 473 1028 508">
    <p class='ocr_par' dir='ltr' id='par_1_9' title="bbox 248 473 1028 508">
     <span class='ocr_line' id='line_1_9' title="bbox 248 473 1028 508; baseline 0 -9"><span class='ocrx_word' id='word_1_49' title='bbox 248 473 436 506; x_wconf 81' lang='lat' dir='ltr'><strong>homicidium,</strong></span> <span class='ocrx_word' id='word_1_50' title='bbox 464 473 623 508; x_wconf 78' lang='lat' dir='ltr'><strong>priusquam</strong></span> <span class='ocrx_word' id='word_1_51' title='bbox 652 473 677 500; x_wconf 91' lang='lat' dir='ltr'><strong>id</strong></span> <span class='ocrx_word' id='word_1_52' title='bbox 707 478 909 508; x_wconf 81' lang='lat' dir='ltr'><strong>perpetrasset;</strong></span> <span class='ocrx_word' id='word_1_53' title='bbox 935 480 1028 500; x_wconf 84' lang='lat' dir='ltr'><strong>verum</strong></span> 
     </span>
    </p>
   </div>
   <div class='ocr_carea' id='block_1_10' title="bbox 246 518 1028 554">
    <p class='ocr_par' dir='ltr' id='par_1_10' title="bbox 246 518 1028 554">
     <span class='ocr_line' id='line_1_10' title="bbox 246 518 1028 554; baseline 0 -9"><span class='ocrx_word' id='word_1_54' title='bbox 246 518 344 545; x_wconf 87' lang='lat' dir='ltr'><strong>deinde</strong></span> <span class='ocrx_word' id='word_1_55' title='bbox 367 518 468 546; x_wconf 90' lang='lat' dir='ltr'><strong>clarius</strong></span> <span class='ocrx_word' id='word_1_56' title='bbox 495 518 546 546; x_wconf 86' lang='lat' dir='ltr'><strong>hoc</strong></span> <span class='ocrx_word' id='word_1_57' title='bbox 574 519 662 554; x_wconf 90' lang='lat' dir='ltr'><strong>ipsum</strong></span> <span class='ocrx_word' id='word_1_58' title='bbox 689 527 736 554; x_wconf 90' lang='lat' dir='ltr'><strong>per</strong></span> <span class='ocrx_word' id='word_1_59' title='bbox 764 519 958 554; x_wconf 74' lang='lat' dir='ltr'><strong>experientiam</strong></span> <span class='ocrx_word' id='word_1_60' title='bbox 989 519 1028 545; x_wconf 89' lang='lat' dir='ltr'><strong>rei</strong></span> 
     </span>
    </p>
   </div>
   <div class='ocr_carea' id='block_1_11' title="bbox 246 564 1029 600">
    <p class='ocr_par' dir='ltr' id='par_1_11' title="bbox 246 564 1029 600">
     <span class='ocr_line' id='line_1_11' title="bbox 246 564 1029 600; baseline 0 -9"><span class='ocrx_word' id='word_1_61' title='bbox 246 564 342 592; x_wconf 84' lang='lat' dir='ltr'><strong>didicit</strong></span> <span class='ocrx_word' id='word_1_62' title='bbox 367 564 514 592; x_wconf 88' lang='lat' dir='ltr'><strong>homicidio</strong></span> <span class='ocrx_word' id='word_1_63' title='bbox 541 564 673 598; x_wconf 84' lang='lat' dir='ltr'><strong>admisso,</strong></span> <span class='ocrx_word' id='word_1_64' title='bbox 689 573 749 592; x_wconf 88' lang='lat' dir='ltr'><strong>cum</strong></span> <span class='ocrx_word' id='word_1_65' title='bbox 767 565 855 600; x_wconf 79' lang='lat' dir='ltr'><strong>fugaci</strong></span> <span class='ocrx_word' id='word_1_66' title='bbox 879 565 1029 592; x_wconf 79' lang='lat' dir='ltr'><strong>mobilitate</strong></span> 
     </span>
    </p>
   </div>
   <div class='ocr_carea' id='block_1_12' title="bbox 244 609 1027 646">
    <p class='ocr_par' dir='ltr' id='par_1_12' title="bbox 244 609 1027 646">
     <span class='ocr_line' id='line_1_12' title="bbox 244 609 1027 646; baseline 0 -9"><span class='ocrx_word' id='word_1_67' title='bbox 244 613 318 638; x_wconf 80' lang='lat' dir='ltr'><strong>esset</strong></span> <span class='ocrx_word' id='word_1_68' title='bbox 339 609 481 637; x_wconf 90' lang='lat' dir='ltr'><strong>multatus.</strong></span> <span class='ocrx_word' id='word_1_69' title='bbox 501 609 573 642; x_wconf 90' lang='lat' dir='ltr'><strong>Quin</strong></span> <span class='ocrx_word' id='word_1_70' title='bbox 589 615 617 637; x_wconf 89' lang='lat' dir='ltr'><strong>et</strong></span> <span class='ocrx_word' id='word_1_71' title='bbox 637 618 686 638; x_wconf 88' lang='lat' dir='ltr'><strong>nos</strong></span> <span class='ocrx_word' id='word_1_72' title='bbox 712 619 822 646; x_wconf 83' lang='lat' dir='ltr'><strong>quoquc</strong></span> <span class='ocrx_word' id='word_1_73' title='bbox 847 611 972 638; x_wconf 82' lang='lat' dir='ltr'><strong>novimus</strong></span> <span class='ocrx_word' id='word_1_74' title='bbox 997 617 1027 637; x_wconf 86' lang='lat' dir='ltr'><strong>ea</strong></span> 
     </span>
    </p>
   </div>
   <div class='ocr_carea' id='block_1_13' title="bbox 245 655 1028 691">
    <p class='ocr_par' dir='ltr' id='par_1_13' title="bbox 245 655 1028 691">
     <span class='ocr_line' id='line_1_13' title="bbox 245 655 1028 691; baseline 0.003 -10"><span class='ocrx_word' id='word_1_75' title='bbox 245 662 307 689; x_wconf 63' lang='lat' dir='ltr'><strong>quae</strong></span> <span class='ocrx_word' id='word_1_76' title='bbox 335 655 406 682; x_wconf 88' lang='lat' dir='ltr'><strong>mala</strong></span> <span class='ocrx_word' id='word_1_77' title='bbox 432 660 517 687; x_wconf 86' lang='lat' dir='ltr'><strong>sunt,</strong></span> <span class='ocrx_word' id='word_1_78' title='bbox 547 660 694 690; x_wconf 79' lang='lat' dir='ltr'><strong>antequam</strong></span> <span class='ocrx_word' id='word_1_79' title='bbox 726 657 796 683; x_wconf 84' lang='lat' dir='ltr'><strong>mula</strong></span> <span class='ocrx_word' id='word_1_80' title='bbox 827 657 1028 691; x_wconf 76' lang='lat' dir='ltr'><strong>desiguemus:</strong></span> 
     </span>
    </p>
   </div>
   <div class='ocr_carea' id='block_1_14' title="bbox 244 700 1030 736">
    <p class='ocr_par' dir='ltr' id='par_1_14' title="bbox 244 700 1030 736">
     <span class='ocr_line' id='line_1_14' title="bbox 244 700 1030 736; baseline 0.003 -10"><span class='ocrx_word' id='word_1_81' title='bbox 244 707 340 727; x_wconf 89' lang='lat' dir='ltr'><strong>verum</strong></span> <span class='ocrx_word' id='word_1_82' title='bbox 358 700 403 727; x_wconf 89' lang='lat' dir='ltr'><strong>ubi</strong></span> <span class='ocrx_word' id='word_1_83' title='bbox 423 700 480 735; x_wconf 86' lang='lat' dir='ltr'><strong>jam</strong></span> <span class='ocrx_word' id='word_1_84' title='bbox 497 700 555 735; x_wconf 90' lang='lat' dir='ltr'><strong>ipsa</strong></span> <span class='ocrx_word' id='word_1_85' title='bbox 568 701 747 735; x_wconf 84' lang='lat' dir='ltr'><strong>patravimus.</strong></span> <span class='ocrx_word' id='word_1_86' title='bbox 766 706 821 728; x_wconf 90' lang='lat' dir='ltr'><strong>tum</strong></span> <span class='ocrx_word' id='word_1_87' title='bbox 838 702 926 736; x_wconf 84' lang='lat' dir='ltr'><strong>rcipsa</strong></span> <span class='ocrx_word' id='word_1_88' title='bbox 950 702 1030 729; x_wconf 84' lang='lat' dir='ltr'><strong>intel-</strong></span> 
     </span>
    </p>
   </div>
   <div class='ocr_carea' id='block_1_15' title="bbox 245 744 1027 781">
    <p class='ocr_par' dir='ltr' id='par_1_15' title="bbox 245 744 1027 781">
     <span class='ocr_line' id='line_1_15' title="bbox 245 744 1027 781; baseline 0.004 -10"><span class='ocrx_word' id='word_1_89' title='bbox 245 744 358 780; x_wconf 70' lang='lat' dir='ltr'><strong>ligimus</strong></span> <span class='ocrx_word' id='word_1_90' title='bbox 377 745 447 772; x_wconf 91' lang='lat' dir='ltr'><strong>mala</strong></span> <span class='ocrx_word' id='word_1_91' title='bbox 461 753 539 779; x_wconf 87' lang='lat' dir='ltr'><strong>esse;</strong></span> <span class='ocrx_word' id='word_1_92' title='bbox 560 752 587 773; x_wconf 88' lang='lat' dir='ltr'><strong>et</strong></span> <span class='ocrx_word' id='word_1_93' title='bbox 606 747 714 781; x_wconf 88' lang='lat' dir='ltr'><strong>quidem</strong></span> <span class='ocrx_word' id='word_1_94' title='bbox 731 748 816 774; x_wconf 91' lang='lat' dir='ltr'><strong>multo</strong></span> <span class='ocrx_word' id='word_1_95' title='bbox 837 747 951 780; x_wconf 84' lang='lat' dir='ltr'><strong>certius,</strong></span> <span class='ocrx_word' id='word_1_96' title='bbox 971 751 1027 774; x_wconf 90' lang='lat' dir='ltr'><strong>tum</strong></span> 
     </span>
    </p>
   </div>
   <div class='ocr_carea' id='block_1_16' title="bbox 245 791 1028 830">
    <p class='ocr_par' dir='ltr' id='par_1_16' title="bbox 245 791 1028 830">
     <span class='ocr_line' id='line_1_16' title="bbox 245 791 1028 830; baseline 0.005 -12"><span class='ocrx_word' id='word_1_97' title='bbox 245 799 309 819; x_wconf 84' lang='lat' dir='ltr'><strong>cum</strong></span> <span class='ocrx_word' id='word_1_98' title='bbox 327 791 453 819; x_wconf 87' lang='lat' dir='ltr'><strong>meritam</strong></span> <span class='ocrx_word' id='word_1_99' title='bbox 469 793 504 820; x_wconf 93' lang='lat' dir='ltr'><strong>ob</strong></span> <span class='ocrx_word' id='word_1_100' title='bbox 528 793 572 820; x_wconf 90' lang='lat' dir='ltr'><strong>illa</strong></span> <span class='ocrx_word' id='word_1_101' title='bbox 591 801 701 828; x_wconf 63' lang='lat' dir='ltr'><strong>poenam</strong></span> <span class='ocrx_word' id='word_1_102' title='bbox 729 795 883 828; x_wconf 82' lang='lat' dir='ltr'><strong>pendimus.</strong></span> <span class='ocrx_word' id='word_1_103' title='bbox 906 794 1028 830; x_wconf 83' lang='lat' dir='ltr'><strong>Denique</strong></span> 
     </span>
    </p>
   </div>
   <div class='ocr_carea' id='block_1_17' title="bbox 244 837 1028 872">
    <p class='ocr_par' dir='ltr' id='par_1_17' title="bbox 244 837 1028 872">
     <span class='ocr_line' id='line_1_17' title="bbox 244 837 1028 872; baseline 0.005 -9"><span class='ocrx_word' id='word_1_104' title='bbox 244 837 477 872; x_wconf 83' lang='lat' dir='ltr'><strong>quemadmodum</strong></span> <span class='ocrx_word' id='word_1_105' title='bbox 493 839 595 866; x_wconf 88' lang='lat' dir='ltr'><strong>malum</strong></span> <span class='ocrx_word' id='word_1_106' title='bbox 613 847 674 867; x_wconf 90' lang='lat' dir='ltr'><strong>esse</strong></span> <span class='ocrx_word' id='word_1_107' title='bbox 687 841 811 867; x_wconf 81' lang='lat' dir='ltr'><strong>morbum</strong></span> <span class='ocrx_word' id='word_1_108' title='bbox 825 848 878 867; x_wconf 82' lang='lat' dir='ltr'><strong>non</strong></span> <span class='ocrx_word' id='word_1_109' title='bbox 891 841 1028 868; x_wconf 83' lang='lat' dir='ltr'><strong>nescimus</strong></span> 
     </span>
    </p>
   </div>
   <div class='ocr_carea' id='block_1_18' title="bbox 244 882 1027 920">
    <p class='ocr_par' dir='ltr' id='par_1_18' title="bbox 244 882 1027 920">
     <span class='ocr_line' id='line_1_18' title="bbox 244 882 1027 920; baseline 0.005 -11"><span class='ocrx_word' id='word_1_110' title='bbox 244 882 325 917; x_wconf 70' lang='lat' dir='ltr'><strong>longe</strong></span> <span class='ocrx_word' id='word_1_111' title='bbox 339 887 486 918; x_wconf 85' lang='lat' dir='ltr'><strong>antequam</strong></span> <span class='ocrx_word' id='word_1_112' title='bbox 498 888 673 919; x_wconf 69' lang='lat' dir='ltr'><strong>aegrotamus,</strong></span> <span class='ocrx_word' id='word_1_113' title='bbox 685 889 711 912; x_wconf 93' lang='lat' dir='ltr'><strong>ct</strong></span> <span class='ocrx_word' id='word_1_114' title='bbox 723 890 812 912; x_wconf 82' lang='lat' dir='ltr'><strong>tamen</strong></span> <span class='ocrx_word' id='word_1_115' title='bbox 827 885 897 912; x_wconf 73' lang='lat' dir='ltr'><strong>luctu</strong></span> <span class='ocrx_word' id='word_1_116' title='bbox 908 886 1027 920; x_wconf 88' lang='lat' dir='ltr'><strong>periculo</strong></span> 
     </span>
    </p>
   </div>
   <div class='ocr_carea' id='block_1_19' title="bbox 245 927 1026 966">
    <p class='ocr_par' dir='ltr' id='par_1_19' title="bbox 245 927 1026 966">
     <span class='ocr_line' id='line_1_19' title="bbox 245 927 1026 966; baseline 0.005 -12"><span class='ocrx_word' id='word_1_117' title='bbox 245 927 299 955; x_wconf 88' lang='lat' dir='ltr'><strong>hoc</strong></span> <span class='ocrx_word' id='word_1_118' title='bbox 322 928 411 963; x_wconf 86' lang='lat' dir='ltr'><strong>ipsum</strong></span> <span class='ocrx_word' id='word_1_119' title='bbox 440 930 554 964; x_wconf 83' lang='lat' dir='ltr'><strong>propius</strong></span> <span class='ocrx_word' id='word_1_120' title='bbox 580 931 745 965; x_wconf 86' lang='lat' dir='ltr'><strong>penitusque</strong></span> <span class='ocrx_word' id='word_1_121' title='bbox 769 931 941 966; x_wconf 78' lang='lat' dir='ltr'><strong>agnoscimus</strong></span> <span class='ocrx_word' id='word_1_122' title='bbox 964 939 1026 958; x_wconf 88' lang='lat' dir='ltr'><strong>cum</strong></span> 
     </span>
    </p>
   </div>
   <div class='ocr_carea' id='block_1_20' title="bbox 246 973 1028 1007">
    <p class='ocr_par' dir='ltr' id='par_1_20' title="bbox 246 973 1028 1007">
     <span class='ocr_line' id='line_1_20' title="bbox 246 973 1028 1007; baseline 0.005 -8"><span class='ocrx_word' id='word_1_123' title='bbox 246 973 342 1000; x_wconf 88' lang='lat' dir='ltr'><strong>morbo</strong></span> <span class='ocrx_word' id='word_1_124' title='bbox 358 981 507 1007; x_wconf 82' lang='lat' dir='ltr'><strong>vexamur;</strong></span> <span class='ocrx_word' id='word_1_125' title='bbox 533 979 559 1001; x_wconf 88' lang='lat' dir='ltr'><strong>et</strong></span> <span class='ocrx_word' id='word_1_126' title='bbox 577 979 606 1002; x_wconf 93' lang='lat' dir='ltr'><strong>ut</strong></span> <span class='ocrx_word' id='word_1_127' title='bbox 634 977 779 1002; x_wconf 84' lang='lat' dir='ltr'><strong>sanitatem</strong></span> <span class='ocrx_word' id='word_1_128' title='bbox 806 983 900 1003; x_wconf 81' lang='lat' dir='ltr'><strong>omnes</strong></span> <span class='ocrx_word' id='word_1_129' title='bbox 928 981 1028 1003; x_wconf 86' lang='lat' dir='ltr'><strong>norunt</strong></span> 
     </span>
    </p>
   </div>
   <div class='ocr_carea' id='block_1_21' title="bbox 245 1017 1026 1054">
    <p class='ocr_par' dir='ltr' id='par_1_21' title="bbox 245 1017 1026 1054">
     <span class='ocr_line' id='line_1_21' title="bbox 245 1017 1026 1054; baseline 0.001 -9"><span class='ocrx_word' id='word_1_130' title='bbox 245 1017 346 1045; x_wconf 84' lang='lat' dir='ltr'><strong>bonam</strong></span> <span class='ocrx_word' id='word_1_131' title='bbox 372 1025 432 1046; x_wconf 88' lang='lat' dir='ltr'><strong>esse</strong></span> <span class='ocrx_word' id='word_1_132' title='bbox 462 1019 543 1046; x_wconf 89' lang='lat' dir='ltr'><strong>etiam</strong></span> <span class='ocrx_word' id='word_1_133' title='bbox 570 1019 681 1054; x_wconf 89' lang='lat' dir='ltr'><strong>quando</strong></span> <span class='ocrx_word' id='word_1_134' title='bbox 704 1028 736 1046; x_wconf 89' lang='lat' dir='ltr'><strong>ea</strong></span> <span class='ocrx_word' id='word_1_135' title='bbox 765 1024 871 1052; x_wconf 80' lang='lat' dir='ltr'><strong>calent,</strong></span> <span class='ocrx_word' id='word_1_136' title='bbox 899 1025 1026 1047; x_wconf 60' lang='lat' dir='ltr'><strong>caeterum</strong></span> 
     </span>
    </p>
   </div>
   <div class='ocr_carea' id='block_1_22' title="bbox 246 1063 1027 1100">
    <p class='ocr_par' dir='ltr' id='par_1_22' title="bbox 246 1063 1027 1100">
     <span class='ocr_line' id='line_1_22' title="bbox 246 1063 1027 1100; baseline 0.001 -9"><span class='ocrx_word' id='word_1_137' title='bbox 246 1063 293 1091; x_wconf 78' lang='lat' dir='ltr'><strong>ubi</strong></span> <span class='ocrx_word' id='word_1_138' title='bbox 310 1065 439 1092; x_wconf 80' lang='lat' dir='ltr'><strong>fruuntur</strong></span> <span class='ocrx_word' id='word_1_139' title='bbox 462 1065 591 1097; x_wconf 83' lang='lat' dir='ltr'><strong>sanitate,</strong></span> <span class='ocrx_word' id='word_1_140' title='bbox 610 1065 665 1100; x_wconf 88' lang='lat' dir='ltr'><strong>jam</strong></span> <span class='ocrx_word' id='word_1_141' title='bbox 678 1066 833 1100; x_wconf 87' lang='lat' dir='ltr'><strong>cujusmodi</strong></span> <span class='ocrx_word' id='word_1_142' title='bbox 850 1070 877 1092; x_wconf 88' lang='lat' dir='ltr'><strong>et</strong></span> <span class='ocrx_word' id='word_1_143' title='bbox 896 1070 1027 1100; x_wconf 79' lang='lat' dir='ltr'><strong>quantum</strong></span> 
     </span>
    </p>
   </div>
   <div class='ocr_carea' id='block_1_23' title="bbox 246 1109 1024 1146">
    <p class='ocr_par' dir='ltr' id='par_1_23' title="bbox 246 1109 1024 1146">
     <span class='ocr_line' id='line_1_23' title="bbox 246 1109 1024 1146; baseline 0.001 -10"><span class='ocrx_word' id='word_1_144' title='bbox 246 1109 348 1137; x_wconf 91' lang='lat' dir='ltr'><strong>bonum</strong></span> <span class='ocrx_word' id='word_1_145' title='bbox 365 1109 411 1142; x_wconf 90' lang='lat' dir='ltr'><strong>sit,</strong></span> <span class='ocrx_word' id='word_1_146' title='bbox 435 1117 481 1145; x_wconf 87' lang='lat' dir='ltr'><strong>per</strong></span> <span class='ocrx_word' id='word_1_147' title='bbox 506 1111 704 1146; x_wconf 81' lang='lat' dir='ltr'><strong>experientiam</strong></span> <span class='ocrx_word' id='word_1_148' title='bbox 724 1111 829 1138; x_wconf 81' lang='lat' dir='ltr'><strong>certius</strong></span> <span class='ocrx_word' id='word_1_149' title='bbox 846 1111 999 1145; x_wconf 72' lang='lat' dir='ltr'><strong>intelligunt</strong></span> <span class='ocrx_word' id='word_1_150' title='bbox 1019 1120 1024 1137; x_wconf 94' lang='lat'>:</span> 
     </span>
    </p>
   </div>
   <div class='ocr_carea' id='block_1_24' title="bbox 245 1155 1028 1191">
    <p class='ocr_par' dir='ltr' id='par_1_24' title="bbox 245 1155 1028 1191">
     <span class='ocr_line' id='line_1_24' title="bbox 245 1155 1028 1191; baseline 0.001 -9"><span class='ocrx_word' id='word_1_151' title='bbox 245 1156 282 1183; x_wconf 86' lang='lat' dir='ltr'><strong>ita</strong></span> <span class='ocrx_word' id='word_1_152' title='bbox 294 1161 320 1183; x_wconf 89' lang='lat' dir='ltr'><strong>et</strong></span> <span class='ocrx_word' id='word_1_153' title='bbox 336 1155 461 1183; x_wconf 79' lang='lat' dir='ltr'><strong>Adamus</strong></span> <span class='ocrx_word' id='word_1_154' title='bbox 484 1157 588 1184; x_wconf 79' lang='lat' dir='ltr'><strong>sciebat</strong></span> <span class='ocrx_word' id='word_1_155' title='bbox 602 1157 880 1191; x_wconf 84' lang='lat' dir='ltr'><strong>quidem,antequam</strong></span> <span class='ocrx_word' id='word_1_156' title='bbox 894 1157 928 1184; x_wconf 91' lang='lat' dir='ltr'><strong>de</strong></span> <span class='ocrx_word' id='word_1_157' title='bbox 948 1156 1028 1183; x_wconf 82' lang='lat' dir='ltr'><strong>vetita</strong></span> 
     </span>
    </p>
   </div>
   <div class='ocr_carea' id='block_1_25' title="bbox 245 1202 1030 1237">
    <p class='ocr_par' dir='ltr' id='par_1_25' title="bbox 245 1202 1030 1237">
     <span class='ocr_line' id='line_1_25' title="bbox 245 1202 1030 1237; baseline -0.001 -8"><span class='ocrx_word' id='word_1_158' title='bbox 245 1203 343 1230; x_wconf 83' lang='lat' dir='ltr'><strong>arbore</strong></span> <span class='ocrx_word' id='word_1_159' title='bbox 366 1206 513 1237; x_wconf 70' lang='lat' dir='ltr'><strong>gustasset,</strong></span> <span class='ocrx_word' id='word_1_160' title='bbox 540 1203 639 1230; x_wconf 89' lang='lat' dir='ltr'><strong>b0nam</strong></span> <span class='ocrx_word' id='word_1_161' title='bbox 666 1210 728 1230; x_wconf 75' lang='lat' dir='ltr'><strong>esse</strong></span> <span class='ocrx_word' id='word_1_162' title='bbox 751 1202 945 1234; x_wconf 82' lang='lat' dir='ltr'><strong>obedientiam,</strong></span> <span class='ocrx_word' id='word_1_163' title='bbox 973 1211 1030 1229; x_wconf 84' lang='lat' dir='ltr'><strong>ma-</strong></span> 
     </span>
    </p>
   </div>
   <div class='ocr_carea' id='block_1_26' title="bbox 247 1247 1028 1282">
    <p class='ocr_par' dir='ltr' id='par_1_26' title="bbox 247 1247 1028 1282">
     <span class='ocr_line' id='line_1_26' title="bbox 247 1247 1028 1282; baseline 0.003 -9"><span class='ocrx_word' id='word_1_164' title='bbox 247 1247 355 1282; x_wconf 89' lang='lat' dir='ltr'><strong>lamque</strong></span> <span class='ocrx_word' id='word_1_165' title='bbox 377 1247 571 1280; x_wconf 80' lang='lat' dir='ltr'><strong>rebellionem;</strong></span> <span class='ocrx_word' id='word_1_166' title='bbox 589 1255 683 1275; x_wconf 89' lang='lat' dir='ltr'><strong>verum</strong></span> <span class='ocrx_word' id='word_1_167' title='bbox 702 1256 764 1275; x_wconf 86' lang='lat' dir='ltr'><strong>cum</strong></span> <span class='ocrx_word' id='word_1_168' title='bbox 787 1248 955 1280; x_wconf 81' lang='lat' dir='ltr'><strong>rebellasset,</strong></span> <span class='ocrx_word' id='word_1_169' title='bbox 972 1248 1028 1276; x_wconf 90' lang='lat' dir='ltr'><strong>hoc</strong></span> 
     </span>
    </p>
   </div>
   <div class='ocr_carea' id='block_1_27' title="bbox 247 1292 1029 1328">
    <p class='ocr_par' dir='ltr' id='par_1_27' title="bbox 247 1292 1029 1328">
     <span class='ocr_line' id='line_1_27' title="bbox 247 1292 1029 1328; baseline 0.004 -10"><span class='ocrx_word' id='word_1_170' title='bbox 247 1292 336 1327; x_wconf 88' lang='lat' dir='ltr'><strong>ipsum</strong></span> <span class='ocrx_word' id='word_1_171' title='bbox 352 1293 520 1327; x_wconf 83' lang='lat' dir='ltr'><strong>experientia</strong></span> <span class='ocrx_word' id='word_1_172' title='bbox 554 1294 683 1328; x_wconf 74' lang='lat' dir='ltr'><strong>magistra</strong></span> <span class='ocrx_word' id='word_1_173' title='bbox 705 1295 807 1321; x_wconf 82' lang='lat' dir='ltr'><strong>rectius</strong></span> <span class='ocrx_word' id='word_1_174' title='bbox 830 1294 949 1328; x_wconf 83' lang='lat' dir='ltr'><strong>agnovit.</strong></span> <span class='ocrx_word' id='word_1_175' title='bbox 972 1294 1029 1327; x_wconf 84' lang='lat' dir='ltr'><strong>Qua</strong></span> 
     </span>
    </p>
   </div>
   <div class='ocr_carea' id='block_1_28' title="bbox 247 1337 1030 1374">
    <p class='ocr_par' dir='ltr' id='par_1_28' title="bbox 247 1337 1030 1374">
     <span class='ocr_line' id='line_1_28' title="bbox 247 1337 1030 1374; baseline 0.003 -10"><span class='ocrx_word' id='word_1_176' title='bbox 247 1337 320 1364; x_wconf 80' lang='lat' dir='ltr'><strong>enim</strong></span> <span class='ocrx_word' id='word_1_177' title='bbox 345 1339 479 1364; x_wconf 78' lang='lat' dir='ltr'><strong>sententia</strong></span> <span class='ocrx_word' id='word_1_178' title='bbox 499 1338 532 1366; x_wconf 88' lang='lat' dir='ltr'><strong>dc</strong></span> <span class='ocrx_word' id='word_1_179' title='bbox 547 1339 665 1373; x_wconf 72' lang='lat' dir='ltr'><strong>paradisi</strong></span> <span class='ocrx_word' id='word_1_180' title='bbox 689 1340 767 1366; x_wconf 83' lang='lat' dir='ltr'><strong>bonis</strong></span> <span class='ocrx_word' id='word_1_181' title='bbox 789 1340 922 1374; x_wconf 85' lang='lat' dir='ltr'><strong>dejectus,</strong></span> <span class='ocrx_word' id='word_1_182' title='bbox 948 1343 1030 1373; x_wconf 87' lang='lat' dir='ltr'><strong>atque</strong></span> 
     </span>
    </p>
   </div>
   <div class='ocr_carea' id='block_1_29' title="bbox 248 1383 1029 1420">
    <p class='ocr_par' dir='ltr' id='par_1_29' title="bbox 248 1383 1029 1420">
     <span class='ocr_line' id='line_1_29' title="bbox 248 1383 1029 1420; baseline 0.003 -10"><span class='ocrx_word' id='word_1_183' title='bbox 248 1384 275 1410; x_wconf 91' lang='lat' dir='ltr'><strong>iu</strong></span> <span class='ocrx_word' id='word_1_184' title='bbox 296 1383 365 1411; x_wconf 87' lang='lat' dir='ltr'><strong>hanc</strong></span> <span class='ocrx_word' id='word_1_185' title='bbox 380 1383 536 1411; x_wconf 84' lang='lat' dir='ltr'><strong>damnatam</strong></span> <span class='ocrx_word' id='word_1_186' title='bbox 563 1389 661 1412; x_wconf 85' lang='lat' dir='ltr'><strong>terram</strong></span> <span class='ocrx_word' id='word_1_187' title='bbox 682 1385 815 1420; x_wconf 78' lang='lat' dir='ltr'><strong>relegatus</strong></span> <span class='ocrx_word' id='word_1_188' title='bbox 837 1390 890 1416; x_wconf 79' lang='lat' dir='ltr'><strong>est,</strong></span> <span class='ocrx_word' id='word_1_189' title='bbox 908 1386 1029 1412; x_wconf 84' lang='lat' dir='ltr'><strong>eamdem</strong></span> 
     </span>
    </p>
   </div>
   <div class='ocr_carea' id='block_1_30' title="bbox 247 1429 1029 1465">
    <p class='ocr_par' dir='ltr' id='par_1_30' title="bbox 247 1429 1029 1465">
     <span class='ocr_line' id='line_1_30' title="bbox 247 1429 1029 1465; baseline 0.003 -9"><span class='ocrx_word' id='word_1_190' title='bbox 247 1437 295 1464; x_wconf 90' lang='lat' dir='ltr'><strong>per</strong></span> <span class='ocrx_word' id='word_1_191' title='bbox 312 1429 461 1464; x_wconf 86' lang='lat' dir='ltr'><strong>perieulum</strong></span> <span class='ocrx_word' id='word_1_192' title='bbox 479 1430 575 1458; x_wconf 79' lang='lat' dir='ltr'><strong>didicit</strong></span> <span class='ocrx_word' id='word_1_193' title='bbox 593 1436 724 1465; x_wconf 82' lang='lat' dir='ltr'><strong>quantum</strong></span> <span class='ocrx_word' id='word_1_194' title='bbox 750 1432 850 1459; x_wconf 84' lang='lat' dir='ltr'><strong>bonum</strong></span> <span class='ocrx_word' id='word_1_195' title='bbox 865 1435 938 1459; x_wconf 83' lang='lat' dir='ltr'><strong>esset</strong></span> <span class='ocrx_word' id='word_1_196' title='bbox 963 1432 1029 1458; x_wconf 91' lang='lat' dir='ltr'><strong>obe-</strong></span> 
     </span>
    </p>
   </div>
   <div class='ocr_carea' id='block_1_31' title="bbox 245 1474 1031 1512">
    <p class='ocr_par' dir='ltr' id='par_1_31' title="bbox 245 1474 1031 1512">
     <span class='ocr_line' id='line_1_31' title="bbox 245 1474 1031 1512; baseline 0.003 -10"><span class='ocrx_word' id='word_1_197' title='bbox 245 1474 360 1507; x_wconf 84' lang='lat' dir='ltr'><strong>dientia,</strong></span> <span class='ocrx_word' id='word_1_198' title='bbox 375 1479 402 1503; x_wconf 88' lang='lat' dir='ltr'><strong>et</strong></span> <span class='ocrx_word' id='word_1_199' title='bbox 417 1481 548 1511; x_wconf 88' lang='lat' dir='ltr'><strong>quantum</strong></span> <span class='ocrx_word' id='word_1_200' title='bbox 563 1481 657 1503; x_wconf 89' lang='lat' dir='ltr'><strong>contra</strong></span> <span class='ocrx_word' id='word_1_201' title='bbox 677 1477 776 1504; x_wconf 85' lang='lat' dir='ltr'><strong>malum</strong></span> <span class='ocrx_word' id='word_1_202' title='bbox 805 1477 925 1505; x_wconf 86' lang='lat' dir='ltr'><strong>rebellio.</strong></span> <span class='ocrx_word' id='word_1_203' title='bbox 947 1477 1031 1512; x_wconf 76' lang='lat' dir='ltr'><strong>Igitur</strong></span> 
     </span>
    </p>
   </div>
   <div class='ocr_carea' id='block_1_32' title="bbox 246 1522 1028 1557">
    <p class='ocr_par' dir='ltr' id='par_1_32' title="bbox 246 1522 1028 1557">
     <span class='ocr_line' id='line_1_32' title="bbox 246 1522 1028 1557; baseline 0 -9"><span class='ocrx_word' id='word_1_204' title='bbox 246 1525 342 1549; x_wconf 88' lang='lat' dir='ltr'><strong>vocata</strong></span> <span class='ocrx_word' id='word_1_205' title='bbox 367 1527 408 1550; x_wconf 86' lang='lat' dir='ltr'><strong>est</strong></span> <span class='ocrx_word' id='word_1_206' title='bbox 441 1522 524 1549; x_wconf 91' lang='lat' dir='ltr'><strong>arbor</strong></span> <span class='ocrx_word' id='word_1_207' title='bbox 555 1522 676 1549; x_wconf 85' lang='lat' dir='ltr'><strong>scientiae</strong></span> <span class='ocrx_word' id='word_1_208' title='bbox 698 1522 761 1550; x_wconf 90' lang='lat' dir='ltr'><strong>boni</strong></span> <span class='ocrx_word' id='word_1_209' title='bbox 795 1527 822 1549; x_wconf 91' lang='lat' dir='ltr'><strong>et</strong></span> <span class='ocrx_word' id='word_1_210' title='bbox 855 1523 939 1556; x_wconf 87' lang='lat' dir='ltr'><strong>mali,</strong></span> <span class='ocrx_word' id='word_1_211' title='bbox 966 1522 1028 1557; x_wconf 86' lang='lat' dir='ltr'><strong>quia</strong></span> 
     </span>
    </p>
   </div>
   <div class='ocr_carea' id='block_1_33' title="bbox 1081 290 1866 326">
    <p class='ocr_par' dir='ltr' id='par_1_33' title="bbox 1081 290 1866 326">
     <span class='ocr_line' id='line_1_33' title="bbox 1081 290 1866 326; baseline 0.005 -10"><span class='ocrx_word' id='word_1_212' title='bbox 1081 290 1108 316; x_wconf 92' lang='lat' dir='ltr'><strong>in</strong></span> <span class='ocrx_word' id='word_1_213' title='bbox 1127 298 1159 317; x_wconf 88' lang='lat' dir='ltr'><strong>ea</strong></span> <span class='ocrx_word' id='word_1_214' title='bbox 1176 290 1273 317; x_wconf 88' lang='lat' dir='ltr'><strong>arbore</strong></span> <span class='ocrx_word' id='word_1_215' title='bbox 1287 291 1404 325; x_wconf 87' lang='lat' dir='ltr'><strong>positmn</strong></span> <span class='ocrx_word' id='word_1_216' title='bbox 1417 296 1475 319; x_wconf 89' lang='lat' dir='ltr'><strong>erat</strong></span> <span class='ocrx_word' id='word_1_217' title='bbox 1491 291 1643 326; x_wconf 88' lang='lat' dir='ltr'><strong>periculum</strong></span> <span class='ocrx_word' id='word_1_218' title='bbox 1661 296 1687 319; x_wconf 87' lang='lat' dir='ltr'><strong>et</strong></span> <span class='ocrx_word' id='word_1_219' title='bbox 1703 291 1866 320; x_wconf 67' lang='lat' dir='ltr'><strong>obedienlim</strong></span> 
     </span>
    </p>
   </div>
   <div class='ocr_carea' id='block_1_34' title="bbox 1080 336 1866 373">
    <p class='ocr_par' dir='ltr' id='par_1_34' title="bbox 1080 336 1866 373">
     <span class='ocr_line' id='line_1_34' title="bbox 1080 336 1866 373; baseline 0.003 -9"><span class='ocrx_word' id='word_1_220' title='bbox 1080 341 1106 364; x_wconf 85' lang='lat' dir='ltr'><strong>et</strong></span> <span class='ocrx_word' id='word_1_221' title='bbox 1122 337 1280 364; x_wconf 86' lang='lat' dir='ltr'><strong>rebellionis</strong></span> <span class='ocrx_word' id='word_1_222' title='bbox 1295 336 1402 369; x_wconf 81' lang='lat' dir='ltr'><strong>Adami,</strong></span> <span class='ocrx_word' id='word_1_223' title='bbox 1429 341 1510 371; x_wconf 79' lang='lat' dir='ltr'><strong>atque</strong></span> <span class='ocrx_word' id='word_1_224' title='bbox 1530 345 1578 372; x_wconf 89' lang='lat' dir='ltr'><strong>per</strong></span> <span class='ocrx_word' id='word_1_225' title='bbox 1592 345 1653 364; x_wconf 89' lang='lat' dir='ltr'><strong>eam</strong></span> <span class='ocrx_word' id='word_1_226' title='bbox 1670 338 1743 365; x_wconf 89' lang='lat' dir='ltr'><strong>clare</strong></span> <span class='ocrx_word' id='word_1_227' title='bbox 1756 339 1866 373; x_wconf 77' lang='lat' dir='ltr'><strong>agnovit</strong></span> 
     </span>
    </p>
   </div>
   <div class='ocr_carea' id='block_1_35' title="bbox 1080 381 1866 416">
    <p class='ocr_par' dir='ltr' id='par_1_35' title="bbox 1080 381 1866 416">
     <span class='ocr_line' id='line_1_35' title="bbox 1080 381 1866 416; baseline 0.003 -8"><span class='ocrx_word' id='word_1_228' title='bbox 1080 381 1125 408; x_wconf 89' lang='lat' dir='ltr'><strong>ille</strong></span> <span class='ocrx_word' id='word_1_229' title='bbox 1140 381 1203 408; x_wconf 91' lang='lat' dir='ltr'><strong>boni</strong></span> <span class='ocrx_word' id='word_1_230' title='bbox 1228 381 1347 416; x_wconf 83' lang='lat' dir='ltr'><strong>malique</strong></span> <span class='ocrx_word' id='word_1_231' title='bbox 1365 382 1498 408; x_wconf 84' lang='lat' dir='ltr'><strong>rationem</strong></span> <span class='ocrx_word' id='word_1_232' title='bbox 1526 382 1586 416; x_wconf 91' lang='lat' dir='ltr'><strong>ipso</strong></span> <span class='ocrx_word' id='word_1_233' title='bbox 1603 382 1640 409; x_wconf 87' lang='lat' dir='ltr'><strong>rei</strong></span> <span class='ocrx_word' id='word_1_234' title='bbox 1664 382 1774 414; x_wconf 66' lang='lat' dir='ltr'><strong>ell‘ectu,</strong></span> <span class='ocrx_word' id='word_1_235' title='bbox 1792 383 1866 410; x_wconf 87' lang='lat' dir='ltr'><strong>didi-</strong></span> 
     </span>
    </p>
   </div>
   <div class='ocr_carea' id='block_1_36' title="bbox 1080 428 1863 462">
    <p class='ocr_par' dir='ltr' id='par_1_36' title="bbox 1080 428 1863 462">
     <span class='ocr_line' id='line_1_36' title="bbox 1080 428 1863 462; baseline 0.001 -7"><span class='ocrx_word' id='word_1_236' title='bbox 1080 428 1170 462; x_wconf 87' lang='lat' dir='ltr'><strong>citque</strong></span> <span class='ocrx_word' id='word_1_237' title='bbox 1197 431 1328 462; x_wconf 89' lang='lat' dir='ltr'><strong>quantum</strong></span> <span class='ocrx_word' id='word_1_238' title='bbox 1360 432 1436 455; x_wconf 82' lang='lat' dir='ltr'><strong>esset</strong></span> <span class='ocrx_word' id='word_1_239' title='bbox 1465 428 1527 455; x_wconf 92' lang='lat' dir='ltr'><strong>boni</strong></span> <span class='ocrx_word' id='word_1_240' title='bbox 1559 428 1585 455; x_wconf 91' lang='lat' dir='ltr'><strong>in</strong></span> <span class='ocrx_word' id='word_1_241' title='bbox 1615 429 1787 456; x_wconf 84' lang='lat' dir='ltr'><strong>observando</strong></span> <span class='ocrx_word' id='word_1_242' title='bbox 1817 429 1863 456; x_wconf 89' lang='lat' dir='ltr'><strong>Dei</strong></span> 
     </span>
    </p>
   </div>
   <div class='ocr_carea' id='block_1_37' title="bbox 1080 473 1864 508">
    <p class='ocr_par' dir='ltr' id='par_1_37' title="bbox 1080 473 1864 508">
     <span class='ocr_line' id='line_1_37' title="bbox 1080 473 1864 508; baseline 0.001 -8"><span class='ocrx_word' id='word_1_243' title='bbox 1080 474 1209 500; x_wconf 88' lang='lat' dir='ltr'><strong>mandato</strong></span> <span class='ocrx_word' id='word_1_244' title='bbox 1239 473 1381 508; x_wconf 87' lang='lat' dir='ltr'><strong>positum,</strong></span> <span class='ocrx_word' id='word_1_245' title='bbox 1406 478 1433 501; x_wconf 89' lang='lat' dir='ltr'><strong>ct</strong></span> <span class='ocrx_word' id='word_1_246' title='bbox 1462 479 1594 508; x_wconf 88' lang='lat' dir='ltr'><strong>quantum</strong></span> <span class='ocrx_word' id='word_1_247' title='bbox 1624 479 1719 501; x_wconf 86' lang='lat' dir='ltr'><strong>contra</strong></span> <span class='ocrx_word' id='word_1_248' title='bbox 1744 474 1808 501; x_wconf 88' lang='lat' dir='ltr'><strong>mali</strong></span> <span class='ocrx_word' id='word_1_249' title='bbox 1837 474 1864 501; x_wconf 89' lang='lat' dir='ltr'><strong>in</strong></span> 
     </span>
    </p>
   </div>
   <div class='ocr_carea' id='block_1_38' title="bbox 1081 518 1864 553">
    <p class='ocr_par' dir='ltr' id='par_1_38' title="bbox 1081 518 1864 553">
     <span class='ocr_line' id='line_1_38' title="bbox 1081 518 1864 553; baseline 0.001 -9"><span class='ocrx_word' id='word_1_250' title='bbox 1081 518 1293 553; x_wconf 62' lang='lat' dir='ltr'><strong>pravaricando.</strong></span> <span class='ocrx_word' id='word_1_251' title='bbox 1308 519 1406 545; x_wconf 85' lang='lat' dir='ltr'><strong>Parere</strong></span> <span class='ocrx_word' id='word_1_252' title='bbox 1422 518 1494 545; x_wconf 84' lang='lat' dir='ltr'><strong>enim</strong></span> <span class='ocrx_word' id='word_1_253' title='bbox 1513 523 1648 553; x_wconf 64' lang='lat' dir='ltr'><strong>praecepto</strong></span> <span class='ocrx_word' id='word_1_254' title='bbox 1663 519 1784 551; x_wconf 89' lang='lat' dir='ltr'><strong>bonum;</strong></span> <span class='ocrx_word' id='word_1_255' title='bbox 1809 525 1864 545; x_wconf 90' lang='lat' dir='ltr'><strong>non</strong></span> 
     </span>
    </p>
   </div>
   <div class='ocr_carea' id='block_1_39' title="bbox 1080 563 1865 599">
    <p class='ocr_par' dir='ltr' id='par_1_39' title="bbox 1080 563 1865 599">
     <span class='ocr_line' id='line_1_39' title="bbox 1080 563 1865 599; baseline 0 -8"><span class='ocrx_word' id='word_1_256' title='bbox 1080 572 1186 599; x_wconf 82' lang='lat' dir='ltr'><strong>parere,</strong></span> <span class='ocrx_word' id='word_1_257' title='bbox 1202 564 1303 591; x_wconf 90' lang='lat' dir='ltr'><strong>malum</strong></span> <span class='ocrx_word' id='word_1_258' title='bbox 1321 564 1467 598; x_wconf 82' lang='lat' dir='ltr'><strong>appellavit</strong></span> <span class='ocrx_word' id='word_1_259' title='bbox 1483 563 1632 598; x_wconf 85' lang='lat' dir='ltr'><strong>Scriptura.</strong></span> <span class='ocrx_word' id='word_1_260' title='bbox 1655 563 1718 591; x_wconf 69' lang='lat' dir='ltr'><strong>llaec</strong></span> <span class='ocrx_word' id='word_1_261' title='bbox 1733 565 1815 598; x_wconf 77' lang='lat' dir='ltr'><strong>igitur</strong></span> <span class='ocrx_word' id='word_1_262' title='bbox 1830 564 1865 591; x_wconf 91' lang='lat' dir='ltr'><strong>de</strong></span> 
     </span>
    </p>
   </div>
   <div class='ocr_carea' id='block_1_40' title="bbox 1078 609 1864 644">
    <p class='ocr_par' dir='ltr' id='par_1_40' title="bbox 1078 609 1864 644">
     <span class='ocr_line' id='line_1_40' title="bbox 1078 609 1864 644; baseline -0.001 -7"><span class='ocrx_word' id='word_1_263' title='bbox 1078 610 1198 637; x_wconf 89' lang='lat' dir='ltr'><strong>nominis</strong></span> <span class='ocrx_word' id='word_1_264' title='bbox 1221 610 1325 637; x_wconf 86' lang='lat' dir='ltr'><strong>ratione</strong></span> <span class='ocrx_word' id='word_1_265' title='bbox 1341 609 1414 637; x_wconf 86' lang='lat' dir='ltr'><strong>dicta</strong></span> <span class='ocrx_word' id='word_1_266' title='bbox 1437 610 1504 637; x_wconf 86' lang='lat' dir='ltr'><strong>satis</strong></span> <span class='ocrx_word' id='word_1_267' title='bbox 1525 614 1624 642; x_wconf 84' lang='lat' dir='ltr'><strong>sunto;</strong></span> <span class='ocrx_word' id='word_1_268' title='bbox 1646 610 1702 644; x_wconf 88' lang='lat' dir='ltr'><strong>jam</strong></span> <span class='ocrx_word' id='word_1_269' title='bbox 1729 610 1864 644; x_wconf 88' lang='lat' dir='ltr'><strong>reliquum</strong></span> 
     </span>
    </p>
   </div>
   <div class='ocr_carea' id='block_1_41' title="bbox 1079 655 1862 690">
    <p class='ocr_par' dir='ltr' id='par_1_41' title="bbox 1079 655 1862 690">
     <span class='ocr_line' id='line_1_41' title="bbox 1079 655 1862 690; baseline 0.001 -8"><span class='ocrx_word' id='word_1_270' title='bbox 1079 660 1120 683; x_wconf 87' lang='lat' dir='ltr'><strong>est</strong></span> <span class='ocrx_word' id='word_1_271' title='bbox 1136 662 1164 682; x_wconf 90' lang='lat' dir='ltr'><strong>ut</strong></span> <span class='ocrx_word' id='word_1_272' title='bbox 1180 655 1364 690; x_wconf 79' lang='lat' dir='ltr'><strong>expendamus</strong></span> <span class='ocrx_word' id='word_1_273' title='bbox 1380 655 1458 689; x_wconf 84' lang='lat' dir='ltr'><strong>cujus</strong></span> <span class='ocrx_word' id='word_1_274' title='bbox 1480 655 1525 682; x_wconf 66' lang='lat' dir='ltr'><strong>illa</strong></span> <span class='ocrx_word' id='word_1_275' title='bbox 1543 656 1651 690; x_wconf 72' lang='lat' dir='ltr'><strong>generis</strong></span> <span class='ocrx_word' id='word_1_276' title='bbox 1672 656 1754 682; x_wconf 85' lang='lat' dir='ltr'><strong>arbor</strong></span> <span class='ocrx_word' id='word_1_277' title='bbox 1770 656 1862 683; x_wconf 81' lang='lat' dir='ltr'><strong>fuerit.</strong></span> 
     </span>
    </p>
   </div>
   <div class='ocr_carea' id='block_1_42' title="bbox 1081 699 1862 736">
    <p class='ocr_par' dir='ltr' id='par_1_42' title="bbox 1081 699 1862 736">
     <span class='ocr_line' id='line_1_42' title="bbox 1081 699 1862 736; baseline -0.001 -9"><span class='ocrx_word' id='word_1_278' title='bbox 1081 700 1150 728; x_wconf 88' lang='lat' dir='ltr'><strong>Sunt</strong></span> <span class='ocrx_word' id='word_1_279' title='bbox 1164 701 1276 736; x_wconf 88' lang='lat' dir='ltr'><strong>quidam</strong></span> <span class='ocrx_word' id='word_1_280' title='bbox 1292 701 1338 736; x_wconf 94' lang='lat' dir='ltr'><strong>qui</strong></span> <span class='ocrx_word' id='word_1_281' title='bbox 1353 701 1511 727; x_wconf 87' lang='lat' dir='ltr'><strong>existiment</strong></span> <span class='ocrx_word' id='word_1_282' title='bbox 1524 707 1578 726; x_wconf 91' lang='lat' dir='ltr'><strong>non</strong></span> <span class='ocrx_word' id='word_1_283' title='bbox 1595 700 1680 727; x_wconf 79' lang='lat' dir='ltr'><strong>fuisse</strong></span> <span class='ocrx_word' id='word_1_284' title='bbox 1693 700 1819 727; x_wconf 87' lang='lat' dir='ltr'><strong>arborem</strong></span> <span class='ocrx_word' id='word_1_285' title='bbox 1835 699 1862 726; x_wconf 89' lang='lat' dir='ltr'><strong>id</strong></span> 
     </span>
    </p>
   </div>
   <div class='ocr_carea' id='block_1_43' title="bbox 1079 747 1863 784">
    <p class='ocr_par' dir='ltr' id='par_1_43' title="bbox 1079 747 1863 784">
     <span class='ocr_line' id='line_1_43' title="bbox 1079 747 1863 784; baseline -0.004 -8"><span class='ocrx_word' id='word_1_286' title='bbox 1079 751 1180 784; x_wconf 87' lang='lat' dir='ltr'><strong>dequo</strong></span> <span class='ocrx_word' id='word_1_287' title='bbox 1206 749 1322 784; x_wconf 77' lang='lat' dir='ltr'><strong>gustavit</strong></span> <span class='ocrx_word' id='word_1_288' title='bbox 1347 748 1445 780; x_wconf 84' lang='lat' dir='ltr'><strong>Adam,</strong></span> <span class='ocrx_word' id='word_1_289' title='bbox 1465 748 1511 776; x_wconf 83' lang='lat' dir='ltr'><strong>seti</strong></span> <span class='ocrx_word' id='word_1_290' title='bbox 1534 755 1681 775; x_wconf 78' lang='lat' dir='ltr'><strong>venereum</strong></span> <span class='ocrx_word' id='word_1_291' title='bbox 1707 747 1863 782; x_wconf 77' lang='lat' dir='ltr'><strong>amplexum</strong></span> 
     </span>
    </p>
   </div>
   <div class='ocr_carea' id='block_1_44' title="bbox 1079 794 1864 830">
    <p class='ocr_par' dir='ltr' id='par_1_44' title="bbox 1079 794 1864 830">
     <span class='ocr_line' id='line_1_44' title="bbox 1079 794 1864 830; baseline -0.001 -8"><span class='ocrx_word' id='word_1_292' title='bbox 1079 802 1134 830; x_wconf 87' lang='lat' dir='ltr'><strong>quo</strong></span> <span class='ocrx_word' id='word_1_293' title='bbox 1155 803 1216 822; x_wconf 84' lang='lat' dir='ltr'><strong>cum</strong></span> <span class='ocrx_word' id='word_1_294' title='bbox 1240 801 1326 822; x_wconf 81' lang='lat' dir='ltr'><strong>uxore</strong></span> <span class='ocrx_word' id='word_1_295' title='bbox 1353 794 1397 822; x_wconf 88' lang='lat' dir='ltr'><strong>ille</strong></span> <span class='ocrx_word' id='word_1_296' title='bbox 1421 801 1521 829; x_wconf 88' lang='lat' dir='ltr'><strong>corpus</strong></span> <span class='ocrx_word' id='word_1_297' title='bbox 1537 794 1662 824; x_wconf 83' lang='lat' dir='ltr'><strong>miscuit;</strong></span> <span class='ocrx_word' id='word_1_298' title='bbox 1688 801 1804 828; x_wconf 86' lang='lat' dir='ltr'><strong>eamque</strong></span> <span class='ocrx_word' id='word_1_299' title='bbox 1829 794 1864 821; x_wconf 91' lang='lat' dir='ltr'><strong>ob</strong></span> 
     </span>
    </p>
   </div>
   <div class='ocr_carea' id='block_1_45' title="bbox 1081 840 1864 876">
    <p class='ocr_par' dir='ltr' id='par_1_45' title="bbox 1081 840 1864 876">
     <span class='ocr_line' id='line_1_45' title="bbox 1081 840 1864 876; baseline -0.001 -8"><span class='ocrx_word' id='word_1_300' title='bbox 1081 849 1137 868; x_wconf 85' lang='lat' dir='ltr'><strong>rem</strong></span> <span class='ocrx_word' id='word_1_301' title='bbox 1155 843 1231 868; x_wconf 89' lang='lat' dir='ltr'><strong>aiunt</strong></span> <span class='ocrx_word' id='word_1_302' title='bbox 1246 846 1352 876; x_wconf 89' lang='lat' dir='ltr'><strong>partum</strong></span> <span class='ocrx_word' id='word_1_303' title='bbox 1369 840 1493 867; x_wconf 84' lang='lat' dir='ltr'><strong>mulieris</strong></span> <span class='ocrx_word' id='word_1_304' title='bbox 1503 847 1564 867; x_wconf 89' lang='lat' dir='ltr'><strong>esse</strong></span> <span class='ocrx_word' id='word_1_305' title='bbox 1574 846 1622 874; x_wconf 89' lang='lat' dir='ltr'><strong>per</strong></span> <span class='ocrx_word' id='word_1_306' title='bbox 1637 840 1684 867; x_wconf 86' lang='lat' dir='ltr'><strong>Dei</strong></span> <span class='ocrx_word' id='word_1_307' title='bbox 1701 840 1864 867; x_wconf 74' lang='lat' dir='ltr'><strong>sententiam</strong></span> 
     </span>
    </p>
   </div>
   <div class='ocr_carea' id='block_1_46' title="bbox 1079 886 1866 920">
    <p class='ocr_par' dir='ltr' id='par_1_46' title="bbox 1079 886 1866 920">
     <span class='ocr_line' id='line_1_46' title="bbox 1079 886 1866 920; baseline -0.001 -6"><span class='ocrx_word' id='word_1_308' title='bbox 1079 887 1222 914; x_wconf 87' lang='lat' dir='ltr'><strong>doloribus</strong></span> <span class='ocrx_word' id='word_1_309' title='bbox 1239 886 1340 914; x_wconf 77' lang='lat' dir='ltr'><strong>factum</strong></span> <span class='ocrx_word' id='word_1_310' title='bbox 1359 886 1528 918; x_wconf 88' lang='lat' dir='ltr'><strong>obnoxium;</strong></span> <span class='ocrx_word' id='word_1_311' title='bbox 1545 893 1633 920; x_wconf 88' lang='lat' dir='ltr'><strong>neque</strong></span> <span class='ocrx_word' id='word_1_312' title='bbox 1653 886 1725 912; x_wconf 83' lang='lat' dir='ltr'><strong>aliud</strong></span> <span class='ocrx_word' id='word_1_313' title='bbox 1746 886 1866 913; x_wconf 87' lang='lat' dir='ltr'><strong>voluisse</strong></span> 
     </span>
    </p>
   </div>
   <div class='ocr_carea' id='block_1_47' title="bbox 1081 930 1863 968">
    <p class='ocr_par' dir='ltr' id='par_1_47' title="bbox 1081 930 1863 968">
     <span class='ocr_line' id='line_1_47' title="bbox 1081 930 1863 968; baseline -0.005 -8"><span class='ocrx_word' id='word_1_314' title='bbox 1081 933 1144 960; x_wconf 92' lang='lat' dir='ltr'><strong>illud</strong></span> <span class='ocrx_word' id='word_1_315' title='bbox 1167 936 1342 968; x_wconf 70' lang='lat' dir='ltr'><strong>praeceptum,</strong></span> <span class='ocrx_word' id='word_1_316' title='bbox 1359 930 1397 958; x_wconf 84' lang='lat' dir='ltr'><strong>Ne</strong></span> <span class='ocrx_word' id='word_1_317' title='bbox 1421 931 1510 959; x_wconf 81' lang='lat' dir='ltr'><strong>edatls</strong></span> <span class='ocrx_word' id='word_1_318' title='bbox 1526 931 1560 958; x_wconf 86' lang='lat' dir='ltr'><strong>de</strong></span> <span class='ocrx_word' id='word_1_319' title='bbox 1579 931 1625 958; x_wconf 86' lang='lat' dir='ltr'><strong>illa</strong></span> <span class='ocrx_word' id='word_1_320' title='bbox 1642 931 1751 963; x_wconf 84' lang='lat' dir='ltr'><strong>arbore.</strong></span> <span class='ocrx_word' id='word_1_321' title='bbox 1767 939 1863 965; x_wconf 83' lang='lat' dir='ltr'><strong>quam,</strong></span> 
     </span>
    </p>
   </div>
   <div class='ocr_carea' id='block_1_48' title="bbox 1079 976 1863 1011">
    <p class='ocr_par' dir='ltr' id='par_1_48' title="bbox 1079 976 1863 1011">
     <span class='ocr_line' id='line_1_48' title="bbox 1079 976 1863 1011; baseline -0.003 -5"><span class='ocrx_word' id='word_1_322' title='bbox 1079 978 1136 1005; x_wconf 70' lang='lat' dir='ltr'><strong>Non</strong></span> <span class='ocrx_word' id='word_1_323' title='bbox 1161 978 1274 1010; x_wconf 87' lang='lat' dir='ltr'><strong>coealis,</strong></span> <span class='ocrx_word' id='word_1_324' title='bbox 1297 979 1343 1006; x_wconf 88' lang='lat' dir='ltr'><strong>sed</strong></span> <span class='ocrx_word' id='word_1_325' title='bbox 1369 982 1463 1004; x_wconf 87' lang='lat' dir='ltr'><strong>sancte</strong></span> <span class='ocrx_word' id='word_1_326' title='bbox 1488 982 1515 1004; x_wconf 90' lang='lat' dir='ltr'><strong>et</strong></span> <span class='ocrx_word' id='word_1_327' title='bbox 1537 977 1639 1011; x_wconf 83' lang='lat' dir='ltr'><strong>absque</strong></span> <span class='ocrx_word' id='word_1_328' title='bbox 1662 977 1735 1003; x_wconf 91' lang='lat' dir='ltr'><strong>omni</strong></span> <span class='ocrx_word' id='word_1_329' title='bbox 1757 976 1863 1004; x_wconf 83' lang='lat' dir='ltr'><strong>Venere</strong></span> 
     </span>
    </p>
   </div>
   <div class='ocr_carea' id='block_1_49' title="bbox 1079 1022 1865 1056">
    <p class='ocr_par' dir='ltr' id='par_1_49' title="bbox 1079 1022 1865 1056">
     <span class='ocr_line' id='line_1_49' title="bbox 1079 1022 1865 1056; baseline -0.004 -5"><span class='ocrx_word' id='word_1_330' title='bbox 1079 1024 1195 1056; x_wconf 78' lang='lat' dir='ltr'><strong>vivatis;</strong></span> <span class='ocrx_word' id='word_1_331' title='bbox 1214 1027 1242 1051; x_wconf 85' lang='lat' dir='ltr'><strong>et</strong></span> <span class='ocrx_word' id='word_1_332' title='bbox 1258 1033 1265 1050; x_wconf 72' lang='grc' dir='ltr'><strong>ι</strong></span> <span class='ocrx_word' id='word_1_333' title='bbox 1282 1023 1340 1056; x_wconf 85' lang='lat' dir='ltr'><strong>Quo</strong></span> <span class='ocrx_word' id='word_1_334' title='bbox 1357 1023 1399 1050; x_wconf 89' lang='lat' dir='ltr'><strong>die</strong></span> <span class='ocrx_word' id='word_1_335' title='bbox 1416 1024 1448 1050; x_wconf 85' lang='lat' dir='ltr'><strong>de</strong></span> <span class='ocrx_word' id='word_1_336' title='bbox 1463 1023 1507 1049; x_wconf 91' lang='lat' dir='ltr'><strong>illa</strong></span> <span class='ocrx_word' id='word_1_337' title='bbox 1522 1022 1617 1054; x_wconf 83' lang='lat' dir='ltr'><strong>edetis,</strong></span> <span class='ocrx_word' id='word_1_338' title='bbox 1634 1026 1747 1049; x_wconf 81' lang='lat' dir='ltr'><strong>mortem</strong></span> <span class='ocrx_word' id='word_1_339' title='bbox 1762 1023 1865 1049; x_wconf 85' lang='lat' dir='ltr'><strong>morie-</strong></span> 
     </span>
    </p>
   </div>
   <div class='ocr_carea' id='block_1_50' title="bbox 1081 1067 1864 1104">
    <p class='ocr_par' dir='ltr' id='par_1_50' title="bbox 1081 1067 1864 1104">
     <span class='ocr_line' id='line_1_50' title="bbox 1081 1067 1864 1104; baseline -0.004 -7"><span class='ocrx_word' id='word_1_340' title='bbox 1081 1070 1160 1102; x_wconf 88' lang='lat' dir='ltr'><strong>mini,</strong></span> <span class='ocrx_word' id='word_1_341' title='bbox 1179 1070 1206 1097; x_wconf 90' lang='lat' dir='ltr'><strong>id</strong></span> <span class='ocrx_word' id='word_1_342' title='bbox 1231 1077 1292 1097; x_wconf 82' lang='lat' dir='ltr'><strong>esse</strong></span> <span class='ocrx_word' id='word_1_343' title='bbox 1311 1077 1365 1104; x_wconf 88' lang='lat' dir='ltr'><strong>quo</strong></span> <span class='ocrx_word' id='word_1_344' title='bbox 1381 1069 1425 1096; x_wconf 88' lang='lat' dir='ltr'><strong>die</strong></span> <span class='ocrx_word' id='word_1_345' title='bbox 1444 1075 1559 1103; x_wconf 84' lang='lat' dir='ltr'><strong>corpora</strong></span> <span class='ocrx_word' id='word_1_346' title='bbox 1582 1068 1740 1095; x_wconf 85' lang='lat' dir='ltr'><strong>miscebitis.</strong></span> <span class='ocrx_word' id='word_1_347' title='bbox 1764 1067 1864 1094; x_wconf 85' lang='lat' dir='ltr'><strong>Verqu</strong></span> 
     </span>
    </p>
   </div>
   <div class='ocr_carea' id='block_1_51' title="bbox 1081 1113 1865 1142">
    <p class='ocr_par' dir='ltr' id='par_1_51' title="bbox 1081 1113 1865 1142">
     <span class='ocr_line' id='line_1_51' title="bbox 1081 1113 1865 1142; baseline 0 -1"><span class='ocrx_word' id='word_1_348' title='bbox 1081 1115 1150 1142; x_wconf 87' lang='lat' dir='ltr'><strong>hanc</strong></span> <span class='ocrx_word' id='word_1_349' title='bbox 1178 1115 1341 1142; x_wconf 79' lang='lat' dir='ltr'><strong>sententiain</strong></span> <span class='ocrx_word' id='word_1_350' title='bbox 1360 1114 1472 1141; x_wconf 91' lang='lat' dir='ltr'><strong>minime</strong></span> <span class='ocrx_word' id='word_1_351' title='bbox 1495 1121 1588 1140; x_wconf 82' lang='lat' dir='ltr'><strong>veram</strong></span> <span class='ocrx_word' id='word_1_352' title='bbox 1608 1121 1670 1140; x_wconf 88' lang='lat' dir='ltr'><strong>esse</strong></span> <span class='ocrx_word' id='word_1_353' title='bbox 1692 1113 1733 1139; x_wconf 82' lang='lat' dir='ltr'><strong>vel</strong></span> <span class='ocrx_word' id='word_1_354' title='bbox 1751 1113 1777 1140; x_wconf 89' lang='lat' dir='ltr'><strong>id</strong></span> <span class='ocrx_word' id='word_1_355' title='bbox 1798 1113 1865 1141; x_wconf 85' lang='lat' dir='ltr'><strong>satis</strong></span> 
     </span>
    </p>
   </div>
   <div class='ocr_carea' id='block_1_52' title="bbox 1080 1159 1862 1197">
    <p class='ocr_par' dir='ltr' id='par_1_52' title="bbox 1080 1159 1862 1197">
     <span class='ocr_line' id='line_1_52' title="bbox 1080 1159 1862 1197; baseline -0.003 -9"><span class='ocrx_word' id='word_1_356' title='bbox 1080 1161 1170 1197; x_wconf 76' lang='lat' dir='ltr'><strong>arguit</strong></span> <span class='ocrx_word' id='word_1_357' title='bbox 1193 1161 1265 1196; x_wconf 90' lang='lat' dir='ltr'><strong>quod</strong></span> <span class='ocrx_word' id='word_1_358' title='bbox 1305 1161 1410 1195; x_wconf 74' lang='lat' dir='ltr'><strong>integra</strong></span> <span class='ocrx_word' id='word_1_359' title='bbox 1447 1159 1604 1193; x_wconf 76' lang='lat' dir='ltr'><strong>virginitate</strong></span> <span class='ocrx_word' id='word_1_360' title='bbox 1635 1159 1706 1194; x_wconf 88' lang='lat' dir='ltr'><strong>pulsi</strong></span> <span class='ocrx_word' id='word_1_361' title='bbox 1738 1160 1794 1186; x_wconf 88' lang='lat' dir='ltr'><strong>sint</strong></span> <span class='ocrx_word' id='word_1_362' title='bbox 1825 1159 1862 1186; x_wconf 91' lang='lat' dir='ltr'><strong>illi</strong></span> 
     </span>
    </p>
   </div>
   <div class='ocr_carea' id='block_1_53' title="bbox 1081 1204 1866 1241">
    <p class='ocr_par' dir='ltr' id='par_1_53' title="bbox 1081 1204 1866 1241">
     <span class='ocr_line' id='line_1_53' title="bbox 1081 1204 1866 1241; baseline -0.001 -8"><span class='ocrx_word' id='word_1_363' title='bbox 1081 1207 1218 1241; x_wconf 76' lang='lat' dir='ltr'><strong>paradiso.</strong></span> <span class='ocrx_word' id='word_1_364' title='bbox 1231 1206 1350 1234; x_wconf 75' lang='lat' dir='ltr'><strong>Censen!</strong></span> <span class='ocrx_word' id='word_1_365' title='bbox 1362 1212 1427 1240; x_wconf 69' lang='lat' dir='ltr'><strong>ergo</strong></span> <span class='ocrx_word' id='word_1_366' title='bbox 1443 1205 1487 1231; x_wconf 91' lang='lat' dir='ltr'><strong>alii</strong></span> <span class='ocrx_word' id='word_1_367' title='bbox 1505 1204 1673 1232; x_wconf 75' lang='lat' dir='ltr'><strong>frumentum</strong></span> <span class='ocrx_word' id='word_1_368' title='bbox 1690 1205 1777 1232; x_wconf 79' lang='lat' dir='ltr'><strong>fuisse</strong></span> <span class='ocrx_word' id='word_1_369' title='bbox 1793 1205 1866 1232; x_wconf 81' lang='lat' dir='ltr'><strong>hanc</strong></span> 
     </span>
    </p>
   </div>
   <div class='ocr_carea' id='block_1_54' title="bbox 1081 1250 1861 1286">
    <p class='ocr_par' dir='ltr' id='par_1_54' title="bbox 1081 1250 1861 1286">
     <span class='ocr_line' id='line_1_54' title="bbox 1081 1250 1861 1286; baseline -0.003 -7"><span class='ocrx_word' id='word_1_370' title='bbox 1081 1253 1227 1284; x_wconf 86' lang='lat' dir='ltr'><strong>arborem.</strong></span> <span class='ocrx_word' id='word_1_371' title='bbox 1262 1256 1343 1286; x_wconf 90' lang='lat' dir='ltr'><strong>atque</strong></span> <span class='ocrx_word' id='word_1_372' title='bbox 1375 1251 1436 1278; x_wconf 84' lang='lat' dir='ltr'><strong>ideo</strong></span> <span class='ocrx_word' id='word_1_373' title='bbox 1463 1250 1599 1278; x_wconf 80' lang='lat' dir='ltr'><strong>Christum</strong></span> <span class='ocrx_word' id='word_1_374' title='bbox 1637 1258 1746 1285; x_wconf 86' lang='lat' dir='ltr'><strong>quoque</strong></span> <span class='ocrx_word' id='word_1_375' title='bbox 1781 1258 1861 1277; x_wconf 88' lang='lat' dir='ltr'><strong>suum</strong></span> 
     </span>
    </p>
   </div>
   <div class='ocr_carea' id='block_1_55' title="bbox 1081 1298 1864 1334">
    <p class='ocr_par' dir='ltr' id='par_1_55' title="bbox 1081 1298 1864 1334">
     <span class='ocr_line' id='line_1_55' title="bbox 1081 1298 1864 1334; baseline -0.004 -8"><span class='ocrx_word' id='word_1_376' title='bbox 1081 1307 1181 1334; x_wconf 87' lang='lat' dir='ltr'><strong>corpus</strong></span> <span class='ocrx_word' id='word_1_377' title='bbox 1209 1299 1236 1326; x_wconf 90' lang='lat' dir='ltr'><strong>in</strong></span> <span class='ocrx_word' id='word_1_378' title='bbox 1262 1306 1332 1333; x_wconf 78' lang='lat' dir='ltr'><strong>pane</strong></span> <span class='ocrx_word' id='word_1_379' title='bbox 1360 1298 1467 1325; x_wconf 88' lang='lat' dir='ltr'><strong>dedisse</strong></span> <span class='ocrx_word' id='word_1_380' title='bbox 1484 1301 1534 1324; x_wconf 88' lang='lat' dir='ltr'><strong>:ut</strong></span> <span class='ocrx_word' id='word_1_381' title='bbox 1553 1304 1606 1330; x_wconf 90' lang='lat' dir='ltr'><strong>qua</strong></span> <span class='ocrx_word' id='word_1_382' title='bbox 1637 1303 1666 1322; x_wconf 86' lang='lat' dir='ltr'><strong>re</strong></span> <span class='ocrx_word' id='word_1_383' title='bbox 1691 1299 1864 1323; x_wconf 80' lang='lat' dir='ltr'><strong>contractum</strong></span> 
     </span>
    </p>
   </div>
   <div class='ocr_carea' id='block_1_56' title="bbox 1081 1340 1864 1376">
    <p class='ocr_par' dir='ltr' id='par_1_56' title="bbox 1081 1340 1864 1376">
     <span class='ocr_line' id='line_1_56' title="bbox 1081 1340 1864 1376; baseline -0.006 -4"><span class='ocrx_word' id='word_1_384' title='bbox 1081 1349 1153 1372; x_wconf 88' lang='lat' dir='ltr'><strong>esset</strong></span> <span class='ocrx_word' id='word_1_385' title='bbox 1172 1344 1304 1376; x_wconf 82' lang='lat' dir='ltr'><strong>debitum,</strong></span> <span class='ocrx_word' id='word_1_386' title='bbox 1320 1343 1412 1371; x_wconf 79' lang='lat' dir='ltr'><strong>eadem</strong></span> <span class='ocrx_word' id='word_1_387' title='bbox 1430 1348 1457 1370; x_wconf 88' lang='lat' dir='ltr'><strong>et</strong></span> <span class='ocrx_word' id='word_1_388' title='bbox 1475 1342 1670 1370; x_wconf 87' lang='lat' dir='ltr'><strong>exsolverctur.</strong></span> <span class='ocrx_word' id='word_1_389' title='bbox 1693 1341 1799 1368; x_wconf 78' lang='lat' dir='ltr'><strong>Rursus</strong></span> <span class='ocrx_word' id='word_1_390' title='bbox 1817 1340 1864 1368; x_wconf 89' lang='lat' dir='ltr'><strong>alii</strong></span> 
     </span>
    </p>
   </div>
   <div class='ocr_carea' id='block_1_57' title="bbox 1081 1387 1865 1422">
    <p class='ocr_par' dir='ltr' id='par_1_57' title="bbox 1081 1387 1865 1422">
     <span class='ocr_line' id='line_1_57' title="bbox 1081 1387 1865 1422; baseline -0.005 -5"><span class='ocrx_word' id='word_1_391' title='bbox 1081 1391 1162 1417; x_wconf 87' lang='lat' dir='ltr'><strong>vitem</strong></span> <span class='ocrx_word' id='word_1_392' title='bbox 1190 1390 1274 1417; x_wconf 83' lang='lat' dir='ltr'><strong>fuisse</strong></span> <span class='ocrx_word' id='word_1_393' title='bbox 1297 1388 1485 1419; x_wconf 86' lang='lat' dir='ltr'><strong>contendunt,</strong></span> <span class='ocrx_word' id='word_1_394' title='bbox 1516 1392 1544 1415; x_wconf 86' lang='lat' dir='ltr'><strong>et</strong></span> <span class='ocrx_word' id='word_1_395' title='bbox 1572 1388 1674 1414; x_wconf 86' lang='lat' dir='ltr'><strong>ideirco</strong></span> <span class='ocrx_word' id='word_1_396' title='bbox 1705 1387 1865 1422; x_wconf 76' lang='lat' dir='ltr'><strong>sanguinem</strong></span> 
     </span>
    </p>
   </div>
   <div class='ocr_carea' id='block_1_58' title="bbox 1081 1433 1868 1467">
    <p class='ocr_par' dir='ltr' id='par_1_58' title="bbox 1081 1433 1868 1467">
     <span class='ocr_line' id='line_1_58' title="bbox 1081 1433 1868 1467; baseline -0.004 -5"><span class='ocrx_word' id='word_1_397' title='bbox 1081 1444 1160 1464; x_wconf 85' lang='lat' dir='ltr'><strong>suum</strong></span> <span class='ocrx_word' id='word_1_398' title='bbox 1175 1435 1282 1462; x_wconf 84' lang='lat' dir='ltr'><strong>dedisse</strong></span> <span class='ocrx_word' id='word_1_399' title='bbox 1299 1434 1439 1462; x_wconf 87' lang='lat' dir='ltr'><strong>Christum</strong></span> <span class='ocrx_word' id='word_1_400' title='bbox 1463 1435 1490 1461; x_wconf 92' lang='lat' dir='ltr'><strong>iu</strong></span> <span class='ocrx_word' id='word_1_401' title='bbox 1506 1433 1570 1460; x_wconf 85' lang='lat' dir='ltr'><strong>vino</strong></span> <span class='ocrx_word' id='word_1_402' title='bbox 1586 1441 1638 1467; x_wconf 91' lang='lat' dir='ltr'><strong>pro</strong></span> <span class='ocrx_word' id='word_1_403' title='bbox 1659 1433 1793 1467; x_wconf 86' lang='lat' dir='ltr'><strong>expianda</strong></span> <span class='ocrx_word' id='word_1_404' title='bbox 1810 1433 1868 1467; x_wconf 86' lang='lat' dir='ltr'><strong>pri-</strong></span> 
     </span>
    </p>
   </div>
   <div class='ocr_carea' id='block_1_59' title="bbox 1081 1477 1868 1515">
    <p class='ocr_par' dir='ltr' id='par_1_59' title="bbox 1081 1477 1868 1515">
     <span class='ocr_line' id='line_1_59' title="bbox 1081 1477 1868 1515; baseline -0.005 -8"><span class='ocrx_word' id='word_1_405' title='bbox 1081 1488 1188 1508; x_wconf 90' lang='lat' dir='ltr'><strong>morum</strong></span> <span class='ocrx_word' id='word_1_406' title='bbox 1203 1485 1346 1515; x_wconf 81' lang='lat' dir='ltr'><strong>parentum</strong></span> <span class='ocrx_word' id='word_1_407' title='bbox 1361 1486 1442 1506; x_wconf 88' lang='lat' dir='ltr'><strong>noxa.</strong></span> <span class='ocrx_word' id='word_1_408' title='bbox 1461 1478 1512 1505; x_wconf 87' lang='lat' dir='ltr'><strong>Sed</strong></span> <span class='ocrx_word' id='word_1_409' title='bbox 1526 1485 1576 1505; x_wconf 89' lang='lat' dir='ltr'><strong>nos</strong></span> <span class='ocrx_word' id='word_1_410' title='bbox 1593 1477 1650 1505; x_wconf 72' lang='lat' dir='ltr'><strong>haec</strong></span> <span class='ocrx_word' id='word_1_411' title='bbox 1661 1485 1724 1504; x_wconf 84' lang='lat' dir='ltr'><strong>vera</strong></span> <span class='ocrx_word' id='word_1_412' title='bbox 1738 1484 1792 1504; x_wconf 92' lang='lat' dir='ltr'><strong>non</strong></span> <span class='ocrx_word' id='word_1_413' title='bbox 1805 1483 1868 1504; x_wconf 87' lang='lat' dir='ltr'><strong>esse</strong></span> 
     </span>
    </p>
   </div>
   <div class='ocr_carea' id='block_1_60' title="bbox 1080 1522 1869 1560">
    <p class='ocr_par' dir='ltr' id='par_1_60' title="bbox 1080 1522 1869 1560">
     <span class='ocr_line' id='line_1_60' title="bbox 1080 1522 1869 1560; baseline -0.005 -8"><span class='ocrx_word' id='word_1_414' title='bbox 1080 1530 1224 1560; x_wconf 87' lang='lat' dir='ltr'><strong>putamus;</strong></span> <span class='ocrx_word' id='word_1_415' title='bbox 1239 1524 1404 1552; x_wconf 80' lang='lat' dir='ltr'><strong>frumentum</strong></span> <span class='ocrx_word' id='word_1_416' title='bbox 1416 1523 1488 1550; x_wconf 87' lang='lat' dir='ltr'><strong>enim</strong></span> <span class='ocrx_word' id='word_1_417' title='bbox 1499 1529 1588 1558; x_wconf 80' lang='lat' dir='ltr'><strong>seges,</strong></span> <span class='ocrx_word' id='word_1_418' title='bbox 1599 1529 1652 1549; x_wconf 89' lang='lat' dir='ltr'><strong>non</strong></span> <span class='ocrx_word' id='word_1_419' title='bbox 1664 1522 1745 1549; x_wconf 89' lang='lat' dir='ltr'><strong>arbor</strong></span> <span class='ocrx_word' id='word_1_420' title='bbox 1756 1522 1869 1555; x_wconf 85' lang='lat' dir='ltr'><strong>dicitur,</strong></span> 
     </span>
    </p>
   </div>
   <div class='ocr_carea' id='block_1_61' title="bbox 245 1567 1867 1606">
    <p class='ocr_par' dir='ltr' id='par_1_61' title="bbox 245 1567 1867 1606">
     <span class='ocr_line' id='line_1_61' title="bbox 245 1567 1867 1606; baseline 0 -12"><span class='ocrx_word' id='word_1_421' title='bbox 245 1567 368 1595; x_wconf 81' lang='lat' dir='ltr'><strong>Adamus</strong></span> <span class='ocrx_word' id='word_1_422' title='bbox 383 1575 431 1602; x_wconf 91' lang='lat' dir='ltr'><strong>per</strong></span> <span class='ocrx_word' id='word_1_423' title='bbox 446 1567 532 1602; x_wconf 89' lang='lat' dir='ltr'><strong>ipsam</strong></span> <span class='ocrx_word' id='word_1_424' title='bbox 549 1572 677 1602; x_wconf 87' lang='lat' dir='ltr'><strong>expertus</strong></span> <span class='ocrx_word' id='word_1_425' title='bbox 698 1572 740 1595; x_wconf 88' lang='lat' dir='ltr'><strong>est</strong></span> <span class='ocrx_word' id='word_1_426' title='bbox 757 1568 822 1603; x_wconf 91' lang='lat' dir='ltr'><strong>quid</strong></span> <span class='ocrx_word' id='word_1_427' title='bbox 839 1572 911 1595; x_wconf 85' lang='lat' dir='ltr'><strong>esset</strong></span> <span class='ocrx_word' id='word_1_428' title='bbox 929 1567 1029 1595; x_wconf 90' lang='lat' dir='ltr'><strong>bonum</strong></span> <span class='ocrx_word' id='word_1_429' title='bbox 1045 1572 1066 1600; x_wconf 89' lang='lat' dir='ltr'><strong>c</strong></span> <span class='ocrx_word' id='word_1_430' title='bbox 1083 1576 1112 1598; x_wconf 85' lang='lat' dir='ltr'><strong>ut</strong></span> <span class='ocrx_word' id='word_1_431' title='bbox 1125 1579 1214 1606; x_wconf 79' lang='lat' dir='ltr'><strong>neque</strong></span> <span class='ocrx_word' id='word_1_432' title='bbox 1234 1570 1305 1597; x_wconf 87' lang='lat' dir='ltr'><strong>vitis.</strong></span> <span class='ocrx_word' id='word_1_433' title='bbox 1328 1569 1410 1604; x_wconf 76' lang='lat' dir='ltr'><strong>Igitur</strong></span> <span class='ocrx_word' id='word_1_434' title='bbox 1423 1567 1589 1596; x_wconf 84' lang='lat' dir='ltr'><strong>Philoxenus</strong></span> <span class='ocrx_word' id='word_1_435' title='bbox 1603 1567 1788 1603; x_wconf 71' lang='lat' dir='ltr'><strong>Mabugensis,</strong></span> <span class='ocrx_word' id='word_1_436' title='bbox 1804 1574 1867 1594; x_wconf 85' lang='lat' dir='ltr'><strong>ora-</strong></span> 
     </span>
    </p>
   </div>
   <div class='ocr_carea' id='block_1_62' title="bbox 244 1615 1028 1651">
    <p class='ocr_par' dir='ltr' id='par_1_62' title="bbox 244 1615 1028 1651">
     <span class='ocr_line' id='line_1_62' title="bbox 244 1615 1028 1651; baseline -0.001 -8"><span class='ocrx_word' id='word_1_437' title='bbox 244 1619 273 1644; x_wconf 90' lang='lat' dir='ltr'><strong>et</strong></span> <span class='ocrx_word' id='word_1_438' title='bbox 286 1615 354 1651; x_wconf 88' lang='lat' dir='ltr'><strong>quid</strong></span> <span class='ocrx_word' id='word_1_439' title='bbox 369 1615 484 1648; x_wconf 91' lang='lat' dir='ltr'><strong>malum,</strong></span> <span class='ocrx_word' id='word_1_440' title='bbox 498 1619 580 1650; x_wconf 90' lang='lat' dir='ltr'><strong>atque</strong></span> <span class='ocrx_word' id='word_1_441' title='bbox 606 1615 694 1649; x_wconf 86' lang='lat' dir='ltr'><strong>reipsa</strong></span> <span class='ocrx_word' id='word_1_442' title='bbox 721 1615 829 1650; x_wconf 76' lang='lat' dir='ltr'><strong>agnovit</strong></span> <span class='ocrx_word' id='word_1_443' title='bbox 847 1615 1028 1642; x_wconf 85' lang='lat' dir='ltr'><strong>obedientiam</strong></span> 
     </span>
    </p>
   </div>
   <div class='ocr_carea' id='block_1_63' title="bbox 245 1659 1028 1694">
    <p class='ocr_par' dir='ltr' id='par_1_63' title="bbox 245 1659 1028 1694">
     <span class='ocr_line' id='line_1_63' title="bbox 245 1659 1028 1694; baseline -0.003 -5"><span class='ocrx_word' id='word_1_444' title='bbox 245 1669 308 1690; x_wconf 85' lang='lat' dir='ltr'><strong>esse</strong></span> <span class='ocrx_word' id='word_1_445' title='bbox 324 1661 438 1694; x_wconf 85' lang='lat' dir='ltr'><strong>bonum,</strong></span> <span class='ocrx_word' id='word_1_446' title='bbox 455 1660 557 1687; x_wconf 88' lang='lat' dir='ltr'><strong>malum</strong></span> <span class='ocrx_word' id='word_1_447' title='bbox 579 1668 644 1688; x_wconf 89' lang='lat' dir='ltr'><strong>vero</strong></span> <span class='ocrx_word' id='word_1_448' title='bbox 667 1660 854 1688; x_wconf 86' lang='lat' dir='ltr'><strong>rebellionem.</strong></span> <span class='ocrx_word' id='word_1_449' title='bbox 874 1659 927 1687; x_wconf 90' lang='lat' dir='ltr'><strong>Sed</strong></span> <span class='ocrx_word' id='word_1_450' title='bbox 945 1660 1028 1693; x_wconf 90' lang='lat' dir='ltr'><strong>enim,</strong></span> 
     </span>
    </p>
   </div>
   <div class='ocr_carea' id='block_1_64' title="bbox 247 1705 1029 1741">
    <p class='ocr_par' dir='ltr' id='par_1_64' title="bbox 247 1705 1029 1741">
     <span class='ocr_line' id='line_1_64' title="bbox 247 1705 1029 1741; baseline -0.003 -6"><span class='ocrx_word' id='word_1_451' title='bbox 247 1707 320 1735; x_wconf 87' lang='lat' dir='ltr'><strong>dicet</strong></span> <span class='ocrx_word' id='word_1_452' title='bbox 334 1706 434 1741; x_wconf 88' lang='lat' dir='ltr'><strong>aliquis</strong></span> <span class='ocrx_word' id='word_1_453' title='bbox 449 1726 456 1738; x_wconf 81' lang='lat'><strong>,</strong></span> <span class='ocrx_word' id='word_1_454' title='bbox 476 1706 572 1733; x_wconf 91' lang='lat' dir='ltr'><strong>demus</strong></span> <span class='ocrx_word' id='word_1_455' title='bbox 587 1706 721 1732; x_wconf 81' lang='lat' dir='ltr'><strong>Adamum</strong></span> <span class='ocrx_word' id='word_1_456' title='bbox 743 1713 791 1740; x_wconf 86' lang='lat' dir='ltr'><strong>per</strong></span> <span class='ocrx_word' id='word_1_457' title='bbox 813 1705 887 1732; x_wconf 90' lang='lat' dir='ltr'><strong>illam</strong></span> <span class='ocrx_word' id='word_1_458' title='bbox 905 1705 1029 1733; x_wconf 86' lang='lat' dir='ltr'><strong>arborem</strong></span> 
     </span>
    </p>
   </div>
   <div class='ocr_carea' id='block_1_65' title="bbox 247 1751 1030 1787">
    <p class='ocr_par' dir='ltr' id='par_1_65' title="bbox 247 1751 1030 1787">
     <span class='ocr_line' id='line_1_65' title="bbox 247 1751 1030 1787; baseline -0.005 -6"><span class='ocrx_word' id='word_1_459' title='bbox 247 1760 310 1781; x_wconf 88' lang='lat' dir='ltr'><strong>esse</strong></span> <span class='ocrx_word' id='word_1_460' title='bbox 324 1757 462 1787; x_wconf 88' lang='lat' dir='ltr'><strong>expertum</strong></span> <span class='ocrx_word' id='word_1_461' title='bbox 481 1751 544 1786; x_wconf 89' lang='lat' dir='ltr'><strong>quid</strong></span> <span class='ocrx_word' id='word_1_462' title='bbox 568 1751 668 1778; x_wconf 89' lang='lat' dir='ltr'><strong>bonum</strong></span> <span class='ocrx_word' id='word_1_463' title='bbox 689 1755 715 1778; x_wconf 92' lang='lat' dir='ltr'><strong>et</strong></span> <span class='ocrx_word' id='word_1_464' title='bbox 740 1751 804 1786; x_wconf 90' lang='lat' dir='ltr'><strong>quid</strong></span> <span class='ocrx_word' id='word_1_465' title='bbox 829 1751 929 1778; x_wconf 89' lang='lat' dir='ltr'><strong>malum</strong></span> <span class='ocrx_word' id='word_1_466' title='bbox 948 1755 1030 1784; x_wconf 86' lang='lat' dir='ltr'><strong>esset,</strong></span> 
     </span>
    </p>
   </div>
   <div class='ocr_carea' id='block_1_66' title="bbox 249 1796 1032 1834">
    <p class='ocr_par' dir='ltr' id='par_1_66' title="bbox 249 1796 1032 1834">
     <span class='ocr_line' id='line_1_66' title="bbox 249 1796 1032 1834; baseline -0.005 -7"><span class='ocrx_word' id='word_1_467' title='bbox 249 1807 305 1827; x_wconf 90' lang='lat' dir='ltr'><strong>non</strong></span> <span class='ocrx_word' id='word_1_468' title='bbox 320 1797 436 1834; x_wconf 87' lang='lat' dir='ltr'><strong>proinde</strong></span> <span class='ocrx_word' id='word_1_469' title='bbox 448 1798 519 1833; x_wconf 87' lang='lat' dir='ltr'><strong>justa</strong></span> <span class='ocrx_word' id='word_1_470' title='bbox 536 1797 606 1824; x_wconf 86' lang='lat' dir='ltr'><strong>ratio</strong></span> <span class='ocrx_word' id='word_1_471' title='bbox 622 1805 654 1824; x_wconf 85' lang='lat' dir='ltr'><strong>ea</strong></span> <span class='ocrx_word' id='word_1_472' title='bbox 669 1796 786 1829; x_wconf 81' lang='lat' dir='ltr'><strong>videtur,</strong></span> <span class='ocrx_word' id='word_1_473' title='bbox 801 1797 836 1824; x_wconf 90' lang='lat' dir='ltr'><strong>oh</strong></span> <span class='ocrx_word' id='word_1_474' title='bbox 852 1804 933 1832; x_wconf 89' lang='lat' dir='ltr'><strong>quam</strong></span> <span class='ocrx_word' id='word_1_475' title='bbox 950 1796 1032 1823; x_wconf 90' lang='lat' dir='ltr'><strong>arbor</strong></span> 
     </span>
    </p>
   </div>
   <div class='ocr_carea' id='block_1_67' title="bbox 249 1841 1032 1880">
    <p class='ocr_par' dir='ltr' id='par_1_67' title="bbox 249 1841 1032 1880">
     <span class='ocr_line' id='line_1_67' title="bbox 249 1841 1032 1880; baseline -0.005 -8"><span class='ocrx_word' id='word_1_476' title='bbox 249 1845 307 1880; x_wconf 87' lang='lat' dir='ltr'><strong>ipsa</strong></span> <span class='ocrx_word' id='word_1_477' title='bbox 336 1843 455 1872; x_wconf 73' lang='lat' dir='ltr'><strong>scientiae</strong></span> <span class='ocrx_word' id='word_1_478' title='bbox 477 1843 541 1871; x_wconf 90' lang='lat' dir='ltr'><strong>boni</strong></span> <span class='ocrx_word' id='word_1_479' title='bbox 560 1847 586 1870; x_wconf 88' lang='lat' dir='ltr'><strong>et</strong></span> <span class='ocrx_word' id='word_1_480' title='bbox 608 1843 670 1870; x_wconf 89' lang='lat' dir='ltr'><strong>mali</strong></span> <span class='ocrx_word' id='word_1_481' title='bbox 688 1847 840 1875; x_wconf 87' lang='lat' dir='ltr'><strong>vocaretur,</strong></span> <span class='ocrx_word' id='word_1_482' title='bbox 865 1850 924 1877; x_wconf 71' lang='lat' dir='ltr'><strong>qua:</strong></span> <span class='ocrx_word' id='word_1_483' title='bbox 941 1841 1032 1869; x_wconf 87' lang='lat' dir='ltr'><strong>scicn-</strong></span> 
     </span>
    </p>
   </div>
   <div class='ocr_carea' id='block_1_68' title="bbox 249 1887 1031 1923">
    <p class='ocr_par' dir='ltr' id='par_1_68' title="bbox 249 1887 1031 1923">
     <span class='ocr_line' id='line_1_68' title="bbox 249 1887 1031 1923; baseline -0.001 -7"><span class='ocrx_word' id='word_1_484' title='bbox 249 1890 314 1916; x_wconf 91' lang='lat' dir='ltr'><strong>tiam</strong></span> <span class='ocrx_word' id='word_1_485' title='bbox 331 1889 358 1916; x_wconf 93' lang='lat' dir='ltr'><strong>in</strong></span> <span class='ocrx_word' id='word_1_486' title='bbox 372 1895 401 1916; x_wconf 88' lang='lat' dir='ltr'><strong>se</strong></span> <span class='ocrx_word' id='word_1_487' title='bbox 417 1888 519 1915; x_wconf 88' lang='lat' dir='ltr'><strong>nullam</strong></span> <span class='ocrx_word' id='word_1_488' title='bbox 533 1887 655 1915; x_wconf 83' lang='lat' dir='ltr'><strong>haberet.</strong></span> <span class='ocrx_word' id='word_1_489' title='bbox 672 1887 878 1923; x_wconf 83' lang='lat' dir='ltr'><strong>Respondemus</strong></span> <span class='ocrx_word' id='word_1_490' title='bbox 896 1896 957 1915; x_wconf 87' lang='lat' dir='ltr'><strong>cum</strong></span> <span class='ocrx_word' id='word_1_491' title='bbox 970 1895 1031 1915; x_wconf 87' lang='lat' dir='ltr'><strong>esse</strong></span> 
     </span>
    </p>
   </div>
   <div class='ocr_carea' id='block_1_69' title="bbox 247 1933 1032 1968">
    <p class='ocr_par' dir='ltr' id='par_1_69' title="bbox 247 1933 1032 1968">
     <span class='ocr_line' id='line_1_69' title="bbox 247 1933 1032 1968; baseline -0.003 -6"><span class='ocrx_word' id='word_1_492' title='bbox 247 1942 352 1962; x_wconf 89' lang='lat' dir='ltr'><strong>morem</strong></span> <span class='ocrx_word' id='word_1_493' title='bbox 369 1941 508 1962; x_wconf 88' lang='lat' dir='ltr'><strong>sacrarum</strong></span> <span class='ocrx_word' id='word_1_494' title='bbox 523 1933 700 1965; x_wconf 82' lang='lat' dir='ltr'><strong>Litterarum,</strong></span> <span class='ocrx_word' id='word_1_495' title='bbox 722 1938 752 1960; x_wconf 91' lang='lat' dir='ltr'><strong>ut</strong></span> <span class='ocrx_word' id='word_1_496' title='bbox 765 1939 792 1960; x_wconf 89' lang='lat' dir='ltr'><strong>et</strong></span> <span class='ocrx_word' id='word_1_497' title='bbox 803 1933 870 1960; x_wconf 81' lang='lat' dir='ltr'><strong>locis</strong></span> <span class='ocrx_word' id='word_1_498' title='bbox 886 1938 913 1961; x_wconf 92' lang='lat' dir='ltr'><strong>et</strong></span> <span class='ocrx_word' id='word_1_499' title='bbox 929 1938 1032 1968; x_wconf 89' lang='lat' dir='ltr'><strong>tempo—</strong></span> 
     </span>
    </p>
   </div>
   <div class='ocr_carea' id='block_1_70' title="bbox 248 1978 1032 2012">
    <p class='ocr_par' dir='ltr' id='par_1_70' title="bbox 248 1978 1032 2012">
     <span class='ocr_line' id='line_1_70' title="bbox 248 1978 1032 2012; baseline -0.005 -4"><span class='ocrx_word' id='word_1_500' title='bbox 248 1980 325 2008; x_wconf 89' lang='lat' dir='ltr'><strong>ribus</strong></span> <span class='ocrx_word' id='word_1_501' title='bbox 347 1986 440 2006; x_wconf 86' lang='lat' dir='ltr'><strong>carum</strong></span> <span class='ocrx_word' id='word_1_502' title='bbox 475 1985 566 2006; x_wconf 86' lang='lat' dir='ltr'><strong>rerum</strong></span> <span class='ocrx_word' id='word_1_503' title='bbox 593 1978 800 2006; x_wconf 85' lang='lat' dir='ltr'><strong>accommodent</strong></span> <span class='ocrx_word' id='word_1_504' title='bbox 820 1978 942 2011; x_wconf 88' lang='lat' dir='ltr'><strong>nomina,</strong></span> <span class='ocrx_word' id='word_1_505' title='bbox 971 1985 1032 2012; x_wconf 63' lang='lat' dir='ltr'><strong>quas</strong></span> 
     </span>
    </p>
   </div>
   <div class='ocr_carea' id='block_1_71' title="bbox 249 2023 1032 2060">
    <p class='ocr_par' dir='ltr' id='par_1_71' title="bbox 249 2023 1032 2060">
     <span class='ocr_line' id='line_1_71' title="bbox 249 2023 1032 2060; baseline -0.003 -7"><span class='ocrx_word' id='word_1_506' title='bbox 249 2025 331 2053; x_wconf 90' lang='lat' dir='ltr'><strong>rebus</strong></span> <span class='ocrx_word' id='word_1_507' title='bbox 348 2025 414 2060; x_wconf 89' lang='lat' dir='ltr'><strong>ipsis</strong></span> <span class='ocrx_word' id='word_1_508' title='bbox 432 2024 459 2052; x_wconf 90' lang='lat' dir='ltr'><strong>in</strong></span> <span class='ocrx_word' id='word_1_509' title='bbox 472 2024 538 2052; x_wconf 83' lang='lat' dir='ltr'><strong>locis</strong></span> <span class='ocrx_word' id='word_1_510' title='bbox 553 2028 579 2052; x_wconf 88' lang='lat' dir='ltr'><strong>et</strong></span> <span class='ocrx_word' id='word_1_511' title='bbox 593 2023 762 2059; x_wconf 85' lang='lat' dir='ltr'><strong>temporibus</strong></span> <span class='ocrx_word' id='word_1_512' title='bbox 773 2023 827 2051; x_wconf 90' lang='lat' dir='ltr'><strong>illis</strong></span> <span class='ocrx_word' id='word_1_513' title='bbox 845 2023 1032 2051; x_wconf 80' lang='lat' dir='ltr'><strong>evenientibus</strong></span> 
     </span>
    </p>
   </div>
   <div class='ocr_carea' id='block_1_72' title="bbox 249 2069 1029 2105">
    <p class='ocr_par' dir='ltr' id='par_1_72' title="bbox 249 2069 1029 2105">
     <span class='ocr_line' id='line_1_72' title="bbox 249 2069 1029 2105; baseline -0.003 -7"><span class='ocrx_word' id='word_1_514' title='bbox 249 2070 393 2098; x_wconf 86' lang='lat' dir='ltr'><strong>debentur.</strong></span> <span class='ocrx_word' id='word_1_515' title='bbox 411 2070 456 2098; x_wconf 90' lang='lat' dir='ltr'><strong>Sic</strong></span> <span class='ocrx_word' id='word_1_516' title='bbox 471 2074 581 2105; x_wconf 89' lang='lat' dir='ltr'><strong>puteum</strong></span> <span class='ocrx_word' id='word_1_517' title='bbox 598 2069 837 2105; x_wconf 82' lang='lat' dir='ltr'><strong>quemdamjurgii</strong></span> <span class='ocrx_word' id='word_1_518' title='bbox 850 2069 1029 2104; x_wconf 74' lang='lat' dir='ltr'><strong>appellarunt,</strong></span> 
     </span>
    </p>
   </div>
   <div class='ocr_carea' id='block_1_73' title="bbox 248 2115 1033 2152">
    <p class='ocr_par' dir='ltr' id='par_1_73' title="bbox 248 2115 1033 2152">
     <span class='ocr_line' id='line_1_73' title="bbox 248 2115 1033 2152; baseline -0.003 -8"><span class='ocrx_word' id='word_1_519' title='bbox 248 2125 311 2144; x_wconf 90' lang='lat' dir='ltr'><strong>cum</strong></span> <span class='ocrx_word' id='word_1_520' title='bbox 327 2120 427 2152; x_wconf 85' lang='lat' dir='ltr'><strong>puteus</strong></span> <span class='ocrx_word' id='word_1_521' title='bbox 440 2124 493 2144; x_wconf 90' lang='lat' dir='ltr'><strong>non</strong></span> <span class='ocrx_word' id='word_1_522' title='bbox 507 2116 644 2151; x_wconf 73' lang='lat' dir='ltr'><strong>jurgasset</strong></span> <span class='ocrx_word' id='word_1_523' title='bbox 669 2115 716 2142; x_wconf 85' lang='lat' dir='ltr'><strong>sed</strong></span> <span class='ocrx_word' id='word_1_524' title='bbox 736 2116 769 2142; x_wconf 83' lang='lat' dir='ltr'><strong>de</strong></span> <span class='ocrx_word' id='word_1_525' title='bbox 783 2119 865 2150; x_wconf 89' lang='lat' dir='ltr'><strong>puteo</strong></span> <span class='ocrx_word' id='word_1_526' title='bbox 888 2115 947 2150; x_wconf 89' lang='lat' dir='ltr'><strong>ipso</strong></span> <span class='ocrx_word' id='word_1_527' title='bbox 962 2115 1033 2143; x_wconf 87' lang='lat' dir='ltr'><strong>inter</strong></span> 
     </span>
    </p>
   </div>
   <div class='ocr_carea' id='block_1_74' title="bbox 248 2160 1030 2195">
    <p class='ocr_par' dir='ltr' id='par_1_74' title="bbox 248 2160 1030 2195">
     <span class='ocr_line' id='line_1_74' title="bbox 248 2160 1030 2195; baseline -0.004 -6"><span class='ocrx_word' id='word_1_528' title='bbox 248 2171 278 2189; x_wconf 86' lang='lat' dir='ltr'><strong>se</strong></span> <span class='ocrx_word' id='word_1_529' title='bbox 308 2161 514 2188; x_wconf 88' lang='lat' dir='ltr'><strong>contendissent</strong></span> <span class='ocrx_word' id='word_1_530' title='bbox 541 2165 666 2195; x_wconf 89' lang='lat' dir='ltr'><strong>pastores</strong></span> <span class='ocrx_word' id='word_1_531' title='bbox 679 2160 712 2187; x_wconf 86' lang='lat'><strong>”.</strong></span> <span class='ocrx_word' id='word_1_532' title='bbox 746 2160 777 2187; x_wconf 87' lang='lat' dir='ltr'><strong>Et</strong></span> <span class='ocrx_word' id='word_1_533' title='bbox 817 2167 913 2188; x_wconf 89' lang='lat' dir='ltr'><strong>rursus</strong></span> <span class='ocrx_word' id='word_1_534' title='bbox 946 2161 1030 2187; x_wconf 91' lang='lat' dir='ltr'><strong>alium</strong></span> 
     </span>
    </p>
   </div>
   <div class='ocr_carea' id='block_1_75' title="bbox 248 2205 1030 2242">
    <p class='ocr_par' dir='ltr' id='par_1_75' title="bbox 248 2205 1030 2242">
     <span class='ocr_line' id='line_1_75' title="bbox 248 2205 1030 2242; baseline -0.001 -8"><span class='ocrx_word' id='word_1_535' title='bbox 248 2212 357 2242; x_wconf 78' lang='lat' dir='ltr'><strong>puteum</strong></span> <span class='ocrx_word' id='word_1_536' title='bbox 378 2207 535 2241; x_wconf 77' lang='lat' dir='ltr'><strong>juramenti,</strong></span> <span class='ocrx_word' id='word_1_537' title='bbox 556 2213 611 2233; x_wconf 91' lang='lat' dir='ltr'><strong>non</strong></span> <span class='ocrx_word' id='word_1_538' title='bbox 635 2205 715 2241; x_wconf 87' lang='lat' dir='ltr'><strong>quasi</strong></span> <span class='ocrx_word' id='word_1_539' title='bbox 741 2206 798 2240; x_wconf 89' lang='lat' dir='ltr'><strong>ipse</strong></span> <span class='ocrx_word' id='word_1_540' title='bbox 819 2205 928 2240; x_wconf 88' lang='lat' dir='ltr'><strong>juratus</strong></span> <span class='ocrx_word' id='word_1_541' title='bbox 948 2211 1030 2238; x_wconf 86' lang='lat' dir='ltr'><strong>esset,</strong></span> 
     </span>
    </p>
   </div>
   <div class='ocr_carea' id='block_1_76' title="bbox 1083 1613 1867 1648">
    <p class='ocr_par' dir='ltr' id='par_1_76' title="bbox 1083 1613 1867 1648">
     <span class='ocr_line' id='line_1_76' title="bbox 1083 1613 1867 1648; baseline -0.006 -4"><span class='ocrx_word' id='word_1_542' title='bbox 1083 1617 1158 1644; x_wconf 88' lang='lat' dir='ltr'><strong>tione</strong></span> <span class='ocrx_word' id='word_1_543' title='bbox 1169 1617 1202 1643; x_wconf 88' lang='lat' dir='ltr'><strong>de</strong></span> <span class='ocrx_word' id='word_1_544' title='bbox 1214 1616 1313 1643; x_wconf 87' lang='lat' dir='ltr'><strong>arbore</strong></span> <span class='ocrx_word' id='word_1_545' title='bbox 1327 1614 1398 1648; x_wconf 68' lang='lat' dir='ltr'><strong>vitae,</strong></span> <span class='ocrx_word' id='word_1_546' title='bbox 1419 1619 1447 1642; x_wconf 87' lang='lat' dir='ltr'><strong>et</strong></span> <span class='ocrx_word' id='word_1_547' title='bbox 1463 1614 1540 1641; x_wconf 91' lang='lat' dir='ltr'><strong>multi</strong></span> <span class='ocrx_word' id='word_1_548' title='bbox 1554 1614 1599 1641; x_wconf 90' lang='lat' dir='ltr'><strong>alii</strong></span> <span class='ocrx_word' id='word_1_549' title='bbox 1612 1613 1772 1641; x_wconf 84' lang='lat' dir='ltr'><strong>existimant</strong></span> <span class='ocrx_word' id='word_1_550' title='bbox 1783 1614 1867 1640; x_wconf 82' lang='lat' dir='ltr'><strong>ticum</strong></span> 
     </span>
    </p>
   </div>
   <div class='ocr_carea' id='block_1_77' title="bbox 1083 1659 1869 1694">
    <p class='ocr_par' dir='ltr' id='par_1_77' title="bbox 1083 1659 1869 1694">
     <span class='ocr_line' id='line_1_77' title="bbox 1083 1659 1869 1694; baseline -0.005 -5"><span class='ocrx_word' id='word_1_551' title='bbox 1083 1661 1170 1689; x_wconf 81' lang='lat' dir='ltr'><strong>fuisse</strong></span> <span class='ocrx_word' id='word_1_552' title='bbox 1184 1668 1244 1688; x_wconf 86' lang='lat' dir='ltr'><strong>eam</strong></span> <span class='ocrx_word' id='word_1_553' title='bbox 1260 1661 1399 1692; x_wconf 88' lang='lat' dir='ltr'><strong>arborem,</strong></span> <span class='ocrx_word' id='word_1_554' title='bbox 1415 1668 1480 1694; x_wconf 87' lang='lat' dir='ltr'><strong>qua,</strong></span> <span class='ocrx_word' id='word_1_555' title='bbox 1497 1667 1559 1687; x_wconf 89' lang='lat' dir='ltr'><strong>cum</strong></span> <span class='ocrx_word' id='word_1_556' title='bbox 1573 1664 1645 1686; x_wconf 85' lang='lat' dir='ltr'><strong>esset</strong></span> <span class='ocrx_word' id='word_1_557' title='bbox 1660 1659 1766 1686; x_wconf 83' lang='lat' dir='ltr'><strong>Adamo</strong></span> <span class='ocrx_word' id='word_1_558' title='bbox 1781 1659 1869 1686; x_wconf 84' lang='lat' dir='ltr'><strong>inter-</strong></span> 
     </span>
    </p>
   </div>
   <div class='ocr_carea' id='block_1_78' title="bbox 1083 1704 1867 1739">
    <p class='ocr_par' dir='ltr' id='par_1_78' title="bbox 1083 1704 1867 1739">
     <span class='ocr_line' id='line_1_78' title="bbox 1083 1704 1867 1739; baseline -0.005 -5"><span class='ocrx_word' id='word_1_559' title='bbox 1083 1707 1196 1739; x_wconf 88' lang='lat' dir='ltr'><strong>tlictum,</strong></span> <span class='ocrx_word' id='word_1_560' title='bbox 1208 1714 1261 1734; x_wconf 91' lang='lat' dir='ltr'><strong>non</strong></span> <span class='ocrx_word' id='word_1_561' title='bbox 1284 1706 1425 1734; x_wconf 90' lang='lat' dir='ltr'><strong>abstinuit.</strong></span> <span class='ocrx_word' id='word_1_562' title='bbox 1445 1705 1513 1732; x_wconf 85' lang='lat' dir='ltr'><strong>lluic</strong></span> <span class='ocrx_word' id='word_1_563' title='bbox 1535 1704 1674 1733; x_wconf 72' lang='lat' dir='ltr'><strong>sententiae</strong></span> <span class='ocrx_word' id='word_1_564' title='bbox 1693 1712 1741 1731; x_wconf 81' lang='lat' dir='ltr'><strong>nos</strong></span> <span class='ocrx_word' id='word_1_565' title='bbox 1756 1711 1867 1739; x_wconf 85' lang='lat' dir='ltr'><strong>quoque</strong></span> 
     </span>
    </p>
   </div>
   <div class='ocr_carea' id='block_1_79' title="bbox 1083 1749 1869 1781">
    <p class='ocr_par' dir='ltr' id='par_1_79' title="bbox 1083 1749 1869 1781">
     <span class='ocr_line' id='line_1_79' title="bbox 1083 1749 1869 1781; baseline -0.005 -2"><span class='ocrx_word' id='word_1_566' title='bbox 1083 1757 1112 1780; x_wconf 88' lang='lat' dir='ltr'><strong>ut</strong></span> <span class='ocrx_word' id='word_1_567' title='bbox 1125 1759 1189 1780; x_wconf 90' lang='lat' dir='ltr'><strong>vero</strong></span> <span class='ocrx_word' id='word_1_568' title='bbox 1211 1752 1335 1779; x_wconf 87' lang='lat' dir='ltr'><strong>similiori</strong></span> <span class='ocrx_word' id='word_1_569' title='bbox 1349 1751 1559 1779; x_wconf 88' lang='lat' dir='ltr'><strong>subscribimus.</strong></span> <span class='ocrx_word' id='word_1_570' title='bbox 1577 1749 1714 1777; x_wconf 87' lang='lat' dir='ltr'><strong>Credibile</strong></span> <span class='ocrx_word' id='word_1_571' title='bbox 1728 1750 1800 1776; x_wconf 80' lang='lat' dir='ltr'><strong>enirn</strong></span> <span class='ocrx_word' id='word_1_572' title='bbox 1813 1753 1869 1781; x_wconf 79' lang='lat' dir='ltr'><strong>est,</strong></span> 
     </span>
    </p>
   </div>
   <div class='ocr_carea' id='block_1_80' title="bbox 1082 1795 1869 1832">
    <p class='ocr_par' dir='ltr' id='par_1_80' title="bbox 1082 1795 1869 1832">
     <span class='ocr_line' id='line_1_80' title="bbox 1082 1795 1869 1832; baseline -0.005 -7"><span class='ocrx_word' id='word_1_573' title='bbox 1082 1799 1164 1826; x_wconf 85' lang='lat' dir='ltr'><strong>simul</strong></span> <span class='ocrx_word' id='word_1_574' title='bbox 1185 1802 1267 1832; x_wconf 89' lang='lat' dir='ltr'><strong>atque</strong></span> <span class='ocrx_word' id='word_1_575' title='bbox 1291 1798 1325 1824; x_wconf 92' lang='lat' dir='ltr'><strong>de</strong></span> <span class='ocrx_word' id='word_1_576' title='bbox 1341 1805 1372 1824; x_wconf 88' lang='lat' dir='ltr'><strong>ea</strong></span> <span class='ocrx_word' id='word_1_577' title='bbox 1395 1796 1493 1824; x_wconf 89' lang='lat' dir='ltr'><strong>arbore</strong></span> <span class='ocrx_word' id='word_1_578' title='bbox 1513 1796 1643 1827; x_wconf 85' lang='lat' dir='ltr'><strong>edissent,</strong></span> <span class='ocrx_word' id='word_1_579' title='bbox 1658 1795 1760 1830; x_wconf 91' lang='lat' dir='ltr'><strong>pudore</strong></span> <span class='ocrx_word' id='word_1_580' title='bbox 1775 1802 1869 1822; x_wconf 85' lang='lat' dir='ltr'><strong>corre-</strong></span> 
     </span>
    </p>
   </div>
   <div class='ocr_carea' id='block_1_81' title="bbox 1083 1841 1867 1879">
    <p class='ocr_par' dir='ltr' id='par_1_81' title="bbox 1083 1841 1867 1879">
     <span class='ocr_line' id='line_1_81' title="bbox 1083 1841 1867 1879; baseline -0.004 -9"><span class='ocrx_word' id='word_1_581' title='bbox 1083 1847 1152 1879; x_wconf 82' lang='lat' dir='ltr'><strong>ptos,</strong></span> <span class='ocrx_word' id='word_1_582' title='bbox 1166 1851 1199 1869; x_wconf 89' lang='lat' dir='ltr'><strong>ex</strong></span> <span class='ocrx_word' id='word_1_583' title='bbox 1213 1850 1247 1870; x_wconf 89' lang='lat' dir='ltr'><strong>eo</strong></span> <span class='ocrx_word' id='word_1_584' title='bbox 1261 1842 1332 1878; x_wconf 84' lang='lat' dir='ltr'><strong>quod</strong></span> <span class='ocrx_word' id='word_1_585' title='bbox 1353 1843 1475 1877; x_wconf 85' lang='lat' dir='ltr'><strong>proxime</strong></span> <span class='ocrx_word' id='word_1_586' title='bbox 1492 1842 1526 1869; x_wconf 85' lang='lat' dir='ltr'><strong>ad</strong></span> <span class='ocrx_word' id='word_1_587' title='bbox 1538 1849 1647 1868; x_wconf 88' lang='lat' dir='ltr'><strong>manum</strong></span> <span class='ocrx_word' id='word_1_588' title='bbox 1661 1846 1731 1871; x_wconf 86' lang='lat' dir='ltr'><strong>erat.</strong></span> <span class='ocrx_word' id='word_1_589' title='bbox 1744 1841 1867 1876; x_wconf 70' lang='lat' dir='ltr'><strong>subliga-</strong></span> 
     </span>
    </p>
   </div>
   <div class='ocr_carea' id='block_1_82' title="bbox 1083 1886 1867 1924">
    <p class='ocr_par' dir='ltr' id='par_1_82' title="bbox 1083 1886 1867 1924">
     <span class='ocr_line' id='line_1_82' title="bbox 1083 1886 1867 1924; baseline -0.008 -6"><span class='ocrx_word' id='word_1_590' title='bbox 1083 1890 1143 1918; x_wconf 86' lang='lat' dir='ltr'><strong>cula</strong></span> <span class='ocrx_word' id='word_1_591' title='bbox 1158 1889 1210 1916; x_wconf 87' lang='lat' dir='ltr'><strong>sibi</strong></span> <span class='ocrx_word' id='word_1_592' title='bbox 1225 1889 1431 1924; x_wconf 87' lang='lat' dir='ltr'><strong>comparavisse</strong></span> <span class='ocrx_word' id='word_1_593' title='bbox 1449 1888 1549 1923; x_wconf 82' lang='lat' dir='ltr'><strong>quibus</strong></span> <span class='ocrx_word' id='word_1_594' title='bbox 1565 1895 1614 1915; x_wconf 90' lang='lat' dir='ltr'><strong>sua</strong></span> <span class='ocrx_word' id='word_1_595' title='bbox 1634 1886 1793 1914; x_wconf 81' lang='lat' dir='ltr'><strong>obvelarent</strong></span> <span class='ocrx_word' id='word_1_596' title='bbox 1816 1894 1867 1921; x_wconf 86' lang='lat' dir='ltr'><strong>pu-</strong></span> 
     </span>
    </p>
   </div>
   <div class='ocr_carea' id='block_1_83' title="bbox 1083 1933 1867 1967">
    <p class='ocr_par' dir='ltr' id='par_1_83' title="bbox 1083 1933 1867 1967">
     <span class='ocr_line' id='line_1_83' title="bbox 1083 1933 1867 1967; baseline -0.005 -4"><span class='ocrx_word' id='word_1_597' title='bbox 1083 1935 1169 1963; x_wconf 86' lang='lat' dir='ltr'><strong>denda</strong></span> <span class='ocrx_word' id='word_1_598' title='bbox 1183 1955 1190 1967; x_wconf 91' lang='lat'><strong>,</strong></span> <span class='ocrx_word' id='word_1_599' title='bbox 1204 1942 1235 1962; x_wconf 89' lang='lat' dir='ltr'><strong>ea</strong></span> <span class='ocrx_word' id='word_1_600' title='bbox 1258 1943 1323 1962; x_wconf 89' lang='lat' dir='ltr'><strong>vero</strong></span> <span class='ocrx_word' id='word_1_601' title='bbox 1335 1943 1367 1962; x_wconf 86' lang='lat' dir='ltr'><strong>ex</strong></span> <span class='ocrx_word' id='word_1_602' title='bbox 1383 1934 1505 1962; x_wconf 86' lang='lat' dir='ltr'><strong>ﬁculneis</strong></span> <span class='ocrx_word' id='word_1_603' title='bbox 1522 1934 1595 1961; x_wconf 75' lang='lat' dir='ltr'><strong>foliis</strong></span> <span class='ocrx_word' id='word_1_604' title='bbox 1618 1933 1702 1960; x_wconf 90' lang='lat' dir='ltr'><strong>luisse</strong></span> <span class='ocrx_word' id='word_1_605' title='bbox 1727 1933 1797 1960; x_wconf 77' lang='lat' dir='ltr'><strong>facta</strong></span> <span class='ocrx_word' id='word_1_606' title='bbox 1825 1937 1867 1960; x_wconf 89' lang='lat' dir='ltr'><strong>te-</strong></span> 
     </span>
    </p>
   </div>
   <div class='ocr_carea' id='block_1_84' title="bbox 1086 1978 1867 2016">
    <p class='ocr_par' dir='ltr' id='par_1_84' title="bbox 1086 1978 1867 2016">
     <span class='ocr_line' id='line_1_84' title="bbox 1086 1978 1867 2016; baseline -0.003 -8"><span class='ocrx_word' id='word_1_607' title='bbox 1086 1986 1175 2008; x_wconf 83' lang='lat' dir='ltr'><strong>statur</strong></span> <span class='ocrx_word' id='word_1_608' title='bbox 1188 1981 1247 2016; x_wconf 79' lang='lat' dir='ltr'><strong>ipsa</strong></span> <span class='ocrx_word' id='word_1_609' title='bbox 1272 1980 1412 2016; x_wconf 89' lang='lat' dir='ltr'><strong>Scriptura</strong></span> <span class='ocrx_word' id='word_1_610' title='bbox 1429 1981 1462 2007; x_wconf 79' lang='lat'><strong>“.</strong></span> <span class='ocrx_word' id='word_1_611' title='bbox 1485 1979 1578 2014; x_wconf 85' lang='lat' dir='ltr'><strong>Neque</strong></span> <span class='ocrx_word' id='word_1_612' title='bbox 1602 1980 1674 2006; x_wconf 88' lang='lat' dir='ltr'><strong>enim</strong></span> <span class='ocrx_word' id='word_1_613' title='bbox 1699 1979 1787 2006; x_wconf 87' lang='lat' dir='ltr'><strong>simile</strong></span> <span class='ocrx_word' id='word_1_614' title='bbox 1811 1978 1867 2006; x_wconf 85' lang='lat' dir='ltr'><strong>veri</strong></span> 
     </span>
    </p>
   </div>
   <div class='ocr_carea' id='block_1_85' title="bbox 1084 2024 1868 2062">
    <p class='ocr_par' dir='ltr' id='par_1_85' title="bbox 1084 2024 1868 2062">
     <span class='ocr_line' id='line_1_85' title="bbox 1084 2024 1868 2062; baseline -0.005 -8"><span class='ocrx_word' id='word_1_615' title='bbox 1084 2030 1172 2062; x_wconf 87' lang='lat' dir='ltr'><strong>potest</strong></span> <span class='ocrx_word' id='word_1_616' title='bbox 1187 2026 1350 2059; x_wconf 80' lang='lat' dir='ltr'><strong>existimari,</strong></span> <span class='ocrx_word' id='word_1_617' title='bbox 1366 2025 1438 2060; x_wconf 88' lang='lat' dir='ltr'><strong>ipsos</strong></span> <span class='ocrx_word' id='word_1_618' title='bbox 1447 2025 1629 2060; x_wconf 65' lang='lat' dir='ltr'><strong>praetermissa</strong></span> <span class='ocrx_word' id='word_1_619' title='bbox 1648 2031 1679 2051; x_wconf 86' lang='lat' dir='ltr'><strong>ea</strong></span> <span class='ocrx_word' id='word_1_620' title='bbox 1690 2024 1787 2050; x_wconf 71' lang='lat' dir='ltr'><strong>artore</strong></span> <span class='ocrx_word' id='word_1_621' title='bbox 1806 2030 1868 2058; x_wconf 71' lang='lat' dir='ltr'><strong>quae</strong></span> 
     </span>
    </p>
   </div>
   <div class='ocr_carea' id='block_1_86' title="bbox 1084 2069 1869 2107">
    <p class='ocr_par' dir='ltr' id='par_1_86' title="bbox 1084 2069 1869 2107">
     <span class='ocr_line' id='line_1_86' title="bbox 1084 2069 1869 2107; baseline -0.006 -7"><span class='ocrx_word' id='word_1_622' title='bbox 1084 2072 1206 2107; x_wconf 86' lang='lat' dir='ltr'><strong>proxima</strong></span> <span class='ocrx_word' id='word_1_623' title='bbox 1219 2076 1287 2105; x_wconf 82' lang='lat' dir='ltr'><strong>erat,</strong></span> <span class='ocrx_word' id='word_1_624' title='bbox 1313 2072 1344 2099; x_wconf 90' lang='lat' dir='ltr'><strong>ad</strong></span> <span class='ocrx_word' id='word_1_625' title='bbox 1368 2072 1448 2099; x_wconf 88' lang='lat' dir='ltr'><strong>aliam</strong></span> <span class='ocrx_word' id='word_1_626' title='bbox 1466 2070 1635 2106; x_wconf 73' lang='lat' dir='ltr'><strong>longiuscule</strong></span> <span class='ocrx_word' id='word_1_627' title='bbox 1647 2070 1771 2097; x_wconf 86' lang='lat' dir='ltr'><strong>dissitam</strong></span> <span class='ocrx_word' id='word_1_628' title='bbox 1792 2069 1869 2096; x_wconf 76' lang='lat' dir='ltr'><strong>festi-</strong></span> 
     </span>
    </p>
   </div>
   <div class='ocr_carea' id='block_1_87' title="bbox 1085 2115 1866 2152">
    <p class='ocr_par' dir='ltr' id='par_1_87' title="bbox 1085 2115 1866 2152">
     <span class='ocr_line' id='line_1_87' title="bbox 1085 2115 1866 2152; baseline -0.006 -6"><span class='ocrx_word' id='word_1_629' title='bbox 1085 2126 1182 2151; x_wconf 75' lang='lat' dir='ltr'><strong>nasse;</strong></span> <span class='ocrx_word' id='word_1_630' title='bbox 1194 2126 1227 2145; x_wconf 91' lang='lat' dir='ltr'><strong>ex</strong></span> <span class='ocrx_word' id='word_1_631' title='bbox 1240 2118 1319 2152; x_wconf 90' lang='lat' dir='ltr'><strong>cujus</strong></span> <span class='ocrx_word' id='word_1_632' title='bbox 1335 2117 1406 2144; x_wconf 79' lang='lat' dir='ltr'><strong>follis</strong></span> <span class='ocrx_word' id='word_1_633' title='bbox 1415 2117 1586 2144; x_wconf 89' lang='lat' dir='ltr'><strong>concinnatis</strong></span> <span class='ocrx_word' id='word_1_634' title='bbox 1600 2115 1777 2150; x_wconf 79' lang='lat' dir='ltr'><strong>subligaculis</strong></span> <span class='ocrx_word' id='word_1_635' title='bbox 1788 2122 1866 2142; x_wconf 85' lang='lat' dir='ltr'><strong>suam</strong></span> 
     </span>
    </p>
   </div>
   <div class='ocr_carea' id='block_1_88' title="bbox 1084 2160 1869 2199">
    <p class='ocr_par' dir='ltr' id='par_1_88' title="bbox 1084 2160 1869 2199">
     <span class='ocr_line' id='line_1_88' title="bbox 1084 2160 1869 2199; baseline -0.006 -8"><span class='ocrx_word' id='word_1_636' title='bbox 1084 2169 1257 2199; x_wconf 74' lang='lat' dir='ltr'><strong>contegerent</strong></span> <span class='ocrx_word' id='word_1_637' title='bbox 1283 2163 1446 2191; x_wconf 86' lang='lat' dir='ltr'><strong>nuditatem.</strong></span> <span class='ocrx_word' id='word_1_638' title='bbox 1468 2162 1501 2189; x_wconf 88' lang='lat' dir='ltr'><strong>Et</strong></span> <span class='ocrx_word' id='word_1_639' title='bbox 1531 2169 1596 2196; x_wconf 80' lang='lat' dir='ltr'><strong>ergo</strong></span> <span class='ocrx_word' id='word_1_640' title='bbox 1622 2161 1690 2188; x_wconf 85' lang='lat' dir='ltr'><strong>licus</strong></span> <span class='ocrx_word' id='word_1_641' title='bbox 1718 2161 1799 2188; x_wconf 89' lang='lat' dir='ltr'><strong>arbor</strong></span> <span class='ocrx_word' id='word_1_642' title='bbox 1822 2160 1869 2187; x_wconf 82' lang='lat' dir='ltr'><strong>illa</strong></span> 
     </span>
    </p>
   </div>
   <div class='ocr_carea' id='block_1_89' title="bbox 1086 2207 1870 2241">
    <p class='ocr_par' dir='ltr' id='par_1_89' title="bbox 1086 2207 1870 2241">
     <span class='ocr_line' id='line_1_89' title="bbox 1086 2207 1870 2241; baseline -0.006 -4"><span class='ocrx_word' id='word_1_643' title='bbox 1086 2210 1207 2238; x_wconf 71' lang='lat' dir='ltr'><strong>scientiae</strong></span> <span class='ocrx_word' id='word_1_644' title='bbox 1222 2209 1285 2238; x_wconf 86' lang='lat' dir='ltr'><strong>boni</strong></span> <span class='ocrx_word' id='word_1_645' title='bbox 1309 2216 1337 2237; x_wconf 87' lang='lat' dir='ltr'><strong>et</strong></span> <span class='ocrx_word' id='word_1_646' title='bbox 1360 2209 1442 2240; x_wconf 86' lang='lat' dir='ltr'><strong>mali;</strong></span> <span class='ocrx_word' id='word_1_647' title='bbox 1461 2215 1514 2241; x_wconf 89' lang='lat' dir='ltr'><strong>qua</strong></span> <span class='ocrx_word' id='word_1_648' title='bbox 1530 2215 1585 2234; x_wconf 91' lang='lat' dir='ltr'><strong>non</strong></span> <span class='ocrx_word' id='word_1_649' title='bbox 1604 2207 1675 2234; x_wconf 85' lang='lat' dir='ltr'><strong>vesci</strong></span> <span class='ocrx_word' id='word_1_650' title='bbox 1696 2215 1758 2233; x_wconf 91' lang='lat' dir='ltr'><strong>cum</strong></span> <span class='ocrx_word' id='word_1_651' title='bbox 1777 2211 1870 2234; x_wconf 83' lang='lat' dir='ltr'><strong>essent</strong></span> 
     </span>
    </p>
   </div>
   <div class='ocr_carea' id='block_1_90' title="bbox 250 2238 1030 2291">
    <p class='ocr_par' dir='ltr' id='par_1_90' title="bbox 250 2238 1030 2286">
     <span class='ocr_line' id='line_1_90' title="bbox 250 2238 1030 2286; baseline -0.003 -7"><span class='ocrx_word' id='word_1_652' title='bbox 250 2238 299 2279; x_wconf 80' lang='lat' dir='ltr'><strong>sed</strong></span> <span class='ocrx_word' id='word_1_653' title='bbox 331 2238 395 2286; x_wconf 73' lang='lat' dir='ltr'><strong>quia</strong></span> <span class='ocrx_word' id='word_1_654' title='bbox 429 2251 463 2278; x_wconf 88' lang='lat' dir='ltr'><strong>de</strong></span> <span class='ocrx_word' id='word_1_655' title='bbox 498 2238 557 2285; x_wconf 84' lang='lat' dir='ltr'><strong>ipso</strong></span> <span class='ocrx_word' id='word_1_656' title='bbox 584 2238 657 2278; x_wconf 77' lang='lat' dir='ltr'><strong>facta</strong></span> <span class='ocrx_word' id='word_1_657' title='bbox 689 2238 798 2278; x_wconf 82' lang='lat' dir='ltr'><strong>fuerant</strong></span> <span class='ocrx_word' id='word_1_658' title='bbox 819 2238 984 2285; x_wconf 68' lang='lat' dir='ltr'><strong>juramcnta</strong></span> <span class='ocrx_word' id='word_1_659' title='bbox 997 2250 1030 2278; x_wconf 80' lang='grc'><strong>⁴⁰.</strong></span> 
     </span>
    </p>
   </div>
   <div class='ocr_carea' id='block_1_91' title="bbox 1082 2238 1869 2291">
    <p class='ocr_par' dir='ltr' id='par_1_91' title="bbox 1084 2252 1869 2291">
     <span class='ocr_line' id='line_1_91' title="bbox 1084 2252 1869 2291; baseline -0.005 -8"><span class='ocrx_word' id='word_1_660' title='bbox 1084 2256 1164 2291; x_wconf 84' lang='lat' dir='ltr'><strong>jussi,</strong></span> <span class='ocrx_word' id='word_1_661' title='bbox 1183 2263 1236 2283; x_wconf 92' lang='lat' dir='ltr'><strong>non</strong></span> <span class='ocrx_word' id='word_1_662' title='bbox 1253 2258 1401 2290; x_wconf 88' lang='lat' dir='ltr'><strong>paruerunt</strong></span> <span class='ocrx_word' id='word_1_663' title='bbox 1417 2252 1518 2280; x_wconf 87' lang='lat' dir='ltr'><strong>edicto.</strong></span> <span class='ocrx_word' id='word_1_664' title='bbox 1538 2252 1607 2278; x_wconf 85' lang='lat' dir='ltr'><strong>Sunt</strong></span> <span class='ocrx_word' id='word_1_665' title='bbox 1620 2257 1708 2278; x_wconf 83' lang='lat' dir='ltr'><strong>tamen</strong></span> <span class='ocrx_word' id='word_1_666' title='bbox 1723 2253 1769 2285; x_wconf 88' lang='lat' dir='ltr'><strong>qui</strong></span> <span class='ocrx_word' id='word_1_667' title='bbox 1786 2252 1869 2279; x_wconf 76' lang='lat' dir='ltr'><strong>Velint</strong></span> 
     </span>
    </p>
   </div>
   <div class='ocr_carea' id='block_1_92' title="bbox 250 2295 1034 2330">
    <p class='ocr_par' dir='ltr' id='par_1_92' title="bbox 250 2295 1034 2330">
     <span class='ocr_line' id='line_1_92' title="bbox 250 2295 1034 2330; baseline 0 -6"><span class='ocrx_word' id='word_1_668' title='bbox 250 2296 381 2324; x_wconf 86' lang='lat' dir='ltr'><strong>Similiter</strong></span> <span class='ocrx_word' id='word_1_669' title='bbox 408 2296 547 2323; x_wconf 90' lang='lat' dir='ltr'><strong>cumulum</strong></span> <span class='ocrx_word' id='word_1_670' title='bbox 587 2295 731 2330; x_wconf 86' lang='lat' dir='ltr'><strong>quemdam</strong></span> <span class='ocrx_word' id='word_1_671' title='bbox 760 2296 880 2330; x_wconf 88' lang='lat' dir='ltr'><strong>lapidum</strong></span> <span class='ocrx_word' id='word_1_672' title='bbox 901 2301 1034 2324; x_wconf 85' lang='lat' dir='ltr'><strong>vocarunt</strong></span> 
     </span>
    </p>
   </div>
   <div class='ocr_carea' id='block_1_93' title="bbox 250 2341 1033 2377">
    <p class='ocr_par' dir='ltr' id='par_1_93' title="bbox 250 2341 1033 2377">
     <span class='ocr_line' id='line_1_93' title="bbox 250 2341 1033 2377; baseline -0.001 -7"><span class='ocrx_word' id='word_1_673' title='bbox 250 2342 385 2370; x_wconf 71' lang='lat' dir='ltr'><strong>tumulum</strong></span> <span class='ocrx_word' id='word_1_674' title='bbox 413 2342 601 2374; x_wconf 76' lang='lat' dir='ltr'><strong>testimonii&quot;,</strong></span> <span class='ocrx_word' id='word_1_675' title='bbox 628 2341 675 2376; x_wconf 88' lang='lat' dir='ltr'><strong>qui</strong></span> <span class='ocrx_word' id='word_1_676' title='bbox 704 2341 808 2369; x_wconf 89' lang='lat' dir='ltr'><strong>nullum</strong></span> <span class='ocrx_word' id='word_1_677' title='bbox 827 2342 916 2377; x_wconf 90' lang='lat' dir='ltr'><strong>potuit</strong></span> <span class='ocrx_word' id='word_1_678' title='bbox 942 2342 1033 2370; x_wconf 86' lang='lat' dir='ltr'><strong>dicere</strong></span> 
     </span>
    </p>
   </div>
   <div class='ocr_carea' id='block_1_94' title="bbox 249 2386 1033 2422">
    <p class='ocr_par' dir='ltr' id='par_1_94' title="bbox 249 2386 1033 2422">
     <span class='ocr_line' id='line_1_94' title="bbox 249 2386 1033 2422; baseline -0.001 -7"><span class='ocrx_word' id='word_1_679' title='bbox 249 2387 449 2420; x_wconf 83' lang='lat' dir='ltr'><strong>testimonium,</strong></span> <span class='ocrx_word' id='word_1_680' title='bbox 473 2387 518 2414; x_wconf 88' lang='lat' dir='ltr'><strong>sed</strong></span> <span class='ocrx_word' id='word_1_681' title='bbox 534 2387 597 2422; x_wconf 91' lang='lat' dir='ltr'><strong>quia</strong></span> <span class='ocrx_word' id='word_1_682' title='bbox 613 2387 684 2421; x_wconf 85' lang='lat' dir='ltr'><strong>apud</strong></span> <span class='ocrx_word' id='word_1_683' title='bbox 709 2386 797 2421; x_wconf 89' lang='lat' dir='ltr'><strong>ipsum</strong></span> <span class='ocrx_word' id='word_1_684' title='bbox 817 2392 926 2422; x_wconf 89' lang='lat' dir='ltr'><strong>peracta</strong></span> <span class='ocrx_word' id='word_1_685' title='bbox 944 2387 1033 2414; x_wconf 84' lang='lat' dir='ltr'><strong>fuerat</strong></span> 
     </span>
    </p>
   </div>
   <div class='ocr_carea' id='block_1_95' title="bbox 249 2431 1034 2467">
    <p class='ocr_par' dir='ltr' id='par_1_95' title="bbox 249 2431 1034 2467">
     <span class='ocr_line' id='line_1_95' title="bbox 249 2431 1034 2467; baseline -0.004 -6"><span class='ocrx_word' id='word_1_686' title='bbox 249 2433 415 2461; x_wconf 81' lang='lat' dir='ltr'><strong>contestatio</strong></span> <span class='ocrx_word' id='word_1_687' title='bbox 431 2433 502 2460; x_wconf 82' lang='lat' dir='ltr'><strong>inter</strong></span> <span class='ocrx_word' id='word_1_688' title='bbox 519 2431 603 2459; x_wconf 70' lang='lat' dir='ltr'><strong>Iacob</strong></span> <span class='ocrx_word' id='word_1_689' title='bbox 617 2436 644 2459; x_wconf 89' lang='lat' dir='ltr'><strong>et</strong></span> <span class='ocrx_word' id='word_1_690' title='bbox 666 2431 778 2460; x_wconf 63' lang='lat' dir='ltr'><strong>Labam,</strong></span> <span class='ocrx_word' id='word_1_691' title='bbox 798 2431 920 2467; x_wconf 85' lang='lat' dir='ltr'><strong>Denique</strong></span> <span class='ocrx_word' id='word_1_692' title='bbox 948 2431 1034 2459; x_wconf 78' lang='lat' dir='ltr'><strong>Jacob</strong></span> 
     </span>
    </p>
   </div>
   <div class='ocr_carea' id='block_1_96' title="bbox 250 2477 1035 2511">
    <p class='ocr_par' dir='ltr' id='par_1_96' title="bbox 250 2477 1035 2511">
     <span class='ocr_line' id='line_1_96' title="bbox 250 2477 1035 2511; baseline -0.004 -5"><span class='ocrx_word' id='word_1_693' title='bbox 250 2479 345 2506; x_wconf 87' lang='lat' dir='ltr'><strong>Bethel</strong></span> <span class='ocrx_word' id='word_1_694' title='bbox 362 2478 515 2507; x_wconf 84' lang='lat' dir='ltr'><strong>nominavit</strong></span> <span class='ocrx_word' id='word_1_695' title='bbox 529 2478 672 2504; x_wconf 74' lang='lat' dir='ltr'><strong>exercitum</strong></span> <span class='ocrx_word' id='word_1_696' title='bbox 686 2477 732 2504; x_wconf 79' lang='lat' dir='ltr'><strong>Dei</strong></span> <span class='ocrx_word' id='word_1_697' title='bbox 747 2478 781 2509; x_wconf 70' lang='grc' dir='ltr'><strong>δ’,</strong></span> <span class='ocrx_word' id='word_1_698' title='bbox 799 2485 861 2504; x_wconf 90' lang='lat' dir='ltr'><strong>cum</strong></span> <span class='ocrx_word' id='word_1_699' title='bbox 877 2477 953 2505; x_wconf 88' lang='lat' dir='ltr'><strong>locus</strong></span> <span class='ocrx_word' id='word_1_700' title='bbox 977 2477 1035 2511; x_wconf 90' lang='lat' dir='ltr'><strong>ipse</strong></span> 
     </span>
    </p>
   </div>
   <div class='ocr_carea' id='block_1_97' title="bbox 252 2522 1035 2558">
    <p class='ocr_par' dir='ltr' id='par_1_97' title="bbox 252 2522 1035 2558">
     <span class='ocr_line' id='line_1_97' title="bbox 252 2522 1035 2558; baseline -0.003 -6"><span class='ocrx_word' id='word_1_701' title='bbox 252 2525 326 2552; x_wconf 87' lang='lat' dir='ltr'><strong>haud</strong></span> <span class='ocrx_word' id='word_1_702' title='bbox 349 2529 423 2553; x_wconf 89' lang='lat' dir='ltr'><strong>esset</strong></span> <span class='ocrx_word' id='word_1_703' title='bbox 446 2524 584 2552; x_wconf 88' lang='lat' dir='ltr'><strong>exercitus</strong></span> <span class='ocrx_word' id='word_1_704' title='bbox 603 2523 660 2556; x_wconf 86' lang='lat' dir='ltr'><strong>Dei,</strong></span> <span class='ocrx_word' id='word_1_705' title='bbox 679 2531 772 2550; x_wconf 88' lang='lat' dir='ltr'><strong>verum</strong></span> <span class='ocrx_word' id='word_1_706' title='bbox 789 2523 851 2558; x_wconf 89' lang='lat' dir='ltr'><strong>quia</strong></span> <span class='ocrx_word' id='word_1_707' title='bbox 877 2523 904 2549; x_wconf 93' lang='lat' dir='ltr'><strong>in</strong></span> <span class='ocrx_word' id='word_1_708' title='bbox 920 2530 952 2550; x_wconf 89' lang='lat' dir='ltr'><strong>eo</strong></span> <span class='ocrx_word' id='word_1_709' title='bbox 975 2522 1035 2550; x_wconf 91' lang='lat' dir='ltr'><strong>loco</strong></span> 
     </span>
    </p>
   </div>
   <div class='ocr_carea' id='block_1_98' title="bbox 251 2568 1035 2603">
    <p class='ocr_par' dir='ltr' id='par_1_98' title="bbox 251 2568 1035 2603">
     <span class='ocr_line' id='line_1_98' title="bbox 251 2568 1035 2603; baseline -0.004 -6"><span class='ocrx_word' id='word_1_710' title='bbox 251 2571 402 2597; x_wconf 86' lang='lat' dir='ltr'><strong>exercitum</strong></span> <span class='ocrx_word' id='word_1_711' title='bbox 429 2568 476 2596; x_wconf 88' lang='lat' dir='ltr'><strong>Dei</strong></span> <span class='ocrx_word' id='word_1_712' title='bbox 506 2569 551 2596; x_wconf 88' lang='lat' dir='ltr'><strong>ille</strong></span> <span class='ocrx_word' id='word_1_713' title='bbox 581 2569 702 2596; x_wconf 87' lang='lat' dir='ltr'><strong>vidisset.</strong></span> <span class='ocrx_word' id='word_1_714' title='bbox 734 2569 774 2595; x_wconf 85' lang='lat' dir='ltr'><strong>Ad</strong></span> <span class='ocrx_word' id='word_1_715' title='bbox 802 2569 928 2595; x_wconf 87' lang='lat' dir='ltr'><strong>eumdem</strong></span> <span class='ocrx_word' id='word_1_716' title='bbox 953 2568 1035 2603; x_wconf 78' lang='lat' dir='ltr'><strong>igitur</strong></span> 
     </span>
    </p>
   </div>
   <div class='ocr_carea' id='block_1_99' title="bbox 251 2613 1036 2648">
    <p class='ocr_par' dir='ltr' id='par_1_99' title="bbox 251 2613 1036 2648">
     <span class='ocr_line' id='line_1_99' title="bbox 251 2613 1036 2648; baseline -0.003 -6"><span class='ocrx_word' id='word_1_717' title='bbox 251 2616 362 2643; x_wconf 87' lang='lat' dir='ltr'><strong>modum</strong></span> <span class='ocrx_word' id='word_1_718' title='bbox 386 2615 469 2642; x_wconf 87' lang='lat' dir='ltr'><strong>arbor</strong></span> <span class='ocrx_word' id='word_1_719' title='bbox 493 2614 537 2641; x_wconf 89' lang='lat' dir='ltr'><strong>illa</strong></span> <span class='ocrx_word' id='word_1_720' title='bbox 563 2613 752 2648; x_wconf 77' lang='lat' dir='ltr'><strong>cognominata</strong></span> <span class='ocrx_word' id='word_1_721' title='bbox 773 2618 816 2640; x_wconf 89' lang='lat' dir='ltr'><strong>est</strong></span> <span class='ocrx_word' id='word_1_722' title='bbox 831 2614 951 2641; x_wconf 70' lang='lat' dir='ltr'><strong>scientiae</strong></span> <span class='ocrx_word' id='word_1_723' title='bbox 970 2613 1036 2641; x_wconf 91' lang='lat' dir='ltr'><strong>boni</strong></span> 
     </span>
    </p>
   </div>
   <div class='ocr_carea' id='block_1_100' title="bbox 251 2657 1035 2693">
    <p class='ocr_par' dir='ltr' id='par_1_100' title="bbox 251 2657 1035 2693">
     <span class='ocr_line' id='line_1_100' title="bbox 251 2657 1035 2693; baseline -0.001 -7"><span class='ocrx_word' id='word_1_724' title='bbox 251 2663 278 2686; x_wconf 89' lang='lat' dir='ltr'><strong>et</strong></span> <span class='ocrx_word' id='word_1_725' title='bbox 302 2658 378 2690; x_wconf 86' lang='lat' dir='ltr'><strong>mali,</strong></span> <span class='ocrx_word' id='word_1_726' title='bbox 400 2666 454 2685; x_wconf 88' lang='lat' dir='ltr'><strong>non</strong></span> <span class='ocrx_word' id='word_1_727' title='bbox 471 2658 542 2693; x_wconf 90' lang='lat' dir='ltr'><strong>quod</strong></span> <span class='ocrx_word' id='word_1_728' title='bbox 561 2657 619 2692; x_wconf 86' lang='lat' dir='ltr'><strong>ipsa</strong></span> <span class='ocrx_word' id='word_1_729' title='bbox 636 2657 677 2685; x_wconf 81' lang='lat' dir='ltr'><strong>vel</strong></span> <span class='ocrx_word' id='word_1_730' title='bbox 703 2657 729 2684; x_wconf 91' lang='lat' dir='ltr'><strong>in</strong></span> <span class='ocrx_word' id='word_1_731' title='bbox 750 2665 780 2685; x_wconf 88' lang='lat' dir='ltr'><strong>se</strong></span> <span class='ocrx_word' id='word_1_732' title='bbox 796 2658 875 2685; x_wconf 89' lang='lat' dir='ltr'><strong>talem</strong></span> <span class='ocrx_word' id='word_1_733' title='bbox 892 2659 1035 2686; x_wconf 87' lang='lat' dir='ltr'><strong>scientiam</strong></span> 
     </span>
    </p>
   </div>
   <div class='ocr_carea' id='block_1_101' title="bbox 253 2701 1034 2738">
    <p class='ocr_par' dir='ltr' id='par_1_101' title="bbox 253 2701 1034 2738">
     <span class='ocr_line' id='line_1_101' title="bbox 253 2701 1034 2738; baseline 0 -8"><span class='ocrx_word' id='word_1_734' title='bbox 253 2703 380 2731; x_wconf 87' lang='lat' dir='ltr'><strong>habuerit</strong></span> <span class='ocrx_word' id='word_1_735' title='bbox 398 2707 444 2729; x_wconf 92' lang='lat' dir='ltr'><strong>aut</strong></span> <span class='ocrx_word' id='word_1_736' title='bbox 457 2710 517 2730; x_wconf 88' lang='lat' dir='ltr'><strong>eam</strong></span> <span class='ocrx_word' id='word_1_737' title='bbox 534 2702 561 2729; x_wconf 89' lang='lat' dir='ltr'><strong>in</strong></span> <span class='ocrx_word' id='word_1_738' title='bbox 581 2702 685 2729; x_wconf 81' lang='lat' dir='ltr'><strong>Adamn</strong></span> <span class='ocrx_word' id='word_1_739' title='bbox 702 2701 832 2734; x_wconf 70' lang='lat' dir='ltr'><strong>olfecerit,</strong></span> <span class='ocrx_word' id='word_1_740' title='bbox 850 2710 903 2737; x_wconf 90' lang='lat' dir='ltr'><strong>qua</strong></span> <span class='ocrx_word' id='word_1_741' title='bbox 919 2703 964 2730; x_wconf 89' lang='lat' dir='ltr'><strong>hic</strong></span> <span class='ocrx_word' id='word_1_742' title='bbox 977 2703 1034 2738; x_wconf 91' lang='lat' dir='ltr'><strong>jam</strong></span> 
     </span>
    </p>
   </div>
   <div class='ocr_carea' id='block_1_102' title="bbox 252 2748 1035 2783">
    <p class='ocr_par' dir='ltr' id='par_1_102' title="bbox 252 2748 1035 2783">
     <span class='ocr_line' id='line_1_102' title="bbox 252 2748 1035 2783; baseline 0.003 -9"><span class='ocrx_word' id='word_1_743' title='bbox 252 2752 316 2776; x_wconf 85' lang='lat' dir='ltr'><strong>ante</strong></span> <span class='ocrx_word' id='word_1_744' title='bbox 332 2748 461 2783; x_wconf 86' lang='lat' dir='ltr'><strong>pollebat,</strong></span> <span class='ocrx_word' id='word_1_745' title='bbox 479 2748 526 2775; x_wconf 88' lang='lat' dir='ltr'><strong>sed</strong></span> <span class='ocrx_word' id='word_1_746' title='bbox 542 2748 608 2782; x_wconf 88' lang='lat' dir='ltr'><strong>quia</strong></span> <span class='ocrx_word' id='word_1_747' title='bbox 630 2754 678 2782; x_wconf 86' lang='lat' dir='ltr'><strong>per</strong></span> <span class='ocrx_word' id='word_1_748' title='bbox 701 2755 761 2774; x_wconf 79' lang='lat' dir='ltr'><strong>eam</strong></span> <span class='ocrx_word' id='word_1_749' title='bbox 784 2749 910 2775; x_wconf 85' lang='lat' dir='ltr'><strong>arborem</strong></span> <span class='ocrx_word' id='word_1_750' title='bbox 926 2753 967 2776; x_wconf 86' lang='lat' dir='ltr'><strong>est</strong></span> <span class='ocrx_word' id='word_1_751' title='bbox 990 2749 1035 2776; x_wconf 90' lang='lat' dir='ltr'><strong>ille</strong></span> 
     </span>
    </p>
   </div>
   <div class='ocr_carea' id='block_1_103' title="bbox 253 2792 1035 2828">
    <p class='ocr_par' dir='ltr' id='par_1_103' title="bbox 253 2792 1035 2828">
     <span class='ocr_line' id='line_1_103' title="bbox 253 2792 1035 2828; baseline 0.001 -8"><span class='ocrx_word' id='word_1_752' title='bbox 253 2792 342 2827; x_wconf 71' lang='lat' dir='ltr'><strong>teipse</strong></span> <span class='ocrx_word' id='word_1_753' title='bbox 364 2796 504 2827; x_wconf 81' lang='lat' dir='ltr'><strong>expertus,</strong></span> <span class='ocrx_word' id='word_1_754' title='bbox 528 2797 610 2827; x_wconf 89' lang='lat' dir='ltr'><strong>atque</strong></span> <span class='ocrx_word' id='word_1_755' title='bbox 628 2793 668 2827; x_wconf 92' lang='lat' dir='ltr'><strong>(ut</strong></span> <span class='ocrx_word' id='word_1_756' title='bbox 693 2793 730 2820; x_wconf 89' lang='lat' dir='ltr'><strong>ita</strong></span> <span class='ocrx_word' id='word_1_757' title='bbox 758 2793 858 2828; x_wconf 89' lang='lat' dir='ltr'><strong>dicam)</strong></span> <span class='ocrx_word' id='word_1_758' title='bbox 887 2793 1035 2822; x_wconf 83' lang='lat' dir='ltr'><strong>elllcienter</strong></span> 
     </span>
    </p>
   </div>
   <div class='ocr_carea' id='block_1_104' title="bbox 289 2879 511 2911">
    <p class='ocr_par' dir='ltr' id='par_1_104' title="bbox 289 2879 511 2911">
     <span class='ocr_line' id='line_1_104' title="bbox 289 2879 511 2911; baseline -0.009 -4"><span class='ocrx_word' id='word_1_759' title='bbox 289 2879 389 2909; x_wconf 81' lang='lat' dir='ltr'><strong>&quot;Gen.</strong></span> <span class='ocrx_word' id='word_1_760' title='bbox 407 2886 466 2911; x_wconf 87' lang='lat' dir='ltr'><strong>xm,</strong></span> <span class='ocrx_word' id='word_1_761' title='bbox 486 2879 511 2906; x_wconf 86' lang='lat'><strong>7.</strong></span> 
     </span>
    </p>
   </div>
   <div class='ocr_carea' id='block_1_105' title="bbox 551 2878 1130 2917">
    <p class='ocr_par' dir='ltr' id='par_1_105' title="bbox 551 2878 1130 2917">
     <span class='ocr_line' id='line_1_105' title="bbox 551 2878 1130 2917; baseline 0.009 -11"><span class='ocrx_word' id='word_1_762' title='bbox 551 2878 573 2895; x_wconf 76' lang='grc'><strong>⁸⁸</strong></span> <span class='ocrx_word' id='word_1_763' title='bbox 586 2880 653 2908; x_wconf 84' lang='lat' dir='ltr'><strong>Gen.</strong></span> <span class='ocrx_word' id='word_1_764' title='bbox 673 2888 726 2914; x_wconf 74' lang='lat' dir='ltr'><strong>ut,</strong></span> <span class='ocrx_word' id='word_1_765' title='bbox 742 2881 836 2910; x_wconf 32' lang='lat'><strong>29‘52.</strong></span> <span class='ocrx_word' id='word_1_766' title='bbox 875 2883 894 2900; x_wconf 70' lang='grc' dir='ltr'>δ’</span> <span class='ocrx_word' id='word_1_767' title='bbox 908 2883 975 2911; x_wconf 80' lang='lat' dir='ltr'><strong>Gen.</strong></span> <span class='ocrx_word' id='word_1_768' title='bbox 995 2891 1072 2917; x_wconf 77' lang='lat' dir='ltr'><strong>xxxi,</strong></span> <span class='ocrx_word' id='word_1_769' title='bbox 1086 2885 1130 2913; x_wconf 71' lang='lat' dir='ltr'><strong>t7.</strong></span> 
     </span>
    </p>
   </div>
   <div class='ocr_carea' id='block_1_106' title="bbox 1087 2294 1868 2334">
    <p class='ocr_par' dir='ltr' id='par_1_106' title="bbox 1087 2294 1868 2334">
     <span class='ocr_line' id='line_1_106' title="bbox 1087 2294 1868 2334; baseline -0.009 -7"><span class='ocrx_word' id='word_1_770' title='bbox 1087 2300 1296 2334; x_wconf 88' lang='lat' dir='ltr'><strong>haudquaquam</strong></span> <span class='ocrx_word' id='word_1_771' title='bbox 1320 2298 1400 2325; x_wconf 91' lang='lat' dir='ltr'><strong>ticum</strong></span> <span class='ocrx_word' id='word_1_772' title='bbox 1425 2295 1520 2327; x_wconf 76' lang='lat' dir='ltr'><strong>fuisse,</strong></span> <span class='ocrx_word' id='word_1_773' title='bbox 1555 2295 1602 2322; x_wconf 85' lang='lat' dir='ltr'><strong>sed</strong></span> <span class='ocrx_word' id='word_1_774' title='bbox 1629 2294 1717 2328; x_wconf 88' lang='lat' dir='ltr'><strong>potius</strong></span> <span class='ocrx_word' id='word_1_775' title='bbox 1742 2294 1868 2321; x_wconf 87' lang='lat' dir='ltr'><strong>arborem</strong></span> 
     </span>
    </p>
   </div>
   <div class='ocr_carea' id='block_1_107' title="bbox 1086 2339 1871 2380">
    <p class='ocr_par' dir='ltr' id='par_1_107' title="bbox 1086 2339 1871 2380">
     <span class='ocr_line' id='line_1_107' title="bbox 1086 2339 1871 2380; baseline -0.009 -8"><span class='ocrx_word' id='word_1_776' title='bbox 1086 2344 1242 2380; x_wconf 90' lang='lat' dir='ltr'><strong>quampiam</strong></span> <span class='ocrx_word' id='word_1_777' title='bbox 1263 2343 1324 2370; x_wconf 90' lang='lat' dir='ltr'><strong>novi</strong></span> <span class='ocrx_word' id='word_1_778' title='bbox 1346 2341 1453 2377; x_wconf 80' lang='lat' dir='ltr'><strong>generis</strong></span> <span class='ocrx_word' id='word_1_779' title='bbox 1471 2345 1552 2375; x_wconf 89' lang='lat' dir='ltr'><strong>atque</strong></span> <span class='ocrx_word' id='word_1_780' title='bbox 1572 2339 1704 2372; x_wconf 85' lang='lat' dir='ltr'><strong>inusitati,</strong></span> <span class='ocrx_word' id='word_1_781' title='bbox 1723 2339 1802 2374; x_wconf 78' lang='lat' dir='ltr'><strong>longe</strong></span> <span class='ocrx_word' id='word_1_782' title='bbox 1825 2348 1871 2366; x_wconf 86' lang='lat' dir='ltr'><strong>rc-</strong></span> 
     </span>
    </p>
   </div>
   <div class='ocr_carea' id='block_1_108' title="bbox 1087 2385 1869 2423">
    <p class='ocr_par' dir='ltr' id='par_1_108' title="bbox 1087 2385 1869 2423">
     <span class='ocr_line' id='line_1_108' title="bbox 1087 2385 1869 2423; baseline -0.005 -8"><span class='ocrx_word' id='word_1_783' title='bbox 1087 2389 1169 2423; x_wconf 76' lang='lat' dir='ltr'><strong>liquis</strong></span> <span class='ocrx_word' id='word_1_784' title='bbox 1190 2387 1423 2422; x_wconf 70' lang='lat' dir='ltr'><strong>praestantiorem;</strong></span> <span class='ocrx_word' id='word_1_785' title='bbox 1441 2385 1520 2420; x_wconf 88' lang='lat' dir='ltr'><strong>cujus</strong></span> <span class='ocrx_word' id='word_1_786' title='bbox 1542 2385 1674 2412; x_wconf 79' lang='lat' dir='ltr'><strong>fructibus</strong></span> <span class='ocrx_word' id='word_1_787' title='bbox 1697 2385 1869 2412; x_wconf 88' lang='lat' dir='ltr'><strong>interdictum</strong></span> 
     </span>
    </p>
   </div>
   <div class='ocr_carea' id='block_1_109' title="bbox 1088 2430 1870 2466">
    <p class='ocr_par' dir='ltr' id='par_1_109' title="bbox 1088 2430 1870 2466">
     <span class='ocr_line' id='line_1_109' title="bbox 1088 2430 1870 2466; baseline -0.006 -5"><span class='ocrx_word' id='word_1_788' title='bbox 1088 2434 1169 2461; x_wconf 77' lang='lat' dir='ltr'><strong>fuerit</strong></span> <span class='ocrx_word' id='word_1_789' title='bbox 1183 2434 1285 2460; x_wconf 70' lang='lat' dir='ltr'><strong>Adamo</strong></span> <span class='ocrx_word' id='word_1_790' title='bbox 1302 2440 1309 2458; x_wconf 92' lang='lat'>:</span> <span class='ocrx_word' id='word_1_791' title='bbox 1329 2433 1409 2466; x_wconf 87' lang='lat' dir='ltr'><strong>idque</strong></span> <span class='ocrx_word' id='word_1_792' title='bbox 1441 2432 1492 2458; x_wconf 89' lang='lat' dir='ltr'><strong>hac</strong></span> <span class='ocrx_word' id='word_1_793' title='bbox 1515 2431 1647 2465; x_wconf 72' lang='lat' dir='ltr'><strong>colligunt</strong></span> <span class='ocrx_word' id='word_1_794' title='bbox 1674 2431 1788 2462; x_wconf 77' lang='lat' dir='ltr'><strong>ratione,</strong></span> <span class='ocrx_word' id='word_1_795' title='bbox 1805 2430 1870 2464; x_wconf 89' lang='lat' dir='ltr'><strong>quia</strong></span> 
     </span>
    </p>
   </div>
   <div class='ocr_carea' id='block_1_110' title="bbox 1088 2475 1870 2514">
    <p class='ocr_par' dir='ltr' id='par_1_110' title="bbox 1088 2475 1870 2514">
     <span class='ocr_line' id='line_1_110' title="bbox 1088 2475 1870 2514; baseline -0.008 -9"><span class='ocrx_word' id='word_1_796' title='bbox 1088 2479 1205 2514; x_wconf 85' lang='lat' dir='ltr'><strong>peccarit</strong></span> <span class='ocrx_word' id='word_1_797' title='bbox 1225 2478 1310 2504; x_wconf 83' lang='lat' dir='ltr'><strong>Adam</strong></span> <span class='ocrx_word' id='word_1_798' title='bbox 1327 2476 1430 2503; x_wconf 79' lang='lat' dir='ltr'><strong>edendo</strong></span> <span class='ocrx_word' id='word_1_799' title='bbox 1449 2481 1476 2504; x_wconf 90' lang='lat' dir='ltr'><strong>ct</strong></span> <span class='ocrx_word' id='word_1_800' title='bbox 1495 2475 1624 2502; x_wconf 85' lang='lat' dir='ltr'><strong>multatus</strong></span> <span class='ocrx_word' id='word_1_801' title='bbox 1654 2475 1700 2502; x_wconf 89' lang='lat' dir='ltr'><strong>sit.</strong></span> <span class='ocrx_word' id='word_1_802' title='bbox 1724 2475 1791 2501; x_wconf 84' lang='lat' dir='ltr'><strong>Nam</strong></span> <span class='ocrx_word' id='word_1_803' title='bbox 1809 2475 1870 2500; x_wconf 85' lang='lat' dir='ltr'><strong>vul-</strong></span> 
     </span>
    </p>
   </div>
   <div class='ocr_carea' id='block_1_111' title="bbox 1088 2521 1872 2561">
    <p class='ocr_par' dir='ltr' id='par_1_111' title="bbox 1088 2521 1872 2561">
     <span class='ocr_line' id='line_1_111' title="bbox 1088 2521 1872 2561; baseline -0.006 -9"><span class='ocrx_word' id='word_1_804' title='bbox 1088 2526 1146 2561; x_wconf 78' lang='lat' dir='ltr'><strong>gari</strong></span> <span class='ocrx_word' id='word_1_805' title='bbox 1160 2525 1306 2560; x_wconf 87' lang='lat' dir='ltr'><strong>(inquiunt)</strong></span> <span class='ocrx_word' id='word_1_806' title='bbox 1325 2524 1413 2551; x_wconf 77' lang='lat' dir='ltr'><strong>fructu</strong></span> <span class='ocrx_word' id='word_1_807' title='bbox 1437 2522 1583 2556; x_wconf 87' lang='lat' dir='ltr'><strong>vescendo,</strong></span> <span class='ocrx_word' id='word_1_808' title='bbox 1601 2529 1689 2556; x_wconf 87' lang='lat' dir='ltr'><strong>neque</strong></span> <span class='ocrx_word' id='word_1_809' title='bbox 1704 2521 1872 2556; x_wconf 84' lang='lat' dir='ltr'><strong>peccavisset</strong></span> 
     </span>
    </p>
   </div>
   <div class='ocr_carea' id='block_1_112' title="bbox 1090 2567 1871 2605">
    <p class='ocr_par' dir='ltr' id='par_1_112' title="bbox 1090 2567 1871 2605">
     <span class='ocr_line' id='line_1_112' title="bbox 1090 2567 1871 2605; baseline -0.006 -7"><span class='ocrx_word' id='word_1_810' title='bbox 1090 2571 1144 2602; x_wconf 91' lang='lat' dir='ltr'><strong>ille,</strong></span> <span class='ocrx_word' id='word_1_811' title='bbox 1159 2578 1246 2605; x_wconf 89' lang='lat' dir='ltr'><strong>neque</strong></span> <span class='ocrx_word' id='word_1_812' title='bbox 1269 2577 1376 2604; x_wconf 85' lang='lat' dir='ltr'><strong>poenam</strong></span> <span class='ocrx_word' id='word_1_813' title='bbox 1392 2570 1610 2597; x_wconf 88' lang='lat' dir='ltr'><strong>commeruisset.</strong></span> <span class='ocrx_word' id='word_1_814' title='bbox 1628 2567 1727 2595; x_wconf 83' lang='lat' dir='ltr'><strong>Verum</strong></span> <span class='ocrx_word' id='word_1_815' title='bbox 1751 2568 1784 2594; x_wconf 90' lang='lat' dir='ltr'><strong>ad</strong></span> <span class='ocrx_word' id='word_1_816' title='bbox 1812 2567 1871 2594; x_wconf 73' lang='lat' dir='ltr'><strong>haec</strong></span> 
     </span>
    </p>
   </div>
   <div class='ocr_carea' id='block_1_113' title="bbox 1085 2613 1870 2650">
    <p class='ocr_par' dir='ltr' id='par_1_113' title="bbox 1085 2613 1870 2650">
     <span class='ocr_line' id='line_1_113' title="bbox 1085 2613 1870 2650; baseline -0.004 -8"><span class='ocrx_word' id='word_1_817' title='bbox 1085 2615 1280 2650; x_wconf 82' lang='lat' dir='ltr'><strong>respondemus</strong></span> <span class='ocrx_word' id='word_1_818' title='bbox 1296 2623 1304 2641; x_wconf 71' lang='grc' dir='ltr'><strong>ι</strong></span> <span class='ocrx_word' id='word_1_819' title='bbox 1320 2615 1386 2641; x_wconf 90' lang='lat' dir='ltr'><strong>Cum</strong></span> <span class='ocrx_word' id='word_1_820' title='bbox 1411 2623 1456 2642; x_wconf 84' lang='lat' dir='ltr'><strong>res</strong></span> <span class='ocrx_word' id='word_1_821' title='bbox 1478 2615 1569 2648; x_wconf 81' lang='lat' dir='ltr'><strong>aliqua</strong></span> <span class='ocrx_word' id='word_1_822' title='bbox 1588 2614 1645 2648; x_wconf 74' lang='lat' dir='ltr'><strong>lege</strong></span> <span class='ocrx_word' id='word_1_823' title='bbox 1665 2613 1800 2648; x_wconf 88' lang='lat' dir='ltr'><strong>prohibita</strong></span> <span class='ocrx_word' id='word_1_824' title='bbox 1818 2617 1870 2643; x_wconf 84' lang='lat' dir='ltr'><strong>est.</strong></span> 
     </span>
    </p>
   </div>
   <div class='ocr_carea' id='block_1_114' title="bbox 1087 2658 1871 2694">
    <p class='ocr_par' dir='ltr' id='par_1_114' title="bbox 1087 2658 1871 2694">
     <span class='ocr_line' id='line_1_114' title="bbox 1087 2658 1871 2694; baseline -0.003 -7"><span class='ocrx_word' id='word_1_825' title='bbox 1087 2669 1140 2688; x_wconf 91' lang='lat' dir='ltr'><strong>non</strong></span> <span class='ocrx_word' id='word_1_826' title='bbox 1154 2661 1191 2687; x_wconf 88' lang='lat' dir='ltr'><strong>rei</strong></span> <span class='ocrx_word' id='word_1_827' title='bbox 1209 2661 1251 2687; x_wconf 79' lang='lat' dir='ltr'><strong>vel</strong></span> <span class='ocrx_word' id='word_1_828' title='bbox 1265 2661 1447 2694; x_wconf 65' lang='lat' dir='ltr'><strong>praestantiam</strong></span> <span class='ocrx_word' id='word_1_829' title='bbox 1470 2660 1684 2694; x_wconf 74' lang='lat' dir='ltr'><strong>dignitatemque</strong></span> <span class='ocrx_word' id='word_1_830' title='bbox 1711 2658 1750 2685; x_wconf 87' lang='lat' dir='ltr'><strong>vel</strong></span> <span class='ocrx_word' id='word_1_831' title='bbox 1771 2658 1871 2685; x_wconf 73' lang='lat' dir='ltr'><strong>utilita-</strong></span> 
     </span>
    </p>
   </div>
   <div class='ocr_carea' id='block_1_115' title="bbox 1089 2703 1872 2742">
    <p class='ocr_par' dir='ltr' id='par_1_115' title="bbox 1089 2703 1872 2742">
     <span class='ocr_line' id='line_1_115' title="bbox 1089 2703 1872 2742; baseline -0.005 -9"><span class='ocrx_word' id='word_1_832' title='bbox 1089 2711 1142 2733; x_wconf 90' lang='lat' dir='ltr'><strong>tem</strong></span> <span class='ocrx_word' id='word_1_833' title='bbox 1161 2705 1459 2742; x_wconf 73' lang='lat' dir='ltr'><strong>atque‘indignitatem,</strong></span> <span class='ocrx_word' id='word_1_834' title='bbox 1475 2705 1537 2733; x_wconf 79' lang='lat' dir='ltr'><strong>dum</strong></span> <span class='ocrx_word' id='word_1_835' title='bbox 1553 2710 1599 2732; x_wconf 90' lang='lat' dir='ltr'><strong>aut</strong></span> <span class='ocrx_word' id='word_1_836' title='bbox 1617 2705 1707 2732; x_wconf 90' lang='lat' dir='ltr'><strong>editur</strong></span> <span class='ocrx_word' id='word_1_837' title='bbox 1723 2709 1771 2731; x_wconf 89' lang='lat' dir='ltr'><strong>aut</strong></span> <span class='ocrx_word' id='word_1_838' title='bbox 1788 2703 1872 2730; x_wconf 83' lang='lat' dir='ltr'><strong>omit-</strong></span> 
     </span>
    </p>
   </div>
   <div class='ocr_carea' id='block_1_116' title="bbox 1089 2748 1871 2787">
    <p class='ocr_par' dir='ltr' id='par_1_116' title="bbox 1089 2748 1871 2787">
     <span class='ocr_line' id='line_1_116' title="bbox 1089 2748 1871 2787; baseline -0.005 -8"><span class='ocrx_word' id='word_1_839' title='bbox 1089 2752 1155 2779; x_wconf 86' lang='lat' dir='ltr'><strong>titur</strong></span> <span class='ocrx_word' id='word_1_840' title='bbox 1180 2751 1347 2787; x_wconf 87' lang='lat' dir='ltr'><strong>quidquam,</strong></span> <span class='ocrx_word' id='word_1_841' title='bbox 1367 2751 1467 2779; x_wconf 79' lang='lat' dir='ltr'><strong>relerre</strong></span> <span class='ocrx_word' id='word_1_842' title='bbox 1485 2756 1532 2778; x_wconf 87' lang='lat' dir='ltr'><strong>aut</strong></span> <span class='ocrx_word' id='word_1_843' title='bbox 1553 2751 1586 2777; x_wconf 92' lang='lat' dir='ltr'><strong>ad</strong></span> <span class='ocrx_word' id='word_1_844' title='bbox 1608 2754 1746 2785; x_wconf 88' lang='lat' dir='ltr'><strong>peccatum</strong></span> <span class='ocrx_word' id='word_1_845' title='bbox 1769 2753 1816 2776; x_wconf 86' lang='lat' dir='ltr'><strong>aut</strong></span> <span class='ocrx_word' id='word_1_846' title='bbox 1836 2748 1871 2775; x_wconf 89' lang='lat' dir='ltr'><strong>ad</strong></span> 
     </span>
    </p>
   </div>
   <div class='ocr_carea' id='block_1_117' title="bbox 1084 2795 1871 2831">
    <p class='ocr_par' dir='ltr' id='par_1_117' title="bbox 1084 2795 1871 2831">
     <span class='ocr_line' id='line_1_117' title="bbox 1084 2795 1871 2831; baseline -0.004 -8"><span class='ocrx_word' id='word_1_847' title='bbox 1084 2796 1220 2830; x_wconf 80' lang='lat' dir='ltr'><strong>justitiam</strong></span> <span class='ocrx_word' id='word_1_848' title='bbox 1243 2797 1283 2824; x_wconf 86' lang='lat' dir='ltr'><strong>vel</strong></span> <span class='ocrx_word' id='word_1_849' title='bbox 1306 2796 1339 2824; x_wconf 92' lang='lat' dir='ltr'><strong>ad</strong></span> <span class='ocrx_word' id='word_1_850' title='bbox 1362 2804 1467 2824; x_wconf 73' lang='lat' dir='ltr'><strong>umnam</strong></span> <span class='ocrx_word' id='word_1_851' title='bbox 1496 2797 1681 2831; x_wconf 70' lang='lat' dir='ltr'><strong>praemiumve,</strong></span> <span class='ocrx_word' id='word_1_852' title='bbox 1707 2795 1754 2822; x_wconf 87' lang='lat' dir='ltr'><strong>sed</strong></span> <span class='ocrx_word' id='word_1_853' title='bbox 1785 2795 1871 2829; x_wconf 89' lang='lat' dir='ltr'><strong>ipsam</strong></span> 
     </span>
    </p>
   </div>
   <div class='ocr_carea' id='block_1_118' title="bbox 1178 2885 1680 2920">
    <p class='ocr_par' dir='ltr' id='par_1_118' title="bbox 1178 2885 1680 2920">
     <span class='ocr_line' id='line_1_118' title="bbox 1178 2885 1680 2920; baseline -0.002 -6"><span class='ocrx_word' id='word_1_854' title='bbox 1178 2886 1200 2902; x_wconf 78' lang='lat'>&quot;</span> <span class='ocrx_word' id='word_1_855' title='bbox 1214 2886 1282 2916; x_wconf 85' lang='lat' dir='ltr'><strong>Gcn.</strong></span> <span class='ocrx_word' id='word_1_856' title='bbox 1298 2894 1382 2920; x_wconf 83' lang='lat' dir='ltr'><strong>xxxlt,</strong></span> <span class='ocrx_word' id='word_1_857' title='bbox 1397 2887 1442 2914; x_wconf 78' lang='lat'><strong>50.</strong></span> <span class='ocrx_word' id='word_1_858' title='bbox 1481 2887 1502 2903; x_wconf 82' lang='lat'><strong>&quot;</strong></span> <span class='ocrx_word' id='word_1_859' title='bbox 1517 2885 1584 2914; x_wconf 82' lang='lat' dir='ltr'><strong>Gen.</strong></span> <span class='ocrx_word' id='word_1_860' title='bbox 1599 2894 1639 2919; x_wconf 89' lang='grc' dir='ltr'><strong>ιιι,</strong></span> <span class='ocrx_word' id='word_1_861' title='bbox 1657 2886 1680 2913; x_wconf 90' lang='grc'>7.</span> 
     </span>
    </p>
   </div>
  </div>
