2020 3080
184 176 241 212 505

748 181 799 212 DE
817 178 1017 213 PARADISO.
1039 195 1070 199 -
1095 181 1190 212 PARS
1211 182 1233 211 ῐ.

1757 185 1811 216 ιμιδ

185 239 272 267 solam
299 237 345 265 hic
375 237 492 272 spectari
523 236 703 264 obedientiam
733 242 760 265 et
785 238 970 266 rebellionem.
987 241 1009 269 Α
1025 238 1111 265 thales
1143 237 1232 266 solent
1260 238 1414 266 interimere
1436 245 1484 266 eos
1504 237 1630 274 aquibus
1654 245 1784 267 vorantur
1804 250 1811 268 :

185 284 266 312 Verbi
284 290 366 311 causa
383 292 390 310 :
409 282 467 310 Divi
490 283 633 310 Machabati
652 290 714 310 cum
727 291 741 311 a
754 284 865 318 porcina
887 291 968 311 carne

185 337 249 357 sese
268 329 446 361 abstinerent,
459 335 574 362 eantque
598 329 633 355 ob
648 336 704 355 rem
729 328 844 363 plurima
867 329 966 356 tulera-

186 379 245 402 reut
258 375 340 408 mala,
357 382 410 401 non
437 375 522 409 ipsam
541 375 701 408 spectabant
724 375 829 402 suillam
844 367 985 404 carnem.’

183 427 269 453 eaque
291 427 340 446 ceu
356 420 400 446 vili
425 424 451 446 et
480 421 676 454 cuntemptibili
696 421 758 447 cibo
774 420 965 447 abstinebant:

183 465 231 493 sed
256 465 378 492 divinum
399 465 543 492 versabant
573 466 664 492 animo
699 471 873 500 pratceptutu,
894 465 965 500 quod

183 510 274 538 modis
287 511 413 537 omnibus
426 510 476 537 sibi
494 510 704 541 observandum,
721 518 808 544 neque
820 511 875 537 ullo
889 516 966 544 pacto

184 556 390 583 transiiieudum
408 555 564 582 statuebant
578 555 610 582 “.
629 556 660 582 Et
677 561 811 591 martyres
831 562 965 583 tormenta

183 602 298 636 p‘urima
316 606 379 628 sunt
401 601 521 635 perpessi
537 601 600 635 quia
616 601 649 627 de
668 601 764 628 hostiis
782 601 894 628 deorum
916 610 967 636 gu-

184 651 255 675 stare
281 648 459 679 recusabant;
487 655 539 674 non
557 648 630 682 quod
656 648 708 674 cibi
734 647 808 674 illitts
835 648 966 675 rationem

183 692 314 720 haberent
331 693 377 725 qui
393 700 425 720 es
441 693 559 720 victimis
579 694 737 728 parabatur.
752 694 797 720 scd
812 702 844 720 tte
863 702 910 720 sun
925 695 966 728 ip-

183 746 275 766 sorum
302 740 434 766 adversus
463 739 546 766 Deum
576 740 742 767 c0nscicntia
767 740 964 774 polluerentur.

184 785 228 812 Sic
239 785 318 812 divus
331 784 432 812 Paulus
450 785 582 820 permittit
597 785 675 812 nobis
688 791 717 812 nt
732 786 799 812 cibis
817 786 891 812 nullo
904 793 965 812 cum

184 831 342 858 discrimine
370 838 529 863 vescamur,
552 831 685 865 tantisper
704 831 768 858 dum
796 832 889 864 quales
913 832 967 858 sint

183 877 357 911 ignoramus;
383 884 476 903 verum
493 877 619 904 conscios
629 876 704 911 jubet
719 877 869 908 abstinere,
886 877 966 904 nimi-

1022 284 1072 311 soli
1089 283 1139 315 illi,
1160 284 1199 310 \‘el
1215 288 1271 310 tum
1287 291 1349 310 cum
1367 284 1555 316 vescebantur,
1573 285 1612 311 vel
1628 289 1689 318 post
1702 287 1809 320 oppeti-

1020 330 1125 356 vissent
1146 333 1272 356 mortem.
1290 329 1382 364 Neque
1411 337 1505 356 rursus
1533 330 1569 356 ob
1591 330 1674 357 solam
1692 331 1803 357 rebellio

1021 383 1082 402 nem
1102 376 1164 403 illos
1179 381 1291 402 mortcm
1305 377 1451 404 incurrisse
1468 385 1475 403 :
1490 377 1707 411 quandoquidem
1727 376 1809 404 David

1022 421 1111 448 tribus
1139 421 1227 449 modis
1262 423 1464 456 prmvaricatus,
1486 429 1534 456 per
1559 422 1733 454 adulterium,
1759 429 1810 456 per

1021 466 1099 498 iram,
1115 475 1162 501 per
1179 467 1366 496 ltomicidinm,
1385 475 1436 494 non
1460 473 1548 494 tamen
1564 468 1672 501 punitus
1687 471 1738 499 est,
1763 466 1810 494 sed

1020 511 1180 538 delictorum
1203 513 1316 545 gratiam
1332 519 1346 537 a
1367 511 1421 538 Deo
1439 516 1603 539 consecutus
1620 520 1626 538 :
1648 519 1742 539 verum
1769 512 1812 538 di-~

1020 556 1140 583 viuitatis
1157 556 1354 583 aiiectationem
1375 556 1458 583 fuisse
1478 557 1532 583 illis
1555 564 1666 584 causam
1695 557 1810 584 mortis.

1020 601 1106 628 Simul
1129 606 1211 635 atque
1231 602 1303 628 cnim
1322 602 1444 636 (inquit)
1457 602 1489 628 ad
1511 602 1592 628 Evam
1617 602 1732 629 dixisset
1751 610 1812 630 ser-

1020 654 1086 681 pens
1103 655 1109 672 :
1127 646 1210 673 Erilis
1229 647 1296 673 sicut
1308 647 1356 678 dii,
1374 648 1484 674 scientes
1496 647 1556 674 boui
1570 652 1594 674 et
1610 648 1675 674 mali
1687 648 1721 679 δ’,
1737 648 1760 674 si
1776 648 1809 674 de

1020 692 1062 719 illa
1075 693 1171 719 arbore
1184 693 1365 725 gustaveritls,
1391 693 1521 727 evestlgio
1545 693 1601 726 illa,
1615 694 1732 720 maxima
1745 701 1808 720 cum

1019 738 1157 768 aviditate,
1173 743 1284 771 accepto
1307 738 1396 765 fructu
1421 739 1602 765 vescebatur:
1617 746 1703 773 quare
1715 739 1808 765 existi-

1021 782 1147 809 mandum
1168 790 1220 809 non
1235 788 1286 815 est,
1304 784 1356 810 cibi
1375 783 1448 810 illius
1481 791 1577 818 sapore
1593 784 1709 810 illectam
1726 783 1807 810 Evam

1021 827 1137 854 \iolasse
1151 827 1293 862 imperium
1318 828 1375 858 Dei.
1391 829 1437 856 sed
1453 829 1525 863 quod
1544 833 1665 863 speraret
1687 836 1716 856 se
1728 829 1807 856 deam

1021 872 1090 901 fore.
1103 873 1331 908 divinitatemque
1358 874 1508 906 aﬂ'ectaret,
1525 879 1552 901 et
1574 875 1660 908 ipsam
1680 875 1770 902 edisse
1782 878 1810 901 ct

185 929 244 948 ι-ιιιιι
261 921 324 955 quia
343 922 436 948 nonin
457 921 522 955 ipsis
544 922 622 953 cibis,
641 922 687 948 sed
709 922 735 948 in
751 929 845 949 eorum
865 923 910 957 qui
927 922 971 949 his
985 913 1008 944 Β
1023 918 1080 944 viro
1103 918 1268 950 porrexisse.
1292 918 1344 946 Sed
1371 927 1458 953 neque
1482 919 1618 946 Adamum
1646 925 1693 947 aut
1719 919 1808 947 fructu

184 970 334 992 vescuntur
348 967 514 993 conscientia
525 986 533 998 ,
547 974 592 993 res
604 966 654 993 sita
671 971 712 993 est
725 967 757 994 ".
775 966 869 1001 Itaque
885 967 969 993 Adam

184 1018 238 1038 non
255 1018 288 1038 ex
307 1011 413 1038 arboris
428 1012 462 1038 de
491 1020 544 1046 qua
566 1012 685 1046 gustavit
702 1013 789 1045 pretio
807 1012 972 1047 dignitateve

183 1057 292 1091 agnovit
308 1056 436 1083 delictum
452 1064 542 1088 suum,
557 1056 604 1084 sed
617 1064 649 1083 ex
667 1057 724 1091 ipsa
739 1064 787 1084 sua
807 1057 970 1089 rebellione;

183 1102 348 1136 punitusque
363 1106 405 1128 est
423 1101 500 1135 plane
523 1109 577 1128 non
594 1109 642 1136 pro
655 1102 753 1136 gustati
782 1096 838 1129 cibi
861 1107 969 1134 natura,

182 1147 229 1174 sed
247 1151 358 1181 propter
373 1148 498 1174 violatam
523 1148 619 1182 legem.
632 1149 737 1182 Quippe
755 1147 781 1174 in
798 1149 969 1175 observanda

183 1197 229 1219 aut
261 1193 385 1220 violanda
411 1193 479 1228 lege,
494 1194 584 1220 omnis
607 1193 712 1227 justitia
732 1194 856 1221 consistit
886 1200 969 1229 atque

183 1237 335 1271 injustitia;
355 1246 407 1264 tton
424 1243 513 1264 autem
529 1239 556 1264 in
573 1246 604 1265 ea
623 1246 651 1265 re
668 1239 701 1265 de
713 1246 763 1272 qua
782 1238 823 1265 lex
844 1239 900 1273 ipsa
917 1239 969 1266 luta

181 1287 232 1310 est.
264 1283 325 1310 Fuit
345 1283 427 1318 igitur
451 1283 520 1311 ﬁcus
552 1284 632 1311 arbor
649 1284 694 1311 illa
723 1284 844 1311 scientia»
866 1285 928 1312 boni
943 1281 970 1312 οι

181 1329 259 1361 mali,
273 1329 306 1356 de
319 1337 371 1364 qua
396 1330 557 1357 vescebatur
576 1330 706 1357 Adamus.
724 1329 772 1356 llic
790 1339 885 1358 rursus
899 1331 970 1366 obji-

181 1375 234 1401 ciet
246 1374 344 1409 aliquis
357 1383 363 1401 :
378 1374 405 1402 Si
419 1379 531 1403 mortem
551 1376 640 1402 attulit
657 1376 720 1402 Adae
742 1380 848 1410 gustata
870 1377 964 1408 arbor,

181 1420 279 1447 merito
307 1427 362 1455 ιιι-(ρι
375 1420 510 1448 homicida
538 1421 661 1448 habenda
697 1420 796 1455 Deique
816 1422 893 1448 hoste
908 1427 967 1455 est;

180 1471 243 1492 cunt
262 1465 306 1492 bic
328 1465 462 1492 Adamnm
481 1467 633 1493 condiderit
647 1467 756 1500 vitaque
773 1466 892 1497 donarit,
919 1467 963 1494 illa

182 1511 328 1545 perdiderit
346 1517 373 1538 et
398 1512 482 1538 vitam
507 1512 648 1546 eripuerit.
672 1511 724 1538 Sed
751 1511 784 1538 ad
809 1511 862 1539 hoc
891 1512 969 1540 facile

181 1556 370 1591 respondetur,
391 1564 444 1584 non
460 1557 574 1584 arboren
591 1557 637 1583 sed
655 1557 828 1584 rebellionem
845 1558 967 1586 attulisse

180 1606 294 1629 mortem
322 1603 436 1628 Adamn.
460 1601 528 1628 Nam
555 1607 583 1628 et
607 1602 634 1629 in
658 1602 716 1636 lege
746 1602 876 1630 scribitur
891 1611 898 1630 :
916 1602 967 1635 Qui

180 1646 326 1674 maledictis
348 1654 410 1673 usus
425 1646 547 1680 [κενῆς-ἔνι
558 1652 658 1681 patrem
674 1651 719 1673 aut
737 1653 847 1674 matrem
869 1648 968 1674 moria~

181 1697 225 1718 tur
237 1691 272 1718 “.
285 1690 369 1718 Nemo
383 1695 473 1718 tamen
497 1691 599 1719 dixerit
624 1692 681 1727 ipsa
704 1692 861 1726 maledicta,
878 1695 902 1720 ei
919 1694 965 1728 qui

181 1737 248 1772 ipsis
267 1742 407 1770 parentem
434 1737 593 1769 insectatur,
619 1742 732 1764 mortetn
750 1738 882 1772 inﬂigere.
906 1739 967 1765 aui-

181 1789 307 1816 mamque
325 1782 385 1816 ejus
403 1789 418 1808 a
433 1789 548 1816 corpore
559 1782 688 1809 divellere
702 1791 710 1809 :
727 1783 773 1810 sed
791 1783 966 1817 impietatem,

177 1827 219 1863 ili
243 1834 305 1854 esse
329 1826 425 1853 mortis
445 1834 569 1854 causam.
588 1827 628 1853 Ad
647 1827 709 1857 ltoc,
723 1827 751 1854 iu
769 1826 870 1859 iloreb,
894 1834 968 1853 mors

182 1873 399 1908 pra‘stituebatur
422 1874 540 1907 populo.
556 1872 680 1908 quisquis
698 1880 773 1900 oratu
798 1873 900 1899 montis
925 1872 968 1900 Si-

181 1918 226 1944 nni
259 1917 427 1951 contingeret
445 1917 466 1932 ⁸⁷
486 1925 492 1944 ;
513 1917 721 1952 haudquaquam
754 1923 842 1945 tamen
868 1918 965 1946 existi-

182 1962 309 1988 mandum
335 1967 386 1993 est,
403 1969 417 1988 a
433 1967 524 1989 monte
549 1961 623 1989 Siuai
651 1971 815 1998 quemquam
844 1964 965 1991 occisum

181 2014 252 2039 esse,
268 2007 314 2034 sed
329 2007 417 2041 potius
432 2015 447 2034 a
463 2012 598 2042 przccepto
620 2009 729 2036 violato.
747 2008 866 2044 Denique
882 2009 904 2036 si
920 2018 966 2037 rex

181 2052 290 2087 aliquis,
307 2052 415 2079 civitate
436 2053 486 2079 hac
501 2058 546 2078 aut
574 2053 633 2085 illa,
651 2053 732 2080 alicui
757 2054 808 2081 sub
832 2055 966 2088 supplicio

181 2098 287 2132 capitali
303 2098 483 2128 intcrdixerit,
501 2098 605 2125 accidat
627 2105 707 2133 porro
722 2104 751 2126 ut
772 2099 795 2126 is
811 2107 843 2126 ea
859 2100 967 2127 civitate

182 2149 235 2168 uou
259 2141 409 2173 abstineat,
427 2149 458 2168 ac
476 2143 588 2177 proinde
614 2143 700 2177 capite
714 2143 867 2177 puniatura
885 2151 965 2177 rege:

181 2186 244 2221 quis
270 2187 345 2213 illum
373 2187 471 2214 dixerit
485 2195 500 2214 a
515 2187 625 2214 civitate
643 2187 817 2215 interfectum
838 2196 908 2221 esse,
934 2197 967 2216 ac

183 2239 237 2258 non
264 2232 356 2266 potius
375 2239 422 2259 sua
439 2232 528 2266 ipsum
552 2233 698 2261 rebellione
726 2234 860 2268 periisse?
875 2233 967 2269 Neque
984 2230 1005 2258 Ι)

183 2284 246 2303 vero
267 2285 365 2304 mattna
382 2277 577 2310 lsraclitarum,
592 2279 663 2313 quod
681 2279 790 2306 Sabbati
814 2285 893 2307 nocte
907 2288 967 2307 ser-

183 2327 272 2349 vatum
292 2330 344 2348 non
361 2323 543 2357 putrescebat,
561 2324 672 2358 reliquis
690 2332 754 2352 vero
771 2325 893 2352 noctibus
905 2333 966 2353 cor-

182 2368 378 2402 rumpebatur;
397 2369 437 2395 vel
465 2370 522 2403 ipsa
548 2368 660 2397 Sabbati
683 2378 735 2397 nos
763 2372 905 2402 servabat,
927 2371 967 2398 vel

182 2418 285 2440 cmteraa
311 2414 457 2447 perdebant
483 2423 490 2440 :
518 2415 564 2442 sed
582 2423 615 2442 ex
648 2415 790 2442 observato
815 2416 968 2451 violatoque

181 2463 316 2493 praecepto
333 2467 374 2486 res
392 2464 446 2486 to:a
470 2461 602 2493 pendebat
620 2461 652 2488 “.
667 2461 724 2488 Non
752 2461 834 2496 igitur
858 2462 963 2489 Ad‘amo

182 2503 223 2529 γει
238 2504 330 2535 arbor,
348 2505 388 2530 vel
404 2509 525 2538 gustatus
540 2505 646 2533 fructus
662 2511 773 2533 murtetn
790 2507 903 2541 peperit,
919 2507 966 2534 sed

183 2548 240 2581 ipsa
255 2547 377 2574 rebellio.

217 2594 351 2619 (Laeterqu
373 2593 538 2621 i’ltiloxenus
564 2593 736 2628 Mabugensis
752 2597 778 2622 in
792 2603 823 2622 ca
843 2601 884 2624 est
902 2606 962 2625 scn-

184 2638 278 2670 tentia,
296 2643 324 2664 ut
350 2643 424 2673 putet
452 2647 539 2673 neque
565 2640 690 2667 arborem
716 2641 788 2667 illam
814 2641 964 2670 fractumve

183 2687 321 2718 gustatum
340 2683 465 2710 attulisse
490 2689 606 2711 mortem
629 2685 723 2718 primis
745 2687 902 2719 parentibus
918 2697 925 2716 :
941 2689 964 2715 si

182 2727 268 2761 enitn,
289 2728 389 2763 inquit,
402 2735 464 2755 esca
485 2730 524 2756 sic
539 2729 600 2756 illos
615 2735 763 2763 euocasset,
779 2737 807 2758 ut
825 2732 913 2759 herba:
929 2733 964 2760 le-

220 2829 274 2868 *χιι
292 2829 377 2868 illaclt.
397 2838 426 2868 vt_
441 2834 468 2857 et
485 2839 520 2857 vtt
533 2839 539 2862 ;
553 2830 644 2868 _[_.c\'it.
660 2839 684 2858 ιιι
699 2831 800 2868 iDeut.
817 2840 871 2859 ur.
889 2833 909 2849 “
928 2833 935 2860 1
957 2834 966 2859 l

1038 2841 1063 2863 κ.
1080 2835 1114 2861 25
1128 2842 1204 2868 seqq.

187 2863 210 2880 ⁸³
226 2864 311 2893 Exod.
324 2873 378 2898 xu,
400 2865 430 2892 Ii
446 2873 538 2900 scqq.;
552 2866 633 2892 Nunt.
647 2874 683 2898 ιι,
699 2867 730 2900 7;
748 2867 822 2894 Deut.
842 2875 898 2899 \lll,
919 2868 958 2895 l6.

981 1579 1002 1606 ο

1021 963 1141 997 ciboque
1170 963 1218 989 illo
1243 963 1393 991 inescatunt
1429 964 1612 992 transilivlsse
1635 971 1809 1000 praeceptum,

1021 1014 1082 1034 cum
1107 1012 1200 1035 essent
1213 1007 1240 1035 in
1259 1009 1386 1042 paradiso
1403 1009 1528 1043 plurimae
1550 1010 1663 1037 arbores
1677 1011 1736 1038 alia:
1751 1011 1811 1046 qui-

1022 1053 1072 1080 bus
1097 1054 1148 1081 sibi
1173 1054 1311 1081 libidinem
1334 1055 1366 1088 (si
1396 1062 1426 1081 ca
1456 1055 1543 1089 ipsum
1572 1059 1644 1082 tanta
1670 1056 1811 1090 tenuisset)

1021 1098 1158 1124 exsatiare
1178 1098 1320 1133 potuisset,
1338 1103 1385 1125 aut
1402 1100 1514 1126 omnino
1531 1100 1612 1127 ullius
1626 1108 1695 1127 εει-ει·
1711 1103 1808 1135 gratia.

1021 1150 1114 1179 spreto
1132 1149 1215 1179 atque
1241 1146 1364 1179 neglecto
1381 1145 1434 1172 beo
1449 1146 1587 1173 conditore
1602 1147 1810 1180 suo,obtempe-

1022 1190 1128 1216 ravisse
1155 1189 1286 1218 insidioso
1311 1191 1426 1217 ἀεικιιηί
1447 1199 1454 1216 :
1475 1191 1522 1218 sed
1543 1191 1697 1225 perculsum
1725 1191 1807 1218 etiam

1021 1233 1109 1267 ipstnn
1142 1234 1293 1262 divinitatis
1325 1236 1475 1263 atubitione
1508 1236 1710 1270 praevaricatum
1739 1243 1811 1268 esse,

1020 1279 1107 1312 deque
1121 1280 1202 1306 vetita
1215 1281 1312 1308 arbore
1325 1281 1425 1308 edisse.
1439 1281 1493 1308 Nisi
1510 1281 1582 1308 enirn
1604 1282 1647 1308 illa
1667 1282 1810 1309 allectione

1020 1325 1207 1359 perturbatum
1225 1326 1347 1354 animum
1366 1327 1524 1359 habuisset,
1546 1327 1642 1360 inquit,
1658 1327 1736 1355 facile
1752 1328 1810 1355 lia-c

1022 1376 1105 1406 atque
1122 1372 1278 1406 bujusnlodi
1293 1374 1344 1400 alia
1357 1373 1530 1408 opposuisset
1543 1373 1620 1400 uxori
1632 1378 1808 1408 argumenta:

1019 1415 1075 1442 Cur
1092 1423 1145 1442 non
1163 1424 1274 1451 serpens
1295 1418 1340 1450 qui
1363 1418 1442 1445 nobis
1462 1418 1630 1444 di\iuitatcm
1650 1426 1683 1444 ex
1713 1419 1809 1445 arbore

1020 1464 1125 1495 gustata
1150 1462 1294 1496 promittit,
1309 1462 1365 1496 ipse
1385 1463 1460 1496 prior
1474 1463 1539 1493 edit.
1560 1463 1683 1497 deusque
1705 1464 1810 1491 evasit?

1019 1504 1078 1532 Jam
1094 1513 1157 1533 vero
1171 1514 1258 1540 neque
1274 1513 1309 1538 te,
1325 1512 1355 1534 ut
1372 1508 1464 1538 edisti,
1493 1507 1573 1534 deam
1593 1507 1690 1535 factam
1709 1509 1807 1536 video:

1019 1550 1065 1584 qui
1088 1551 1189 1584 possim
1205 1558 1269 1585 ergo
1289 1551 1345 1585 ipse
1360 1551 1525 1579 divinitatem
1543 1559 1654 1586 sperare
1669 1552 1691 1579 si
1706 1553 1784 1579 etiam
1797 1553 1809 1578 τ

1020 1596 1061 1628 Et,
1078 1596 1123 1630 qui
1145 1596 1231 1623 valeat
1247 1596 1338 1629 arbor,
1351 1604 1412 1632 quae
1427 1598 1508 1624 etiam
1526 1597 1624 1632 spiritu
1638 1602 1722 1628 caret,
1739 1598 1807 1625 deos

1019 1640 1124 1668 edicere
1147 1641 1192 1676 qui
1217 1649 1246 1668 se
1270 1642 1437 1669 vescantur?
1453 1643 1532 1677 quasi
1554 1650 1617 1669 vero
1644 1650 1724 1670 suum
1748 1643 1806 1677 ipsa

1020 1689 1131 1719 superet
1153 1685 1326 1713 eﬂ'ectorentl
1349 1687 1445 1714 \‘erum
1464 1687 1529 1714 nihil
1546 1687 1598 1714 tale
1612 1687 1750 1722 respondit
1763 1688 1808 1714 ille

1020 1730 1108 1761 uxori,
1122 1737 1209 1764 neque
1224 1739 1286 1758 cum
1303 1731 1360 1766 ipsa
1389 1737 1431 1759 est
1442 1739 1472 1759 ea
1487 1733 1521 1760 de
1540 1740 1568 1760 re
1583 1727 1806 1768 argumentatus:

1019 1775 1149 1802 nimirutn
1175 1777 1221 1810 qui
1243 1777 1324 1804 etiam
1342 1777 1401 1812 ipse
1414 1778 1563 1805 divinitatis
1577 1778 1703 1813 cupidine
1720 1780 1807 1806 victus

1020 1828 1067 1855 per
1084 1822 1238 1848 vecordiam
1266 1823 1419 1850 tenebatur.
1443 1823 1564 1850 Edicitur
1586 1824 1696 1858 itaque,
1720 1832 1807 1858 neque

1019 1866 1144 1893 arborem
1156 1867 1297 1894 arborisve
1312 1867 1428 1895 fructum
1447 1869 1486 1895 vel
1500 1877 1601 1901 escam,
1618 1877 1704 1904 neque
1719 1870 1807 1898 rebelo

1018 1911 1116 1939 liouent
1133 1912 1254 1939 attulisse
1272 1913 1366 1947 primis
1378 1914 1479 1941 nostris
1500 1914 1657 1948 parentibus
1671 1914 1797 1947 exitium,

1018 1958 1065 1984 sed
1092 1958 1182 1992 ipsum
1207 1966 1304 1986 eorum
1330 1960 1452 1986 animum
1477 1967 1532 1994 quo
1548 1960 1805 1995 prrevaricabantur,

1022 2004 1075 2031 ltoc
1091 2009 1143 2036 esl,
1159 2005 1244 2039 ipsam
1260 2005 1411 2032 divinitatis
1429 2006 1614 2033 ambitionem.
1630 2005 1696 2032 Nam
1711 2006 1806 2033 eadem

1024 2050 1175 2077 ambitione
1189 2051 1315 2078 diabolus
1334 2059 1442 2086 quoque
1464 2059 1525 2079 cum
1547 2052 1605 2079 suis
1627 2053 1715 2086 copiis
1738 2053 1807 2079 deli-

1016 2097 1073 2131 quit
1089 2105 1096 2122 :
1114 2097 1300 2123 dicebulcttittl
1314 2105 1322 2125 2
1336 2097 1438 2124 Portant
1448 2098 1536 2124 sedem
1550 2105 1634 2124 meam
1643 2105 1723 2132 supra
1745 2100 1808 2125 uel.

1017 2141 1057 2167 Ias
1078 2140 1136 2170 Dei.
1152 2146 1176 2167 et
1192 2149 1236 2168 ero
1246 2141 1340 2168 similis
1352 2142 1488 2169 Altissimo
1500 2143 1522 2159 ⁵⁸
1534 2152 1542 2176 ;
1556 2148 1637 2178 atque
1650 2143 1685 2170 ob
1702 2144 1751 2171 hoc
1767 2145 1808 2179 ip-

1018 2194 1076 2214 5um
1085 2191 1223 2221 peccatum
1235 2187 1305 2213 uelo
1317 2187 1451 2214 deturbati
1461 2189 1672 2223 praecipitatique
1681 2194 1745 2216 sunt
1757 2189 1804 2217 illi.

1056 2231 1193 2258 llacteutts
1215 2232 1393 2259 Pltiloxenus.
1420 2233 1473 2260 Sed
1498 2241 1548 2261 nos
1570 2234 1697 2266 dicituus,
1720 2234 1805 2269 ipsant

1020 2278 1271 2312 prtevnricationctn
1299 2277 1382 2305 fuisse
1396 2286 1505 2306 causam
1522 2281 1616 2307 mortis
1631 2280 1749 2312 Adamo,
1766 2281 1806 2307 id-

1019 2332 1072 2358 que
1087 2325 1193 2351 dualaus
1219 2324 1372 2351 rationibus
1397 2326 1619 2359 comprobamus,
1635 2334 1749 2360 quarunt
1772 2333 1805 2353 cx

1020 2370 1067 2396 Dei
1099 2371 1182 2396 verbo
1205 2375 1313 2404 sumpta
1355 2370 1411 2397 lucc
1433 2376 1486 2398 est.
1502 2371 1612 2398 Dicebat
1636 2372 1708 2398 enim
1735 2371 1806 2399 Deus

1019 2416 1123 2442 Adamo
1140 2423 1146 2441 :
1166 2414 1224 2447 Quo
1241 2416 1284 2441 die
1303 2415 1446 2442 comederis
1471 2420 1498 2442 tu
1520 2416 1550 2442 tle
1570 2416 1672 2447 arbore,
1697 2420 1805 2443 mortem

1018 2469 1038 2494 ο,
1050 2466 1120 2496 petes
1133 2461 1168 2487 ".
1184 2461 1273 2487 Altera
1287 2460 1346 2488 base
1359 2465 1400 2487 est
1412 2470 1420 2488 :
1434 2460 1462 2488 Si
1477 2462 1627 2489 divinitatis
1642 2469 1690 2496 spe
1704 2462 1805 2495 oblata,

1017 2505 1122 2532 daemon
1138 2512 1191 2532 non
1205 2504 1338 2539 quivissct
1362 2504 1495 2531 Adamutn
1512 2512 1595 2540 atque
1615 2505 1696 2532 Evam
1723 2506 1804 2533 scdu-

1016 2558 1088 2582 cere.
1105 2550 1198 2584 procul
1214 2550 1297 2577 dubio
1313 2551 1516 2578 immortalitate
1532 2552 1664 2585 promissa
1681 2552 1806 2586 impulis-

1019 2600 1060 2623 set
1073 2595 1106 2622 ad
1129 2595 1387 2630 praevaricandum;
1416 2597 1544 2631 atqtteila
1574 2598 1670 2631 quovis
1697 2598 1804 2625 tandem

1019 2643 1100 2669 modo
1128 2642 1164 2669 illi
1181 2642 1340 2670 incidissent
1361 2643 1386 2669 in
1409 2648 1523 2670 mortem
1542 2644 1640 2670 violato
1655 2645 1699 2670 Dci
1721 2645 1805 2679 impe-

1019 2688 1069 2720 rio,
1083 2695 1163 2723 quam
1179 2689 1236 2723 ipse
1252 2690 1337 2715 fuerat
1348 2689 1388 2716 cis
1401 2689 1599 2722 comminatus;
1615 2689 1726 2724 fregisse
1740 2697 1806 2724 ergo

1020 2738 1183 2768 prteceptum
1213 2734 1269 2765 Dei,
1286 2733 1337 2761 fuit
1362 2735 1426 2769 ipsis
1439 2735 1516 2762 exitii
1543 2743 1635 2762 causa.
1664 2734 1717 2762 Sed
1741 2742 1802 2768 cur.
1846 2769 1851 2776 _

1245 2835 1266 2850 “
1285 2835 1367 2862 Exod.
1385 2843 1441 2866 χιιι,
1463 2836 1503 2862 l7.

1243 2870 1265 2885 ⁵⁸
1279 2870 1330 2897 Iszt.
1349 2878 1402 2903 κη’,
1415 2871 1423 2896 1
1434 2871 1455 2898 1.

1542 2837 1564 2851 ⁵⁷
1581 2836 1665 2863 Exod.
1683 2845 1737 2869 xu,
1757 2837 1799 2864 l2.

1000 2868 1021 2883 δέ
1037 2869 1102 2895 ch.
1118 2876 1160 2901 tu,
1177 2869 1203 2895 ὅ.
1243 2870 1265 2885 ⁵⁸
1279 2870 1330 2897 Ian.
1349 2871 1455 2902 xit-,ti.
1495 2871 1515 2885 “
1533 2871 1597 2898 Gen.
1613 2879 1642 2902 ll.
1665 2871 1705 2897 l7.
