2020 3080
220 164 271 197 507

859 164 973 194 MOSIS
990 163 1067 194 ΒΑΚ
1087 164 1208 196 (ῘΕΡΠᾹ
1268 166 1283 180 ⁸

1799 167 1853 198 εοε

221 221 361 256 inquiunt,
385 222 514 258 imposuit
528 222 597 250 Deus
611 221 715 249 Adamo
732 221 830 256 legem,
844 227 926 255 quam
941 227 1007 255 prae-
1024 220 1048 249 Δ
1062 219 1107 247 illa
1120 221 1218 248 arbore
1231 224 1315 253 esset,
1337 221 1363 248 in
1381 221 1488 250 animas
1508 229 1603 250 eorum
1619 223 1665 258 qui
1686 223 1732 250 illo
1746 224 1855 252 alere"-

223 268 326 295 sciebat
349 268 439 302 ipsum
467 276 520 295 non
549 275 608 295 esse
634 266 860 294 observaturum?
885 266 1010 294 Proiecto

224 311 276 340 nisi
296 312 338 339 lex
359 312 397 339 illi
420 312 514 339 fuisset
536 313 608 343 data,
628 311 655 338 in
679 311 765 338 multo
795 310 884 345 majus
907 310 1009 336 malum

227 358 379 388 incidisset,
396 364 477 392 quam
501 357 595 385 incidit
607 357 691 384 Satan
708 365 715 384 :
732 356 882 391 praesertim
902 363 963 383 cum
982 356 1009 382 in

225 408 280 429 tam
303 402 384 436 regali
402 407 556 429 versaretur
575 403 686 437 palatio,
704 403 763 437 ipso
780 401 906 436 paradiso
922 401 1011 428 omni-

222 447 276 473 lnts
292 446 395 473 deliciis
410 446 546 479 atlluente,
569 447 700 482 imperata
720 452 761 474 est
778 454 843 482 ergo
859 447 895 473 illi
913 447 953 473 lex
966 446 1010 473 cui

223 500 278 518 non
292 498 349 521 erat
362 493 608 526 obsecundatnrus,
626 501 660 520 ne
676 493 702 520 in
717 492 806 527 majus
826 493 928 519 malum
946 500 1011 526 pro-

222 538 371 569 laberetur.
383 546 464 573 quam
477 538 539 566 data
552 539 609 574 lege
626 539 690 566 ruit.
709 538 779 566 Sunt
791 545 854 564 vero
866 537 926 564 alia:
936 545 1011 565 com-

220 584 314 618 plures
344 586 463 613 rationes
488 585 699 620 prtescribendze
728 586 800 612 illius
826 585 1010 620 legis:quas,

221 631 330 658 volente
347 631 410 663 Deo.
426 635 488 667 post
505 639 600 659 sumus
612 632 782 667 explicaturi.

257 677 357 705 Verum
375 678 516 705 enimvero
543 683 648 712 qumrat
687 678 804 712 aliquis,
839 685 888 704 cur
915 677 1011 705 Adami

220 727 363 757 peceatum
379 724 451 758 quod
468 723 576 758 quidem
594 731 647 750 non
662 723 805 751 videbatur
819 723 1012 759 gravissimum

222 768 371 796 durissima
398 769 433 797 sit
461 777 541 804 pcena
575 773 733 800 consecuta,
753 769 809 803 ipsa
833 776 918 796 mors.
944 768 1013 796 lluic

221 813 312 849 primo
332 813 540 849 respondemus,
562 814 648 848 magis
673 814 749 840 illum
772 814 914 841 admisisse
938 813 1014 848 flagi-

222 859 302 891 tium,
327 867 409 894 quam
432 860 596 895 pependisse
621 867 729 895 poenam
749 868 757 887 :
774 860 917 895 multiplici
940 859 1012 886 enim

221 913 357 933 noxarum
371 913 469 941 genere
493 906 605 934 rebellio
627 907 671 933 illa
685 906 839 937 constabat,
859 905 1013 938 inscientia,
1032 895 1051 922 Β

221 959 324 984 errore,
339 952 479 986 superbia.
500 952 702 984 incredulilate,
722 951 871 983 calumnia,
888 956 1013 978 contem-

222 1002 270 1032 ptu
290 997 418 1032 denique.
447 997 592 1025 lnseientia
616 997 726 1032 quidem
744 1018 751 1029 ,
778 997 842 1031 quia
873 997 1011 1031 iumentis,

223 1043 374 1077 bestiisque
389 1043 487 1070 similis
505 1043 603 1077 evasit,
620 1045 666 1079 qui
685 1044 788 1078 alioqui
810 1043 944 1078 sapientia
971 1048 1014 1070 at-

221 1095 276 1123 que
295 1088 401 1116 ratione
426 1088 553 1123 pollebat.
574 1089 672 1116 Errore
688 1097 763 1120 vero,
777 1089 876 1124 quippe
891 1088 1014 1116 insidiosi

222 1133 382 1168 impostoris
401 1133 444 1161 sui
460 1135 551 1162 verbis
577 1135 707 1162 seductus
722 1139 773 1162 est.
794 1134 927 1169 Superbia
942 1142 1012 1169 quo-

222 1188 289 1214 qtlc,
308 1187 370 1207 nam
385 1180 556 1208 divinitatem
571 1180 725 1208 allectabat.
741 1180 854 1215 Insuper
869 1180 1016 1208 increduli-

218 1230 286 1259 tate,
305 1233 359 1253 non
375 1226 502 1254 credebat
517 1227 589 1254 enim
605 1231 737 1254 eventura
754 1234 786 1253 ea
803 1234 865 1261 quae
882 1227 934 1254 sibi
948 1234 1016 1254 suus

219 1272 347 1300 conditor
359 1272 430 1300 Deus
444 1276 501 1300 erat
512 1273 715 1300 interminatus.
725 1272 875 1299 Calumniis
887 1273 1015 1307 denique,

223 1323 250 1344 ut
267 1318 365 1352 quibus
382 1318 427 1345 ille
442 1326 522 1345 suum
545 1323 587 1346 est
612 1319 765 1346 insectatus
786 1323 938 1353 parentem.
963 1319 1014 1346 Po-

221 1369 326 1391 stremo
353 1364 434 1390 etiam
475 1369 654 1400 contemptu;
686 1372 749 1392 nam
774 1365 933 1398 imperatam
963 1365 1016 1392 sibi

222 1410 309 1444 legem
326 1409 478 1444 vilipendit,
495 1411 606 1444 sprevit,
622 1411 750 1444 neglexit.
762 1410 855 1444 Neque
868 1411 940 1437 enim
958 1418 1016 1438 sce-

220 1456 289 1483 leris
302 1456 375 1483 illius
388 1455 592 1483 existimatione
608 1457 772 1490 spectandus
788 1460 829 1482 est
840 1456 918 1482 cibus
934 1464 1014 1491 quem

222 1502 349 1536 sumpsit,
368 1502 414 1529 sed
431 1503 500 1536 quod
515 1507 607 1537 spreto
622 1510 673 1530 suo
692 1502 820 1530 eﬂ'cctore
845 1502 911 1534 Deo,
927 1503 1008 1537 hujus

219 1548 298 1582 iussa
314 1548 423 1575 violarit
435 1557 440 1574 :
451 1553 546 1576 coatra
560 1556 625 1575 vero
639 1548 761 1575 insidiosi
776 1548 864 1575 hostis
879 1549 920 1575 sui
933 1549 1014 1576 verba

222 1594 316 1629 magni
335 1594 448 1626 fecerit;
469 1595 494 1621 id
511 1602 576 1622 vero
589 1595 614 1622 in
635 1595 767 1622 rationem
785 1595 937 1622 vocandum
962 1600 1015 1628 est,

221 1640 284 1667 inde
294 1639 436 1674 ﬂagitium.
449 1640 515 1668 lllud
529 1649 655 1676 magnum
670 1641 924 1676 fuitetgravissima
937 1650 1016 1677 poma

223 1685 354 1720 piandum
372 1693 426 1712 non
444 1685 470 1712 in
487 1686 549 1713 Adae
565 1691 646 1720 caput
671 1687 777 1720 solum,
795 1687 842 1715 sed
864 1688 890 1715 in
906 1696 1015 1716 onmem

224 1739 340 1765 prorsus
360 1731 547 1765 posteritatem
567 1737 723 1766 propagata.
734 1732 813 1760 Sicut
830 1739 856 1760 et
868 1733 953 1766 Esau,
969 1734 1015 1769 qui

224 1777 267 1810 (ut
283 1777 320 1803 ait
338 1777 486 1811 Apostolus
497 1777 534 1811 ⁸¹)
554 1786 604 1804 non
621 1779 719 1805 invenit
737 1778 823 1805 locum
834 1780 1015 1814 ptrm'tentiw;

226 1830 280 1850 non
297 1830 374 1856 sane,
390 1823 453 1857 quia
479 1830 534 1849 rem
558 1824 713 1857 quampiam
738 1824 898 1852 inusitatam
923 1833 1017 1852 conte-

225 1869 311 1897 disset
336 1869 432 1904 (lentes
455 1869 526 1896 enim
553 1869 634 1896 modo
648 1870 765 1903 ederat),
779 1871 825 1898 sed
848 1871 920 1906 quod
944 1875 1016 1898 esset

225 1924 283 1943 suae
307 1916 512 1943 obsecundatus
535 1916 688 1951 cupiditati,
712 1921 908 1952 auctoremque
933 1925 1014 1944 sumn

225 1962 309 1990 Deum
327 1962 548 1997 contempsisset.

517 2007 634 2036 CAPUT
653 2007 714 2035 XX.

261 2055 326 2087 Qua:
340 2055 422 2089 fuerit
449 2055 528 2082 arbor
543 2055 592 2081 illa
613 2056 674 2082 vim
690 2055 715 2081 in
735 2055 820 2082 medio
841 2055 967 2090 paradiso
991 2058 1016 2081 et

224 2109 272 2128 cur
283 2101 343 2128 vita:
357 2102 437 2128 arbor
449 2102 483 2128 sit
500 2106 603 2128 vocata.
619 2101 757 2136 Scriptum
771 2107 812 2128 est
833 2101 858 2128 in
881 2102 950 2129 libro
963 2100 1016 2129 Ge-

223 2155 321 2175 nescos
338 2156 345 2174 :
359 2149 394 2174 Et
411 2152 595 2181 procreaverat
613 2147 740 2174 Dominus
757 2147 826 2174 Deus
841 2156 854 2174 ε
876 2152 946 2175 terra
961 2156 1018 2175 om-

223 2203 282 2221 nem
298 2195 418 2221 arborem
429 2195 484 2220 risu
497 2185 677 2228 appelt‘bilem,
688 2200 711 2220 et
730 2194 755 2220 in
769 2194 854 2220 cibum
868 2194 1016 2228 pulchram;

1064 271 1118 298 tur,
1134 267 1187 294 vim
1199 268 1345 302 quamdam
1364 269 1568 305 ellicaciamque
1584 271 1676 299 indere
1689 272 1822 304 divinam,
1839 281 1854 300 a

1063 313 1169 341 creteris
1193 313 1289 340 animae
1308 314 1413 342 viribus
1431 315 1586 347 diversam;
1610 317 1680 344 sicut
1708 319 1800 346 carnis
1821 327 1853 346 ac

1062 359 1119 386 vini
1133 359 1185 386 alia
1201 364 1242 386 est
1262 359 1423 387 inhumano
1437 368 1554 396 corpore
1566 362 1709 390 efﬁcientia
1724 384 1730 395 ,
1747 364 1799 390 alia
1813 364 1854 390 le-

1064 405 1205 440 guminum
1222 414 1228 432 :
1243 406 1345 439 qumvis
1369 406 1462 434 divina
1488 407 1688 442 eﬂicacitasque
1712 409 1814 436 bonum
1838 418 1853 436 a

1063 451 1136 478 malo
1149 456 1282 479 secernat.
1297 451 1398 479 Eadem
1415 453 1497 487 igitur
1508 454 1589 480 etiam
1604 455 1709 482 ratione
1725 456 1852 482 arborem

1062 497 1125 524 vitae
1142 502 1277 530 vocatam,
1291 498 1353 532 quia
1367 500 1450 526 vitam
1466 499 1646 528 immortalem
1667 502 1856 536 suppeditaret

1063 542 1097 570 iis
1114 543 1160 577 qui
1179 550 1213 570 ex
1238 544 1295 576 ipsa
1320 543 1411 570 cibum
1431 544 1685 579 nutrimentumquc
1705 550 1853 580 raperent;

1063 588 1145 623 idque
1162 587 1252 615 divina
1275 589 1402 622 quapiam
1423 589 1577 616 ellicientia.
1594 589 1669 617 llanc
1689 591 1854 618 sententiam

1034 639 1036 641 '
1064 634 1154 662 firmat
1172 633 1320 669 Numysius
1337 634 1516 669 philosophus
1538 635 1711 663 Christianus
1726 636 1765 664 sic
1783 638 1855 663 scri-

1065 678 1131 705 bens
1150 688 1156 706 :
1176 678 1216 705 En
1238 679 1322 705 Adam
1346 680 1426 706 et'asil
1443 680 1531 714 quali:
1546 689 1613 707 unus
1629 690 1642 707 e
1666 681 1742 708 nobis
1755 682 1790 708 ad
1809 691 1855 708 t0-

1063 724 1238 760 gnoscendum
1262 725 1358 751 bonum
1383 730 1407 751 et
1427 725 1544 757 malum;
1563 734 1594 752 ne
1626 726 1709 761 t‘gilur
1730 727 1856 753 extendat

1064 777 1173 797 ntanum
1191 778 1266 797 suam
1280 775 1306 797 et
1323 775 1411 797 sumat
1426 771 1457 797 de
1471 771 1563 798 arbore
1577 772 1649 802 vim,
1666 777 1852 806 t'escalurque,

1063 819 1088 842 et
1104 816 1171 842 vivat
1181 814 1412 848 perpetuo“.Non
1423 815 1481 842 lnrc
1491 815 1598 842 dicebat
1616 815 1686 843 Deus
1702 824 1748 850 per
1760 817 1854 844 odium

1066 864 1148 895 atque
1170 860 1312 891 invidiam,
1336 860 1382 887 seti
1408 861 1473 894 quia
1497 861 1624 895 indignus
1639 865 1711 889 esset
1732 861 1856 890 Adamus

1067 905 1112 940 qui
1128 906 1210 932 vitam
1227 907 1422 940 sempiternam
1438 910 1659 940 consequeretur,
1675 906 1775 940 quippe
1789 914 1857 933 cou-

1067 957 1107 979 tra
1124 960 1204 987 quem
1225 952 1279 986 jam
1297 956 1359 979 ante
1376 951 1429 978 lata
1452 952 1541 979 fuerat
1565 953 1700 979 sententia
1717 962 1724 980 :
1745 952 1777 979 In
1793 953 1857 987 pul-

1066 1007 1151 1025 verem
1164 999 1299 1026 reverteris
1311 998 1476 1026 ".Semovit
1497 998 1586 1033 itaque
1612 998 1686 1025 illum
1702 999 1736 1025 ab
1759 999 1858 1026 arbore

1066 1044 1138 1076 vilte,
1157 1051 1190 1071 ne
1207 1044 1240 1071 de
1260 1043 1305 1070 illa
1323 1043 1414 1071 cibum
1439 1048 1561 1071 sumeret
1577 1053 1584 1071 :
1598 1045 1644 1079 qui
1665 1045 1742 1072 cibus
1763 1044 1858 1071 divino

1067 1091 1177 1117 decreto
1202 1090 1239 1117 illi
1265 1095 1337 1118 esset
1353 1089 1571 1117 adversus.Haac
1595 1090 1640 1117 ille
1663 1090 1855 1125 philosophus.

1066 1136 1166 1171 quibus
1181 1137 1247 1164 satis
1262 1137 1350 1164 innuit
1371 1136 1530 1163 existimare
1546 1143 1586 1168 se,
1612 1135 1748 1171 ejusmodi
1773 1136 1859 1163 fuisse

1067 1190 1126 1210 eam
1138 1182 1265 1210 arborem
1276 1187 1306 1210 ut
1318 1183 1401 1209 vitam
1413 1182 1490 1209 daret
1502 1182 1535 1209 iis
1545 1181 1589 1217 qui
1606 1182 1693 1216 ipsam
1705 1188 1856 1217 gustarem.

1067 1227 1200 1255 Dominus
1212 1234 1276 1254 vero
1293 1226 1412 1254 Jacobus
1430 1226 1604 1261 Sarugensis,
1618 1227 1743 1254 Oratione
1760 1235 1808 1254 sua
1823 1227 1859 1255 de

1067 1273 1153 1308 ejecto
1173 1273 1318 1300 Adamocx
1335 1273 1471 1307 paradiso.
1482 1273 1547 1299 dicit
1569 1272 1624 1299 fieri
1639 1280 1719 1306 posst!
1732 1277 1761 1299 ut
1776 1273 1859 1300 arbor

1069 1320 1114 1346 illa
1131 1320 1213 1346 vitam
1228 1319 1345 1346 allatura
1360 1319 1443 1346 fuerit
1461 1318 1644 1345 immortalem
1665 1317 1770 1344 Atlatno
1784 1319 1806 1344 si
1824 1319 1860 1345 de

1067 1373 1098 1392 ea
1115 1365 1223 1395 edisset.
1250 1370 1393 1400 propterea
1413 1365 1486 1399 quod
1520 1363 1681 1398 mysterium
1708 1363 1808 1390 Christi
1831 1365 1858 1391 in

1068 1412 1113 1439 illa
1127 1412 1232 1441 lateret.
1254 1419 1285 1438 ac
1307 1411 1421 1446 proinde
1441 1411 1547 1437 occulta
1571 1409 1688 1457 quadaron
1712 1408 1858 1436 ellicientia

1068 1458 1154 1492 ipsius
1182 1457 1286 1484 fruetus
1312 1456 1436 1490 ramique
1464 1456 1619 1490 pollerent,
1643 1455 1705 1482 cum
1732 1455 1860 1482 Christus

1068 1504 1126 1538 ipse
1140 1508 1236 1538 suapte
1250 1508 1347 1529 natura
1360 1503 1413 1529 vita
1434 1501 1479 1532 sit.
1491 1509 1522 1528 ac
1540 1501 1696 1535 ubicunque
1722 1501 1766 1528 ille
1782 1501 1861 1529 adest

1028 1567 1051 1597 α
1069 1549 1096 1576 in
1113 1549 1275 1584 propinquo.
1294 1548 1369 1575 illinc
1385 1548 1463 1583 longe
1477 1547 1547 1574 absit
1564 1554 1648 1574 mors.
1664 1546 1697 1573 Et
1709 1555 1773 1574 vero
1790 1547 1860 1574 hanc

1068 1595 1232 1623 sententiam
1258 1594 1296 1621 ait
1328 1594 1497 1621 Philoxenus
1525 1593 1697 1627 Mahugensis
1729 1601 1759 1619 se
1786 1593 1860 1620 nolle

1069 1647 1238 1675 oppugnare,
1256 1647 1318 1666 cum
1334 1639 1427 1665 credat
1443 1638 1498 1676 Deo
1514 1638 1603 1665 omnia
1619 1645 1680 1664 esse
1698 1637 1769 1665 factu
1789 1637 1860 1664 faci-

1068 1687 1114 1714 lia.
1133 1686 1266 1714 Czrterum
1283 1685 1328 1713 alii
1345 1686 1481 1718 doctores,
1501 1691 1572 1720 quos
1595 1691 1645 1712 nos
1670 1684 1798 1712 libentius
1814 1692 1860 1712 se-

1069 1733 1192 1768 quimur,
1209 1732 1296 1763 aiunt,
1313 1731 1383 1758 haud
1402 1731 1461 1758 ideo
1478 1730 1551 1765 quod
1570 1730 1653 1756 vitam
1679 1730 1738 1764 ipsa
1768 1730 1861 1756 conci-

1069 1779 1146 1806 liaret
1161 1777 1345 1809 vescentibus,
1360 1782 1482 1804 vocatam
1497 1783 1558 1803 essc
1574 1776 1634 1803 vita:
1644 1776 1768 1802 arborem
1784 1775 1861 1811 (per-

1069 1825 1131 1852 inde
1155 1824 1227 1851 enim
1245 1822 1322 1850 rudis
1338 1830 1369 1849 ac
1385 1822 1460 1850 stulti
1488 1822 1587 1857 ingenii
1608 1829 1679 1853 esse,
1703 1821 1861 1854 existimat:

1069 1871 1194 1898 arborem
1221 1868 1302 1896 ullam
1323 1868 1388 1896 boni
1416 1868 1536 1902 malique
1561 1868 1742 1902 cognitionem
1767 1867 1859 1901 largiri

1068 1923 1147 1951 posse
1166 1915 1198 1942 iis
1217 1921 1232 1941 a
1252 1914 1351 1948 quibus
1369 1913 1494 1940 ederetur
1509 1923 1515 1940 :
1531 1917 1558 1940 et
1576 1920 1636 1940 esse
1650 1912 1774 1938 arborem
1785 1931 1792 1943 ,
1807 1920 1859 1946 qua

1068 1962 1090 1989 si
1107 1968 1230 1992 vescere,
1243 1960 1346 1987 evadas
1357 1958 1545 1993 immortalis),
1563 1958 1610 1985 sed
1631 1958 1666 1985 ob
1690 1958 1727 1989 id,
1752 1958 1803 1984 hoc
1821 1957 1861 1985 illi

1069 2013 1168 2033 nomen
1185 2013 1201 2033 a
1218 2005 1271 2032 Deo
1287 2005 1380 2032 datum
1396 2011 1468 2036 esse,
1487 2011 1542 2038 quo
1567 2003 1690 2030 Adamus
1706 2003 1738 2029 ad
1758 2010 1861 2038 paren-

1068 2053 1133 2080 dum
1160 2051 1323 2087 praescriptas
1355 2050 1408 2077 sibi
1438 2050 1488 2085 legi
1511 2049 1688 2076 auimarelur.
1708 2048 1773 2075 Nam
1797 2056 1859 2075 tum

1069 2099 1153 2127 soleat
1167 2098 1268 2133 quaevis
1282 2097 1324 2124 lex
1339 2096 1445 2124 duabus
1465 2096 1520 2123 fere
1538 2095 1636 2122 muniri
1652 2095 1743 2126 rebus,
1773 2102 1860 2128 paena:

1070 2146 1176 2173 scilicet
1208 2143 1432 2174 denuntiatione,
1459 2147 1485 2168 et
1513 2141 1618 2176 praemii
1651 2141 1858 2175 polliciluliunc,

1068 2198 1183 2226 quarunt
1204 2189 1248 2216 illa
1274 2187 1541 2223 pnevaricationem,
1559 2186 1616 2212 ha'c
1637 2186 1855 2212 observationem

223 2241 308 2275 ipsam
330 2241 408 2267 etiam
432 2240 551 2266 arborem
565 2240 623 2266 eine
639 2240 664 2266 iu
678 2240 763 2266 medio
780 2241 917 2273 paradiw,
934 2245 959 2267 ει
973 2249 1018 2268 αν-
1033 2234 1055 2261 D
1068 2235 1212 2263 comitetur
1235 2235 1336 2269 (neque
1349 2233 1420 2259 enim
1445 2231 1536 2258 minus
1554 2231 1646 2257 deberi
1660 2230 1768 2257 videtur
1793 2239 1862 2265 pra:-

222 2287 312 2314 borem
325 2286 441 2313 scientia:
462 2286 523 2312 boui
536 2291 559 2312 et
575 2285 682 2318 ntali",
696 2291 750 2312 etc.
767 2285 803 2312 De
822 2285 919 2313 arbore
931 2287 1019 2314 scien-

223 2332 269 2358 tia:
287 2330 349 2357 boni
365 2334 390 2356 et
410 2329 473 2356 mali
490 2330 559 2356 satis
574 2337 589 2356 a
607 2329 686 2356 nobis
707 2329 763 2364 jam
776 2328 879 2356 dictum
899 2334 950 2363 est,
973 2338 1019 2358 su-

224 2382 316 2413 perest
343 2377 427 2411 igitur
443 2381 473 2403 ut
488 2376 521 2403 de
537 2376 636 2403 arbore
657 2375 718 2402 vita:
740 2383 812 2402 nunc
838 2377 1017 2409 disseramus,

224 2426 259 2451 de
274 2431 327 2459 qua
340 2423 395 2451 duo
411 2423 469 2450 haec
489 2422 603 2449 veniunt
617 2421 793 2456 disquirenda
812 2430 819 2448 :
834 2430 881 2449 cur
896 2423 958 2450 vitae
975 2430 1019 2450 ar-

224 2469 274 2497 bor
289 2473 413 2502 vocetur,
429 2472 456 2495 et
472 2467 624 2502 eujusmodi
642 2469 723 2493 arbor
737 2466 796 2500 ipsa
811 2467 857 2494 sit.
879 2467 948 2494 Sunt
971 2475 1020 2494 au—

225 2521 280 2543 tem
298 2515 344 2550 qui
360 2515 421 2542 ideo
435 2514 497 2541 vitm
511 2514 635 2541 arborem
654 2513 816 2548 appellatam
836 2518 929 2549 putent
945 2512 1019 2548 quod

225 2571 256 2590 ea
274 2567 346 2590 esset
363 2562 448 2597 ipsius
463 2561 586 2590 conditio
601 2566 686 2596 atque
706 2567 803 2589 natura
818 2566 848 2588 ut
865 2561 948 2587 vitam
968 2559 1020 2586 im-

225 2609 370 2637 mortalem
390 2609 423 2636 iis
438 2608 598 2636 conciliaret
617 2608 662 2643 qui
685 2616 714 2635 se
730 2613 920 2640 vescerentur;
944 2606 1018 2633 enim

225 2664 291 2684 vero
306 2655 331 2682 hi
348 2656 473 2683 arborem
493 2655 614 2683 scientia:
627 2655 690 2682 boni
708 2658 734 2681 ct
747 2653 822 2685 mali,
838 2653 895 2688 pari
909 2660 1020 2688 quoque

226 2701 333 2728 ratione
345 2700 443 2727 dictam
461 2701 566 2734 volunt,
582 2700 646 2735 quia
670 2700 855 2735 cognitionem
871 2699 934 2726 boni
962 2707 1020 2726 ma-

226 2747 301 2781 lique
317 2746 350 2772 iis
366 2751 472 2780 pareret
488 2747 534 2781 qui
559 2747 646 2781 ipsam
670 2746 793 2779 ederent,
813 2746 961 2780 cibumque
986 2753 1019 2771 ex

224 2801 257 2819 ea
277 2797 421 2825 caperent;
452 2800 512 2820 nam
540 2793 644 2827 Deum,
663 2801 710 2828 per
724 2800 786 2820 cum
809 2793 899 2820 cibutn
920 2793 967 2828 qui
985 2799 1017 2819 ex

260 2879 286 2896 δ’
305 2879 385 2907 llcbr.
412 2887 458 2913 xu,
478 2883 518 2910 17.

557 2883 658 2911 "Gen.
676 2889 706 2916 II,
719 2883 746 2910 9.
785 2883 806 2899 5"
820 2883 887 2911 Gen.
910 2882 1012 2915 111,22.

1069 2282 1153 2308 mium
1169 2281 1202 2307 iis
1217 2280 1262 2314 qui
1279 2279 1487 2312 obtemperant,
1501 2284 1582 2311 quam
1609 2275 1692 2302 multa
1708 2276 1742 2302 iis
1755 2277 1800 2310 qui
1818 2285 1860 2303 rc-

1070 2325 1180 2360 bellant)
1199 2325 1306 2358 lataque
1322 2332 1337 2350 a
1359 2323 1414 2350 Deo
1437 2323 1479 2350 lex
1500 2326 1583 2354 essm,
1610 2329 1643 2348 ne
1665 2322 1749 2348 Adam
1777 2322 1810 2349 dc
1829 2330 1862 2350 ea

1070 2373 1167 2400 arbore
1182 2379 1242 2406 qum
1257 2370 1377 2397 scicntize
1399 2369 1461 2396 boni
1480 2373 1506 2395 ct
1521 2368 1583 2394 mali
1600 2367 1753 2400 dicebatur,
1770 2373 1863 2403 gusta-

1070 2423 1121 2451 ret,
1145 2422 1171 2445 ct
1197 2415 1385 2452 praevaricanti
1409 2422 1487 2450 pmna
1511 2414 1655 2448 prostituta
1678 2413 1735 2448 ipsa
1761 2422 1834 2440 mors
1854 2423 1860 2440 :

1071 2452 1133 2497 Qua
1144 2465 1211 2491 enim
1231 2463 1282 2495 die,
1298 2462 1395 2496 inquit,
1415 2461 1447 2488 de
1464 2459 1512 2487 illa
1526 2460 1624 2491 ederis,
1638 2464 1747 2486 mortem
1767 2459 1863 2491 abibis;

1071 2510 1204 2545 reliquum
1235 2512 1314 2541 erat,
1343 2514 1373 2534 ut
1394 2507 1533 2542 praemium
1556 2505 1637 2533 etiam
1661 2505 1863 2540 promitteretur

1070 2555 1227 2584 observanti
1252 2555 1349 2589 legem.
1366 2555 1460 2587 Itaque
1480 2551 1552 2579 Deus
1575 2555 1789 2579 commonstrata
1811 2550 1862 2577 alia

1071 2604 1167 2632 arbore
1183 2610 1243 2637 qua:
1261 2602 1288 2627 in
1305 2599 1457 2627 meditullio
1473 2598 1591 2633 paradisi
1617 2601 1686 2629 sata,
1705 2604 1802 2632 magno
1817 2605 1863 2624 cx-

1071 2650 1160 2678 stabat
1179 2647 1296 2682 insignis
1310 2647 1417 2676 decore,
1436 2644 1496 2671 vita:
1523 2650 1582 2670 eam
1601 2642 1758 2678 appellavit,
1782 2641 1862 2676 quasi

1071 2696 1196 2723 diceret:
1215 2694 1243 2720 Si
1268 2693 1302 2720 ab
1333 2692 1377 2718 illa
1404 2691 1502 2718 arbore
1530 2689 1652 2716 scientia:
1667 2688 1730 2715 boni
1755 2692 1782 2714 et
1801 2687 1863 2714 mali

1072 2747 1098 2770 te
1131 2740 1311 2772 continueris,
1335 2739 1440 2773 legique
1464 2744 1530 2764 mea:
1554 2734 1795 2770 obtemperaveris,
1830 2740 1863 2760 cn

1073 2789 1121 2817 tibi
1143 2789 1268 2816 arborem
1290 2786 1352 2814 \‘ilie
1368 2784 1400 2813 de
1415 2792 1468 2820 qua
1485 2783 1560 2816 edes,
1578 2781 1707 2816 viresque
1723 2780 1749 2807 in
1768 2787 1849 2815 perpe

1051 2881 1073 2897 ⁵⁵
1089 2879 1154 2908 ibid.
1176 2879 1215 2906 ll).
