2020 3080
98 181 153 213 509

667 186 716 216 DE
736 185 938 216 PARADISO.
961 199 995 205 —
1013 186 1110 217 PARS
1130 186 1157 217 Ῐ.

1675 185 1736 218 510

98 243 186 266 tuum.
205 237 257 266 l’ro
274 238 443 268 cohortando
462 239 544 275 igitur
570 240 674 268 Adamo
687 242 720 269 ad
736 242 889 277 obsequen-
905 246 925 274 Α
942 242 1065 276 duraret,
1088 243 1140 270 hac
1164 245 1272 277 gustata
1301 240 1427 269 eraderet
1450 239 1634 268 immortalis?
1651 240 1735 274 Igitur

95 284 163 312 dum
190 285 252 319 legi,
283 291 379 312 vocata
400 290 443 313 est
471 287 551 313 arbor
583 287 628 314 illa
654 288 717 315 vitae
740 289 833 320 arbor,
863 294 893 316 ut

95 336 229 365 quantum
245 332 340 358 mortis
361 332 470 359 nomine
488 340 503 359 a
517 333 673 361 rebellando
683 334 870 361 deteri-eretur
883 355 891 366 ,

100 380 208 402 tantum
225 375 286 402 vitae
301 376 434 403 vocabulo
455 377 487 403 ad
513 377 663 412 parendqu
691 378 890 412 impelleretur;

103 429 193 456 eaque
212 423 298 456 gratia
322 423 461 456 praemium
489 431 598 458 quoque
621 424 698 458 plane
723 432 756 450 ex
777 424 891 450 adverso

98 475 188 503 ρατηερ
208 468 396 503 responderet,
413 475 440 496 et
457 469 510 496 vita
533 471 624 497 morti.
640 470 713 496 Hanc
729 470 889 496 sententiam

96 514 195 549 probat
208 515 289 541 etiam
307 515 384 542 divus
408 517 534 547 Severus,
550 517 673 543 oratione
701 517 745 548 33,
773 517 804 542 de
831 516 890 550 epi-

97 560 219 592 thronio,
237 561 283 587 ubi
297 560 330 588 de
347 569 428 589 cruce
451 562 550 590 Christi
579 563 693 597 loquens
719 563 757 590 ait
774 571 780 588 :
799 562 889 589 Altera

96 613 165 632 vero
180 605 224 632 illa
237 606 307 639 (vitae
320 606 444 633 arborem
462 607 535 641 (lico)
553 607 666 642 gloriam
685 607 749 633 Adae
768 606 888 640 paritura

96 655 167 682 erat,
184 652 235 678 nisi
270 652 314 678 ille
347 652 529 686 intempestivi
552 653 680 687 cupidine
715 653 768 679 cibi
789 652 887 683 rictus,

98 704 154 723 non
172 697 307 731 paruisset
326 698 426 725 edicto.
441 704 493 726 etc.
512 699 546 725 At
563 699 634 725 enim
660 703 761 733 qua‘ret
778 698 887 731 aliquis,

97 750 150 769 cur
167 750 219 770 non
239 743 331 777 potius
345 751 469 778 regnum,
488 749 535 771 aut
554 744 709 778 incorrupta
732 743 889 770 immutabi-

97 788 187 823 lisque
201 790 322 817 conditio
347 791 408 817 vitm
421 791 554 825 promissa
570 791 605 818 sit
617 791 691 823 Adae,
704 790 726 817 si
745 789 814 817 foret
829 796 888 815 mo-

97 835 216 870 rigerus.
231 836 283 862 Sed
301 836 498 870 respondemus
525 844 654 871 capacem
671 837 745 863 illum
764 836 888 871 perfectae

97 879 263 914 disciplinae,
279 881 360 906 simul
376 885 457 915 atque
470 878 595 908 conditus
610 886 677 913 erat,
693 889 753 908 esse
770 889 822 908 non
841 889 888 914 pos

98 925 184 952 tuisse
204 925 266 959 (ι’).
293 925 320 952 Si
336 926 407 952 enim
426 931 486 960 post
503 927 654 953 universam
682 927 753 954 illam
779 927 846 962 legis
866 931 891 954 et
908 918 928 945 Β

96 962 292 1004 prophetarum
308 970 471 1003 doctrinam,
486 971 642 998 Judzeorum
660 972 769 1006 quidam
783 973 809 999 in
824 972 892 999 Sad-

95 1014 269 1048 duca'orum,
284 1019 313 1042 ut
329 1022 438 1049 vocant,
463 1021 565 1044 sectam
584 1017 702 1052 prolapsi
718 1024 793 1050 sunt,
816 1025 891 1045 mor-

97 1063 269 1095 tuorumque
296 1063 526 1090 resurrectionem
551 1067 578 1090 et
600 1063 652 1090 alia
674 1070 740 1090 sana
765 1064 890 1098 dogmata

95 1111 232 1140 negarunt
261 1115 267 1133 :
308 1113 412 1141 quanto
443 1109 530 1143 magis
564 1109 775 1136 existimandum
810 1109 892 1136 fuerit

96 1152 244 1185 Adamum,
260 1153 285 1179 iu
300 1153 360 1187 ipso
379 1155 469 1181 statim
484 1154 630 1182 creationis
646 1162 702 1182 sure
719 1155 888 1188 rudimento,

96 1197 255 1230 incapacem
273 1198 357 1226 fuisse
380 1199 512 1226 absolutae
527 1199 600 1227 illius
616 1200 746 1228 doctrinae
758 1209 809 1236 qua
827 1209 889 1235 per-

98 1243 209 1270 suaderi
241 1244 392 1278 quivisset,
417 1253 528 1272 manere
552 1246 660 1281 aliquod
677 1247 795 1274 sublime
820 1255 890 1281 praa‘

97 1290 182 1316 mium
208 1297 255 1317 eos
279 1291 325 1325 qui
354 1291 437 1318 Deum
471 1297 614 1324 amarent,
639 1299 889 1329 przeceptorumque

99 1335 160 1369 ejus
187 1336 365 1364 observantes
392 1342 500 1368 essent;
533 1338 620 1372 ipsum
651 1347 747 1374 nempe
779 1340 890 1367 mdeste

97 1382 234 1416 regnum?
269 1382 395 1410 Profecto
420 1388 449 1410 ut
461 1384 531 1412 ﬁlios
557 1390 666 1411 nostros
685 1393 753 1419 quos
776 1386 890 1412 tenellos

98 1427 132 1454 ad
159 1428 252 1455 ludum
277 1429 440 1456 litterarium
474 1430 607 1457 mittimus
633 1430 809 1462 erudiendos,
827 1431 890 1464 quia

98 1473 208 1508 ingenio
228 1473 317 1502 adhuc
334 1475 393 1502 rudi
411 1480 485 1508 sunt,
503 1480 529 1502 et
545 1475 665 1503 nondum
682 1476 818 1508 absoluto,
836 1485 889 1503 non

98 1519 288 1554 hujuscemodi
319 1521 407 1548 verbis
421 1522 619 1556 prosequimur
636 1529 643 1548 :
662 1522 681 1553 l,
712 1521 745 1548 da
779 1529 889 1556 operam

98 1566 209 1599 litteris,
234 1572 262 1593 ut
289 1567 316 1593 iu
333 1568 420 1594 virum
437 1568 596 1602 prudentem
620 1572 701 1602 atque
718 1569 847 1600 doctum,
863 1574 890 1595 υι

98 1613 270 1648 popularium
294 1617 403 1640 tuomm
433 1616 575 1648 primatem
596 1614 694 1641 evadas
709 1623 715 1641 :
730 1615 777 1642 sed
806 1615 889 1642 meris

97 1660 239 1687 blanditiis
257 1661 289 1687 ad
316 1660 545 1695 frequentandum
574 1661 665 1687 ludum
693 1661 890 1696 discendasque

98 1705 205 1733 litteras
245 1707 430 1738 cohortantur,
459 1711 485 1734 et
523 1707 677 1734 indm-imus
696 1716 703 1734 :
721 1708 756 1734 ita
786 1707 890 1734 Adaxuo

98 1760 207 1787 quoque
239 1752 320 1784 Deus,
339 1761 434 1781 recens
451 1761 464 1780 a
479 1761 507 1781 se
519 1753 641 1781 conditio
658 1754 742 1789 legem
768 1755 890 1789 praescri-

98 1797 190 1830 bebat,
209 1805 257 1832 per
271 1806 352 1833 quam
374 1806 403 1825 se
426 1799 542 1826 revereri
566 1800 696 1832 disceret,
713 1807 826 1834 eamque
850 1801 889 1827 lc-

98 1851 158 1879 gem
173 1844 195 1871 si
213 1844 372 1877 tranSiliret,
386 1850 500 1872 mortem
517 1845 694 1872 denuntiabat
708 1855 714 1872 :
734 1847 774 1873 sin
796 1846 890 1873 obsor-

97 1895 192 1922 varet,
217 1898 413 1917 concessurum
435 1898 466 1918 se
488 1892 538 1926 ipsi
560 1893 737 1926 promittebat
761 1893 886 1919 arborem

97 1935 171 1966 vitae,
186 1935 219 1961 de
235 1943 287 1969 qua
303 1935 347 1962 ubi
362 1939 509 1969 gustasset,
523 1935 637 1970 adeptus
654 1935 886 1963 immortalitatem

96 1981 221 2007 victurus
243 1985 314 2008 esset
336 1981 418 2007 vitam
440 1981 644 2016 sempiternam.
660 1980 718 2008 Non
739 1988 804 2016 ergo
826 1980 887 2008 rudi

99 2028 190 2056 adhuc
205 2034 230 2056 et
245 2028 354 2056 indocili
372 2029 476 2055 homini
491 2028 616 2056 diccbat?
633 2028 751 2056 Daturus
765 2037 826 2056 sum
839 2028 886 2056 tibi

95 2074 221 2108 jussibus
246 2074 312 2100 meis
335 2074 440 2108 parenti
461 2073 572 2100 cmleste
595 2080 727 2106 regnum;
745 2073 792 2099 sed
807 2073 888 2099 arbo-

97 2126 155 2146 rem
173 2118 257 2144 Veluti
274 2118 359 2152 digito
370 2118 531 2146 ostendebat
548 2125 656 2145 amtena
676 2118 766 2151 specie
784 2117 888 2152 appeti-

99 2167 191 2199 biiem,
209 2165 353 2201 fructuque
370 2171 505 2201 comptam
525 2173 587 2197 suo,
619 2173 701 2200 quam
728 2166 789 2192 vita;
805 2165 886 2191 arbo-

98 2219 157 2239 rem
177 2212 300 2243 \'or,abat,
316 2212 506 2247 morigeroque
523 2211 560 2238 illi
576 2211 749 2246 promittebat
773 2211 831 2237 fore
858 2213 887 2237 ut

944 296 975 314 ex
995 289 1027 316 iis
1053 297 1112 323 qua-
1132 288 1187 323 jam
1214 288 1285 316 dicta
1309 292 1384 320 sunt,
1402 287 1506 314 clarum
1521 291 1579 319 est.
1597 287 1659 314 ideo
1673 286 1736 313 vita:

944 326 1041 361 nomen
1062 342 1076 360 a
1094 333 1148 360 Deo
1173 333 1264 360 arbori
1291 333 1329 360 illi
1345 341 1405 361 esse
1428 333 1556 364 inditum,
1572 337 1601 359 ut
1623 339 1657 360 eo
1680 339 1734 358 non

944 379 1036 407 minus
1049 380 1183 406 Adamum
1195 379 1228 406 ad
1243 379 1441 406 observandam
1454 379 1511 414 jam
1534 384 1591 406 tum
1610 378 1735 414 prmeri-

942 430 1015 460 ptarn
1030 433 1044 452 a
1059 433 1088 452 se
1105 425 1191 459 legem
1208 425 1342 452 animaret
1358 431 1439 460 atque
1451 433 1616 460 propensum
1636 425 1734 452 redde-

942 476 994 500 ret.
1024 478 1104 505 quam
1123 470 1203 504 paulo
1225 476 1287 497 aute
1309 470 1406 497 mortis
1426 471 1563 498 nOminea
1580 470 1735 497 rebellando
1754 470 1757 490 ε

941 515 1118 543 deterruerat.
1131 516 1182 543 Sed
1196 516 1252 543 haec
1264 517 1297 544 de
1310 517 1430 544 nominis
1445 518 1553 544 ratione
1564 516 1632 543 satis
1643 521 1736 544 sunto.

942 561 1018 594 Quod
1036 569 1118 596 porro
1132 565 1228 594 restat,
1245 562 1325 596 cujus
1349 569 1378 589 ea
1404 563 1486 589 arbor
1508 563 1616 596 generis
1643 562 1736 592 fuerit.

941 608 1076 635 neminem
1105 608 1194 635 adhuc
1221 608 1362 636 doctorum
1397 608 1520 635 omnium
1545 608 1660 643 legimus
1687 609 1734 642 qui

940 655 1029 689 qualis
1055 654 1142 689 reipsa
1170 658 1251 688 atque
1277 654 1344 681 adeo
1372 654 1495 687 corporis
1519 654 1612 680 habitu
1638 653 1731 683 fuerit,

939 701 1103 735 explicarit;
1125 708 1186 726 nam
1200 700 1246 734 qui
1271 699 1384 734 mystice
1403 699 1647 732 interpretarentur
1660 698 1737 724 inrc-

943 747 1034 774 nimus
1049 745 1216 779 complures,
1233 749 1258 772 ct
1275 751 1325 771 nos
1341 751 1448 778 quoque
1467 743 1521 770 Deo
1537 743 1610 775 freti,
1626 743 1736 777 quando

939 792 966 819 in
985 791 1074 826 operis
1090 790 1170 826 hujus
1197 797 1342 824 progressu
1363 789 1521 824 paradisum
1549 789 1667 821 ﬁgurare
1689 795 1737 815 ex-

939 838 1101 873 plicabimus
1114 856 1122 868 .
1139 844 1169 864 ea
1187 844 1247 871 qua:
1261 835 1294 862 ad
1312 842 1412 862 arcana
1429 835 1510 869 hujus
1527 834 1635 861 arboris
1656 840 1737 861 sensa

943 887 1088 917 spectant,
1105 890 1283 917 exponemus.
1303 881 1420 915 lngeuue
1439 881 1520 916 igitur
1535 881 1653 907 fatemur
1667 887 1737 906 non—

944 930 1007 957 dum
1025 929 1153 956 didicisse
1171 935 1224 955 nos
1239 928 1391 962 qualisnam
1409 927 1490 954 arbor
1507 926 1588 953 fuerit
1602 933 1662 960 qua:
1675 925 1737 952 vita:

941 975 1108 1006 vocabatur,
1137 974 1245 1000 interim
1275 977 1447 1008 eorporatam
1473 979 1567 999 revera
1598 971 1737 999 exstitisse

942 1025 1018 1049 certo
1047 1020 1170 1055 persuasi
1203 1027 1319 1052 smnus,
1346 1020 1490 1054 ipsumque
1513 1018 1677 1046 vocabulum
1704 1025 1736 1044 ex

947 1067 1097 1094 creationis
1124 1066 1195 1093 libro
1223 1065 1401 1096 didiscimus.
1427 1064 1498 1098 quod
1524 1071 1574 1098 pro
1599 1063 1737 1090 incitando

941 1113 1047 1140 Adamo
1063 1112 1095 1139 ad
1111 1111 1292 1139 obedientiam
1309 1111 1404 1138 datum
1420 1110 1457 1136 illi
1476 1117 1536 1136 esse
1546 1110 1603 1143 jam
1621 1109 1736 1136 demon-

941 1159 1089 1186 stravimus
1106 1167 1114 1185 :
1132 1165 1225 1185 verum
1241 1158 1358 1193 speciem
1371 1157 1471 1191 ipsam,
1482 1160 1508 1182 et
1524 1155 1629 1182 fructus
1642 1156 1737 1190 quales

941 1204 1061 1234 fuerint.
1092 1204 1248 1239 quibusque
1260 1209 1369 1238 compta
1395 1202 1476 1229 fuerit
1494 1201 1648 1232 frondibus,
1665 1208 1735 1228 nou-

941 1251 1007 1277 dum
1025 1249 1156 1277 discendo
1173 1257 1266 1277 sumus
1282 1249 1411 1276 assecuti.

1228 1295 1344 1322 CAPUT
1373 1295 1443 1322 XXI.

977 1342 1015 1369 De
1027 1343 1107 1376 ﬂuvio
1130 1342 1175 1377 qui
1202 1342 1359 1375 paradisum
1385 1341 1502 1376 rigabat,
1523 1345 1547 1367 et
1565 1340 1598 1366 de
1621 1344 1736 1375 quatuor

940 1388 1028 1422 ﬂuviis
1038 1389 1082 1422 qui
1099 1395 1131 1414 ex
1151 1388 1198 1414 illo
1216 1387 1419 1414 diducebantur.
1449 1401 1485 1406 —
1516 1386 1601 1413 Porro
1628 1386 1662 1413 (lt:
1679 1386 1731 1412 ﬂu-

941 1432 1015 1459 mine
1039 1432 1112 1466 quod
1143 1431 1299 1466 paradisum
1333 1432 1437 1464 irrigat,
1463 1432 1520 1458 haec
1536 1433 1636 1465 scripta
1653 1433 1732 1458 nobis

942 1477 1053 1511 reliquit
1079 1477 1157 1504 divus
1184 1477 1294 1505 Moses:
1319 1477 1351 1504 Et
1372 1478 1469 1512 ﬂumen
1496 1477 1676 1511 egrediebatur
1699 1485 1732 1503 ex

946 1523 1018 1549 Eden
1033 1523 1067 1549 ad
1080 1523 1246 1557 irrigandum
1261 1523 1428 1557 paradisum,
1447 1528 1526 1556 atque
1541 1523 1602 1548 inde
1617 1523 1732 1549 diuisum

943 1568 1024 1595 evasit
1040 1568 1068 1594 in
1082 1572 1198 1602 quatuor
1212 1568 1340 1602 capita".
1361 1568 1408 1594 Est
1432 1572 1524 1594 autem
1543 1575 1557 1594 a
1583 1567 1661 1594 llOilii
1675 1568 1732 1600 jam

941 1615 1045 1641 dictum
1069 1614 1157 1647 capite
1174 1613 1215 1640 l6.
1233 1614 1305 1641 Edeu
1336 1622 1398 1640 esse
1413 1614 1552 1648 regionem
1567 1614 1730 1647 szlliosnll,

941 1660 1071 1694 amplam,
1085 1667 1233 1691 amoenam,
1247 1659 1361 1686 variam.
1377 1659 1539 1686 Paradisum
1563 1666 1630 1686 vero
1642 1659 1732 1686 locum

941 1715 1012 1739 esse,
1029 1707 1162 1742 pulchris,
1180 1707 1340 1738 fructuosis.
1358 1707 1566 1742 przestautibus,
1584 1707 1729 1733 laudabili-

940 1753 1045 1787 buSquc
1058 1752 1214 1783 arboribus,
1231 1760 1285 1787 pra:
1303 1753 1444 1786 quibusvis
1463 1753 1524 1780 aliis
1543 1753 1569 1779 in
1584 1757 1637 1780 tota
1655 1753 1728 1780 Edeu

940 1799 1008 1826 locis
1024 1802 1150 1825 Ornatum
1171 1807 1178 1825 :
1196 1798 1358 1826 l‘aradisum
1374 1799 1447 1826 enim
1460 1799 1519 1832 ejus
1533 1799 1652 1834 regionis
1669 1807 1730 1833 qum

939 1844 1014 1871 Edon
1028 1844 1139 1875 dicitur.
1158 1849 1260 1879 partem
1287 1852 1348 1872 esse
1374 1845 1444 1872 inter
1462 1845 1529 1872 alias
1543 1854 1640 1872 omnes
1657 1854 1729 1880 prae-

939 1891 1148 1922 stantissimam,
1178 1890 1435 1923 laudabilissimam,
1466 1896 1549 1926 atque
1575 1892 1728 1919 cultoribus

939 1937 998 1965 suis
1024 1937 1286 1964 commodissimam.
1320 1936 1403 1971 Igitur
1435 1937 1499 1963 illud
1516 1937 1616 1963 flumen
1635 1945 1731 1964 revera

939 1984 1046 2018 ingens.
1062 1982 1193 2016 amplum,
1210 1983 1363 2017 copiosum,
1378 1983 1494 2018 insigne,
1516 1991 1548 2009 ex
1568 1987 1638 2010 terra
1654 1983 1728 2010 Edon

939 2030 1093 2057 scaturiens
1108 2033 1189 2061 atque
1217 2037 1392 2063 promauaus,
1416 2029 1442 2056 in
1465 2029 1585 2056 medium
1608 2033 1732 2063 penetrat

938 2074 1097 2109 paradisum
1110 2094 1117 2106 ,
1132 2082 1251 2109 eumque
1275 2074 1433 2102 universum
1465 2075 1577 2110 irrigat;
1596 2083 1650 2109 quo
1669 2083 1731 2109 per-

937 2120 1005 2152 luto,
1025 2120 1135 2147 linditttr
1162 2121 1188 2148 in
1214 2125 1332 2155 quatuor
1364 2121 1461 2148 deinde
1488 2121 1597 2152 fluvios.
1617 2122 1732 2156 etipsos

937 2166 1066 2202 grandes,
1083 2166 1129 2200 qui
1149 2166 1183 2193 ab
1208 2166 1254 2193 illo
1272 2167 1388 2198 diducti,
1420 2167 1502 2194 simul
1519 2171 1602 2201 atque
1624 2168 1732 2201 paradi-

938 2221 998 2240 sum
1015 2212 1163 2247 reliquere,
1180 2213 1232 2240 sub
1259 2213 1318 2247 ipsa
1348 2214 1432 2240 maris
1449 2213 1550 2240 Oceani
1574 2215 1640 2242 vada
1656 2213 1732 2240 dela-

98 2265 130 2284 ca
155 2262 312 2284 vesceretur
330 2262 357 2284 et
382 2258 508 2284 evaderet
531 2257 704 2284 immortalis.
727 2256 820 2292 Neque
844 2261 887 2284 est
902 2258 924 2285 υ
940 2257 1056 2291 buntur;
1073 2262 1155 2292 atque
1171 2257 1232 2284 inde
1244 2266 1340 2285 rursus
1363 2258 1390 2284 in
1403 2258 1478 2286 haca
1504 2258 1584 2286 nobis
1611 2259 1730 2286 habitata

98 2302 172 2337 quod
195 2302 257 2336 quis
283 2303 340 2330 lure
364 2303 477 2330 miretur
494 2303 520 2330 iu
538 2303 659 2335 Adamo,
685 2304 795 2337 quando
820 2302 886 2337 ipsis

99 2348 180 2375 etiam
198 2347 300 2375 Judaeis
314 2353 374 2383 post
388 2349 534 2376 ornnilaria
559 2349 626 2384 legis
647 2353 779 2383 przcccpta
804 2354 886 2384 atque

100 2394 224 2421 instituta
243 2414 251 2426 ,
269 2401 322 2421 non
342 2394 453 2422 mdeste
470 2402 581 2429 regnum
606 2402 620 2421 a
642 2394 697 2421 Deo
720 2395 885 2429 promissum

101 2444 153 2473 est,
166 2440 188 2468 si
213 2441 292 2468 dictis
321 2441 379 2475 ejus
400 2441 628 2472 obsecumlarcnt,
648 2441 695 2468 sed
719 2446 789 2467 terra
818 2441 887 2468 lacte

100 2485 232 2520 melleque
253 2485 375 2518 aﬂlueus,
391 2490 418 2512 et
435 2486 563 2512 arborum
584 2485 776 2520 fructuumque
798 2485 887 2517 ferax,

100 2531 196 2566 quales
210 2537 274 2559 sunt
293 2532 354 2558 mali
374 2531 493 2566 punicae,
509 2531 591 2564 oleae,
618 2532 713 2565 palma:
724 2552 731 2565 ,
748 2537 800 2559 etc.
817 2532 886 2566 Quid

100 2577 185 2611 igitur
212 2577 312 2603 mirum
340 2577 362 2604 si
389 2577 504 2610 Adamo,
529 2578 573 2604 cui
598 2585 685 2611 nuper
708 2579 776 2606 adeo
804 2579 887 2614 legem

100 2623 290 2657 imposuerat,
306 2623 413 2650 edulem
431 2623 555 2650 arborem
572 2623 690 2651 ostendit
703 2643 709 2656 ,
722 2632 804 2659 quam
828 2627 888 2653 vitae

100 2667 257 2703 appellarit,
271 2676 302 2695 ea
316 2668 498 2703 promissione
510 2669 626 2704 adjecta,
639 2674 668 2697 ut
683 2669 705 2697 si
721 2670 746 2697 iu
760 2671 890 2707 obsequio

137 2755 159 2772 η
175 2755 242 2782 Gen.
261 2763 290 2785 ιι.
311 2755 353 2782 l0.

138 2827 186 2864 (Ψ)
201 2826 313 2855 Fallitur
324 2827 495 2864 VBar—Cepha.
507 2829 572 2856 Nam
586 2837 647 2856 vera
663 2829 796 2864 theologia
808 2831 888 2859 docet

103 2861 236 2901 Adamum
261 2863 398 2890 conditum
470 2863 524 2892 Deo
551 2864 576 2891 iu
607 2869 679 2892 statu
705 2861 884 2899 perfer-tarum

102 2899 274 2925 srieuttarum
292 2905 317 2926 et
337 2899 534 2932 roguitiouuut,
550 2904 603 2926 tam
623 2901 787 2927 mtturaiiutu
805 2909 886 2935 quam

940 2308 1082 2339 emergunt
1099 2307 1181 2330 terra.
1200 2302 1294 2338 Nedue
1309 2312 1374 2331 vero
1390 2304 1447 2331 haec
1475 2305 1553 2332 nobis
1584 2306 1637 2340 ipsi
1650 2306 1730 2340 [iugi-

941 2357 1003 2377 mus
1026 2349 1072 2376 sed
1090 2354 1219 2384 tanquam
1236 2349 1320 2378 Mosis
1336 2351 1474 2385 propheta:
1496 2350 1586 2378 verbis
1612 2359 1730 2379 consert-

940 2401 1021 2423 tanea
1050 2396 1270 2430 pronuntiamus,
1286 2404 1347 2430 qua),
1374 2402 1470 2423 sancto
1499 2395 1601 2431 Spiritu
1619 2403 1730 2424 auctore

941 2442 1044 2477 scripta
1061 2448 1133 2468 sunt.
1149 2441 1217 2468 Nam
1234 2443 1333 2469 flumen
1350 2443 1415 2470 illud
1433 2451 1465 2470 ex
1497 2448 1569 2470 terra
1583 2443 1656 2470 Eden
1675 2444 1728 2470 ori-

942 2488 1031 2523 ginem
1046 2488 1155 2521 ducere,
1171 2493 1253 2523 atque
1268 2488 1404 2523 proﬂuere
1426 2489 1468 2517 bis
1484 2490 1575 2516 verbis
1591 2489 1729 2516 affirmat:

942 2533 1053 2560 Flumen
1070 2534 1254 2569 egrediebatur
1281 2543 1314 2561 ea:
1337 2534 1424 2562 Edeu.
1441 2534 1547 2562 Rursus
1562 2536 1635 2570 quod
1651 2543 1728 2570 para-

940 2579 1028 2606 disum
1045 2580 1149 2613 perluat
1159 2585 1241 2614 atque
1254 2580 1411 2616 irriget,bis
1427 2589 1433 2608 :
1447 2581 1664 2616 Addrriguudum
1679 2590 1729 2615 pa-

942 2626 1071 2653 radisum.
1093 2626 1227 2654 Pra-terea
1244 2627 1524 2655 derivationemillam
1536 2636 1618 2662 qualn
1636 2628 1726 2663 iugen-

943 2674 982 2697 tes
995 2670 1093 2698 fluvios
1106 2671 1162 2698 ﬁeri
1174 2671 1306 2706 diximus,
1318 2672 1434 2707 irrigato
1447 2672 1503 2707 jam
1514 2677 1571 2699 tum
1582 2672 1727 2704 oaradiso;

942 2835 1205 2868 super-naturalium,
1223 2843 1283 2869 quin
1304 2835 1452 2870 principem
1469 2839 1495 2862 rt
1513 2841 1595 2868 caput
1616 2835 1728 2863 bttmaui

941 2870 1048 2903 generis
1066 2870 1170 2897 diccbat
1188 2872 1216 2897 S.
1237 2870 1334 2898 Thom.
1351 2879 1356 2898 I
1371 2878 1397 2905 p.
1415 2879 1442 2905 ιι.
1464 2871 1497 2897 {ll
1513 2875 1565 2898 art.
1581 2871 1609 2897 ὃ.
