2027 3077
294 145 342 175 5U

927 139 1042 170 MOSIS
1060 137 1136 167 ΒΑΗ
1156 137 1280 168 CEPH‘A

1870 135 1922 168 Li!

297 201 355 226 tunc
371 197 453 226 \erba
470 197 623 232 signiﬁcant
639 206 646 223 :
665 195 697 222 Et
711 195 784 223 illinc
795 195 920 230 ﬁnditur,
946 201 970 223 et
993 195 1082 223 evadit
1097 194 1120 222 Α
1135 199 1184 226 per
1197 193 1270 228 quod
1287 192 1385 225 ﬂuunt,
1401 191 1552 224 dulciores,
1569 192 1732 224 amariores,
1750 191 1922 226 insttlsiorcs.

297 247 324 272 in
341 245 357 272 ι
368 245 455 279 capita
467 252 476 270 :
493 244 609 278 deuith
625 251 686 269 cum
699 242 776 270 addit
789 242 880 270 Moses
895 243 979 270 ttnius
1006 243 1080 270 ﬂuvii

297 298 396 318 nomen
414 297 474 317 esse
494 289 606 321 Phison,
633 296 750 323 cumque
776 289 895 316 circuire
927 289 1082 316 universam

299 342 396 364 terram
411 334 520 366 Hevila;
549 334 660 361 alterius
689 341 752 360 vero
769 333 876 365 Gcbou,
892 334 938 368 qui
955 334 1083 368 pervadat

299 385 380 407 totam
415 379 550 413 regionem
579 378 744 413 Ethiopia;
765 379 873 405 tertium
899 386 982 412 perro
999 379 1084 406 Diclat

296 425 447 459 appellari,
476 431 596 457 eumque
629 427 725 450 contra
763 424 843 450 Attur
869 424 927 456 ire;
965 424 1083 459 denique

296 474 423 505 quartum
443 471 533 497 vocari
550 469 714 505 Euphratem
733 480 739 497 :
757 471 823 498 satis
848 471 950 498 indicat
967 476 1085 506 quatuor

296 523 343 543 eos
357 515 466 548 ﬂuvios,
479 520 655 550 posteaquam
669 517 824 550 paradisum
841 517 1020 551 reliquerunt,
1033 519 1084 544 sub

296 564 395 586 terram
408 559 546 593 delapsos,
563 560 670 586 tandem
686 560 712 587 in
738 561 790 588 hoc
811 569 825 588 a
841 562 920 589 nobis
931 563 1004 589 culto
1019 563 1085 590 orbe

297 611 485 638 prorumpere,
514 605 715 639 scaturireque.
747 605 783 633 Ea
807 606 891 642 igitur
903 615 964 642 quae
976 612 1034 635 tum
1050 609 1085 636 de

297 657 352 677 uno
365 650 412 677 illo
432 650 555 683 ﬂumine,
572 656 629 679 tum
642 652 676 679 de
690 658 807 686 quatuor
821 653 883 681 aliis
894 656 928 680 ab
957 654 1003 681 illo
1014 654 1086 682 deri-

296 695 366 723 vatis
381 695 500 723 diximus
515 704 577 724 cum
603 697 685 724 Mosis
699 698 786 725 divini
807 699 926 727 hominis
948 701 1084 727 sententia

296 746 460 777 rongruunt.
492 743 544 770 Sed
572 744 679 778 urgebit
702 745 824 779 aliquis:
848 745 900 778 Qui
925 746 1011 780 possit
1027 746 1084 773 fieri

297 794 327 815 ut
341 792 457 822 quatuor
471 789 509 815 illi
527 789 601 816 ﬂuvii
619 790 747 824 paradiso
761 791 864 824 egressi
880 792 1085 826 praecipitentur

298 834 349 862 sub
368 833 469 862 Oceani
482 835 561 867 vada,
576 840 658 870 atque
675 836 736 864 inde
750 837 859 864 tandem
887 837 914 864 in
930 838 981 865 hac
993 844 1085 866 nostra

298 885 370 908 terra
386 882 551 915 erumpant!
571 882 639 909 lluic
655 882 744 916 primo
757 884 962 918 respondemus,
978 892 1008 912 ea
1024 893 1086 920 qua:

297 934 314 953 ι
329 926 409 954 nobis
427 927 484 955 ﬂeri
497 935 549 955 non
565 935 646 962 posse
670 929 871 962 existimantur.
904 930 994 958 facilia
1025 939 1087 959 esse

299 974 354 1000 Deo
370 981 377 1001 :
397 973 472 1000 illum
487 981 552 1001 vero
565 981 646 1009 quem
666 974 786 1002 diximus
803 981 921 1010 quatuor
940 976 1085 1005 ﬂuviorum

297 1026 419 1051 cursum,
434 1023 517 1054 atque
527 1020 587 1054 ejus
603 1020 710 1054 generis
722 1020 785 1052 alia,
797 1021 918 1048 divinum
934 1030 996 1050 esse
1005 1031 1085 1058 opus,

299 1068 353 1088 non
387 1063 547 1090 humanum.
586 1063 689 1091 Deinde
722 1065 772 1091 hoc
799 1073 908 1101 quoque
924 1075 1084 1101 responsum

298 1107 436 1140 volumus,
448 1109 606 1143 paradisum
623 1110 710 1137 multo
723 1111 883 1139 sublimiore
897 1114 1014 1146 positum
1026 1122 1085 1143 esse

300 1153 420 1188 regione,
435 1158 516 1188 atque
531 1155 588 1182 haec
606 1160 699 1182 nostra
726 1162 813 1184 exstet
825 1161 914 1190 terra;
927 1166 1014 1193 eoque
1027 1161 1084 1188 ticrl

298 1199 416 1226 utillinc
440 1207 487 1234 per
511 1200 694 1234 praecipitium
726 1202 888 1229 delabantur
916 1203 989 1231 ﬂuvii
1011 1209 1085 1234 tanto

298 1252 361 1271 cum
373 1245 484 1279 impetu,
497 1250 630 1280 quantum
645 1246 737 1275 verbis
749 1248 902 1282 exprimere
915 1257 967 1276 non
984 1252 1084 1285 possis,

298 1297 386 1324 coque
399 1291 499 1325 impetu
521 1291 642 1326 impulsi,
657 1293 798 1328 pressique
820 1295 872 1322 sub
893 1297 988 1323 oceani
1017 1298 1084 1324 vada

299 1335 451 1369 rapiantur,
480 1336 552 1363 unde
585 1345 680 1365 rursus
695 1339 836 1372 prosiliant
852 1340 1043 1376 ebulliantque
1057 1342 1084 1369 in

301 1380 352 1406 hoc
365 1387 381 1407 a
397 1381 476 1408 nobis
490 1382 565 1408 culto
580 1382 657 1409 orbe.
670 1382 738 1410 Nam
751 1383 797 1418 qui
825 1391 912 1419 aquas
929 1386 955 1412 in
967 1387 1084 1415 sublime

299 1424 411 1457 ducere.
429 1429 509 1460 atque
522 1434 555 1454 ex
567 1427 632 1454 altis
657 1428 813 1463 erectisque
835 1430 975 1458 canalibus
1002 1433 1084 1461 veluti

299 1469 463 1504 siphonibus
487 1471 654 1505 profundere
667 1473 802 1506 laborant,
821 1473 839 1500 ii
854 1482 886 1502 ex
905 1475 986 1511 longo
998 1477 1085 1505 inter-

1133 240 1261 267 salsiores
1289 239 1416 271 evadunt,
1445 247 1494 266 cur
1519 247 1573 266 non
1604 239 1825 268 existimabimus
1860 241 1923 268 illos

1133 294 1241 321 quoque
1254 286 1351 314 ﬂuvios
1367 286 1499 321 tantisper
1521 286 1587 313 dum
1618 294 1667 321 per
1690 286 1879 314 beatissimum
1891 295 1923 315 ac

1135 333 1328 360 felicissimum
1346 333 1434 360 locum
1460 333 1617 368 paradisum
1645 333 1754 366 ﬂuunt,
1776 333 1923 367 iucundis-

1134 380 1203 407 simo
1221 385 1303 414 atque
1325 379 1490 406 suavissimo
1507 387 1604 414 sapore
1620 387 1682 407 esse
1697 389 1704 412 ;
1736 380 1762 406 iu
1780 380 1834 407 hoc
1855 388 1922 407 vero

1135 425 1314 452 exsecrabilis
1332 429 1432 452 nostra:
1447 429 1536 452 tractu
1551 429 1630 452 terra:
1651 425 1684 452 de
1712 425 1756 452 illa
1785 427 1922 453 suavitate

1135 471 1282 506 plurimum
1296 471 1454 498 remittere!
1472 471 1555 498 Porro
1565 472 1659 498 beatus
1672 472 1761 499 Moses
1773 477 1799 499 et
1813 473 1924 500 nomina

1136 517 1243 544 illorum
1259 521 1377 552 quatuor
1395 517 1551 547 ﬂuviorum.
1564 521 1591 544 et
1612 517 1669 544 loca
1686 525 1734 551 per
1751 526 1811 551 quat
1829 517 1924 544 ferun-

1136 567 1190 595 tur,
1218 563 1326 597 aliaque
1354 563 1449 590 eodem
1468 563 1619 597 spectantia
1647 563 1748 590 diserte
1764 563 1924 597 explicavit,

1136 613 1166 635 ut
1182 616 1242 643 qua:
1259 608 1304 635 illa
1319 612 1398 635 aetate
1427 616 1480 634 non
1512 608 1603 643 ignota
1635 613 1747 636 essent:
1769 609 1808 635 ait
1825 609 1898 635 enim
1917 618 1923 635 :

1137 653 1240 680 Nomen
1272 654 1351 680 unius
1389 652 1503 685 Phison,
1532 654 1577 688 qui
1600 653 1747 687 perlabitur
1771 655 1922 681 universam

1137 705 1235 728 terram
1262 699 1376 732 Hauila’,
1411 700 1466 726 illic
1490 705 1528 726 ut
1552 708 1660 730 aurum,
1687 706 1711 726 et
1736 700 1792 732 ejus
1808 701 1924 734 regionis

1136 753 1230 772 aurum
1264 749 1394 778 pra'stam
1424 748 1483 775 est;
1510 743 1565 769 illic
1604 743 1746 774 Redolarli,
1767 751 1926 778 gemma-qua

1137 790 1252 821 Bcrilli;
1268 790 1346 829 quasi
1362 790 1454 816 dicat:
1473 788 1550 816 Unus
1568 789 1676 816 illorum
1690 793 1809 822 quatuor
1825 788 1924 815 ﬂuvio-

1139 844 1199 864 rum
1241 835 1343 863 Phison
1362 836 1400 870 (5)
1435 840 1557 868 vocatur,
1575 835 1620 869 qui
1647 835 1692 861 tibi
1710 835 1745 861 ab
1760 834 1861 869 ingenti
1879 834 1923 862 illc

1138 879 1247 907 ﬂumine
1263 879 1379 906 medium
1396 879 1535 913 perluente
1548 878 1702 913 paradisum
1717 878 1855 904 derivatus
1870 882 1922 908 est.

1137 931 1218 960 atque
1232 926 1258 953 in
1276 930 1375 952 terram
1393 925 1444 952 sub
1465 924 1566 952 Oceani
1579 924 1646 950 vade
1673 931 1701 950 se
1721 923 1832 957 recepit,
1859 930 1923 949 rur-

1136 981 1183 1000 sus
1195 972 1310 1006 prosilit,
1325 972 1434 1003 emicat,
1450 970 1619 1004 scaturitque
1645 970 1671 997 in
1689 968 1809 996 Occidua
1830 968 1924 995 mundi

1137 1019 1256 1053 regione,
1273 1018 1344 1044 unde
1359 1016 1603 1050 Septentrionalem
1633 1020 1738 1048 petens.
1769 1018 1854 1041 totam
1883 1012 1926 1040 ln-

1136 1065 1231 1091 dorum
1246 1063 1375 1090 ditionem
1405 1061 1481 1088 alluit
1505 1061 1572 1095 (hare
1595 1060 1668 1087 enim
1691 1058 1791 1086 llaviltc
1815 1058 1927 1085 nomine

1137 1109 1329 1145 significatur),
1359 1116 1391 1136 ac
1417 1108 1526 1134 tandem
1555 1107 1580 1134 in
1609 1114 1684 1133 mare
1697 1105 1806 1133 desinit.
1833 1104 1927 1132 Graece

1138 1155 1237 1182 Phison
1271 1153 1373 1180 Diiobis
1405 1157 1527 1179 vocatur.
1562 1151 1664 1178 Ferunt
1696 1155 1785 1177 autem
1808 1150 1927 1184 pleraru-

1136 1207 1189 1235 que
1210 1199 1276 1234 ripa:
1301 1199 1383 1233 hujus
1404 1198 1478 1225 ﬂuvii
1501 1205 1612 1225 arenam
1641 1201 1724 1231 atque
1750 1196 1830 1223 etiam
1856 1196 1926 1222 alvei

1136 1249 1282 1280 praestante
1292 1252 1360 1271 auro
1376 1244 1561 1274 ahundare,et
1569 1243 1682 1278 gemmis
1695 1242 1822 1277 pretiosis
1837 1249 1843 1274 ;
1863 1249 1925 1268 nam

1135 1299 1188 1318 vox
1203 1291 1326 1322 Hebraea,
1343 1290 1469 1321 Bedololt,
1480 1289 1642 1324 margaritas
1657 1287 1801 1322 signiﬂcat.
1821 1287 1926 1314 Secun-

1137 1336 1163 1364 di
1177 1335 1249 1362 ﬂuvii
1267 1342 1365 1362 nomen
1390 1339 1431 1362 est
1445 1334 1551 1362 Gebon.
1569 1334 1596 1362 Is
1619 1338 1745 1368 peragrat
1769 1333 1926 1359 universam

1138 1386 1238 1409 terram
1269 1380 1355 1411 Cbus,
1385 1380 1411 1407 id
1435 1385 1487 1411 est,
1507 1379 1670 1413 Ethiopize;
1700 1379 1770 1405 hica
1784 1377 1926 1405 nonnullis

1136 1428 1218 1455 etiam
1231 1427 1331 1455 Sichor
1348 1426 1386 1461 (6)
1405 1426 1566 1460 appellatur.
1594 1425 1680 1452 Graeci
1697 1423 1787 1452 Nilum
1802 1428 1902 1451 vocant
1918 1433 1925 1450 :

1136 1473 1183 1508 qui
1200 1481 1215 1500 a
1229 1480 1327 1507 magno
1357 1472 1469 1498 ﬂumine
1499 1471 1649 1506 digressus,
1681 1474 1762 1505 atque
1777 1470 1827 1497 sub
1842 1470 1929 1498 maris

300 1513 372 1542 vallo
398 1518 564 1544 cataractam
581 1517 639 1544 sive
666 1519 846 1554 pracipitium
864 1519 930 1555 ipsis
949 1523 1086 1556 quoddam
1101 1525 1123 1556 ρ
1137 1518 1252 1546 fundum
1265 1517 1402 1552 delapsus,
1415 1516 1521 1550 prosilit
1532 1516 1640 1543 tandem
1651 1516 1801 1551 ebullitque
1812 1515 1838 1542 in
1850 1515 1929 1550 plaga

299 1560 355 1588 alta
370 1560 521 1589 devexitate
535 1562 680 1597 abruptum
693 1569 776 1599 atque
787 1565 899 1594 difﬂcile
915 1575 1087 1602 comparant,

301 1613 349 1641 per
363 1607 435 1641 quod
451 1607 601 1635 deturbate
614 1617 712 1644 magno
723 1619 785 1638 cum
803 1612 904 1647 impetu
919 1614 970 1641 sub
982 1618 1085 1644 terram

301 1653 454 1679 condantur
472 1654 544 1682 :sub
557 1663 610 1689 qua
629 1660 773 1691 postquam
790 1663 902 1690 coactat,
930 1664 1011 1695 atque
1036 1670 1087 1689 suo

302 1699 422 1732 ipsarum
439 1699 540 1734 impetu
552 1707 651 1734 pressa:
662 1701 843 1738 aliquousque
853 1703 966 1737 ﬂuxere,
981 1707 1087 1735 laudent

303 1750 351 1776 per
379 1743 487 1770 canales
516 1743 577 1772 illos
590 1753 687 1780 magna
713 1747 738 1773 vi
763 1755 816 1782 qua
845 1757 877 1776 cx
893 1752 1024 1786 praecipiti
1042 1753 1088 1780 illo

302 1794 369 1814 casu
390 1793 530 1823 urgentur,
543 1797 652 1817 sursum
673 1792 801 1820 emicant.
819 1793 881 1821 [Lee
893 1795 929 1821 ita
945 1804 974 1823 se
989 1797 1089 1825 habere

301 1832 430 1860 dominus
451 1834 533 1861 etiam
563 1834 698 1869 Eplirmm,
717 1842 819 1866 etcum
849 1847 881 1866 eo
895 1840 1020 1870 doctores
1042 1843 1087 1870 alii

303 1877 460 1906 al‘ﬂrmant:
477 1887 562 1914 quare
578 1888 628 1908 nos
643 1890 752 1917 quoque
782 1884 896 1912 libenter
911 1889 1087 1917 assentimur.

301 1922 436 1950 Caeterum
461 1925 534 1959 quod
557 1925 590 1952 ad
615 1933 740 1961 saporem
763 1934 877 1962 spectat,
905 1931 1013 1959 idemne
1035 1933 1089 1962 illis

300 1968 381 2004 aquis
395 1974 504 1997 maneat
520 1970 591 2005 apud
605 1979 667 2003 nos,
685 1974 731 2007 qui
745 1973 834 2000 fuerat
847 1974 873 2001 in
892 1976 1030 2008 paradiso,
1053 1986 1087 2005 an

302 2014 414 2042 minime
432 2024 438 2042 ε
454 2023 504 2043 nos
516 2018 694 2050 pronuntiare
710 2026 764 2045 non
779 2019 949 2053 dubitamus,
967 2022 992 2049 in
1008 2032 1089 2058 para-

302 2060 363 2088 diso
378 2069 436 2089 esse
451 2067 561 2098 gustatu
585 2063 756 2097 gratissimas
771 2066 1014 2102 suavissitnasqne,
1028 2069 1089 2098 inde

301 2112 393 2136 autem
408 2116 578 2144 progressas,
608 2110 757 2144 plttrimum
782 2113 926 2141 suavitatis
953 2115 1088 2148 amittere,

301 2153 439 2181 acredinis
453 2162 517 2182 vero
530 2156 702 2189 contrahere,
713 2165 775 2185 cum
787 2158 852 2186 illud
868 2160 984 2193 paradisi
999 2161 1088 2188 solum

303 2200 363 2227 beta
389 2200 436 2227 Dei
461 2202 616 2235 precatione
648 2202 756 2230 beatum
785 2210 814 2230 et
840 2205 904 2232 felix
916 2205 971 2238 sit;
990 2211 1018 2234 at
1036 2207 1087 2236 hoc

302 2253 425 2276 nostrum
455 2255 567 2282 contra,
599 2252 786 2280 exsecratione
812 2252 905 2280 infelix
938 2258 966 2280 et
998 2255 1085 2282 triste.

302 2295 440 2326 Quantum
465 2294 549 2329 igitur
573 2295 686 2323 interest
715 2297 785 2324 inter
814 2305 876 2324 cum
909 2297 1010 2325 fontem
1040 2299 1083 2327 cui

302 2339 467 2367 benedicunt
481 2347 587 2373 omnes,
599 2347 626 2368 et
641 2350 703 2369 eum
719 2350 800 2377 quem
824 2351 906 2371 nemo
938 2352 991 2371 non
1013 2345 1088 2372 dete-

301 2390 391 2413 statur
407 2394 415 2419 ;
434 2390 538 2413 tantum
565 2387 652 2413 diﬂert
667 2389 801 2424 suavitate
826 2394 907 2424 atque
920 2390 1089 2422 amcenitatc,

303 2432 412 2458 illorum
429 2430 573 2459 ﬂuviorum
599 2439 680 2467 sapor
696 2424 776 2468 quem
792 2423 817 2461 in
833 2423 972 2469 paradiso,
997 2436 1030 2463 ab
1056 2444 1089 2463 co

302 2486 386 2512 quem
404 2479 474 2513 apud
489 2486 539 2506 nos
554 2477 689 2506 obtinent.
703 2479 770 2507 Nam
788 2481 810 2508 si
837 2485 975 2508 nostrates
1002 2491 1089 2517 aquzc,

305 2525 388 2552 unius
403 2524 581 2559 ejusdemque
594 2529 697 2552 natura:
714 2534 775 2553 cum
793 2527 857 2559 sint,
875 2535 922 2561 pro
936 2527 985 2554 soli
1003 2527 1091 2555 indole

345 2625 475 2658 t5)Unde
492 2627 544 2654 hoc
577 2633 675 2653 nomen
705 2626 802 2653 habeat
831 2626 937 2655 nescire
950 2627 1096 2659 mefateor,

307 2661 377 2696 intra
405 2667 498 2696 autem
515 2662 597 2688 habet
612 2661 727 2695 Dijabis.
742 2669 802 2696 cap.
818 2661 864 2688 28.

343 2695 498 2732 (6)ASi_cbor
514 2704 565 2732 vox
579 2702 625 2732 est
642 2695 783 2732 llehraica’
804 2695 962 2732 significans
990 2699 1094 2732 nigrum

307 2738 340 2767 ac
355 2730 493 2767 rabidum.
508 2730 585 2763 Quod
595 2735 685 2767 autem
696 2731 863 2767 Nilusrctiant
874 2739 888 2758 a
900 2730 1034 2758 veteribus
1049 2733 1096 2767 μὲ‹

310 2766 358 2824 11b;
369 2766 459 2792 dictus
472 2766 509 2792 sit
531 2770 647 2793 testatur
665 2765 827 2793 Plutarchus
847 2765 937 2794 libello
955 2767 991 2794 De
1009 2765 1097 2801 [Iunti-

310 2807 336 2824 ﬂI
356 2808 399 2824 IS.

310 2807 399 2826 ιιιυιη.

348 2835 386 2870 (7)
404 2833 509 2867 Melius,
525 2835 552 2862 in
569 2835 808 2871 Mediterraneum,
824 2846 883 2870 cap.
900 2838 944 2864 ΞΒ.

1140 1563 1320 1595 ιιιθτὶἀίοιιειιί,
1337 1568 1419 1598 atque
1435 1563 1591 1590 universam
1606 1561 1766 1596 [Ethiopum
1784 1561 1926 1596 regionem

1139 1617 1299 1645 peragrans,
1314 1608 1423 1635 demum
1437 1609 1463 1635 in
1478 1608 1589 1635 A-lriarn
1604 1612 1767 1635 cxoneratur
1783 1608 1821 1640 (7)
1835 1607 1927 1642 :qund

1139 1664 1215 1683 mare
1241 1655 1347 1690 ,Εκγριῑ
1383 1655 1450 1682 ﬁnes
1478 1655 1566 1682 alluit.
1587 1654 1696 1681 Tertius
1712 1653 1809 1680 ﬂuvius
1823 1653 1927 1686 Diclat,

1140 1703 1191 1729 hoc
1207 1705 1259 1734 est,
1276 1700 1376 1736 Tigris,
1395 1705 1491 1728 contra
1505 1700 1585 1727 Attur
1601 1700 1640 1735 (8)
1664 1699 1732 1726 ﬂuit.
1753 1699 1874 1732 Quartus
1888 1704 1931 1726 est

1140 1747 1251 1779 Perath,
1281 1747 1307 1773 id
1333 1751 1384 1777 est.
1411 1746 1571 1780 Euphrates.
1592 1745 1624 1772 Et
1646 1746 1672 1772 bi
1689 1752 1799 1780 quoque
1810 1745 1876 1775 duo.
1894 1744 1929 1771 ab

1141 1793 1188 1820 illo
1201 1791 1346 1827 grandiore
1361 1791 1477 1822 diducti.
1492 1796 1520 1818 et
1534 1791 1586 1819 sub
1601 1798 1675 1818 mare
1690 1790 1772 1818 mersi
1792 1793 1930 1824 prodeunt

1141 1838 1247 1867 tandem
1270 1837 1297 1864 in
1330 1837 1418 1864 medio
1452 1837 1503 1864 hoc
1522 1842 1616 1864 nostro
1626 1836 1692 1864 orbe
1703 1836 1801 1863 vicinis
1814 1837 1885 1863 inter
1900 1844 1931 1864 sc

1141 1883 1260 1910 fontibus
1281 1883 1433 1917 perluitqnc
1446 1882 1532 1909 Diclat
1545 1882 1703 1909 oricntalctn
1721 1881 1931 1916 Mesopotamia:

1140 1928 1295 1964 regionem;
1311 1935 1402 1962 quem,
1419 1933 1448 1955 ut
1461 1928 1559 1955 l‘erath
1576 1932 1664 1955 tractu
1694 1928 1785 1956 vicino
1805 1928 1931 1963 aliquan-

1139 1975 1185 2002 diu
1203 1975 1348 2002 comitatus
1363 1978 1414 2006 est,
1426 1974 1554 2001 labuntur
1574 1974 1654 2001 ambo
1669 1974 1696 2001 in
1711 1982 1839 2010 magnum
1857 1983 1933 2002 mare

1140 2021 1268 2048 australa:
1282 2020 1372 2047 Bosrzc
1389 2020 1439 2055 (9).

1424 2066 1538 2093 CAPUT
1566 2066 1649 2094 XXII.

1180 2113 1243 2139 Tria
1259 2113 1318 2139 loca
1336 2120 1384 2146 pro
1406 2112 1508 2138 Adamo
1541 2113 1649 2139 condita
1669 2122 1684 2139 α
1709 2113 1761 2140 Deo
1775 2129 1810 2133 —
1836 2114 1934 2140 Solent

1140 2159 1250 2194 quidam
1269 2158 1434 2194 percontari,
1463 2159 1528 2193 quid
1550 2158 1655 2185 Adaiuo
1669 2158 1784 2194 Eratque
1810 2159 1932 2186 futurum

1142 2206 1246 2238 fuisset,
1262 2206 1285 2233 si
1317 2205 1472 2239 impositam
1500 2204 1552 2231 sibi
1578 2213 1591 2230 a
1611 2204 1664 2230 Deo
1688 2204 1772 2238 legem
1800 2204 1826 2231 iu
1851 2212 1934 2238 para-

1140 2253 1200 2279 diso
1249 2259 1301 2278 non
1343 2250 1497 2285 fregissent.
1543 2249 1590 2277 llis
1621 2250 1837 2284 respondemus,
1867 2251 1934 2278 sub-

1140 2297 1276 2325 vehendos
1294 2296 1377 2323 fuisse
1390 2303 1422 2322 ex
1439 2295 1565 2329 paradiso
1578 2303 1660 2330 supra
1684 2295 1737 2322 hoc
1751 2296 1812 2323 caeli
1840 2296 1935 2323 firma-

1143 2347 1263 2370 mentum
1279 2341 1350 2376 quod
1367 2349 1448 2376 supra
1461 2349 1511 2368 nos
1528 2341 1646 2376 positum
1672 2341 1822 2373 intuemur,
1850 2346 1936 2376 atque

1142 2390 1169 2416 in
1188 2389 1290 2417 cmlesti
1315 2395 1398 2421 regno
1412 2388 1549 2422 voluptate
1565 2388 1716 2415 incredibili
1741 2392 1769 2414 et
1790 2387 1936 2414 immorta«

1141 2436 1217 2463 litate
1230 2443 1343 2471 prorsus
1352 2435 1470 2462 beandos
1483 2443 1490 2466 ;
1505 2434 1556 2461 hoc
1563 2434 1635 2461 enim
1645 2434 1748 2468 prtemii
1763 2438 1844 2468 atque
1854 2433 1934 2467 pretii

1143 2490 1192 2518 pro
1205 2483 1348 2509 observata
1369 2481 1426 2517 lege
1443 2481 1562 2508 dandum
1582 2480 1635 2508 illis
1666 2479 1759 2507 fuisse.
1776 2479 1840 2506 Tria
1858 2479 1934 2506 enim

1143 2529 1202 2556 loca
1219 2528 1377 2556 condiderat
1389 2535 1437 2562 pro
1453 2527 1557 2554 Adamo
1587 2526 1657 2554 Deus
1672 2535 1678 2553 ;
1693 2526 1803 2558 coelum,
1824 2525 1934 2559 paradi-

1187 2626 1225 2662 (8)
1240 2627 1339 2657 Ascur.
1356 2625 1436 2662 infra.
1464 2626 1556 2660 Tigrin
1567 2626 1654 2662 etiam
1669 2625 1752 2662 hodie»
1771 2624 1834 2662 Syri
1847 2623 1934 2662 I_)iclat

1148 2659 1227 2696 vulgo
1247 2666 1364 2693 vorant;
1382 2666 1408 2688 et
1423 2659 1528 2688 Plinius
1543 2661 1623 2688 aﬂine
1639 2660 1778 2696 vocabulo
1802 2659 1932 2694 Diglt‘tum

1148 2695 1310 2729 appellatum
1327 2700 1470 2727 "temerat,
1491 2704 1542 2730 qui
1561 2696 1648 2722 lenior
1664 2695 1733 2725 ﬂuit,
1753 2695 1800 2722 lib.
1813 2701 1850 2726 vr,
1869 2701 1932 2728 Cap.

1191 2767 1229 2798 (9)
1254 2765 1367 2793 Bosram
1387 2766 1463 2791 aiunt
1490 2765 1549 2799 Syri
1581 2765 1674 2799 urbem
1700 2771 1761 2791 esse
1791 2764 1823 2789 ad
1839 2763 1932 2789 sinum

1152 2802 1305 2831 Persicum,
1320 2800 1419 2834 alioqui
1437 2798 1518 2825 Amos
1537 2807 1566 2828 tl.
1582 2798 1736 2834 inrltlumca
1754 2803 1930 2829 rcccusctr;

1152 2842 1177 2863 cl
1192 2837 1262 2870 apud
1277 2833 1432 2867 Jcretniam,
1451 2842 1475 2861 ς.
1501 2834 1540 2866 i8,
1560 2834 1585 2860 in
1600 2833 1753 2860 Moabitide.
