2027 3077
73 148 130 179 Μ]

647 149 694 178 DE
714 148 915 179 PARADISO.
935 161 969 166 -
990 149 1087 179 PARS
1107 149 1133 179 Ι.

1655 152 1705 185 Sil

71 213 151 238 sum,
165 211 191 232 et
207 204 275 231 hanc
301 211 361 239 qua:
389 207 464 230 extra
493 203 649 238 paradisum
677 209 719 231 est
749 209 846 231 terram
862 213 868 230 :
884 208 906 236 Α
922 211 1046 238 parentes
1057 205 1141 232 nostri
1157 205 1292 233 cavissent
1304 206 1355 234 sibi
1367 211 1448 241 atque
1467 207 1608 235 Dominum
1624 216 1703 236 suum

70 251 159 283 idque
176 248 390 283 liacjustissima
414 248 518 274 ratione
545 249 648 276 scilicct
663 254 692 275 ut
713 249 789 276 illum
807 257 821 275 a
837 256 867 276 se

69 294 203 322 eﬂectum
219 294 363 321 oblectaret
382 294 407 320 in
425 293 561 328 paradiso,
577 294 657 321 simul
675 299 703 321 et
714 295 866 329 periculum

71 339 199 372 facerct,
226 340 414 374 morigrrusue
444 339 513 366 foret
544 339 571 366 iu
605 341 772 368 observanda
798 341 866 376 lege,

72 394 114 413 an
131 387 263 413 rebellis:
295 390 321 412 et
346 385 481 420 morigero
507 386 616 419 quidem
640 388 780 421 praemium
802 384 866 414 culti

73 434 207 467 υκαι-βα
228 432 340 458 daretur
357 439 467 464 regnum
485 433 607 465 cmlcste,
624 433 650 459 in
667 440 722 467 quo
740 441 770 460 ex
785 440 867 467 para-

73 479 138 505 diso
152 479 352 507 sustollervtur.
371 483 400 505 ut
426 478 461 504 ibi
481 478 571 505 omnis
582 486 679 513 expers
693 481 867 507 mortalitatis

78 524 109 550 iu
126 531 232 551 summa
248 524 385 558 voluptate
414 524 493 551 vitam
510 526 642 560 agitaret;
667 526 776 553 rebellis
801 533 867 553 vero

75 573 162 602 atque
178 569 368 603 praevaricator
397 577 412 595 e
427 570 553 604 paradiso
567 571 593 597 in
610 571 679 598 lianc
696 571 865 599 maledictum

76 617 180 640 teriam
196 614 393 642 detrudererur.
410 615 476 642 Nam
493 621 519 642 ct
534 617 620 650 angeli
634 617 711 651 jussa
725 621 866 652 peragunt,

75 658 232 693 divinaeque
250 661 381 686 voluntati
400 662 581 696 obsequentes
595 667 669 695 sunt,
687 670 740 689 nm
760 663 862 697 absque

74 710 128 736 spe
146 704 246 737 praemii
261 705 332 739 q-iod
353 705 418 739 ipsis
431 707 539 732 dabitur
550 711 610 740 post
627 707 779 742 generalem
792 716 866 734 uror-

76 749 174 775 talium
190 752 416 777 resurrectionem
434 752 489 785 (10)
505 760 512 778 :
526 753 608 787 igitur
621 753 642 779 si
657 754 744 788 angeli
757 762 787 780 ea
804 762 865 780 cum

76 803 128 828 spe
145 796 190 822 Dei
208 797 310 823 cnlturn
325 803 522 831 exsequuntur,
553 800 639 826 Adam
665 808 772 834 quoque
786 806 867 835 atque

77 839 134 867 Eva
153 847 212 868 cum
237 842 310 868 omni
326 849 374 869 sua
391 843 550 876 posteritate
570 844 621 878 legi
634 844 731 872 divina:
748 846 773 872 in
791 854 867 880 para-

75 885 140 912 diso
153 887 203 913 liae
222 894 269 921 spe
281 887 445 921 paruissent,
461 888 646 922 virtutemque
670 892 863 922 excoluissenl.

74 932 151 965 quod
165 933 227 959 imle
242 933 274 960 ad
288 933 349 960 cceli
371 941 481 968 regnum
492 939 583 961 essent
593 935 733 962 evelieudi.
746 936 866 963 l-leicitur

73 983 145 1010 ergo
161 981 190 1003 ut
209 979 436 1012 quemadmodum
452 979 550 1012 alrjecti
575 986 638 1007 sunt
662 981 688 1007 in
706 981 775 1008 lianc
791 983 868 1009 dcte-

73 1023 206 1050 :‘tzibilem
225 1028 321 1051 terram
349 1030 457 1060 propter
473 1033 552 1052 suum
567 1032 706 1061 peccaturu
726 1028 867 1063 legemque

72 1067 126 1095 Dei
143 1069 282 1101 violatam,
298 1070 334 1097 ita
348 1071 371 1098 si
391 1071 457 1106 legis
483 1071 659 1100 observantes
690 1074 866 1108 mansissent,

74 1112 200 1140 futurum
217 1113 313 1146 fuisse,
332 1121 360 1142 ut
371 1116 482 1144 cmleste
498 1124 611 1152 regnum
639 1119 865 1151 conscenderent,

74 1163 160 1192 atque
174 1159 240 1186 inibi
256 1160 283 1187 in
306 1161 411 1188 deliciis
439 1167 597 1196 perpetuum
617 1163 746 1198 degerent
765 1173 864 1193 :evum.

77 1202 143 1230 llaec
159 1203 195 1230 ita
204 1211 266 1232 esse
290 1208 405 1232 testatur
428 1205 575 1241 Gregorius
588 1206 740 1243 Tlicologus
757 1217 787 1236 ea
801 1217 864 1237 ora-

76 1250 152 1276 tione
167 1257 248 1284 quam
265 1251 376 1286 scripsit
392 1252 419 1279 in
435 1253 602 1280 Dominicam
625 1262 735 1288 novam,
752 1255 793 1282 liis
804 1263 865 1283 ver-

77 1295 122 1322 bis
140 1303 148 1322 :
165 1295 193 1322 Si
208 1297 405 1324 mansissemus
424 1298 449 1324 id
479 1299 552 1332 quod
577 1306 697 1332 eramus.
725 1301 865 1336 legemque

78 1339 127 1367 Dei
145 1340 380 1374 observassemus,
395 1342 421 1370 id
439 1342 502 1370 facti
523 1351 644 1371 essemus
660 1345 732 1379 quod
744 1354 796 1373 non
806 1347 865 1374 fuc-

78 1393 185 1417 ramus,
203 1394 248 1420 per
261 1394 402 1415 accessum
421 1389 549 1416 nimirum
561 1389 594 1416 ad
612 1390 714 1424 lignum
728 1391 789 1418 vitae
805 1397 866 1425 post

76 1432 181 1466 lignum
196 1434 329 1461 scientia.
360 1434 412 1462 Sed
426 1434 490 1469 quid
507 1435 569 1462 facti
584 1436 595 1462 ?
611 1436 674 1463 iacti
688 1436 864 1470 immortales,

76 1485 160 1512 atque
179 1479 212 1505 ad
227 1478 309 1506 Deum
330 1481 440 1515 propius
465 1482 590 1508 admissi.
608 1481 774 1510 Pliiloxeuus
799 1491 867 1518 prae-

77 1529 151 1551 terea
179 1525 302 1553 oratione
329 1526 370 1553 de'
390 1528 621 1562 contemplatione
652 1529 715 1563 ligni
741 1529 802 1556 vita:
827 1530 902 1562 sicc

76 1570 174 1597 scribit
189 1578 196 1596 :
218 1569 289 1598 Deus
306 1579 359 1598 non
375 1573 464 1598 solum
482 1580 530 1605 per
547 1578 652 1600 natura:
664 1573 824 1600 instinctum
839 1579 867 1602 et

78 1615 227 1650 Scriptum
252 1618 440 1645 auctoritatem
461 1619 538 1645 ducit
569 1627 619 1646 nos
646 1619 672 1646 iri
697 1621 864 1655 agnitionem

77 1662 270 1696 mysteriorum
302 1664 404 1696 crucis,
431 1663 478 1691 sed
499 1672 546 1699 per
575 1665 661 1699 ipsum
683 1667 765 1693 etiam
784 1674 866 1701 quem

77 1708 219 1735 conseruit
231 1709 397 1741 paradisum,
412 1717 472 1744 qua:
489 1711 572 1743 prima
593 1710 643 1737 fuit
658 1711 764 1746 generis
776 1713 863 1739 nostri

78 1753 219 1780 habitatio.
239 1753 305 1780 Nam
322 1759 350 1782 ut
364 1757 521 1789 angelorum
538 1757 615 1783 sedes
627 1761 668 1783 est
686 1758 797 1790 cadum,
811 1759 865 1785 dic-

77 1807 190 1826 monum
207 1807 269 1827 vero
296 1805 356 1834 post
381 1802 499 1835 ipsorqu
526 1810 620 1830 casum
651 1811 699 1830 aer
717 1804 864 1838 (nimirum

77 1846 168 1873 medio
181 1847 286 1881 positus
303 1847 391 1882 loco);
410 1847 519 1883 insuper
534 1849 714 1876 animantium
724 1850 864 1878 brutorurn

76 1897 105 1919 et
125 1893 266 1919 hominum
282 1899 342 1927 post
357 1894 484 1921 violatam
501 1894 598 1929 legem.
613 1895 670 1922 Ilaec
688 1900 758 1922 terra
771 1896 797 1922 in
812 1903 864 1930 qua

78 1945 153 1965 nunc
181 1946 340 1972 versamur;
373 1939 489 1974 denique
518 1940 631 1974 piscium
665 1945 691 1968 et
713 1942 863 1968 natatilimu

77 1983 200 2010 onmium
224 1992 318 2019 aquae;
337 1989 472 2018 postremo
490 1986 587 2012 animae
615 1993 714 2020 corpus
741 1986 768 2013 iit
792 1987 864 2021 quod

78 2030 197 2064 primurn
213 2035 255 2058 est
271 2031 417 2065 inspirata:
436 2031 475 2058 sic
488 2039 596 2066 quoque
611 2031 762 2060 destinatus
777 2032 865 2060 fuerat

77 2073 224 2108 paradisus
250 2079 279 2101 ut
300 2079 371 2102 esset
395 2075 547 2107 hominum,
573 2077 729 2111 priusquam
756 2085 866 2111 peccas-

77 2124 149 2151 sent,
178 2119 357 2147 domicilium.
388 2121 455 2148 Lam
484 2128 565 2155 porro
597 2122 624 2148 in
646 2130 678 2149 co
698 2122 757 2150 levc
784 2129 865 2157 atque

78 2165 225 2192 observatu
245 2165 323 2193 facile
343 2167 497 2194 mandatum
515 2168 664 2202 accepisset
695 2168 823 2199 Adarnus.
841 2170 863 2196 si

78 2211 123 2238 cui
147 2213 292 2246 paruisset,
305 2212 331 2239 in
346 2213 445 2240 cwlum
462 2213 535 2241 illinc
552 2213 707 2241 evehendus
723 2218 782 2242 erat
797 2223 805 2241 :
819 2215 864 2241 illo

79 2262 185 2292 spreto,
217 2257 317 2293 Deique
341 2259 462 2294 neglecto
477 2259 571 2292 verbo,
604 2267 658 2287 non
682 2260 762 2288 modo
778 2261 866 2288 caruit

78 2305 160 2336 coelo,
173 2304 244 2338 quod
258 2304 308 2332 δίιιί
324 2304 424 2339 alioqui
442 2313 502 2332 cum
518 2305 688 2340 incorporeis
699 2306 752 2334 illis
779 2306 866 2340 copiis

80 2357 226 2376 tomumue
245 2349 366 2376 futurum
391 2349 503 2383 luisset;
519 2358 611 2377 rerum
632 2351 715 2378 etiam
726 2352 863 2386 paradiso,

80 2395 126 2428 qui
141 2395 246 2422 medius
261 2400 319 2422 crat
336 2395 420 2427 locus,
438 2403 485 2430 per
502 2396 676 2430 ignominiam
691 2396 811 2431 dejectus
821 2401 862 2423 cst

80 2439 108 2466 iu
123 2440 192 2467 lianc
206 2445 305 2468 terram
335 2446 444 2476 peccato
469 2441 625 2474 obnoxiam,
651 2446 680 2468 ut
696 2442 723 2468 in
741 2449 772 2468 ca
801 2450 862 2468 cum

80 2487 168 2513 brutis
205 2487 353 2521 pecudibus
388 2491 552 2514 versaretur.
579 2487 711 2514 l’rastcrea
738 2487 864 2515 dominus

80 2530 199 2558 Joannes
208 2533 330 2559 oratione
346 2537 439 2559 contra
455 2540 502 2559 eus
516 2533 560 2567 qui
579 2532 707 2558 mundum
720 2533 864 2566 gubernari

80 2585 95 2604 a
110 2577 278 2604 damnenibus
293 2582 397 2610 putant,
414 2578 543 2611 scriptum
558 2577 665 2611 reliquit
678 2578 704 2603 in
719 2578 786 2604 lianc
798 2585 861 2604 sen-

81 2622 193 2649 tentiam
206 2630 213 2648 :
231 2621 259 2648 Si
271 2622 420 2656 ejiciendus
437 2626 494 2648 erat
509 2622 593 2647 Adam
608 2622 642 2648 de
665 2622 802 2655 paradiso,
815 2629 864 2649 cur

81 2668 115 2695 ab
128 2667 207 2694 initio
223 2667 337 2694 donatus
348 2672 388 2694 cst
403 2674 417 2693 a
439 2666 492 2694 Deo
512 2666 660 2700 paradiso?
672 2671 765 2694 nostra
791 2672 863 2694 certe

81 2721 163 2741 causa
177 2713 233 2740 lizcc
251 2713 288 2740 ita
314 2713 422 2740 evenire
445 2712 594 2746 oportebat.
607 2711 674 2739 Nam
690 2711 712 2738 si
726 2713 806 2746 primi
823 2713 860 2740 illi

117 2817 173 2852 (l0)
188 2818 271 2844 Caute
300 2818 357 2852 lege
376 2825 382 2843 τ
413 2817 480 2844 nilnil
507 2817 578 2843 enim
592 2817 695 2852 prmmii
711 2818 864 2845 cssentialis

84 2855 185 2888 angelis
198 2853 306 2880 obvenit
331 2858 376 2882 aut
393 2857 531 2881 accrescct
552 2857 614 2887 post
637 2853 789 2888 generalem
810 2854 860 2879 lio-

919 251 1102 283 agnovissent,
1116 251 1229 286 ejusque
1241 252 1396 285 paruissent
1407 252 1537 287 jussis,ct
1552 254 1634 280 animi
1649 262 1707 280 mu-

918 293 1032 321 destiam
1052 295 1286 330 liumililatemque
1314 297 1508 330 retinuissent,
1536 307 1705 334 nequaquam

918 340 1075 366 amisissent
1104 341 1129 367 id
1145 349 1199 375 quo
1228 343 1331 374 put-diti
1351 342 1456 370 l'ucrant
1473 344 1555 371 decus
1572 350 1651 379 atque
1663 353 1707 371 or.

918 388 1088 412 namcntum.
1106 385 1227 420 Denique
1245 386 1373 414 dominus
1385 386 1502 415 Jacobus
1513 387 1704 420 Botuancnsis,

918 430 1042 456 oratione
1057 430 1090 457 de
1115 431 1203 465 ejecto
1218 432 1324 459 Adarno
1345 437 1421 460 extra
1452 435 1620 468 paradisum.
1650 435 1706 462 ltmc

918 475 1019 510 scripta
1048 477 1156 511 reliquit
1176 485 1183 503 :
1207 477 1370 505 Coudiderat
1391 478 1461 506 Deus
1491 480 1635 512 Adarnum,
1653 488 1706 507 non

917 529 971 556 quo
989 522 1113 555 paradiso
1125 523 1248 556 pelleret,
1266 523 1312 550 sed
1329 528 1357 550 ut
1377 525 1533 558 paradisum
1550 526 1632 552 veluti
1645 526 1707 560 jure

919 566 1090 593 lucrerlitario
1119 568 1280 599 possideret,
1300 570 1325 595 iu
1347 576 1434 603 eoque
1459 570 1656 605 dominaretur,
1673 581 1707 600 eo

920 611 1058 638 hominem
1075 612 1199 644 lintcrat,
1215 614 1314 648 quippe
1333 614 1411 648 cujus
1429 616 1514 649 gratia
1532 617 1612 643 etiam
1624 625 1708 644 mun~

918 658 981 682 dum
1004 657 1092 691 ipsum
1119 662 1257 685 creaverat
1278 668 1283 686 :
1316 660 1492 693 quamobrem
1520 662 1601 688 simul
1627 668 1708 697 atque

917 702 1041 728 conditus
1067 707 1119 734 est,
1151 703 1270 730 incolere
1301 705 1456 738 paradisum
1482 708 1576 741 carpit,
1598 709 1708 742 quando

917 747 1006 773 adhuc
1024 747 1097 773 nulla
1111 748 1267 782 nuptiarum
1284 750 1386 776 mentio
1402 755 1470 777 erat.
1483 750 1552 777 Tum
1565 760 1626 778 mox
1642 754 1708 780 sub-

915 792 975 826 jicit
992 801 999 820 :
1014 792 1046 820 Et
1062 798 1090 819 ut
1114 794 1140 819 in
1155 794 1292 827 paradiso,
1311 795 1347 821 itu
1362 796 1388 821 in
1408 796 1477 822 cwlo
1492 805 1599 831 quoque
1611 798 1706 824 victuri

918 844 995 865 erant
1013 839 1039 865 in
1058 840 1221 866 suavissima
1240 848 1302 866 cum
1330 840 1384 867 Deo
1405 843 1611 875 consuetudine,
1627 848 1708 878 atque

883 872 901 898 η
917 881 1102 910 [ιιιήιιειι-ὶιιιε
1112 904 1120 916 ,
1131 889 1184 911 etc.
1195 884 1438 919 Colligituritaque
1448 895 1479 913 cx
1498 887 1539 914 Iris
1552 872 1706 914 sanctorum

916 928 1025 954 l'atrum
1039 934 1119 963 atque
1130 931 1303 963 probatorum
1318 938 1458 958 auctorum
1473 933 1562 966 dictis,
1574 933 1706 961 Adamurn

916 979 942 1001 et
960 974 1056 1006 Eram,
1080 976 1102 1002 si
1117 976 1234 1002 mandati
1254 977 1337 1003 divini
1351 978 1526 1005 observantes
1542 980 1707 1006 mansissent

918 1027 1008 1053 neque
1034 1021 1211 1054 deliquissent
1231 1022 1414 1050 sustollcndos
1444 1024 1528 1051 fuisse
1544 1025 1570 1051 in
1595 1026 1706 1052 caeleste

917 1073 1031 1100 regnum
1049 1073 1130 1100 supra
1151 1066 1364 1100 ﬁrmamentum,
1383 1068 1427 1095 ubi
1443 1077 1555 1102 prorsus
1566 1071 1707 1097 immorta-

917 1110 991 1137 litate
1006 1112 1108 1144 donati,
1124 1113 1151 1139 in
1165 1113 1328 1147 sempiterna
1338 1114 1622 1149 vixissciitvoluptate.
1635 1115 1705 1148 Quin

917 1156 969 1182 hoc
985 1156 1073 1190 ipsum
1089 1157 1187 1184 rationi
1218 1166 1295 1192 atque
1311 1163 1384 1186 certe
1407 1165 1619 1187 consentaneum
1641 1166 1683 1189 est
1697 1170 1706 1193 ς

917 1208 944 1228 ut
958 1202 1030 1228 enim
1060 1207 1171 1237 propter
1193 1203 1300 1231 violata
1327 1205 1394 1239 legis
1411 1212 1550 1239 peccatum
1580 1207 1707 1241 paradiso

915 1247 1048 1274 climinati
1070 1252 1144 1278 sunt.
1158 1254 1240 1283 atque
1268 1250 1294 1276 in
1310 1250 1381 1276 lianc
1405 1251 1575 1278 maledictum
1599 1252 1702 1279 detrusi

916 1298 1028 1324 terram,
1044 1294 1079 1320 ita
1095 1295 1118 1319 si
1129 1294 1322 1329 dirinisjussis
1332 1297 1607 1331 obtemperavisseut,
1619 1305 1707 1333 e0quo

913 1339 980 1373 justi
1001 1339 1088 1366 effecti
1108 1340 1235 1374 fuissent,
1253 1342 1305 1369 hoc
1331 1347 1410 1370 erant
1427 1344 1539 1378 praemio
1552 1344 1706 1376 alliciendi;

916 1386 1024 1412 scilicet
1038 1392 1067 1412 ut
1085 1394 1117 1413 ex
1140 1387 1267 1422 paradiso
1284 1389 1311 1415 in
1326 1389 1436 1416 cteleste
1454 1397 1566 1425 regnum
1588 1391 1707 1426 emigra-

918 1435 987 1462 rent,
997 1439 1051 1465 quo
1070 1432 1132 1459 inde
1151 1433 1185 1459 ab
1199 1433 1265 1460 oibe
1276 1435 1386 1460 condito
1396 1434 1461 1469 ipsis
1475 1436 1562 1462 fuerat
1571 1441 1705 1470 paratum,

918 1479 947 1502 ut
960 1476 997 1502 ait
1012 1475 1153 1508 Dominus,
1180 1478 1213 1504 ad
1231 1479 1294 1505 Adae
1309 1483 1336 1506 et
1361 1478 1423 1506 Eva!
1438 1481 1636 1514 posteritatem.

1191 1522 1304 1550 CAI'UT
1338 1523 1430 1550 XXIII.

955 1567 1081 1599 Quandiu
1111 1569 1137 1594 in
1155 1569 1282 1602 paradiso
1307 1570 1468 1597 nransicseut
1487 1571 1643 1605 priusquam
1672 1574 1706 1599 ad

917 1614 1018 1640 micare
1035 1621 1140 1648 regnum
1156 1615 1311 1641 traducendi
1326 1616 1452 1650 fuissent,
1468 1619 1491 1644 si
1506 1626 1556 1644 non
1575 1619 1706 1654 deliqui:-

916 1665 972 1685 sent
983 1659 1063 1693 primi
1077 1666 1208 1693 parentes.
1226 1675 1261 1680 -—
1286 1660 1338 1688 Sed
1353 1663 1408 1695 jam
1438 1665 1554 1698 quaestio
1567 1667 1655 1693 oritrir
1673 1668 1706 1695 de

921 1705 1050 1739 temporis
1062 1706 1149 1740 spatio
1166 1708 1324 1742 quantisper
1341 1708 1444 1736 scilicet
1457 1710 1484 1736 in
1498 1711 1624 1745 paradiso
1640 1712 1706 1740 fuis-

918 1755 978 1776 sent
989 1753 1186 1779 eommoraturi
1202 1753 1281 1786 primi
1299 1755 1383 1780 nostri
1404 1761 1542 1790 parentes.
1558 1761 1703 1792 antequam

916 1797 949 1822 ad
981 1797 1091 1824 cceleste
1123 1805 1234 1832 regnum
1262 1799 1460 1834 eiuigrasseut,
1491 1801 1513 1828 si
1551 1805 1705 1836 paruissent

917 1841 1015 1868 divina:
1031 1842 1092 1876 legi.
1108 1842 1250 1876 Tantisper
1263 1851 1328 1870 sane
1354 1845 1418 1871 dum
1450 1853 1500 1880 pro
1515 1845 1606 1875 divina
1623 1848 1705 1876 bene-

916 1887 1034 1914 dictione
1054 1895 1062 1914 :
1091 1887 1207 1915 Crescite
1235 1893 1259 1916 el
1277 1890 1509 1924 multiplicamini,
1529 1893 1600 1920 aucti
1631 1896 1706 1928 prole

917 1937 997 1967 atque
1029 1933 1195 1968 multiplicati
1225 1935 1350 1963 homines
1379 1944 1523 1964 numerum
1552 1945 1705 1973 aequassent

917 1978 1024 2005 Satanze
1051 1983 1077 2005 et
1111 1987 1205 2006 earum
1232 1981 1371 2014 copiarum
1398 1989 1458 2016 qua:
1484 1989 1546 2008 cum
1571 1983 1628 2018 ipso
1656 1992 1705 2012 ex-

915 2026 1036 2052 ciderant
1051 2027 1130 2052 coelo.
1153 2026 1191 2052 Eo
1214 2027 1286 2053 enim
1304 2035 1419 2054 numero
1446 2028 1563 2062 expleto,
1581 2030 1626 2064 qui
1654 2039 1704 2058 rru-

916 2079 1008 2098 merus
1031 2072 1057 2098 iu
1083 2071 1130 2098 Dci
1148 2072 1302 2107 c0gnitione
1319 2072 1371 2100 fuit
1397 2073 1532 2106 deﬁnitus,
1558 2076 1704 2110 elapsoque

913 2116 969 2151 jam
996 2120 1052 2142 tum
1073 2116 1148 2151 justo
1175 2123 1316 2152 tempore;
1346 2118 1520 2146 traducturus
1548 2124 1605 2146 erat
1630 2120 1704 2155 ipsos

917 2162 988 2189 Deus
1004 2163 1030 2188 in
1046 2170 1158 2198 regnum
1174 2163 1296 2191 cmicsre.
1321 2164 1385 2198 Ejus
1400 2164 1472 2191 cnim
1491 2164 1527 2192 rei
1547 2166 1631 2200 gratia
1649 2171 1702 2194 tam

881 2200 902 2227 D
917 2208 1075 2242 spatiosum,
1088 2209 1219 2243 amplum,
1231 2216 1357 2243 capacem
1369 2209 1526 2237 condiderat
1536 2211 1703 2245 paradisum,

918 2257 947 2279 ut
963 2253 1097 2280 universae
1111 2254 1263 2288 posteritati
1280 2255 1343 2281 Adaa
1363 2255 1430 2282 satis
1449 2255 1475 2282 in
1497 2255 1555 2290 ipso
1567 2261 1639 2284 esset
1651 2257 1702 2285 loci

919 2298 952 2325 ad
968 2299 1140 2325 morandum.
1157 2299 1184 2326 ln
1200 2300 1250 2326 liac
1273 2301 1354 2327 etiam
1381 2302 1513 2328 sententia
1534 2308 1575 2329 est
1599 2302 1704 2337 Grego-

916 2344 973 2371 rius
984 2343 1138 2379 Theologus
1153 2346 1216 2371 dum
1246 2345 1284 2372 ait
1304 2346 1435 2373 mundqu
1456 2348 1634 2382 superiorem,
1658 2356 1705 2376 cx-

917 2391 983 2425 pleri
994 2391 1090 2418 debere
1101 2399 1108 2422 ;
1119 2396 1195 2418 vocat
1212 2392 1284 2418 enim
1296 2392 1426 2419 mundum
1441 2393 1619 2427 superiorem,
1632 2394 1704 2430 ipsas

918 2436 1041 2464 cwlestes
1055 2437 1156 2471 copias,
1171 2445 1285 2471 quarum
1301 2445 1442 2465 numerum
1454 2457 1462 2470 ,
1479 2439 1575 2465 diaboli
1601 2444 1628 2467 et
1643 2440 1704 2474 ejus

919 2482 1056 2510 sociorum
1083 2490 1149 2510 casu
1169 2483 1344 2515 diminutum,
1369 2489 1463 2511 censet
1495 2485 1702 2512 instaurandum

919 2535 980 2555 esse
1007 2533 1088 2562 atque
1100 2528 1291 2563 supplendum,
1309 2529 1403 2556 ascitis
1420 2529 1530 2556 totidem
1548 2530 1575 2556 in
1595 2530 1703 2557 illorum

918 2573 963 2608 qui
979 2574 1102 2601 excidere
1128 2575 1235 2606 locum;
1252 2574 1305 2602 hoc
1320 2578 1373 2605 est,
1396 2576 1528 2602 traductis
1546 2575 1572 2602 in
1592 2576 1702 2603 cwleste

917 2626 1029 2654 regnum
1056 2619 1222 2646 horninibus.
1253 2619 1398 2654 Gregorius
1421 2627 1530 2655 quoque
1556 2620 1702 2655 Nyssgenus

917 2665 1121 2693 Commentario
1133 2666 1166 2693 de
1186 2666 1386 2701 compositione
1411 2666 1542 2696 hominis.
1555 2668 1637 2702 capit.
1658 2668 1701 2700 l8,

916 2711 949 2738 ad
960 2711 1033 2738 hunc
1045 2712 1155 2738 modum
1171 2712 1264 2739 scribit
1278 2719 1286 2739 :
1302 2711 1355 2739 Sed
1386 2712 1485 2740 modus
1502 2712 1546 2740 ille
1570 2713 1703 2747 multipli-

920 2817 1024 2844 miurtm
1051 2817 1291 2847 resurrectionem,
1319 2816 1372 2844 nisi
1402 2820 1506 2843 tantum
1534 2816 1702 2846 accidentalc

917 2851 983 2880 Vide
1008 2852 1114 2880 Sixtum
1133 2853 1179 2879 lib.
1199 2860 1224 2886 v,
1242 2851 1379 2885 Biblioth.,
1400 2857 1492 2879 aunot.
1516 2852 1574 2879 126.
