2027 3077
306 138 361 171 515

947 132 1062 163 MOSIS
1084 131 1158 162 ΒΑΗ
1177 130 1300 160 CEPIIA

1895 127 1946 160 515

305 194 384 222 candi
399 193 444 229 qui
463 194 489 221 in
503 192 658 227 angelorum
675 195 771 218 natura
787 193 840 220 est,
854 189 880 215 in
897 188 931 215 iis
951 188 1033 215 etiam
1047 187 1094 221 qui
1111 191 1133 218 Α
1147 186 1194 213 sed
1203 185 1274 212 idem
1284 182 1656 225 illcmodusquoangt-Iorum
1665 182 1946 218 naluramultipucata

307 238 558 275 paulumdiminuti
584 237 689 265 suntab
711 235 815 270 angelis
828 236 891 269 (hoc
918 238 976 265 est,
1002 233 1029 259 in
1047 234 1095 259 ho-

310 285 440 320 minibus)
452 286 521 311 viatn
538 282 787 310 suatnexercuissel
808 281 841 307 ad
861 278 1096 314 multiplicatnlutn

309 338 395 366 genus
424 330 572 356 humanum
593 335 678 362 usque
699 328 732 354 ad
747 326 888 354 definitum
905 324 1015 360 Opilicis
1033 331 1099 350 cen-

308 378 369 405 silio
385 383 538 403 numerum.

587 429 700 458 CAPUT
718 428 815 457 XXIV.

343 491 475 517 Adamnm
486 494 509 515 et
524 488 607 515 Evam
624 495 675 514 non
691 488 760 514 solos
777 487 803 513 in
818 485 944 520 paradiso
960 491 1099 510 mansuras

307 536 454 571 fuitse,sed
473 535 559 562 sobole
575 533 659 560 multa
672 531 850 568 augendos,si
869 530 1024 557 mandatum
1051 529 1100 556 Dei

306 589 358 608 non
368 578 651 607 violassent.—Solent
662 585 742 613 porro
751 577 802 604 hoc
812 577 894 604 etiam
903 583 1023 611 quaerere
1032 574 1056 610 (f
1065 574 1099 610 l),

306 627 354 662 qui
386 634 476 653 rerum
508 624 760 660 cognoscendarum
791 623 928 650 desiderio
955 626 1099 652 tenentur;

308 673 423 699 fuLssent
442 678 476 698 ne
494 670 574 705 primi
599 674 725 704 parentes
743 668 793 696 soli
822 668 848 695 in
868 667 994 703 paradiso
1010 673 1100 693 mora-

310 718 375 748 turi.
392 718 415 745 si
443 718 528 750 legem
546 716 759 746 observassent',
784 722 817 741 an
835 722 899 741 vero
921 714 1014 740 sobole
1038 720 1102 747 pro.

308 768 397 790 creata
424 763 605 789 nihilominus
634 761 787 789 crevissent
818 767 931 787 numero
965 758 1100 786 homines.

309 810 413 842 Quibus
420 817 581 844 responsum
594 809 719 835 volumus
728 812 917 842 generaturos,
928 805 1103 838 maximoque

309 863 424 883 numero
449 854 667 890 multiplicandos
691 854 797 880 fuisse:
825 853 906 886 idque
930 851 971 877 vel
991 857 1024 877 ex
1043 849 1101 883 ipsa

310 902 497 929 benedictione
527 908 579 934 qua
607 900 681 934 ipsos
711 903 873 933 prosecutus
900 896 990 923 fuerat
1030 893 1102 922 Deus

309 952 448 978 constare,
466 954 527 974 cum
551 946 674 972 diceret:
690 944 806 972 Crescite
822 948 846 970 et
876 940 1100 976 multiplicamini,

311 998 460 1027 terramque
478 991 574 1026 replete
594 996 619 1018 et
643 999 700 1017 eam
717 990 839 1025 cubigite.
865 989 902 1016 lia
919 989 991 1016 enim
1020 987 1103 1015 verba

311 1047 373 1066 cum
391 1039 472 1066 simul
487 1047 547 1066 cum
566 1037 654 1065 fausta
672 1037 831 1072 precatione
861 1035 1021 1062 tnandatum
1038 1042 1103 1062 con-

312 1083 434 1115 tineant;
449 1082 510 1117 quis
529 1082 658 1115 ambigat,
675 1081 740 1116 quin
770 1081 816 1108 Dei
843 1085 870 1107 et
896 1079 1053 1115 apprccatio
1077 1083 1104 1106 et

314 1129 470 1154 mandatum
496 1135 609 1162 prorsus
627 1127 780 1162 praestanda
808 1125 932 1153 fuerint?
955 1125 1105 1153 Conficitur

313 1174 425 1208 itaque,
459 1173 593 1210 Adamum
625 1177 652 1200 et
677 1172 761 1199 Evam
789 1172 909 1199 sobolem
930 1167 1104 1198 numerosam

313 1225 508 1254 propagatur-os
529 1220 634 1250 fuisse;
658 1226 746 1254 neque
768 1219 842 1246 solos
868 1218 930 1245 illos
949 1216 1104 1252 paradisum

315 1267 495 1297 habitaturos,
511 1266 533 1292 si
548 1265 707 1293 obedientes
723 1265 900 1291 mansissent.

588 1321 705 1350 CAPUT
740 1321 825 1349 XXV.

350 1382 495 1413 Caeterum,
508 1380 578 1415 quod
592 1380 677 1414 quaeri
691 1379 769 1412 solet,
781 1386 826 1414 per
836 1378 1021 1406 Venereumne
1033 1385 1107 1404 com-

315 1428 425 1462 plexum
457 1433 568 1461 operam
586 1425 680 1452 Iibetis
708 1424 850 1460 gignendis
876 1423 964 1451 daturi
994 1423 1107 1451 fuissent

316 1474 441 1500 homines
461 1471 486 1498 in
502 1472 642 1507 paradiso,
657 1478 691 1498 an
717 1472 820 1506 absque
839 1470 940 1505 nuptiis
956 1479 963 1497 :
978 1469 1105 1503 dicimus,

315 1525 346 1547 ut
363 1521 421 1555 ipsa
446 1523 539 1546 nostra
559 1523 656 1546 natura
688 1525 791 1545 arcano
824 1517 972 1545 conditoris
998 1516 1041 1544 sui
1059 1515 1106 1543 Dei

315 1566 430 1594 Consilio
454 1566 521 1593 scite
537 1565 712 1597 fecundatur,
739 1570 864 1598 augetur,
886 1563 1105 1598 multiplicatur;

315 1613 352 1638 ita
369 1613 527 1638 universum
546 1618 656 1645 quoque
676 1610 826 1636 humanum
847 1617 933 1643 genus
958 1608 1107 1636 fecundan-

315 1658 392 1689 dum,
408 1657 573 1692 augendum,
591 1656 828 1691 multiplicandutn
845 1655 941 1688 fuisse,
953 1660 982 1683 et
995 1655 1105 1690 quidem

317 1703 422 1737 absque
447 1702 604 1728 concubitu.
620 1701 685 1728 Nam
699 1707 726 1728 et
745 1701 834 1736 angeli
861 1702 938 1728 tnulti
961 1706 1108 1730 evaserunt

317 1749 438 1784 quidem,
455 1748 502 1775 sed
517 1749 622 1782 absque
649 1748 762 1782 llUplIlS,
782 1753 809 1774 et
828 1748 914 1774 Adam
942 1753 1023 1782 atque
1051 1747 1107 1775 Eva

317 1795 376 1821 sine
397 1794 500 1821 Venere
520 1794 576 1820 nati
599 1793 722 1825 fuerant;
738 1794 770 1820 ad
799 1793 863 1825 hoc,
883 1794 964 1820 etiam
981 1802 1054 1821 nunc
1068 1794 1108 1820 vi-

317 1841 381 1868 dere
396 1845 438 1867 est
458 1840 541 1867 multa
557 1840 716 1867 animalium
735 1848 833 1874 genera
848 1840 952 1875 absque
963 1841 1034 1868 coitu
1051 1848 1109 1875 pro-

317 1887 420 1921 pagari,
430 1887 510 1921 quale
522 1891 563 1913 est
573 1886 703 1913 vermium
714 1895 811 1922 genus,
826 1891 850 1914 ct
862 1886 992 1919 culicutn,
1002 1887 1109 1921 aliaque

315 1933 466 1966 co.nplura.
484 1932 559 1960 Ilauc
575 1934 737 1960 sententiam
762 1934 893 1968 approbat
910 1941 1019 1968 quoque
1035 1933 1108 1961 Gre-

316 1979 408 2014 gorius
427 1978 565 2014 Nyssaaus,
577 1980 788 2007 Commentariis
799 1980 833 2006 de
844 1979 962 2006 hominis
972 1979 1109 2013 composi-

318 2025 401 2057 tione,
416 2024 498 2058 capit.
515 2024 558 2056 18,
573 2024 700 2059 inquiens
719 2032 726 2052 Ζ
741 2024 824 2051 Aiunt
848 2024 969 2058 quidam,
986 2025 1008 2051 si
1019 2024 1109 2051 nullus

317 2072 453 2098 fuissetiu
466 2071 594 2106 paradiso
617 2071 788 2106 complexus,
803 2070 938 2098 humanas
960 2072 1066 2099 animas
1083 2071 1110 2098 in

317 2126 417 2154 magno
433 2126 544 2145 ntnuero
555 2119 661 2145 futuras
677 2125 730 2145 non
747 2118 841 2146 fuisse.
855 2118 909 2145 Nos
920 2126 983 2146 vero
994 2119 1110 2146 dicimus

318 2164 455 2190 hominem
472 2169 535 2191 attte
557 2170 697 2198 peccatum
728 2164 878 2190 admissum
900 2164 971 2197 1uasi
983 2165 1109 2199 angelum

1149 237 1191 260 est
1216 232 1241 258 in
1262 232 1380 258 humano
1410 237 1508 265 genere
1528 229 1599 264 quod
1626 228 1772 256 Paululum
1793 230 1825 255 ab
1846 230 1947 264 angeli:

1150 278 1278 305 minutum
1297 277 1376 308 est",
1388 276 1481 303 cllicax
1502 275 1608 306 fuisset,
1621 281 1649 302 ut
1665 275 1698 302 ad
1709 283 1772 302 eum
1787 280 1946 310 augesceret

1149 331 1293 351 numerum
1302 323 1348 357 qui
1365 322 1412 349 Dei
1426 322 1541 349 consilio
1550 321 1679 348 definitus
1691 326 1760 348 erat.
1770 321 1846 354 Quod
1856 321 1946 356 siquis

1149 378 1214 397 vero
1227 373 1331 404 quaerat
1350 368 1578 404 procreandarum
1597 367 1750 395 animarum
1768 367 1872 402 absque
1893 375 1945 394 uu-

1151 416 1214 450 ptiis
1227 416 1359 441 rationem
1380 414 1547 448 modumque
1560 433 1567 444 ,
1585 413 1608 440 is
1625 413 1743 440 vicissim
1765 412 1843 439 nobis
1862 411 1945 442 dicat,

1151 469 1206 497 qtto
1224 460 1375 488 subsistant
1390 460 1471 486 modo
1489 459 1587 493 angeli,
1605 459 1645 486 sic
1658 459 1729 485 enim
1745 458 1871 485 homines
1887 458 1946 485 sine

1151 508 1293 542 complexu
1312 507 1427 534 fuissent
1441 506 1610 540 multiplicati
1624 509 1653 532 ut
1666 505 1767 540 angeli.
1784 504 1858 531 Ideni
1871 504 1943 538 Nys-

1152 562 1232 584 steus.
1248 562 1308 588 cap.
1328 553 1370 580 14.
1387 553 1446 588 ejus
1475 552 1577 587 operis,
1606 552 1646 579 sic
1670 552 1751 578 habet
1769 561 1776 578 :
1798 551 1826 577 Si
1845 558 1888 578 me
1903 551 1946 577 in-

1152 601 1344 635 terrogaveris,
1365 600 1412 634 qui
1439 599 1593 634 potuissent
1617 603 1658 625 tot
1687 598 1830 625 hominum
1861 596 1945 624 millia

1153 647 1301 681 procreari,
1319 647 1340 673 si
1365 646 1527 673 concubitus
1548 645 1640 672 nullus
1669 644 1777 676 fuisset,
1808 651 1859 679 ego
1886 651 1946 671 mu-

1154 700 1228 721 tuum
1245 701 1277 720 ex
1296 698 1321 720 te
1345 697 1445 728 petam,
1465 692 1510 726 qui
1538 692 1573 719 sit
1602 697 1750 727 prognatus
1769 691 1868 725 Adam,
1898 692 1944 726 qui

1153 740 1220 771 Eva,
1232 740 1342 775 quando
1357 740 1437 766 nullae
1447 739 1630 766 intervenerat
1646 738 1760 772 nuptiae!
1776 738 1847 770 Quid
1861 737 1945 772 ergo?

1153 787 1186 814 ad
1199 794 1299 814 eumne
1316 786 1441 818 modutn,
1458 793 1514 819 qttu
1533 785 1569 811 illi
1595 789 1656 812 sunt
1683 784 1784 817 efl‘ecti,
1813 784 1944 811 nascituri

1154 836 1232 859 erant
1262 832 1392 866 deinceps
1413 839 1509 858 omnes
1534 829 1690 856 mortales?
1719 829 1791 856 Sane
1814 829 1946 863 genitura:

1155 879 1253 905 tnodus
1268 878 1366 905 talisne
1383 885 1416 904 an
1443 876 1511 903 alius
1529 875 1608 902 fuerit
1626 875 1744 905 futurus,
1763 874 1788 901 id
1806 875 1861 908 jam
1879 875 1944 900 mihi

1155 931 1208 950 non
1227 928 1268 950 est
1287 922 1476 956 explicandum
1496 930 1502 947 :
1530 922 1580 947 hoc
1605 920 1676 946 enim
1696 919 1777 947 modo
1803 919 1944 954 quaeritur,

1155 970 1330 997 conuubione
1346 976 1416 1003 optts
1442 967 1540 994 fuisset
1566 966 1620 994 Deo
1636 967 1669 993 ad
1695 967 1844 993 humanum
1861 973 1946 1000 genus

1155 1015 1392 1050 tnultiplicandum
1423 1015 1448 1040 in
1475 1014 1566 1044 terris,
1596 1021 1630 1039 an
1655 1012 1779 1039 minime.
1810 1011 1946 1038 llacteuus

1155 1068 1186 1088 ex
1205 1060 1328 1095 Nyssazo.
1347 1059 1399 1086 Sed
1423 1063 1450 1086 et
1475 1058 1603 1085 dominus
1615 1056 1734 1084 Jacobus
1749 1057 1782 1084 de
1806 1056 1919 1084 Botuam
1938 1065 1946 1084 :

1156 1107 1193 1134 Et
1210 1107 1311 1141 quibus
1325 1105 1436 1141 (inquit)
1451 1112 1543 1140 qumso
1562 1104 1666 1138 nuptiis
1683 1104 1774 1131 editus
1789 1108 1830 1131 est
1844 1104 1948 1131 At'am'!

1155 1161 1224 1188 quos
1241 1159 1338 1187 passus
1357 1152 1415 1186 ipse
1431 1151 1539 1178 dolores
1564 1156 1592 1177 ut
1609 1150 1692 1177 Evam
1711 1150 1837 1184 pareret?
1850 1149 1948 1177 Millies

1157 1199 1315 1234 angelorum
1344 1198 1430 1225 millia
1459 1201 1533 1224 stant
1558 1204 1650 1223 coram
1681 1196 1747 1229 Deo,
1775 1204 1826 1223 nec
1856 1201 1947 1223 tamen

1157 1253 1251 1273 eorum
1278 1245 1352 1273 ullus
1370 1249 1448 1272 utero
1467 1248 1600 1277 gestatus,
1615 1247 1662 1269 aut
1685 1242 1795 1277 gravida
1811 1242 1871 1269 alvo
1885 1250 1947 1269 cum

1157 1291 1299 1318 doloribus
1321 1291 1348 1317 in
1366 1290 1454 1317 lucem
1483 1289 1574 1316 editus
1589 1293 1630 1315 est
1645 1297 1652 1315 :
1672 1288 1759 1314 multo
1773 1295 1838 1322 ergo
1862 1287 1949 1322 magis

1158 1336 1371 1364 existimandum
1398 1340 1439 1363 est
1460 1335 1584 1370 opificem
1600 1333 1683 1360 Deum
1700 1333 1825 1360 homines
1845 1333 1949 1367 absque

1158 1383 1261 1417 nuptiis
1284 1388 1492 1418 procreaturum
1510 1381 1609 1414 fuisse.
1627 1382 1698 1408 sicut
1715 1380 1817 1415 primos
1840 1387 1950 1414 quoque

1159 1430 1219 1457 illos
1236 1434 1375 1464 parentes,
1399 1436 1412 1456 e
1428 1429 1529 1462 quibus
1553 1427 1679 1454 universa
1697 1426 1754 1454 haec
1775 1425 1881 1461 generis
1900 1426 1951 1451 hu-

1159 1475 1233 1502 mani
1260 1475 1406 1510 posteritas
1422 1479 1483 1501 nata
1501 1478 1553 1506 est,
1579 1473 1743 1508 procreavit.
1762 1471 1794 1498 Et
1813 1471 1893 1506 paulo
1909 1471 1951 1497 in-

1160 1521 1245 1548 ferius
1260 1529 1267 1547 :
1285 1519 1354 1553 Quid
1369 1528 1445 1554 ergo,
1467 1520 1552 1546 dicito
1568 1518 1644 1550 mihi,
1658 1514 1818 1544 'Abrahatno
1846 1515 1951 1551 profuit

1159 1574 1193 1594 ne
1217 1567 1382 1594 concubitus
1399 1567 1432 1593 ad
1451 1565 1650 1600 pt'ocrcandatn
1671 1563 1817 1591 sobolem?
1838 1563 1951 1590 Minime

1158 1620 1224 1640 sane
1241 1622 1247 1639 :
1264 1613 1365 1647 quippe
1393 1612 1439 1647 qui
1467 1615 1506 1638 tot
1532 1611 1612 1638 annis
1628 1618 1738 1646 operam
1764 1610 1864 1638 frustra
1886 1610 1952 1637 huic

1158 1659 1278 1687 dedisset
1290 1679 1296 1690 ,
1315 1659 1389 1686 hisce
1403 1658 1475 1693 apud
1497 1658 1580 1686 Deum
1606 1657 1697 1685 verbis
1712 1657 1792 1684 etiam
1808 1663 1865 1683 ttttn
1884 1665 1953 1685 usus

1158 1709 1200 1732 est
1217 1713 1224 1731 :
1241 1704 1363 1738 Domine,
1382 1704 1445 1739 quid
1457 1704 1520 1731 milii
1537 1704 1649 1730 daturus
1662 1712 1688 1730 es
1704 1703 1748 1738 qui
1757 1703 1845 1730 liberis
1855 1704 1954 1730 careo?

1159 1750 1242 1786 Igitur
1256 1756 1285 1777 ut
1307 1754 1373 1777 tunc
1395 1758 1428 1777 ex
1445 1756 1553 1777 mortuo
1569 1750 1641 1777 eﬂeti
1658 1750 1732 1777 senis
1749 1749 1822 1776 illius
1835 1756 1953 1783 corpore

1159 1797 1244 1824 edidit
1259 1796 1332 1824 Deus
1349 1802 1403 1823 tam
1419 1797 1503 1823 multa
1520 1797 1661 1823 hominum
1680 1797 1763 1822 millii
1778 1805 1784 1822 :
1797 1797 1833 1822 ita
1850 1797 1872 1823 si
1889 1797 1954 1823 inde

1160 1842 1194 1869 ab
1226 1843 1305 1869 ittitio
1338 1842 1385 1869 Dei
1417 1843 1559 1877 przeceptis
1597 1843 1802 1876 acquierissent
1829 1842 1953 1869 Adamus

1162 1897 1285 1923 uxorque
1300 1888 1365 1922 Era,
1382 1894 1464 1924 atque
1486 1890 1519 1916 ah
1534 1890 1632 1917 arb0re
1647 1889 1798 1924 appetenda
1819 1897 1847 1916 se
1867 1890 1955 1916 absti-

1161 1936 1300 1968 nuissent;
1328 1944 1381 1963 non
1408 1936 1539 1963 defuisset
1567 1936 1620 1963 Deo
1652 1936 1813 1964 fecundantli
1844 1937 1956 1970 gent-ris

1162 1980 1273 2007 humani
1307 1981 1386 2008 ratio.
1417 1980 1568 2008 Conficitur
1593 1988 1658 2015 ergo
1673 1988 1706 2008 ex
1724 1982 1756 2008 iis
1776 1988 1836 2015 qua“:
1862 1981 1957 2007 adhuc

1161 2026 1232 2054 dicta
1249 2032 1324 2057 sunt.
1339 2027 1464 2054 homines
1494 2027 1520 2053 in
1540 2029 1667 2061 paradiso
1694 2026 1882 2061 absque;ullo
1903 2034 1958 2052 ntt-

1165 2072 1246 2108 ptiali
1266 2073 1407 2108 complexu
1426 2073 1514 2108 reipsa
1533 2072 1712 2100 fetilicaturos
1731 2073 1832 2104 fuisse,
1849 2075 1895 2099 sed
1922 2079 1957 2100 co

1162 2120 1243 2147 tnodo
1262 2127 1344 2154 quem
1361 2119 1437 2146 solus
1458 2119 1549 2153 opifex
1568 2119 1638 2146 Dens
1654 2119 1740 2146 novit.

1440 2163 1557 2191 CAPUT
1583 2163 1679 2191 XXVI.

318 2209 414 2242 fuisse,
433 2210 479 2237 scd
508 2218 556 2245 per
573 2215 714 2244 peccatum
736 2210 840 2242 ruisse;
859 2210 916 2244 ipsa
931 2211 1002 2238 enim
1022 2219 1110 2238 rcsur-
1127 2212 1147 2238 D
1199 2212 1276 2239 Sicut
1294 2217 1382 2239 autem
1401 2212 1504 2244 absque
1520 2211 1668 2238 concubitu
1685 2210 1802 2238 fuissent
1815 2210 1954 2244 prognati,

318 2258 405 2283 rectio
424 2256 526 2284 reditus
542 2260 583 2284 cst
599 2257 630 2282 ad
648 2256 790 2290 pristinam
823 2256 1018 2283 conditionetr.
1041 2257 1111 2292 Ergo

319 2302 341 2328 si
359 2305 419 2336 post
437 2303 666 2329 resurrectionem
684 2303 787 2329 erimus
808 2302 890 2329 veluti
917 2303 1018 2338 angeli,
1041 2310 1110 2329 con-

318 2347 443 2381 sequitur
461 2347 525 2374 tales
539 2355 648 2381 quoque
667 2346 753 2374 fuisse
775 2351 839 2374 ante
854 2353 1009 2381 peccatum.
1027 2346 1108 2381 Atqui

318 2393 406 2428 angeli
425 2400 477 2419 non
489 2393 786 2428 junguntutfamplcxu;
802 2400 866 2428 ergo
886 2400 974 2427 tteque
986 2393 1110 2420 homines

315 2438 406 2474 juncti
433 2438 548 2466 fuissent
572 2440 623 2466 nisi
642 2445 799 2473 peccassth
824 2448 830 2465 :
855 2440 900 2466 sed
921 2440 991 2466 sicut
1022 2439 1110 2475 angeli

319 2485 423 2519 absque
439 2485 540 2519 nuptiis
558 2485 656 2512 millies
674 2485 747 2512 mille
761 2490 836 2518 sunt,
852 2490 877 2511 ct
901 2486 1037 2520 myriades
1052 2494 1111 2521 my-

320 2531 427 2557 riadum
455 2538 569 2557 numero
591 2535 733 2565 superant,
749 2530 784 2557 ita
799 2537 847 2557 nos
861 2537 979 2564 quoque,
993 2530 1045 2557 nisi
1061 2539 1110 2557 att-

320 2579 422 2612 gelicus
431 2578 473 2605 illc
483 2582 568 2604 status
577 2578 603 2604 in
613 2577 690 2604 nobis
700 2582 820 2604 muta-tus
831 2577 926 2604 fuisset
935 2577 1071 2604 connubio
1078 2577 1112 2605 ad

322 2625 408 2652 nostri
422 2625 675 2660 ntultiplicationcm
693 2624 804 2651 minime
820 2631 888 2659 opus
911 2623 1112 2656 habuissemus,

355 2697 378 2713 "
395 2696 468 2724 Psnl.
486 2704 543 2729 \lll,
564 2697 581 2723 5
594 2705 600 2730 ;
615 2695 697 2723 Hebr.
714 2703 742 2728 tt,
757 2695 782 2722 7.

357 2757 413 2791 (II)
431 2759 515 2783 Caute
531 2757 589 2791 lege
604 2756 655 2782 hoc
667 2759 759 2790 caput,
776 2762 836 2781 nam
863 2753 988 2791 dissonat
1008 2762 1022 2781 a
1035 2762 1112 2791 coin-

323 2793 399 2818 Inuni
425 2800 506 2818 sensu
540 2790 731 2826 theologorum
765 2790 921 2816 docentium
939 2790 968 2826 in,
981 2794 1053 2816 statu
1070 2790 1112 2816 itt-

323 2827 456 2852 nucentiae
465 2827 582 2853 futuram
597 2825 682 2853 fuiSse
696 2826 837 2859 hominum
850 2825 1052 2859 generationem
1070 2833 1115 2858 μυι-

324 2862 544 2889 cotntniStionetu
560 2862 645 2889 maris
661 2866 688 2889 et
704 2860 799 2889 fentin.
813 2858 879 2887 Vide
890 2859 920 2886 S.
937 2859 1033 2887 Thom.
1050 2867 1068 2894 ι,
1088 2867 1115 2894 p.

1166 2259 1294 2291 auctique
1325 2264 1438 2283 numero
1455 2255 1580 2282 homines
1597 2255 1623 2282 in
1643 2256 1781 2290 paradiso,
1794 2256 1830 2282 ita
1846 2255 1871 2282 in
1892 2263 1957 2280 vc:a

1163 2304 1312 2337 voluptate,
1331 2305 1414 2336 atque
1430 2300 1545 2327 infinitis
1556 2300 1682 2335 partibus
1699 2300 1804 2332 majore
1817 2307 1898 2334 quant
1914 2304 1959 2326 est

1162 2356 1195 2375 ca
1211 2356 1263 2382 qua
1283 2347 1363 2374 hodie
1381 2346 1512 2374 mortales
1529 2346 1659 2373 fruuntur
1674 2347 1804 2377 maxima,
1822 2346 1877 2372 illic
1891 2351 1960 2372 aua-

1165 2397 1218 2419 tem
1247 2393 1521 2427 agitassent,utpotc
1546 2392 1637 2420 omnis
1664 2391 1783 2423 laboris,
1812 2392 1962 2426 put-turba-

1165 2440 1259 2472 tionis,
1289 2440 1431 2471 tuolestize,
1458 2439 1581 2472 doloris,
1612 2440 1701 2467 tnorbi
1727 2439 1846 2473 denique
1874 2443 1961 2472 atque

1163 2485 1334 2519 aegritudinis
1344 2490 1478 2519 expertes.
1491 2484 1616 2513 Edisscut
1625 2485 1697 2513 enim
1708 2484 1740 2512 de
1752 2483 1869 2518 paradisi
1877 2483 1962 2510 arbo-

1166 2531 1252 2563 ribus,
1263 2536 1290 2558 et
1299 2530 1492 2558 suavissimum
1503 2539 1536 2558 ex
1549 2532 1667 2558 maximo
1685 2532 1731 2557 illo
1743 2530 1962 2563 dulcissimoque

1167 2576 1286 2612 paradisi
1303 2576 1414 2604 flumine
1426 2581 1520 2611 potum
1533 2578 1664 2604 bibissent
1677 2577 1781 2611 absque
1793 2574 1867 2602 omni
1887 2575 1961 2601 inter

1167 2631 1197 2651 se
1214 2623 1330 2651 dissidio
1360 2624 1472 2657 rixave;
1496 2624 1604 2658 qualem
1620 2623 1708 2659 angeli
1725 2623 1787 2658 ipsi,
1804 2627 1830 2649 et
1847 2621 1960 2656 qualem

1164 2763 1193 2789 α.
1209 2755 1255 2785 98.
1269 2760 1323 2783 art.
1344 2755 1372 2783 2.
1385 2756 1500 2790 ejusque
1527 2759 1692 2790 Interpretcs
1710 2753 1828 2790 Bannes,
1848 2751 1960 2790 Cumel,

1167 2787 1332 2823 Valentiam,
1347 2787 1488 2822 Molinatn,
1504 2795 1531 2818 et
1548 2787 1656 2818 Sixtum
1684 2790 1786 2817 Sencn.
1803 2787 1874 2816 Jem.
1908 2788 1958 2817 lib.

1168 2835 1207 2860 \',.
1229 2826 1298 2853 Bibl.
1316 2831 1409 2853 :lllltOl.
1430 2825 1476 2853 20.
