2027 3077
148 143 198 175 5ὶῖ

714 148 761 178 DE
782 148 983 179 PARADISO.
1003 161 1039 166 —
1058 149 1155 179 PARS
1175 148 1199 180 Ι.

1723 151 1774 183 bis

149 198 271 224 ﬁdamus
284 206 344 225 t'tt.n
363 198 417 226 Era
438 204 500 226 ante
516 199 613 227 factam
634 201 730 236 legem,
741 204 823 230 vitam
842 204 936 231 viveu~
953 209 974 234 Α
988 211 1150 238 corporeum
1162 204 1282 239 quidem,
1293 204 1316 232 si
1333 203 1422 239 ipsum
1437 204 1753 240 aspectabilemangux-m
1767 217 1775 238 ι

149 247 190 270 tes
208 244 234 270 in
253 244 372 277 perfecta
392 253 468 280 pace,
496 246 638 278 cliaritale,
659 248 816 275 concordia.
829 249 936 285 Quippe

149 287 191 313 his
205 288 305 321 quibus
319 289 375 320 jam
390 290 519 317 mortales
538 290 656 318 fruimur
673 293 869 326 voluptatibus,
886 303 934 321 sua

147 332 247 366 cuique
279 334 402 361 molestia
417 336 544 368 coba-ret,
563 337 643 364 relnti
658 338 720 366 cibo
748 340 856 375 largiori
873 348 936 368 cru-

147 378 240 405 ditatis
270 378 389 412 malum,
418 381 493 414 potui
521 382 667 416 copiosiori
707 392 827 418 nausea,
856 387 935 413 bonae

146 423 294 450 valetudini
340 427 472 459 adversa,
509 427 600 454 robori
637 428 827 463 imbecillitas,
859 432 934 459 bona:

147 466 241 494 formae
270 468 445 503 deformitas;
470 475 550 506 atque
574 473 600 499 in
625 474 686 501 aliis
715 483 833 510 quoque.
850 477 882 503 At
905 477 932 504 iu

146 514 274 546 paradiso
282 515 354 542 nulla
369 516 463 544 ruisset
476 518 642 552 ejuscemodi
654 529 743 548 rerum
757 523 931 556 vicissitudo;

145 565 220 586 mera
246 561 319 587 enim
350 562 404 589 illic
429 564 554 598 voluptas
581 565 692 599 fuisset,
722 568 851 596 moleslize
866 577 932 597 vero

144 609 258 636 prorsus
275 606 365 638 nullae,
381 612 410 634 ut
420 616 478 643 qua:
490 613 550 643 post
563 611 692 639 violatum
709 613 754 641 Dei
772 615 930 642 mandatum

146 650 252 677 tandem
268 657 355 680 enata:
371 654 436 681 sint.
457 655 606 690 Majoribus
622 666 686 694 ergo
697 659 802 688 deliciis
817 669 849 688 ex
868 663 931 689 cibo

143 699 263 730 potuque
287 698 341 725 illic
362 700 451 728 allecti
475 701 611 736 fuissent,
630 712 712 738 quam
728 707 828 741 quibus
850 708 930 736 hodie

143 743 275 770 mortales
290 743 493 774 demulcentur.

412 792 528 820 CAPUT
553 795 661 823 XXVII.

181 834 218 860 De
239 840 357 869 serpente
373 837 417 870 qui
445 837 528 865 Evam
546 840 655 868 adortus
673 842 821 877 derepit.-——
845 844 927 872 Porro

141 877 175 904 de
193 885 318 912 serpente.
337 882 377 908 sic
394 882 501 910 locutus
527 891 569 912 est
591 887 670 914 divus
697 888 785 916 Muses
802 899 808 916 :
825 890 860 917 Et
875 899 930 917 ser-

140 929 203 957 pens
219 924 345 952 crtilt'dior
361 932 418 953 erat
441 929 559 957 omnibus
577 933 757 960 attintuntibus
780 936 848 969 agri,
870 945 930 970 quit

139 970 293 997 condiderat
309 972 438 1000 Dominus
450 975 537 1009 Deus;
550 977 669 1013 dixitque
681 988 786 1014 serpens
800 983 904 1009 mulieri
920 991 929 1010 ξ

146 1013 210 1041 Vere
235 1016 302 1043 dixit
330 1018 409 1051 Deus,
433 1028 464 1048 ne
484 1025 650 1051 vesceremiui
668 1026 699 1052 de
716 1028 835 1054 omnibus
849 1037 929 1062 para-

139 1058 235 1086 disi".
262 1061 310 1089 llic
338 1064 430 1092 det-em
459 1067 538 1095 nobis
557 1071 738 1103 expendendie
759 1078 839 1108 atque
864 1082 928 1101 exa-

139 1107 275 1134 minanda:
287 1111 452 1143 qumsliones
477 1120 761 1151 occurrunt,quarum
780 1119 867 1153 prima
885 1127 928 1148 est

138 1150 256 1180 fueritne
283 1162 444 1190 corporatus
469 1167 581 1194 serpens
610 1162 644 1188 ita
672 1167 701 1190 ut
733 1165 820 1192 oculis
853 1171 926 1194 esset

137 1198 311 1230 aspretabilis
322 1201 368 1235 qui
384 1209 445 1229 cum
466 1205 577 1232 muliere
589 1207 803 1242 colloquebatur,
815 1219 848 1238 an
862 1220 925 1240 vero

139 1242 222 1270 Satan
248 1247 384 1279 corporali
410 1251 544 1283 serpentis
566 1253 684 1286 speciem
703 1262 758 1289 prre
775 1263 804 1283 se
822 1257 923 1291 ferens,

138 1287 209 1314 illam
229 1290 264 1316 sit
278 1290 375 1318 atTatus
386 1301 392 1324 ;
403 1300 436 1319 an
452 1294 571 1330 denique
585 1298 665 1325 Salau
681 1287 750 1327 intra
769 1287 922 1337 serpentem

138 1332 236 1366 latens,
253 1336 331 1362 verba
351 1337 393 1364 illa
410 1339 442 1365 ad
465 1341 606 1369 mulierem
626 1343 730 1373 fecerit.
746 1332 822 1375 Sane.
837 1349 925 1378 domi-

138 1385 188 1404 nus
207 1377 330 1413 prrreui
348 1384 466 1417 quodam
490 1393 540 1413 suo
558 1391 755 1417 commentario
768 1392 806 1418 ait
820 1401 920 1429 corpo-

137 1426 224 1449 ratum
240 1431 392 1460 serpentem
403 1427 498 1461 fuisse,
508 1431 553 1464 qui
564 1433 705 1460 mulierem
716 1435 852 1464 allocutus
864 1426 921 1465 est:

136 1465 266 1494 Satanam
278 1469 350 1496 enim
363 1478 377 1496 a
392 1470 446 1498 Deo
457 1473 595 1506 petivisse,
606 1480 634 1502 ut
644 1478 763 1511 serpenti
788 1483 923 1509 sermonis

135 1509 292 1539 facultatem
322 1516 482 1542 concederet
518 1519 552 1544 ad
580 1509 740 1548 tentandum
767 1523 921 1559 Adamum;

134 1557 208 1583 sicut
224 1565 290 1592 opes
301 1558 362 1586 Jubi
380 1568 489 1596 quoque
501 1563 551 1590 sibi
564 1566 681 1598 permitti
697 1569 854 1601 postularit,
866 1557 921 1606 quo

134 1602 168 1630 de
187 1603 246 1637 ejus
265 1605 394 1638 patientia
409 1606 511 1635 faceret
525 1611 685 1643 periculurn.
701 1612 739 1640 Ex
757 1622 811 1648 quo
826 1602 923 1644 conse-

134 1649 238 1682 quitur,
255 1649 292 1676 ita
318 1651 354 1677 illi
379 1659 513 1687 corporeo
530 1657 648 1689 serpenti
673 1661 809 1688 sermonis
840 1669 920 1690 usum

133 1691 220 1720 fuisse
244 1694 349 1725 datum.
376 1701 404 1723 ut
435 1698 521 1726 asinae
544 1699 744 1735 Balaaui;imo
771 1713 836 1732 vero
867 1715 919 1735 non

134 1738 219 1766 Solam
244 1740 438 1776 rlocutionem,
461 1752 553 1772 verum
576 1748 656 1774 ctiam
689 1750 855 1778 intellectum
882 1755 919 1781 illi

133 1787 253 1819 serpenti
282 1787 397 1815 inditum
427 1789 513 1817 fuisse
539 1793 656 1820 aflirmat.
686 1794 827 1830 Epitracm,
856 1807 918 1826 cum

135 1829 207 1857 ﬂetis
223 1831 312 1864 ipsum
338 1839 365 1860 ut
382 1835 577 1869 iutelligeuteui
599 1839 634 1866 sit
657 1840 754 1868 atratus
773 1843 814 1871 bis
832 1845 917 1872 male-

133 1875 212 1902 dictis
231 1879 416 1913 perstriugeus
440 1890 446 1907 :
473 1881 609 1910 Puleerem
630 1885 700 1918 edes,
719 1891 744 1912 et
766 1896 844 1922 super
858 1897 918 1916 ven-

132 1925 199 1948 trem
211 1929 282 1949 tuum
294 1924 482 1953 ambulabis”.
496 1928 612 1963 Cyrillus
623 1934 828 1963 \'ero,oratione
840 1936 917 1963 tertia

132 1968 263 1996 adversus
278 1969 416 1998 Julianum
431 1973 584 2008 perfugam,
598 1976 635 2003 ait
648 1977 736 2011 ipsum
748 1978 876 2007 Satanam
889 1989 917 2009 se

131 2013 161 2041 in
182 2021 307 2049 serpente
329 2017 550 2052 trausl‘ormasse,
565 2026 647 2055 atque
663 2023 700 2050 ita
725 2032 786 2051 eum
804 2027 917 2054 muliere

131 2060 295 2088 collocutum
317 2070 394 2096 esse;
419 2072 450 2090 ac
478 2066 592 2099 proinde
619 2067 705 2101 ipsum
732 2077 841 2104 quoque
865 2074 915 2099 sub

130 2107 264 2140 serpentis
273 2115 387 2142 persona
402 2109 501 2137 divinis
513 2112 663 2140 maledictis
674 2121 734 2141 esse
746 2117 914 2149 perculsum.

132 2152 276 2180 Existimat
302 2154 373 2181 enim
410 2155 542 2191 Cyrillus.
573 2159 722 2187 'laztuoneut
756 2169 837 2196 posse
866 2172 914 2198 pro

133 2197 248 2225 arbitrio
273 2205 320 2226 aut
343 2202 477 2236 serpentis
504 2208 549 2230 aut
567 2205 637 2232 alius
653 2207 779 2234 animalis
795 2197 913 2244 speciem

130 2251 214 2278 quant
233 2245 345 2273 voluerit
359 2256 476 2275 sumere.
499 2249 533 2277 At
558 2251 685 2280 dominus
702 2252 818 2282 Iacobus
834 2255 915 2283 Satu-

131 2291 234 2324 geusis,
261 2295 457 2321 connneutario
485 2303 534 2323 suo
556 2297 589 2324 de
607 2298 684 2332 pulso
710 2300 815 2327 Adaino
838 2307 913 2329 extra

130 2338 298 2370 paradisum.
320 2339 394 2373 dicit,
417 2341 545 2369 Satanam
561 2351 590 2370 se
606 2345 808 2380 incorporatum
830 2352 913 2383 atque

128 2383 319 2417 aspectabiletn
343 2393 459 2420 anguem
476 2387 641 2422 insinuasse,
654 2394 681 2416 et
697 2390 759 2418 inde
773 2399 834 2419 cum
850 2401 911 2420 mu-

128 2429 196 2456 liere
233 2437 295 2457 esse
330 2432 495 2460 collocutura
526 2444 532 2461 ε
562 2443 644 2470 quam
671 2438 828 2472 opinionem
863 2447 913 2467 nos

127 2475 211 2502 etiam
250 2477 434 2511 approbamus
475 2484 556 2514 atque
598 2484 800 2516 amplectimur.
839 2484 913 2513 llauc

125 2521 199 2548 enim
231 2530 322 2549 veratri
345 2531 407 2551 esse
431 2524 471 2551 vel
500 2525 526 2551 id
553 2527 653 2561 arguit.
676 2529 747 2562 quod
771 2531 913 2565 paradisus

127 2569 226 2603 duplex
242 2575 316 2602 erat;
331 2578 480 2605 corporeus
502 2578 527 2599 et
547 2573 689 2607 spiritalis,
710 2580 738 2602 ut
752 2577 856 2611 magnis
871 2585 914 2605 ra-

128 2615 250 2641 tionibus
269 2620 311 2642 est
334 2623 349 2642 a
378 2617 456 2644 nobis
480 2617 695 2647 demonstratum
714 2630 720 2647 :
738 2621 824 2649 Adam
848 2623 911 2651 item

126 2659 238 2694 Evaque
253 2660 369 2695 duplicis
382 2667 408 2689 et
421 2665 579 2698 compositae
597 2666 672 2693 l'uere
686 2671 799 2699 naturae.
813 2669 912 2704 quippe

125 2705 172 2740 qui
193 2712 225 2732 es
243 2713 357 2740 corpore
369 2711 526 2736 c0nstareut
541 2714 568 2737 et
583 2710 687 2744 anima;
704 2720 789 2747 quare
800 2721 911 2748 scrpcn.

126 2756 179 2778 tem
208 2759 318 2787 quaque
343 2753 478 2788 duplicem
502 2755 588 2784 fuisse
607 2757 818 2786 existimandum
841 2765 906 2788 est:

403 2845 424 2861 "
442 2844 510 2873 Gen.
537 2853 575 2880 ιιι,
597 2846 640 2874 Η.

159 2841 183 2859 ⁵⁸
194 2843 261 2872 Gen.
281 2851 322 2878 ιιι,
339 2845 365 2872 l.
403 2845 424 2861 "
442 2844 510 2873 Gen.
537 2853 575 2880 ιιι,
597 2846 640 2874 Η.
679 2847 701 2864 ⁸ο
717 2847 737 2874 ll
754 2847 818 2876 Cor.
835 2856 865 2883 ιι,
880 2850 907 2877 5.

947 879 966 906 Β

936 1555 958 1583 C

988 250 1138 284 spiritalem
1168 258 1243 283 vero,
1268 251 1291 278 si
1324 258 1434 278 sensum
1465 258 1575 278 omnem
1601 251 1774 285 elIngieutem

988 295 1117 323 Satanam
1134 296 1181 331 qui
1200 296 1270 324 intra
1297 297 1373 324 illum
1390 297 1491 324 latebat
1515 301 1597 332 atque
1615 297 1677 324 inde
1694 300 1775 326 verba

982 340 1102 368 faciebat
1112 342 1279 369 consideres.
1291 342 1382 369 Altera
1401 343 1516 377 quaestio
1541 347 1594 369 est.
1613 342 1651 368 Ex
1669 351 1777 377 genere-

987 394 1020 413 ne
1037 387 1185 421 replilium,
1197 395 1230 414 an
1244 396 1310 415 vero
1327 393 1488 415 cmterorum
1502 388 1682 415 animantium
1696 388 1776 415 fuerit

987 431 1030 457 ille
1045 439 1168 466 serpens,
1181 432 1208 458 iu
1220 440 1300 466 quem
1322 439 1351 459 se
1363 432 1491 459 Satanam
1516 433 1680 465 insinuasse,
1693 438 1776 468 atque

986 475 1021 501 ita
1037 483 1099 503 cum
1115 477 1231 504 muliere
1242 478 1407 505 collocutum
1420 478 1562 506 diximus?
1579 479 1775 507 Existimamus

984 529 1047 548 vero
1067 530 1098 548 ex
1121 523 1272 550 bestiarum
1290 531 1342 551 non
1366 525 1518 558 repentium
1544 534 1659 554 numero
1674 527 1773 558 fuisse,

984 567 1065 601 idque
1082 567 1123 594 bis
1141 568 1215 595 ducti
1228 571 1407 603 argumentis.
1417 569 1507 598 Primo
1517 571 1604 600 Moses
1613 574 1649 600 ait
1662 581 1775 608 serpen-

984 616 1037 639 tem
1063 613 1148 640 fuisse
1163 614 1323 640 astutiorem
1339 616 1467 643 omnibus
1481 617 1593 650 bestiis;
1613 626 1666 645 non
1680 623 1772 645 autem

982 656 1061 689 dixit,
1079 658 1207 684 omnibus
1222 658 1375 692 reptilibtts.
1398 660 1430 686 Et
1454 661 1534 694 paulo
1549 666 1609 696 post
1629 663 1686 696 ipse
1703 663 1774 691 Deus

983 702 1014 728 ad
1028 708 1182 737 serpentem
1194 703 1274 730 verba
1289 711 1385 731 rursus
1396 704 1501 732 faciens
1521 715 1527 732 :
1548 706 1707 734 Maledictus
1719 709 1773 743 (in-

981 749 1048 782 quit)
1064 757 1119 783 praz
1133 750 1204 775 omni
1220 749 1302 775 bestia
1326 750 1396 784 agri.
1412 756 1436 777 et
1451 759 1506 785 pne
1516 753 1588 779 omni
1600 754 1711 779 animali
1722 773 1729 784 ,
1747 758 1772 780 et

979 802 1034 827 pre
1049 794 1171 821 onmibus
1188 795 1337 828 reptitibus,
1353 796 1457 823 dictum
1483 805 1537 824 non
1556 803 1607 828 est.
1636 799 1676 825 Ad
1704 799 1770 831 hoc,

981 841 1100 868 Adamus
1130 842 1156 868 in
1189 841 1248 875 ipso
1266 842 1343 868 initio
1369 843 1481 869 nomina
1506 844 1601 870 bestiis
1617 845 1770 879 avibusque

983 886 1132 918 indiderat,
1149 891 1178 912 ut
1193 891 1309 913 testatur
1333 886 1488 921 Scriptura,
1502 896 1557 915 non
1571 890 1651 916 etiam
1669 891 1771 924 reptili-

982 931 1060 958 bus:
1082 939 1114 959 ac
1139 932 1253 966 proinde
1283 933 1338 959 Eva
1365 941 1380 960 a
1408 934 1467 959 viro
1493 934 1589 962 educta
1619 935 1768 963 bestiarum

981 977 1091 1004 nomine
1104 981 1269 1012 serpentem,
1283 979 1356 1012 quod
1365 986 1398 1006 ex
1412 979 1560 1007 bestiarum
1572 989 1670 1016 genere
1683 987 1767 1013 esset,

982 1021 1081 1055 llevio;
1105 1024 1157 1051 hoc
1181 1029 1234 1055 est,
1251 1024 1347 1052 bestiae
1370 1026 1481 1052 nomine
1505 1028 1673 1061 appellavit;
1692 1030 1765 1062 quod

979 1076 1079 1096 nomen
1106 1070 1140 1096 ab
1167 1069 1271 1096 Adamo
1288 1070 1421 1098 didicerat
1447 1073 1561 1099 scilicet.
1592 1073 1656 1100 Erat
1684 1075 1765 1107 igitur

979 1122 1091 1149 serpens
1115 1123 1147 1142 es
1174 1116 1322 1143 bestiarum
1352 1125 1460 1151 genere,
1479 1126 1532 1144 non
1556 1124 1646 1145 autem
1670 1128 1766 1147 eorum

978 1161 1157 1188 animantium
1177 1170 1237 1196 qua:
1255 1162 1359 1196 reptilia
1386 1163 1524 1190 dicuntur.
1542 1163 1663 1196 Quaestio
1689 1167 1766 1192 tertia

976 1210 1018 1233 est
1034 1216 1040 1233 ς
1056 1208 1096 1233 Au
1108 1208 1189 1242 pedes
1204 1208 1328 1234 habuerit
1339 1216 1468 1242 serpens;
1481 1214 1517 1240 et,
1528 1209 1550 1236 si
1563 1209 1656 1236 habuit
1668 1211 1765 1245 pedes;

976 1251 1103 1286 bipesne,
1119 1261 1152 1279 an
1171 1261 1234 1280 vero
1250 1254 1406 1288 quadrupes
1425 1254 1506 1281 fuerit
1521 1255 1533 1280 ἲ
1546 1255 1585 1282 Ad
1602 1258 1670 1283 bane
1691 1265 1765 1291 qua:—

975 1299 1091 1326 stiouem
1123 1300 1332 1334 respondemus,
1360 1301 1564 1335 quadrupedem
1583 1301 1682 1335 fuisse,
1702 1310 1764 1329 cum

974 1351 1007 1370 ex
1036 1344 1184 1371 bestiarum
1213 1353 1312 1378 genere
1332 1345 1417 1379 (Mose
1446 1349 1527 1380 teste)
1549 1346 1767 1382 fuerit;easquo

974 1390 1137 1422 animantes,
1168 1398 1237 1424 quas
1253 1391 1354 1417 bestias
1375 1391 1496 1419 solemus
1522 1399 1629 1423 vocare,
1645 1394 1767 1426 quadru-

973 1435 1055 1468 pedes
1085 1443 1145 1462 esse
1174 1437 1323 1463 rideamus.
1350 1437 1383 1464 Et
1413 1445 1476 1464 vero
1500 1437 1627 1464 dominus
1640 1439 1763 1472 prraeut

974 1480 1037 1506 dum
1055 1480 1111 1506 haec
1133 1481 1160 1506 in
1186 1482 1243 1507 suis
1259 1482 1472 1508 Commentariis
1488 1483 1616 1515 explicat,
1630 1483 1700 1510 inter
1710 1485 1764 1511 alia

975 1523 1037 1550 ait:
1058 1525 1132 1551 Itane
1161 1525 1285 1556 volebas,
1306 1530 1335 1552 ut
1360 1527 1447 1552 Adam
1478 1527 1615 1552 amitteret
1646 1527 1760 1561 gloriam

974 1576 1070 1602 suam;
1086 1576 1197 1604 serpens
1223 1578 1286 1596 vero
1321 1578 1354 1596 ne
1380 1571 1495 1605 pedibus
1511 1571 1618 1604 quidem
1635 1572 1764 1598 tnultare-

975 1614 1034 1640 tur?
1052 1614 1114 1640 Erat
1129 1622 1192 1648 ergo
1209 1615 1364 1649 quadrupes
1376 1617 1473 1651 anguis
1487 1624 1494 1642 :
1508 1616 1554 1642 sed
1568 1617 1631 1650 quia
1645 1616 1696 1643 fuit
1711 1617 1763 1643 Sa-

974 1664 1043 1686 tana:
1061 1668 1207 1694 organum,
1225 1665 1251 1688 ct
1280 1661 1388 1688 inhaesit
1414 1662 1464 1696 ipsi
1491 1661 1582 1688 divina
1598 1663 1761 1694 exsecratio,

972 1713 1002 1731 ex
1018 1706 1105 1733 bestia
1133 1706 1222 1734 factus
1246 1711 1287 1734 est
1320 1708 1414 1742 reptile
1446 1707 1558 1739 animal,
1573 1713 1599 1734 et
1617 1716 1678 1735 cum
1697 1713 1761 1736 ante

971 1752 1084 1785 pedibus
1092 1753 1254 1786 gradiretur,
1270 1753 1397 1788 deinceps
1408 1762 1493 1788 prono
1504 1760 1596 1781 ventre
1607 1756 1740 1790 prtuepsit
1753 1765 1758 1782 :

971 1798 1041 1824 sicut
1058 1802 1084 1824 et
1102 1797 1196 1830 Satau,
1217 1800 1280 1833 quia
1300 1801 1493 1834 prazvaricatus
1506 1800 1603 1832 fuerat,
1618 1808 1650 1827 cx
1662 1802 1760 1836 angelo

970 1849 1092 1871 evaserat
1111 1845 1292 1877 daemonium;
1313 1851 1339 1872 et
1353 1851 1380 1874 ut
1395 1854 1463 1874 uxor
1478 1846 1537 1878 Lot,
1549 1848 1612 1881 quia
1630 1848 1761 1882 respexit,

970 1896 1002 1915 ex
1022 1890 1132 1917 muliere
1148 1899 1208 1925 qua:
1221 1896 1283 1918 ante
1301 1897 1373 1924 erat,
1394 1892 1585 1919 transformata
1599 1897 1639 1919 est
1657 1893 1683 1919 in
1699 1897 1757 1920 sla-

969 1938 1043 1961 tuam
1067 1936 1143 1962 salis.
1160 1936 1261 1969 Quarta
1283 1938 1399 1971 quzrstio
1412 1942 1463 1967 est.
1482 1939 1504 1964 si
1522 1938 1638 1966 Satanas
1656 1941 1682 1965 in
1710 1947 1759 1966 au-

969 1988 1047 2014 guem
1058 1988 1087 2007 se
1104 1981 1262 2014 insinuarit,
1277 1986 1359 2017 atque
1370 1990 1401 2009 ex
1414 1990 1446 2008 eo
1459 1983 1515 2016 ipse
1531 1985 1563 2009 ad
1580 1984 1661 2010 Eram
1678 1985 1757 2011 verba

970 2026 1047 2059 fecit;
1074 2034 1123 2053 cur
1150 2027 1174 2052 id
1202 2035 1216 2054 a
1245 2027 1318 2054 Mose
1335 2028 1466 2062 Scriptum
1486 2037 1538 2054 nou
1551 2028 1597 2059 sit,
1610 2029 1656 2055 sed
1673 2029 1758 2057 solius

966 2073 1062 2106 anguis
1072 2071 1141 2098 facta
1153 2073 1264 2099 mentio.
1277 2073 1325 2099 llic
1335 2073 1545 2106 respondemus:
1555 2073 1654 2100 llosem
1665 2075 1701 2100 rei
1712 2082 1758 2108 gr-

967 2123 1014 2144 sta:
1026 2119 1196 2152 scriptorem,
1217 2127 1269 2145 non
1288 2119 1461 2153 interpretem
1475 2120 1563 2154 egisse
1581 2127 1631 2146 :ar.
1643 2120 1758 2154 proinde

966 2163 1055 2197 qualis
1076 2171 1190 2199 qumque
1216 2172 1258 2191 res
1281 2165 1336 2192 visa
1352 2171 1403 2196 est,
1414 2165 1495 2192 talem
1512 2165 1546 2192 ab
1559 2165 1617 2199 ipso
1634 2174 1694 2193 esse
1709 2167 1757 2193 dc-

933 2226 953 2253 D
969 2209 1108 2243 scriptam,
1127 2218 1179 2236 non
1199 2211 1262 2237 item
1275 2211 1440 2244 explicatum
1456 2211 1501 2244 qui
1516 2219 1545 2238 se
1559 2219 1652 2238 revera
1672 2212 1756 2238 liabe-

970 2257 1019 2279 ret.
1031 2253 1085 2280 Era
1099 2258 1189 2281 autem
1200 2261 1352 2289 serpentem
1367 2256 1485 2289 videbat,
1497 2262 1649 2291 serpentem
1662 2265 1754 2285 secum

969 2299 1123 2333 loquentem
1153 2300 1280 2327 audiebat
1296 2308 1302 2327 :
1322 2301 1374 2329 hoc
1398 2302 1480 2336 igitur
1497 2302 1585 2336 ipsum
1602 2302 1690 2330 Moses
1704 2310 1755 2330 suo

968 2345 1070 2379 scripto
1102 2345 1239 2380 prodidit,
1264 2347 1496 2381 quemadmodum
1528 2348 1591 2375 alibi
1617 2353 1670 2376 tres
1696 2349 1755 2376 illos

968 2399 1037 2426 quos
1053 2393 1351 2425 videbatAbrabainus,
1370 2394 1444 2421 viros
1460 2394 1614 2429 appellavit,
1631 2402 1692 2421 cum
1705 2394 1754 2420 viri

968 2446 1021 2464 non
1047 2443 1147 2465 essent.
1164 2438 1204 2464 Ad
1237 2438 1299 2470 hoc,
1327 2438 1349 2465 si
1378 2439 1455 2466 divus
1487 2439 1597 2471 Paulus,
1619 2439 1664 2473 qui
1681 2443 1754 2465 tanto

969 2484 1096 2519 temporis
1120 2484 1260 2511 intervallo
1281 2484 1381 2512 Mosem
1411 2491 1522 2512 secutus
1547 2490 1606 2516 est.
1628 2493 1691 2512 cum
1710 2493 1753 2512 res

965 2530 1021 2565 jam
1047 2535 1104 2558 tum
1132 2531 1274 2566 explicatae
1301 2535 1404 2564 essent,
1427 2531 1546 2566 serpenti
1574 2539 1626 2557 non
1646 2530 1753 2558 Sataiia’

967 2575 1147 2610 imposturam
1163 2575 1297 2606 attribuit.
1313 2575 1439 2610 inquiens
1459 2585 1465 2602 ι
1489 2575 1586 2602 Vereor
1608 2577 1677 2603 sicut
1698 2584 1751 2602 ser-

963 2627 1026 2654 pen:
1047 2621 1146 2655 decepit
1170 2620 1252 2647 Evam
1264 2621 1297 2654 ⁸⁸,
1318 2625 1382 2653 etc.,
1403 2628 1453 2649 cur
1466 2629 1518 2648 non
1536 2621 1632 2648 merito
1651 2621 1751 2652 Moses.

964 2667 1009 2701 qui
1022 2671 1076 2693 tam
1090 2667 1183 2694 multis
1200 2666 1326 2694 aetatibus
1340 2666 1455 2694 Paulum
1470 2668 1618 2702 praecessit,
1630 2667 1750 2695 fraudem

963 2713 1082 2748 serpenti
1106 2713 1264 2747 ascripsisse
1280 2713 1426 2740 videatur?
1445 2713 1594 2748 Scriptoris
1608 2714 1680 2741 enim
1699 2718 1750 2745 est,

962 2768 1006 2788 res
1019 2765 1109 2796 gestas
1118 2767 1248 2793 narrare;
1262 2765 1289 2788 at
1298 2760 1453 2795 interpretis
1467 2768 1578 2793 munus,
1591 2768 1605 2787 a
1618 2764 1750 2795 scriptore
