2027 3077
252 108 306 142 519

253 166 362 202 prodita
379 164 516 200 explicare
533 173 539 191 :
556 170 588 191 ac
612 162 726 197 proinde
743 161 841 194 Moses,
856 161 902 195 qui
926 161 1045 196 scriptor
1060 164 1083 192 Α

253 219 310 240 non
340 212 475 245 interpres
504 217 564 237 esse
598 208 703 241 voluit,
734 213 806 235 recte
836 208 960 235 narravit
989 215 1048 234 ser-

252 262 363 292 pentem
384 265 445 284 cum
462 255 515 282 Eva
527 254 692 282 collocutum
712 261 783 286 esse,
798 262 852 281 non
869 259 960 282 autem
978 255 1048 282 dixit

255 293 386 330 Sittanam
404 304 474 329 intra
488 306 640 336 serpentem
667 301 753 328 fuisse
770 301 948 328 occultatum.
967 299 1048 333 ρυω-

255 351 310 378 stio
325 350 420 385 quinta
435 353 486 380 est.
501 350 680 383 quamobrem
697 348 812 375 Satanas
832 347 966 374 Adamum
984 356 1046 375 cum

254 403 339 423 uxore
356 395 504 423 seduxerit.
524 393 581 422 Nos
595 395 785 421 existimamus
815 401 926 421 causata
940 394 1048 421 Satanas

253 442 338 469 fuisse
356 442 483 468 invidiam
498 449 552 476 qua
570 441 632 468 illos
648 441 886 475 prosequebatur;
903 448 965 467 nam
984 448 1046 467 cum

253 487 298 514 ille
326 487 436 514 sublimi
467 495 516 514 sua
547 486 681 521 dignitate
708 487 852 521 gloriaque
881 486 1047 519 excidisset,

253 532 409 566 videretque
425 539 507 566 porro
521 531 656 558 Adamum
670 539 702 558 ex
717 531 773 558 luto
789 531 1003 564 conformatum,
1013 531 1047 558 ad

251 579 398 612 imaginem
417 583 508 606 tamen
522 578 785 612 similitudinemque
797 577 842 605 Dei
860 577 961 606 factum
974 586 1046 611 esse,

251 629 332 659 atque
346 625 470 651 omnium
490 632 580 651 rerum
596 632 657 660 quae
674 625 700 651 in
718 625 799 651 terris
814 629 906 651 essent
931 625 1047 659 imperio

250 671 383 706 potitum;
421 676 550 706 praeterea
592 671 749 706 paradisum
782 671 888 698 deliciis
918 672 1045 699 omnibus

250 718 359 753 plenum
383 718 560 751 incolentem,
582 723 666 752 atque
689 718 873 752 angelicorum
901 719 1045 753 copiarum

250 763 385 790 fruentem
399 764 542 796 societate,
554 772 584 791 se
599 771 662 791 vero
674 768 769 791 contra
780 764 952 791 deturbatum
965 769 1047 799 atque

249 809 398 845 dejcclnm,
417 810 538 837 maxima
565 814 704 845 permotus
718 811 851 837 adversus
869 810 1004 837 Adamum
1019 815 1045 837 et

251 856 334 884 Evam
351 856 465 888 invidia,
483 857 557 891 ipsos
569 856 690 883 seduxit.
702 855 836 883 Nimirum
850 856 1042 890 hujuscemodi
1060 851 1079 878 Β

249 903 465 938 cogitationibus
491 903 645 937 exagitatus
670 907 711 929 est
729 911 736 928 :
754 902 811 936 Ego
842 902 890 936 qui
916 901 1045 936 spiritalis

249 958 322 983 sum,
341 949 454 982 exsulo;
474 954 502 976 at
518 949 603 976 Adam
620 949 666 983 qui
681 956 830 983 corporeus
849 953 901 980 e~t,
919 949 991 976 intro
1004 953 1046 976 cst

250 1001 377 1030 receptus
395 1005 402 1023 :
419 1003 470 1030 ego
494 994 655 1030 proﬂigatus
670 996 801 1030 omnique
815 995 901 1029 gloria
925 1000 1043 1027 exutus;

250 1041 296 1068 ille
311 1041 394 1075 gloria
413 1041 525 1068 indutus
540 1041 709 1075 vestitusque
727 1049 734 1067 :
749 1048 798 1076 ego
814 1041 839 1067 in
863 1041 934 1072 imo,
955 1041 1000 1067 ille
1018 1041 1043 1066 in

249 1095 358 1115 summo
371 1097 377 1113 :
391 1093 439 1121 ego
448 1087 519 1122 apud
532 1087 643 1120 bestias,
658 1087 700 1113 ille
715 1087 785 1120 apud
801 1086 912 1122 angelos
930 1095 936 1114 :
952 1093 1003 1120 ego
1018 1085 1044 1112 in

247 1137 325 1160 vasta
352 1132 510 1165 solitudine,
535 1132 580 1159 ille
608 1133 680 1159 inter
698 1132 901 1160 amoenissimas
924 1131 1046 1167 paradisi

247 1179 361 1206 arbores
376 1183 512 1206 versatur.
528 1177 733 1212 Hnjuscemodi,
751 1178 876 1212 inquam,
897 1178 1046 1213 cogitatio-

249 1232 300 1251 nes
330 1223 364 1251 ad
394 1224 603 1258 prosequendos
630 1223 692 1250 illos
716 1223 818 1250 invidia
855 1223 1045 1258 l’allendosque

249 1271 341 1305 ipsum
358 1269 528 1305 impulerunt
545 1278 553 1296 τ
569 1269 669 1304 quippe
689 1269 860 1304 intelligebat
873 1277 906 1297 ex
922 1277 956 1297 eo
970 1270 1044 1305 quod

249 1316 302 1343 sibi
318 1316 468 1349 aeciderat,
483 1315 506 1343 si
522 1315 754 1351 peccaretAdam,
765 1315 888 1343 futurum
905 1321 935 1344 ut
953 1320 1046 1344 rueret

248 1363 322 1389 sicut
358 1361 416 1397 ipse
443 1361 518 1396 prior
554 1362 815 1398 ceciderat:atque
845 1370 878 1390 ex
915 1367 1043 1398 peccato,

248 1408 347 1435 horum
372 1408 452 1443 plane
476 1407 592 1435 alterum
617 1409 722 1436 Adamo
745 1413 908 1436 eventurum
925 1417 997 1442 esse,
1015 1413 1045 1437 ut

247 1454 289 1481 vel
303 1457 467 1482 moreretur.
485 1461 534 1488 pro
551 1454 604 1481 lata
620 1454 677 1489 jam
692 1460 756 1481 ante
769 1455 914 1486 sententia,
933 1455 991 1488 Quo
1002 1455 1045 1482 die

246 1500 390 1527 conterleris
417 1500 448 1526 de
479 1500 542 1532 illa,
571 1506 682 1527 mortem
708 1506 830 1535 oppetas,-
849 1501 889 1528 vel
915 1502 1078 1548 paradisoc

245 1544 442 1579 expelleretur,
457 1548 539 1578 atque
564 1544 662 1571 deinde
677 1544 770 1570 sobole
791 1550 931 1577 procreata
948 1545 1042 1572 mulsi-

247 1591 395 1625 plicarelnr
416 1591 566 1618 secundum
592 1590 708 1617 faustam
727 1591 800 1617 illam
817 1593 1043 1626 apprccationem

248 1645 301 1672 qua
312 1637 383 1665 Deus
394 1637 426 1664 ad
438 1638 499 1665 illos
509 1645 576 1664 usus
589 1637 694 1663 dixerat
706 1645 713 1664 :
724 1637 839 1664 Crescite
848 1643 870 1664 ct
881 1638 1045 1672 multiplica-

249 1684 335 1716 mini,-
352 1685 405 1710 hoc
426 1690 491 1709 Vclo
507 1683 530 1709 si
545 1683 582 1709 illi
597 1684 777 1716 contingeret.
794 1688 850 1710 tum
867 1684 924 1710 fore
945 1688 975 1711 ut
989 1685 1046 1719 ipse

248 1734 276 1756 et
288 1730 316 1756 in
330 1722 405 1755 ilﬁim
417 1730 551 1762 ipsum,et
562 1729 587 1755 in
601 1729 673 1756 illius
686 1737 794 1756 onmem
805 1729 1046 1764 posteritatemim-

248 1775 357 1810 perium
373 1779 523 1803 exerceret.
533 1774 616 1810 lgitur
628 1775 660 1802 ad
671 1775 746 1801 illum
764 1775 911 1803 fallendum
924 1776 1046 1810 percitus

249 1824 293 1847 est
307 1828 380 1847 mera
394 1820 507 1847 invidia.
525 1819 606 1847 Sexta
624 1822 738 1855 quaestio
754 1826 805 1853 est,
823 1830 873 1849 cur
888 1830 942 1849 non
961 1829 1044 1857 appa-

248 1867 335 1894 ruerit
358 1865 440 1893 Satan
456 1866 550 1900 primis
574 1867 734 1902 parentibus
751 1867 871 1894 humana
886 1868 989 1903 specie,
1003 1867 1045 1895 vel

247 1914 338 1941 divina
357 1913 443 1948 (quali
462 1913 700 1948 Dominusnoster
720 1914 745 1941 in
774 1915 889 1949 monte),
902 1915 1045 1949 autﬁgura

248 1960 384 1994 majorum
415 1959 576 1992 bestiarum,
595 1960 690 1994 quales
709 1964 775 1987 sttnt
790 1960 899 1992 cameli,
913 1961 1045 1994 elephan-

249 2008 300 2035 tes,
314 2008 340 2030 ct
355 2004 448 2038 ejusce
468 2004 579 2038 generis
600 2004 661 2030 alia:
679 2012 686 2030 :
712 2009 759 2029 aut
785 2004 904 2038 denique
927 2012 977 2031 cur
991 2012 1044 2031 non

248 2058 298 2077 suo
313 2051 400 2085 ipsius
416 2050 527 2084 proprio
542 2055 625 2084 atque
641 2050 732 2077 nativo
752 2049 858 2082 habitu,
877 2049 924 2078 sed
939 2058 1045 2084 organo

248 2102 318 2129 opus
348 2095 486 2121 habuerit.
512 2094 583 2121 Sane
600 2094 719 2120 humana
736 2095 827 2129 specie
839 2101 893 2121 non
909 2095 1044 2130 apparuit,

248 2140 323 2175 quod
351 2141 434 2168 sciret
456 2140 538 2167 Evam
558 2148 611 2167 non
635 2140 761 2174 ignorare
791 2140 885 2173 alium,
904 2145 1002 2175 praeter
1016 2148 1045 2168 se

249 2192 387 2218 suumque
415 2185 542 2211 maritum
573 2184 711 2210 hominem
729 2184 834 2211 nullum
859 2192 935 2217 esse;
954 2193 1042 2220 neque
1058 2193 1080 2221 ι)
1097 2182 1212 2216 qumstio
1239 2181 1395 2216 ltujusulodl
1424 2186 1466 2208 est
1488 2189 1496 2208 :

250 2238 315 2257 vero
336 2230 407 2257 Deus
423 2231 473 2264 ipsi
490 2229 666 2265 permittebat
683 2236 712 2256 ut
728 2230 867 2257 hominem
885 2231 1040 2265 simularet,

249 2285 284 2304 ne
309 2276 411 2312 justam
433 2277 543 2303 haberet
570 2276 623 2303 Eva
640 2277 743 2303 erroris
761 2276 803 2303 sui
826 2276 1039 2310 excusationem,

248 2322 406 2356 conspicata
437 2320 574 2347 hominem
593 2320 646 2348 sibi
657 2320 772 2348 similem
788 2328 803 2347 a
816 2328 871 2356 quo
891 2320 1040 2349 falleretur.

248 2365 335 2394 Porro
359 2366 470 2400 divina,
487 2365 529 2393 vel
547 2365 682 2400 majorum
709 2365 860 2394 bestiarum
880 2366 966 2401 ﬁgura
987 2373 1041 2393 non

251 2415 388 2450 apparuit,
407 2415 480 2450 quod
507 2415 550 2442 hat
571 2415 676 2449 species
694 2415 780 2442 nimio
796 2419 870 2442 metu
887 2416 1045 2443 concussis-

250 2466 311 2490 sent
333 2461 596 2497 perturbassentque
627 2461 780 2493 mulierem,
799 2462 898 2488 nedum
921 2461 955 2489 ad
994 2470 1044 2488 au-

251 2507 425 2535 scultandum
454 2507 546 2534 verbis
560 2507 619 2534 suis
647 2507 828 2534 induxissent.
845 2506 900 2534 Sua
927 2507 1046 2543 denique

249 2553 336 2589 ipsius
360 2553 479 2580 naturali
504 2553 595 2588 specie
618 2560 671 2580 non
687 2557 729 2580 est
750 2553 822 2579 illam
839 2552 964 2586 adortus,
979 2554 1048 2588 quia

250 2599 338 2633 magis
366 2599 446 2626 etiam
481 2602 654 2627 consternata
674 2598 733 2633 ipsa
757 2597 854 2626 fuisset
877 2599 900 2626 si
916 2598 976 2633 ejus
993 2598 1041 2634 qui

249 2645 357 2673 videndi
377 2652 487 2673 sensum
512 2644 616 2672 falleret
634 2644 714 2671 verba
734 2643 871 2677 audisset;
887 2651 973 2679 coque
993 2644 1047 2672 mi-

259 2733 281 2748 “
297 2733 366 2760 Luc.
384 2740 430 2766 xv,
449 2733 478 2760 Η
497 2741 575 2768 seqq.

902 104 1016 137 MOSIS
1037 106 1113 136 ΒΑΗ
1132 104 1257 136 CEPIIA

1848 106 1904 138 520

1099 168 1151 188 nus
1180 161 1312 188 obsecuta
1329 160 1427 188 fuisset
1443 159 1535 187 dictis.
1560 157 1656 196 Igitur,
1674 165 1703 188 ut
1727 168 1783 189 sum
1809 160 1901 190 fraudi

1101 206 1180 234 locus
1210 211 1282 233 esset
1314 206 1459 241 verbisque
1488 206 1566 239 tides,
1593 205 1684 234 induit
1719 213 1900 243 eorporatum

1100 252 1167 279 illud
1186 260 1331 288 organum,
1347 257 1501 287 serpentem
1512 271 1520 284 ,
1535 259 1623 287 eoque
1639 252 1733 280 habitu
1752 254 1899 281 visendum

1101 305 1131 325 se
1142 298 1277 326 exhibuit.
1295 298 1417 333 Septima
1432 298 1548 333 qmestio
1573 303 1627 330 est,
1644 306 1694 326 cur
1720 306 1776 334 pre
1791 300 1899 328 caeteris

1101 343 1196 370 bestiis
1229 350 1345 378 anguem
1363 343 1413 370 sibi
1430 341 1548 370 Satanas
1561 342 1587 370 in
1605 351 1740 378 organum
1755 344 1899 380 delegerit.

1101 389 1188 423 Hujus
1210 388 1250 416 rei
1274 396 1372 416 causas
1393 389 1493 416 multas
1505 396 1567 416 esse
1582 389 1700 416 dicimus
1718 388 1811 416 Primo
1826 390 1900 417 enim

1099 435 1205 462 nullum
1229 439 1290 462 erat
1305 443 1394 470 angue
1417 435 1518 462 animal
1534 435 1567 462 ad
1597 435 1750 463 fallendum
1764 437 1900 468 astutius;

1098 480 1125 507 id
1142 481 1215 515 quod
1233 481 1311 508 divus
1328 481 1416 509 Moses
1432 489 1543 517 quoque
1558 482 1601 509 his
1615 482 1706 510 verbis
1730 483 1873 518 signiﬁcat
1890 492 1899 510 ι

1101 525 1135 551 Et
1160 533 1265 559 serpens
1285 530 1342 552 erat
1367 526 1492 553 callidior
1506 528 1578 553 omni
1601 527 1686 554 bestia
1703 528 1774 563 agri.
1789 527 1858 555 Nam
1873 532 1902 556 et

1103 573 1285 599 animantium
1316 573 1369 599 alia
1401 572 1509 600 val'ritie
1536 573 1684 605 excellunt,
1720 578 1750 601 ut
1779 574 1897 609 vulpes;

1102 620 1167 652 alia,
1181 620 1241 646 rudi
1269 619 1444 654 simplicitate
1470 624 1545 651 sunt,
1561 624 1591 646 ut
1606 627 1684 647 oves.
1704 619 1807 648 Deinde
1833 628 1898 648 cum

1099 665 1198 699 anguis
1229 663 1322 691 lethali
1352 671 1459 691 veneno
1480 663 1589 698 plenum
1612 663 1732 695 animal,
1751 667 1900 691 consenta-

1099 717 1180 737 neum
1202 715 1273 742 erat,
1292 715 1320 737 ut
1345 710 1386 737 vel
1413 714 1523 744 propter
1549 714 1652 737 naturtr
1676 709 1899 744 Congruenliam,

1100 756 1272 783 mortiferum
1304 763 1385 783 suum
1416 755 1537 782 toxicum
1569 754 1762 782 commisceret
1781 754 1900 783 Satanas

1098 810 1160 830 cum
1180 802 1314 836 serpentis
1331 809 1446 828 veneno.
1462 800 1567 832 Tertio,
1599 804 1628 827 ut
1654 800 1724 827 idrin
1740 801 1900 828 usureniret

1096 845 1205 874 Satanae
1226 847 1299 880 quod
1331 846 1387 873 lilio
1415 846 1452 872 illi
1470 845 1606 880 prodigo:
1627 845 1650 872 is
1665 846 1738 872 enim
1753 850 1897 880 postquam

1099 901 1206 921 summo
1235 893 1341 919 honore
1361 891 1518 924 excidisset,
1535 892 1561 918 in
1579 899 1625 918 cas
1635 893 1762 919 redactus
1776 897 1817 919 est
1832 891 1896 919 vita:

1098 939 1224 966 miserias
1247 942 1276 966 ut
1296 945 1394 973 porcos
1409 945 1522 973 pascere
1544 944 1690 973 cogeretur
1703 938 1723 953 ⁶¹
1746 947 1753 965 :
1773 938 1813 965 sic
1841 938 1898 965 sci-

1097 985 1160 1012 licet
1187 985 1271 1011 Satan
1289 991 1322 1011 ex
1343 991 1392 1011 sua
1409 985 1538 1018 delapsos
1563 984 1660 1018 gloria,
1683 985 1709 1011 in
1726 992 1841 1019 anguem
1865 991 1896 1011 se

1098 1030 1258 1057 insinuavit.
1278 1029 1397 1062 Quarto,
1417 1035 1446 1056 ut
1468 1037 1532 1056 cum
1547 1033 1618 1056 esset
1635 1029 1784 1064 aliquando
1798 1030 1897 1064 anguis

1097 1084 1179 1111 super
1194 1081 1314 1103 ventrem
1333 1083 1414 1103 suum
1432 1080 1627 1110 prorcpturus;
1644 1075 1670 1102 id
1686 1077 1785 1110 ipsum,
1817 1076 1895 1103 humi

1097 1129 1217 1157 serpere,
1237 1121 1394 1156 diaboliqui
1414 1122 1441 1148 in
1457 1129 1545 1156 angue
1561 1121 1690 1154 latuerat,
1707 1121 1786 1148 nabis
1799 1129 1894 1148 casum

1097 1169 1133 1195 ob
1148 1168 1244 1195 oculos
1260 1172 1384 1202 poneret.
1401 1167 1525 1202 Denique
1541 1167 1577 1194 ita
1594 1172 1692 1194 natura
1703 1172 1894 1203 comparatum

1097 1219 1140 1241 est
1169 1218 1326 1248 serpentum
1353 1221 1450 1249 genus,
1468 1217 1498 1240 ut
1525 1212 1633 1240 occulta
1663 1212 1789 1247 quaedam
1809 1213 1893 1241 veluti

1097 1259 1219 1287 fraterna
1247 1259 1347 1287 indolis
1376 1259 1542 1294 coniunctio
1568 1259 1618 1293 ipsi
1642 1267 1704 1286 cum
1721 1259 1894 1286 daemonibus

1097 1305 1249 1333 intercedat
1264 1305 1333 1340 (i2),
1354 1306 1407 1332 etsi
1426 1313 1458 1332 ca
1488 1312 1538 1331 nos
1555 1305 1646 1331 lateat.
1660 1302 1761 1330 Octava
1777 1304 1893 1339 qttzestio

1097 1355 1149 1384 est,
1163 1359 1213 1379 cur
1227 1351 1383 1386 permiserit
1395 1351 1468 1378 Deus
1477 1350 1585 1378 Satanae
1595 1355 1623 1377 et
1638 1351 1757 1385 serpenti
1771 1351 1799 1377 in
1811 1358 1893 1385 para-

1097 1398 1187 1426 disum
1220 1397 1335 1425 introire
1352 1406 1359 1424 :
1377 1398 1432 1424 itno
1453 1405 1518 1424 vero
1534 1397 1653 1429 Satame,
1674 1397 1810 1424 Atlamum
1826 1405 1891 1424 cum

1097 1452 1183 1472 uxore
1201 1443 1306 1472 fallere.
1327 1444 1367 1471 Ad
1386 1444 1458 1470 hanc
1473 1443 1653 1478 qumslionem
1669 1444 1868 1478 respondemus
1881 1462 1890 1476 .

1097 1491 1188 1517 varias
1209 1491 1245 1518 ob
1271 1498 1315 1517 res
1331 1491 1465 1524 permissa
1481 1490 1527 1516 illa
1545 1496 1619 1516 esse.
1652 1488 1698 1516 Pet
1708 1490 1781 1516 misit
1800 1491 1889 1519 enim.

1095 1539 1159 1566 dum
1188 1537 1298 1566 Satanae
1324 1538 1477 1565 libertatem
1505 1546 1558 1565 non
1584 1538 1723 1572 itrpedirit
1743 1539 1892 1573 quominus

1095 1588 1192 1618 suopte
1207 1583 1320 1610 arbitrio
1336 1589 1469 1616 uteretur,
1499 1583 1568 1610 sicut
1586 1591 1674 1618 neque
1689 1584 1780 1610 Oziam
1796 1584 1892 1618 prohi-

1097 1630 1155 1656 huit
1183 1637 1198 1656 a
1217 1629 1400 1656 sanctissimis
1424 1629 1524 1663 adytis,
1537 1636 1570 1655 ne
1586 1636 1636 1663 pro
1663 1629 1801 1663 voluptate
1817 1630 1843 1656 in
1857 1637 1890 1657 ea

1096 1679 1268 1710 penetraret.
1283 1674 1416 1702 Praeterea
1441 1675 1506 1702 sivit
1529 1674 1599 1702 Deus
1630 1675 1673 1701 ilia
1697 1676 1817 1708 evenire,
1834 1683 1891 1711 quo

1096 1720 1262 1753 ostenderet,
1279 1720 1511 1755 quemadmodum
1535 1720 1591 1747 fieri
1604 1721 1692 1754 potuit
1707 1726 1737 1748 ut
1752 1721 1888 1749 Adatnum

1095 1765 1138 1792 sui
1162 1765 1308 1800 imaginem
1331 1765 1595 1800 similitudinemquc
1609 1766 1642 1793 de
1659 1770 1730 1793 terra
1751 1767 1889 1796 aboleret:

1096 1811 1133 1837 ita
1155 1818 1252 1837 rursus
1278 1817 1308 1837 se
1335 1810 1399 1838 huic
1423 1811 1473 1845 ipsi
1502 1811 1658 1845 permisisse
1680 1816 1708 1838 ut
1733 1817 1828 1846 posset
1842 1820 1891 1847 per

1096 1857 1253 1892 superbiam
1269 1862 1350 1893 atque
1363 1858 1462 1885 fastum
1480 1858 1609 1886 atl'cctare
1626 1859 1746 1886 divinam
1761 1859 1890 1894 majesta-

1097 1910 1162 1932 tem.
1186 1905 1301 1940 Insuper
1324 1909 1354 1932 ut
1378 1913 1411 1932 ne
1439 1905 1507 1932 nihil
1533 1909 1608 1932 esset
1636 1913 1699 1932 cum
1722 1913 1776 1940 quo
1789 1906 1888 1933 Adami

1097 1951 1208 1977 libertas
1225 1951 1330 1978 arbitrii
1345 1956 1438 1986 posset
1456 1951 1598 1978 decertare
1615 1951 1752 1986 :denique
1770 1957 1798 1978 ut
1814 1952 1888 1986 peri-

1096 1997 1189 2023 culum
1206 1996 1282 2023 ﬂeret
1298 1997 1331 2023 de
1342 1996 1448 2023 Adamo
1465 1997 1653 2024 observansne
1667 1997 1787 2024 mandati
1802 1997 1888 2024 divini

1098 2048 1183 2076 esset,
1202 2050 1235 2069 an
1252 2043 1377 2070 minime.
1408 2042 1492 2070 Erant
1519 2043 1602 2078 igitur
1627 2051 1689 2070 cum
1713 2044 1795 2071 arbor
1817 2043 1887 2079 ipsa,

1097 2093 1153 2116 ttun
1183 2088 1300 2116 Satanas
1317 2094 1399 2123 atque
1416 2096 1528 2123 serpens
1543 2089 1575 2116 ad
1602 2089 1798 2124 explorandam
1824 2089 1890 2116 Ada:

1097 2135 1202 2162 arbitrii
1218 2135 1372 2162 libertatem
1388 2135 1596 2162 accommodata
1611 2135 1804 2162 instrumenta.
1814 2134 1890 2163 Nona

1523 2180 1578 2208 Cur
1606 2181 1688 2215 angui
1718 2181 1891 2208 maledixerit

1096 2228 1177 2261 Deus,
1204 2227 1251 2263 qui
1280 2227 1385 2254 nullum
1415 2226 1505 2254 scelus
1534 2230 1664 2260 patrarat.
1689 2225 1799 2254 Satanae
1823 2234 1891 2254 vero

1095 2274 1189 2309 ﬂagitii
1212 2281 1259 2301 reo
1283 2273 1420 2308 noxioque
1443 2272 1511 2299 nihil
1543 2271 1606 2298 mali
1631 2271 1800 2306 imprecatus
1826 2273 1862 2300 sit
1877 2272 1889 2292 ’³

1095 2329 1185 2356 neque
1195 2321 1266 2348 enim
1279 2320 1366 2348 libero
1376 2319 1503 2346 utebatur
1514 2318 1612 2352 anguis
1623 2317 1749 2351 arbitrio,
1761 2323 1789 2345 ut
1798 2312 1891 2354 possiet

1096 2375 1125 2395 se
1142 2366 1250 2394 Satanae
1272 2374 1322 2401 pro
1344 2366 1528 2392 instrumento
1549 2371 1602 2390 non
1619 2367 1759 2398 praestare.
1775 2364 1815 2392 Ad
1831 2365 1891 2392 hac

1096 2412 1214 2440 dicimus
1246 2413 1408 2441 detestatum
1437 2418 1498 2438 esse
1523 2417 1639 2445 anguem
1670 2414 1700 2437 ut
1726 2410 1776 2438 hoc
1798 2410 1888 2446 ipsum

1097 2459 1208 2487 Satanas
1231 2459 1375 2487 molestum
1407 2458 1553 2489 accideret,
1570 2457 1616 2492 qui
1638 2456 1687 2484 illo
1703 2456 1830 2484 utebatur
1847 2458 1893 2484 in-

1097 2511 1267 2538 strumento;
1285 2504 1370 2532 veluti
1394 2504 1418 2531 si
1442 2503 1505 2539 quis
1523 2503 1659 2531 musicum
1676 2502 1891 2529 instrumentum

1097 2551 1264 2586 confringat,
1279 2558 1334 2586 quo
1349 2558 1413 2578 eum
1433 2550 1480 2585 qui
1497 2549 1544 2576 illo
1576 2549 1692 2577 canebat
1724 2548 1863 2576 excruciet
1882 2557 1890 2575 :

1098 2605 1200 2632 equum
1230 2597 1360 2624 nimirum
1387 2597 1505 2632 graviter
1532 2595 1689 2631 prostravit,
1705 2599 1734 2622 ut
1755 2602 1892 2622 sessorem

1103 2644 1185 2673 simul
1203 2648 1410 2677 consterneret;
1429 2650 1581 2677 navemque
1608 2641 1752 2674 subvertit,
1776 2646 1805 2667 ιιι
1825 2647 1893 2667 nan.

284 2811 342 2851 (t2)
358 2811 605 2848 Cautclegemam
623 2811 775 2841 similitudo
791 2812 926 2851 quaedam?
948 2812 1062 2849 indolis,
1083 2821 1137 2843 non
1182 2814 1303 2844 fraterna
1329 2815 1490 2851 coniunctio
1516 2815 1586 2843 inest
1613 2813 1727 2843 colubro
1748 2820 1810 2841 cum
1831 2811 1894 2840 dia-

248 2846 326 2875 bolo.
