2027 3077
249 114 301 146 523

880 110 995 139 MOSIS
1018 109 1093 138 ΒΑΗ
1110 108 1232 138 CEl’HA

1818 111 1870 142 ἴητὶὶ

251 171 286 196 sit
298 169 332 194 ".
359 167 392 194 Et
414 175 480 195 vero
496 168 558 195 hinc
580 167 660 195 etiam
688 170 805 197 constat,
832 165 985 200 paradisum
1001 164 1034 191 ab
1049 171 1071 198 Α
1086 163 1239 197 ingessisse,
1256 170 1387 198 suamque
1410 171 1503 190 vocem
1519 163 1602 198 ipsius
1620 165 1807 200 intelligentim
1825 175 1869 194 re-

251 215 310 248 ipso
326 213 381 241 Deo
394 221 454 240 esse
469 213 616 248 plantatum
631 232 637 244 ,
664 211 735 246 quod
753 210 890 244 Scriptura
907 211 988 240 dicat,
1003 209 1033 235 ab

255 261 343 286 initio.
362 258 489 293 Sequitur
503 258 572 292 apud
588 258 678 284 Mosen
697 266 703 283 :
731 256 763 282 Et
788 256 874 289 posuit
894 255 946 281 illic
964 255 1036 280 Ada-

254 312 325 331 mum
338 312 414 339 quem
427 304 549 338 ﬁnxerat.
567 301 644 334 Quod
661 301 698 328 ait
714 310 720 327 :
749 300 781 326 Et
796 301 883 334 posuit
897 300 951 326 illic
963 300 1036 325 Ada-

255 357 338 381 mum,
355 352 544 383 argumentum
562 351 605 374 est
620 346 712 381 gloriae
735 353 816 380 quam
842 345 912 372 Deus
933 345 1037 371 Adamo

257 395 390 424 attribuit,
406 394 468 419 dum
487 392 574 426 ipsum
594 391 741 418 collocaret
759 392 785 417 in
810 391 935 425 paradiso
956 390 1038 416 variis

257 438 398 465 arboribus
414 444 532 468 aromno,
545 441 574 462 ut
588 444 617 463 se
631 436 696 462 inibi
709 436 766 470 ipse
781 436 1038 469 oblectaret,neque

255 483 318 510 sivit
333 484 359 508 iu
376 482 465 513 terris,
492 489 567 508 more
591 487 753 508 caelerorum
774 481 951 507 animantium
978 487 1039 514 quae

256 529 358 555 ratione
376 532 479 558 carent,
497 526 626 561 pabulum
641 533 763 560 carpere.
776 525 852 558 Quod
868 533 950 560 porro
964 526 1039 552 addi-

257 579 299 600 tur
323 582 330 600 :
354 573 437 606 Quem
463 573 578 607 ﬁnxerat
596 571 665 606 (id),
687 572 713 598 in
730 571 787 598 haec
803 578 852 597 nos
868 578 947 598 sensa
965 571 1040 597 ducit

254 621 343 654 prinio
357 628 391 647 ex
406 621 464 647 sola
485 625 557 647 terra
580 621 664 646 Deum
689 626 744 645 non
766 618 921 645 condidisse
944 618 1040 644 Adami

255 673 368 699 corpus,
394 665 441 691 sed
469 672 503 691 ex
529 669 648 698 quatuor
663 663 805 690 elementis
829 663 940 689 tinxisse
959 666 1041 696 atque

255 712 441 744 composuisse
459 710 543 744 (certe
560 709 650 744 ﬁgiina
665 709 768 743 absque
781 715 851 742 aqua
867 715 921 735 non
941 708 979 742 fit)
995 708 1041 734 de-

256 755 319 782 imle
332 763 387 782 non
404 755 440 782 ila
455 755 513 782 solo
530 755 611 782 verbo
633 754 810 788 progenuisse
829 754 926 780 Adami
943 760 1042 787 corpus

256 808 290 828 ex
311 805 382 827 terra
396 820 403 833 ,
424 805 494 827 srcut
510 807 542 826 ex
560 800 611 826 hac
631 799 689 826 solo
706 798 846 832 suojussu
863 798 961 825 herbas
978 806 1040 833 pio-

256 845 382 876 duxerat,
400 844 583 878 animaliaque
601 848 711 874 cmtera,
725 848 804 876 atque
819 849 852 868 ex
869 842 949 876 aquis
965 842 1040 868 varia

256 889 372 924 piscium
390 897 507 924 genera;
532 889 578 917 sed
605 889 663 916 suis
688 889 755 915 illud
777 887 904 914 manibus
929 888 1042 914 ﬁnxisse

257 939 338 969 atque
352 934 549 966 c0nl'ormasse,
568 942 628 969 qua;
646 942 688 962 res
705 933 872 969 amplissima
888 940 964 965 sane,
992 933 1042 959 ho-

258 981 357 1007 minem
375 988 430 1015 pra:
453 980 565 1015 reliquis
589 980 682 1012 rebus,
707 980 793 1015 gloria
808 987 822 1006 a
839 979 893 1006 Deo
915 984 1041 1005 ornatum

259 1026 391 1053 ostendit.
418 1025 551 1052 Praeterea
572 1026 702 1052 Adamum
722 1032 775 1052 non
790 1029 866 1051 utero
883 1028 1042 1058 concoptum

258 1075 392 1106 partuque
413 1071 509 1098 deinde
531 1071 632 1097 editum
653 1077 735 1100 esse,
759 1074 788 1096 ut
814 1069 892 1096 hodie
914 1069 1040 1096 homines

260 1115 397 1149 procreari
424 1115 568 1147 videmus;
594 1114 640 1141 Dei
664 1113 791 1140 manibus
807 1113 946 1140 conditum
964 1112 1046 1139 exsti-

259 1163 335 1188 tisse.
360 1160 473 1195 lnsuper
490 1165 520 1187 ut
541 1161 728 1194 jumentorum
746 1163 773 1186 et
792 1158 921 1190 ferarum,
935 1164 1045 1184 corum-

261 1215 314 1242 que
331 1214 391 1240 quaa
406 1207 495 1232 volatu
511 1210 538 1232 et
556 1213 615 1240 qua:
630 1209 724 1232 natatu
742 1208 856 1231 utuntur
867 1203 1045 1230 animantium

261 1259 374 1286 corpora
390 1251 470 1277 simul
485 1254 511 1277 et
528 1250 634 1277 animas
645 1257 677 1276 ex
694 1254 763 1276 terra
781 1253 808 1276 et
820 1249 899 1282 aquis
914 1248 1046 1276 condide-

260 1303 314 1327 rat.
330 1305 392 1332 quae
411 1296 502 1322 omnia
525 1295 628 1322 ratione
645 1299 755 1326 carent;
783 1302 837 1321 non
855 1294 894 1321 sie
912 1294 1046 1321 Adamum

261 1344 346 1370 etiam
359 1342 493 1373 effecisse,
511 1341 557 1368 sed
575 1340 657 1375 hujus
673 1347 773 1375 corpus
789 1339 898 1374 quidem
915 1347 948 1366 ex
964 1339 1046 1366 humo

263 1387 462 1423 composuisse,
475 1391 602 1414 czeterum
617 1386 737 1413 animam
753 1393 783 1412 ex
799 1385 884 1412 nihilo
899 1385 1046 1412 creavisse.

263 1435 386 1469 Denique
401 1441 454 1460 non
470 1440 529 1460 eam
547 1432 631 1460 fuisse
647 1433 681 1459 ab
697 1431 774 1458 initio
786 1431 927 1458 hominum
941 1451 950 1463 ,
962 1438 1049 1466 popu-

262 1482 352 1508 lorum
364 1500 372 1512 ,
386 1480 530 1507 nationum
555 1479 661 1505 turbam
679 1477 706 1504 in
723 1483 794 1504 terra
812 1485 893 1512 quam
912 1477 991 1504 hodie
1008 1477 1049 1503 vi-
1061 1497 1084 1527 ρ

270 1526 275 1527 ,
310 1526 313 1527 ,
405 1525 412 1527 _
443 1525 458 1527 _.
581 1524 586 1527 .
663 1523 674 1527 η
717 1523 722 1527 .
1076 1517 1084 1527 ι

260 1526 348 1558 detis;
367 1525 414 1552 sed
442 1525 526 1552 Deum
547 1524 634 1558 primo
660 1523 770 1550 fittxisse
791 1530 935 1557 personant
964 1529 1044 1549 unam

261 1572 362 1606 (ipsum
377 1570 439 1598 dico
456 1570 603 1603 Adamum)
617 1567 714 1596 deinde
729 1576 761 1595 ex
776 1568 820 1595 illa
838 1567 972 1595 formasse
984 1575 1046 1593 mn-

261 1618 374 1648 lierem;
399 1620 481 1650 atque
505 1615 541 1642 ita
558 1615 687 1648 deinceps
703 1621 750 1648 per
771 1614 858 1640 virum
875 1617 902 1640 et
919 1613 1046 1640 feminam

261 1666 435 1696 procreatum
462 1667 522 1687 esse
549 1667 636 1694 genus
663 1660 813 1686 humanum
845 1667 851 1685 :
884 1664 964 1693 atque
990 1660 1046 1685 lzme

263 1707 356 1733 omnia
377 1705 552 1740 intelligimus
575 1713 607 1733 ex
633 1706 715 1733 verbo
741 1705 788 1732 illo
806 1715 813 1732 :
834 1703 975 1737 Finxerat,
993 1712 1046 1739 quo

265 1760 332 1779 usus
347 1755 388 1779 est
404 1750 503 1778 Moses.

302 1798 360 1830 Quo
383 1797 475 1824 Itabilu
498 1796 567 1823 Deus
593 1796 744 1831 apparuerit
760 1796 862 1823 Adamo
882 1802 905 1824 et
923 1796 994 1824 an.
1013 1812 1047 1816 —

265 1842 317 1869 Sed
343 1842 416 1868 enim
441 1848 531 1875 operte
559 1840 676 1874 pretium
699 1840 781 1868 fuerit
804 1847 970 1876 cognoscere
994 1849 1048 1874 quo

264 1888 358 1915 habitu
382 1886 538 1922 apparuerit
561 1887 630 1913 Deus
655 1886 769 1918 Adamo,
798 1886 855 1913 sive
883 1886 946 1912 dum
962 1886 1048 1920 ipsius

263 1940 362 1968 corpus
390 1933 514 1966 ﬁngeret,
539 1932 598 1959 sive
618 1931 682 1958 dum
702 1931 788 1966 legem
812 1931 863 1966 ipsi
885 1931 1047 1965 imponeret,

264 1978 321 2005 sive
334 1977 445 2012 quando
460 1984 492 2004 ex
511 1976 596 2011 ipsius
613 1981 687 2004 costa
703 1976 792 2003 ablata
809 1975 937 2002 conderet
952 1976 1046 2008 Evam,

263 2023 319 2051 sive
331 2023 449 2058 denique
461 2023 507 2050 ubi
523 2023 550 2049 in
565 2023 692 2057 paradiso
708 2021 886 2048 obambulans
901 2029 978 2048 suam
994 2022 1048 2048 illis

262 2077 273 2094 κ
280 2076 356 2096 ocem
369 2069 513 2104 ingereret,
526 2068 672 2095 inclinante
681 2067 732 2094 die.
751 2067 892 2093 Philoxeni
904 2067 1048 2103 Mahugeu-

262 2115 301 2142 sis
320 2114 454 2141 sententia
470 2119 524 2145 est,
548 2113 706 2148 priusquam
724 2112 885 2147 deliquisset
900 2113 984 2139 Adam
997 2113 1047 2140 ad-

1058 829 1079 857 li

1088 214 1276 243 praesentasse,
1292 210 1411 243 quando,
1422 209 1560 236 ntdictum
1576 215 1628 241 est,
1640 211 1695 238 fieri
1712 214 1870 246 nonpotuit,

1089 260 1118 281 ut
1134 255 1160 281 in
1175 254 1298 289 corporis
1312 262 1419 281 sensum
1440 255 1570 290 aliquem,
1587 264 1722 291 apparens
1739 257 1810 285 Deus
1831 261 1871 285 in-

1088 304 1221 327 curreret.
1235 299 1287 326 Sed
1301 300 1417 326 aliorum
1433 301 1526 335 opinio
1542 305 1594 332 est,
1605 301 1687 328 Deum
1708 310 1738 329 se
1752 305 1874 337 corporis

1092 345 1188 371 Adami
1201 345 1327 371 sensibus
1336 345 1513 378 corporaliter
1525 345 1566 379 (ut
1575 346 1721 380 sichiram)
1731 347 1871 378 obtulisse.

1092 396 1124 415 eo
1137 389 1277 423 quodlhac
1288 390 1367 415 modo
1382 390 1496 421 ratione,
1507 397 1592 424 neque
1607 397 1738 424 prieterea
1752 392 1803 419 alia
1821 393 1874 419 ulla

1092 435 1202 468 assequi
1217 435 1261 461 ille
1279 438 1369 470 mente
1380 439 1472 469 posset
1488 435 1595 462 divinas
1607 437 1795 470 apparitiones
1811 446 1874 464 eas-

1090 487 1143 514 que
1170 480 1320 514 intelligere
1349 489 1354 505 :
1385 480 1474 515 ipsum
1501 481 1573 508 enim
1603 482 1675 509 illius
1703 484 1872 510 conditorem

1091 524 1187 556 Deum,
1203 532 1264 552 sese
1280 525 1312 551 ad
1331 525 1390 559 ejus
1410 525 1588 553 humilitatem
1602 526 1753 559 demisisse,
1772 528 1876 563 ipsique

1091 570 1127 596 ita
1135 570 1475 606 apparuisse,cmteroquin
1491 571 1672 604 immensum;
1690 573 1761 600 unde
1779 581 1878 601 consc-

1091 622 1178 649 quens
1193 619 1248 647 est,
1278 614 1306 642 hi
1337 620 1366 642 ut
1391 616 1505 644 ulterius
1529 617 1631 649 dicant,
1653 619 1735 645 Deum
1757 618 1876 645 humana

1092 667 1177 695 eaque
1208 661 1280 696 regia
1307 666 1334 688 ct
1369 668 1480 696 prorsus
1505 662 1699 696 augustissima
1727 665 1816 697 specie
1848 671 1878 690 sa

1094 705 1198 731 Adamo
1234 705 1394 732 exhibuisse
1429 707 1622 740 aspcctabilem
1657 713 1684 734 et
1717 716 1875 742 quanquam

1093 757 1179 784 neque
1203 758 1302 777 manus
1331 751 1439 782 habent,
1467 760 1554 786 neque
1577 753 1669 786 pedes,
1687 758 1735 780 aut
1760 748 1888 786 vultum;

1094 797 1136 823 vel
1153 805 1196 828 os,
1220 802 1310 823 tamen
1329 797 1514 825 detnittentem
1542 807 1570 825 se
1593 799 1670 834 quasi
1689 800 1732 826 liis
1750 801 1878 827 omnibus

1092 848 1163 869 esset
1183 843 1321 876 praeditus.
1337 843 1372 869 ab
1392 843 1496 870 Adamo
1516 844 1606 870 visum
1635 853 1707 877 esse,
1733 850 1814 879 atque
1841 847 1878 872 ita

1093 887 1218 914 manibus
1231 887 1289 914 suis
1304 887 1378 913 illum
1393 887 1536 919 formasse,
1552 889 1623 922 quod
1639 891 1679 923 (ut
1697 890 1828 924 diximus)
1844 891 1878 917 ad

1093 932 1152 966 ejus
1170 933 1216 966 qui
1243 933 1413 959 formabatur
1438 933 1551 967 gloriam
1586 934 1800 969 dignitatemque
1816 942 1879 970 spe-

1093 982 1158 1005 ctat.
1175 977 1226 1005 Sed
1241 978 1375 1012 expendat
1390 977 1553 1012 suojudicio
1569 980 1653 1006 lector
1669 981 1716 1006 has
1733 981 1802 1007 duas
1818 982 1877 1014 opi-

1093 1024 1206 1055 niones;
1235 1032 1267 1051 ac
1296 1030 1384 1051 utram
1408 1025 1493 1055 malit.
1508 1026 1593 1052 altera
1615 1026 1732 1059 omissa,
1753 1027 1878 1054 retineat.

1094 1068 1178 1096 Porro
1196 1069 1271 1096 fuere
1295 1077 1327 1096 ex
1350 1069 1484 1096 haereticis
1503 1070 1549 1104 qui
1565 1071 1687 1098 dicerent
1723 1072 1792 1099 duos
1807 1072 1880 1099 Ada-

1095 1122 1156 1141 mos
1179 1122 1194 1141 a
1220 1114 1274 1142 Deo
1297 1119 1404 1143 creatos
1431 1115 1533 1148 fuisse;
1557 1116 1638 1153 idque
1659 1125 1691 1144 ex
1719 1125 1751 1145 eo
1776 1118 1878 1153 colligi,

1095 1160 1169 1194 quod
1194 1160 1282 1188 Moses
1306 1161 1420 1188 duorum
1448 1162 1612 1194 meminerit,
1636 1162 1731 1190 dicens
1761 1163 1876 1190 alterum

1096 1206 1140 1232 die
1156 1211 1234 1233 sexto
1249 1207 1389 1234 conditum
1406 1215 1466 1234 esse
1479 1227 1487 1239 ,
1513 1208 1628 1235 alterum
1655 1209 1698 1236 hic
1721 1213 1781 1242 post
1808 1210 1878 1236 diem

1098 1258 1203 1278 sextum
1223 1260 1230 1278 :
1247 1253 1281 1279 ad
1306 1252 1381 1279 illum
1401 1253 1472 1280 enim
1500 1259 1623 1288 spectare
1649 1261 1680 1281 ea
1708 1256 1787 1281 verba
1807 1264 1814 1281 :
1845 1254 1879 1280 Et

1098 1297 1178 1330 ﬁnxit
1196 1297 1323 1324 Dominus
1338 1297 1408 1325 Deus
1423 1299 1554 1325 Adamum
1567 1299 1696 1333 puluerem
1712 1305 1822 1327 eterra.
1845 1302 1881 1326 At

1102 1342 1188 1374 hunc,
1209 1350 1297 1377 neque
1312 1351 1343 1371 ex
1360 1343 1470 1378 pulvere
1486 1344 1576 1371 dicere
1591 1344 1694 1377 Mosen,
1711 1346 1757 1372 sed
1775 1346 1882 1380 simpli-

1099 1387 1178 1420 citer,
1201 1388 1333 1415 Adamum
1363 1389 1417 1416 illic
1436 1390 1562 1424 posuisse
1586 1397 1667 1424 quem
1686 1391 1811 1418 tinxerat.
1829 1392 1882 1418 Sed

1100 1441 1151 1461 nos
1175 1434 1229 1462 illis
1258 1435 1454 1469 respondemus
1481 1444 1488 1462 τ
1514 1435 1552 1461 Ex
1568 1443 1601 1463 eo
1615 1437 1687 1470 quod
1702 1442 1765 1464 ante
1778 1438 1883 1465 dixerat

1100 1478 1188 1507 Moses
1209 1480 1342 1508 Adamum
1370 1481 1414 1508 die
1428 1486 1505 1509 sexto
1536 1489 1596 1509 esse
1623 1487 1758 1515 creatum,
1775 1484 1882 1517 deinde.

1099 1525 1200 1553 omissa
1212 1526 1255 1553 illa
1273 1528 1441 1559 narratione,
1452 1527 1532 1554 etiam
1543 1531 1598 1554 tum
1612 1528 1779 1562 imperfecta,
1791 1535 1880 1558 trans-

1101 1570 1148 1598 ivit
1169 1572 1203 1599 ad
1225 1573 1390 1599 mentionem
1411 1572 1466 1599 diei
1487 1573 1620 1608 septimae,
1637 1574 1708 1602 unde
1724 1583 1829 1608 rursus,
1845 1578 1879 1602 ad

1098 1617 1288 1647 absolvendam
1305 1617 1376 1644 illam
1391 1622 1454 1644 ante
1465 1623 1581 1653 coeptam
1599 1619 1754 1651 historiam,
1771 1622 1882 1647 reverti—

1099 1669 1142 1691 tur
1169 1664 1378 1698 haudquaquam
1403 1670 1616 1692 consentaneum
1640 1673 1701 1692 esse
1733 1670 1762 1692 ut
1788 1667 1882 1693 existi-

1098 1717 1204 1737 memus
1218 1710 1286 1736 duos
1301 1717 1316 1735 a
1331 1709 1386 1736 Deo
1398 1709 1509 1737 effectos
1523 1709 1608 1737 fuisse
1621 1711 1750 1744 Adamos,
1763 1712 1809 1739 sed
1822 1713 1883 1738 uni-

1098 1764 1172 1783 cum.
1189 1755 1256 1782 Nam
1275 1755 1344 1782 idem
1367 1763 1476 1790 quoque
1491 1758 1524 1783 de
1548 1757 1654 1790 bestiis,
1668 1758 1701 1784 de
1724 1758 1883 1789 arboribus,

1098 1801 1132 1828 de
1141 1800 1278 1836 paradiso,
1290 1803 1316 1827 el.
1328 1799 1438 1828 ﬂumine
1453 1801 1525 1829 httnc
1535 1802 1636 1837 rigante
1649 1803 1720 1830 fecit.
1732 1803 1798 1830 Cum
1810 1805 1884 1831 en‘m

1101 1846 1240 1874 historiam
1267 1846 1374 1872 illarum
1397 1854 1487 1874 rermn
1510 1849 1631 1875 nondum
1656 1849 1800 1883 perfectam
1818 1851 1882 1876 reli-

1100 1893 1223 1927 quisset,
1242 1892 1285 1920 hic
1306 1893 1363 1927 jam
1379 1893 1449 1920 redit
1463 1893 1497 1920 ad
1513 1900 1571 1920 eam
1588 1894 1791 1921 absolvendam.
1810 1895 1885 1922 Pras-

1100 1941 1174 1963 terea
1191 1936 1243 1963 hoc
1260 1943 1368 1970 quoque
1384 1936 1438 1963 illis
1454 1936 1660 1970 respondemus.
1674 1945 1762 1972 neque
1777 1938 1882 1971 Mosen,

1101 1989 1189 2016 neque
1204 1989 1367 2016 quemquam
1405 1982 1610 2016 prophetarum,
1626 1988 1672 2009 aut
1687 1985 1884 2018 apostolorum,

1098 2026 1140 2052 vel
1153 2026 1379 2061 evangelistarum
1391 2034 1508 2061 unquam
1527 2034 1703 2060 Inernorusse,
1720 2028 1786 2056 duos
1801 2036 1815 2055 a
1830 2028 1884 2055 Deo

1099 2076 1207 2098 creatos
1218 2069 1380 2104 effectusque
1392 2070 1476 2098 fuisse
1491 2071 1620 2104 Aduruos,
1631 2074 1677 2098 sed
1688 2080 1770 2098 unum
1783 2072 1882 2099 solum.

1100 2114 1185 2142 Porro
1205 2115 1345 2142 sciendum
1359 2120 1411 2147 est,
1431 2114 1513 2142 Vetus
1543 2115 1745 2143 Testamentum
1761 2116 1884 2151 pluribus

262 2166 359 2187 versus
385 2159 431 2186 Dei
446 2159 616 2192 mandatum,
643 2158 728 2185 Deum
753 2165 840 2192 neque
861 2165 908 2192 per
921 2159 1045 2193 angelum
1064 2158 1086 2185 D
1102 2160 1328 2187 translationibus
1340 2168 1372 2186 ex
1390 2159 1501 2186 chrzea
1517 2161 1542 2186 in
1554 2160 1674 2187 Graecam
1691 2161 1809 2196 linguam
1824 2169 1885 2189 esse

262 2212 351 2240 neque
365 2212 413 2240 per
428 2212 485 2231 rem
504 2204 623 2238 aliquam
637 2208 808 2238 corporatam
824 2203 862 2230 illi
878 2204 1047 2238 apparuisse,

262 2251 309 2278 sed
326 2251 416 2285 ipsum
430 2257 490 2278 sese
506 2250 544 2276 illi
561 2254 791 2284 repraesentasse;
815 2256 869 2275 non
890 2249 964 2283 quod
984 2257 1048 2276 cor-

263 2296 340 2331 poris
353 2295 397 2323 sui
416 2295 553 2327 sensibus,
573 2295 672 2326 Adam,
687 2299 861 2329 apparentem
882 2293 966 2321 Deum
986 2302 1047 2329 per-

261 2341 354 2376 cipere
376 2344 478 2375 posset,
503 2340 549 2367 sed
575 2339 674 2367 mentis
700 2339 886 2373 intelligentia.
908 2339 974 2365 Nam
996 2339 1047 2366 etsi

261 2386 403 2414 habitabat
429 2386 537 2420 quidem
563 2385 635 2412 intra
680 2392 780 2418 corpus
817 2384 913 2410 Adami
945 2384 1050 2416 anima,

264 2438 354 2459 tamen
371 2439 426 2458 non
442 2439 522 2458 secus
544 2437 626 2465 atque
649 2430 803 2465 incorporei
827 2430 927 2464 angeli,
943 2437 975 2457 ea
990 2437 1051 2457 cer~

263 2485 328 2505 nere
343 2477 417 2504 illam
432 2476 564 2512 quivisse,
582 2483 642 2511 qua:
656 2484 738 2511 supra
753 2483 834 2502 omne
848 2483 948 2510 corpus
963 2480 1047 2502 mate-

263 2522 385 2557 riemque
399 2528 571 2556 corporatam
588 2522 713 2548 feruntur
730 2530 737 2548 :
765 2521 856 2555 itaque
873 2528 935 2548 cum
952 2521 1048 2556 integri

263 2567 344 2594 etiam
362 2573 419 2594 tum
437 2573 529 2595 essent
549 2567 647 2594 anima
667 2567 761 2594 Adami
778 2573 884 2597 sensus,
900 2574 986 2600 neque
1000 2568 1048 2593 abs

263 2617 376 2646 peccato
396 2613 587 2646 contaminati,
610 2612 693 2639 Deum
709 2619 738 2640 se
759 2611 858 2639 mentis
872 2611 945 2639 illius
959 2611 1048 2638 oeul.s

312 2714 334 2730 "
355 2714 496 2747 Psal.ctn,
517 2715 560 2742 16.

1103 2206 1298 2239 transpositum
1308 2214 1314 2231 :
1326 2203 1418 2238 Syrica
1425 2211 1488 2230 vero
1500 2203 1633 2230 redditum
1644 2211 1705 2231 esse
1713 2212 1766 2230 una
1777 2204 1885 2238 quidem

1103 2250 1324 2285 interpretatione
1334 2258 1366 2276 ex
1376 2249 1434 2284 ipso
1442 2249 1562 2280 Hebraeo,
1571 2249 1656 2276 altera
1668 2257 1730 2275 vero
1737 2257 1769 2276 ex
1780 2250 1887 2278 Graeco.

1104 2295 1240 2323 Caeterum
1260 2303 1321 2330 qua:
1344 2295 1426 2322 fuerit
1443 2300 1496 2321 tam
1513 2295 1660 2321 multarum
1681 2296 1886 2322 translationum

1104 2350 1199 2372 causa.
1226 2345 1252 2369 et
1269 2350 1329 2376 qua:
1348 2342 1419 2368 inter
1434 2341 1505 2375 ipsas
1527 2341 1634 2368 caeteris
1659 2341 1769 2375 probior
1791 2342 1885 2368 existi-

1105 2387 1172 2413 mari
1198 2386 1312 2417 debeat,
1345 2393 1406 2412 cum
1434 2385 1495 2412 aliis
1518 2385 1577 2419 ejus
1596 2385 1702 2419 generis
1720 2386 1890 2419 argumentis

1103 2431 1283 2458 disseruimus
1303 2430 1330 2456 in
1347 2437 1379 2456 co
1393 2429 1461 2456 libro
1476 2437 1556 2462 quem
1579 2428 1615 2455 De
1640 2436 1685 2455 sea;
1709 2429 1798 2456 diebus
1817 2437 1887 2463 pne-

1103 2476 1236 2504 misimus.
1259 2476 1344 2510 Igitur
1367 2475 1393 2502 in
1414 2482 1445 2502 ea
1467 2474 1559 2502 Graeca
1583 2476 1752 2502 traductione
1765 2483 1824 2510 qua:
1843 2480 1885 2502 est

1105 2521 1282 2556 Septuaginta
1306 2521 1495 2555 interpretum,
1515 2521 1556 2547 sic
1585 2521 1685 2555 scripta
1710 2525 1818 2548 exstant
1839 2521 1885 2548 illa

1104 2567 1186 2595 Mosis
1199 2567 1280 2594 verba
1302 2575 1309 2593 z
1338 2566 1372 2593 Et
1387 2567 1552 2601 plantaverut
1569 2566 1698 2594 Dominus
1715 2566 1785 2594 Deus
1800 2575 1884 2602 para-

1102 2613 1188 2638 disum
1206 2612 1233 2638 in
1245 2611 1320 2639 Edeu
1342 2613 1374 2639 ab
1395 2613 1504 2644 oriente,
1527 2617 1551 2638 et
1568 2613 1653 2644 posuit
1674 2613 1730 2640 illic
1754 2613 1885 2641 hominem

303 2802 358 2837 tu)
378 2803 457 2836 Quod
482 2803 551 2832 verti
583 2804 697 2838 ﬁnxerat
714 2824 722 2838 ,
753 2808 796 2834 est
817 2804 930 2834 verbum
958 2804 1054 2838 Gabal,
1073 2805 1145 2840 quod
1177 2806 1257 2841 plane
1269 2804 1416 2840 respondet
1431 2805 1536 2836 Graeco.
1553 2807 1676 2839 πλατιις.
