2027 3077
201 135 253 166 5Ξ5

771 137 819 167 DE
837 137 1040 169 PARADISO.
1058 151 1093 156 -
1111 139 1208 169 PARS
1228 140 1253 170 Ι.

1765 143 1817 174 526

201 194 324 228 ﬁnxerat.
348 191 485 218 Orientem
509 191 590 226 igitur
605 191 740 226 appellant
754 191 791 218 illi
807 191 981 226 interpretes,
997 198 1017 226 Α
1035 193 1182 228 prophetiae
1201 193 1272 220 dona
1285 193 1311 220 in
1327 193 1416 228 ipsum
1429 193 1554 226 contulit,
1571 199 1730 229 propnetam
1741 198 1814 225 enim

201 246 259 265 eam
275 243 408 264 terrarum
428 236 564 271 regionem
578 244 609 263 ex
631 243 684 270 qua
701 236 742 263 sol
757 236 901 270 oboritur;
920 245 982 264 nam

201 286 227 311 in
245 284 291 311 illo
306 287 393 310 tractu
413 282 554 309 Orientalis
565 282 732 316 plantaverat
749 282 983 316 collocaveratque

201 330 368 365 paradisum,
393 333 420 354 ut
441 327 566 359 Basilius,
598 331 625 355 et
648 327 708 361 ejus
733 327 814 354 frater
836 328 984 362 Gregorius

206 379 379 406 attestantur,
404 379 430 400 et
452 373 583 400 Dominus
615 373 732 400 Severus
759 380 877 407 quoque.
906 373 983 405 Quod

201 427 266 447 vero
281 420 314 446 ad
331 419 417 453 ipsum
440 425 538 444 nomen
562 417 667 449 attinet,
682 424 737 451 quo
757 417 793 443 illi
814 416 883 443 LXX
901 417 984 443 inter-

200 469 289 499 pretes
328 464 370 490 hic
409 462 496 488 Adam
527 467 626 489 vocant
662 462 780 496 (vocant
816 461 888 488 enirn
918 461 983 487 Bar-

199 508 271 535 Noso
288 508 367 543 [15]),
385 507 435 533 tria
447 511 511 534 sunt
521 507 650 533 voeabula
661 507 760 541 quibus
773 507 827 534 fere
842 506 982 540 Scriptura

198 559 225 581 et
246 555 295 580 hoc
312 554 370 580 loco
384 557 412 579 et
427 553 554 586 superius
575 553 658 579 utitur
674 560 723 587 pro
741 552 839 578 Adami
863 551 983 586 appella-

201 600 290 631 tione;
314 597 396 630 Νοςο,
423 597 571 629 Bar-Noso,
593 598 690 624 Adam.
715 597 748 624 Et
771 597 848 624 Νοεο
873 597 981 631 quidem

198 649 293 676 vocat,
323 644 386 670 dum
412 644 450 669 ait
480 651 490 669 :
525 642 666 670 Faciamus
697 641 772 669 Nolo
799 642 837 676 (id
870 646 911 669 est
934 642 983 668 ho-

198 691 311 723 minem)
334 689 368 715 ad
387 689 528 724 imaginem
542 693 660 715 nostram
677 689 822 715 secundum
856 687 982 714 similitu-

197 735 283 761 dinem
303 739 419 760 nostram
433 741 442 764 ;
458 733 543 759 Adam
558 740 624 760 vero
637 733 701 759 dum
717 733 782 760 dicit
799 741 806 759 :
834 732 868 758 Et
883 731 982 758 creavit

198 779 267 806 Deus
297 779 380 805 Adam
409 778 442 803 ad
470 777 611 811 imaginem
639 784 713 808 suam
733 786 741 804 :
759 775 791 802 Et
815 776 901 810 pasuit
927 774 983 800 illic

197 824 283 851 Adam
307 830 382 857 quem
412 823 582 856 formauerat.
611 820 732 855 Denique
759 820 912 851 Bai--Noso,
938 819 981 846 hic

1033 237 1119 265 fuisse
1135 238 1219 265 Adam
1249 238 1288 265 rel
1311 238 1375 266 hinc
1389 242 1496 266 constat
1509 239 1581 273 quod
1597 247 1645 274 per
1656 241 1813 268 vaticinium

1034 283 1152 309 dixerit:
1168 284 1233 310 Ηωε
1243 284 1302 318 jam
1324 291 1386 310 caro
1398 284 1429 310 de
1455 292 1533 311 carne
1552 293 1608 311 mea
1625 289 1649 311 et
1667 292 1695 312 os
1709 285 1740 312 de
1759 294 1814 312 osse

1034 335 1101 359 meo,
1128 329 1183 355 licec
1209 329 1344 355 vocabitur
1376 330 1481 362 mulier,
1513 334 1566 356 etc.
1594 330 1712 361 Decimo,
1739 332 1815 358 ausit

1034 372 1120 406 ipsum
1144 373 1286 400 sacerdotii
1304 381 1414 400 munere
1429 383 1435 405 ;
1463 382 1523 400 nam
1540 373 1623 400 fuisse
1634 375 1813 405 sacerdotem,

1032 423 1065 444 ex
1090 416 1203 444 Daridis
1225 418 1371 452 psalmista:
1387 418 1476 446 verbis
1490 419 1671 452 cognoscitur,
1689 419 1752 446 dum
1771 427 1818 446 vc-

1035 462 1086 488 luti
1109 462 1263 496 loquentem
1287 463 1423 489 Adamum
1447 471 1507 490 cum
1533 463 1587 490 Deo
1604 465 1734 492 inducens
1752 465 1814 492 ait:

1033 503 1150 531 Finristi
1163 513 1202 532 nte
1215 511 1240 532 et
1262 506 1372 539 posuisti
1397 513 1474 539 super
1498 515 1604 534 manum
1627 512 1700 534 tuam
1715 508 1757 541 “;
1773 516 1817 535 sa-

1033 549 1183 576 cerdotium
1208 551 1281 577 enim
1311 558 1440 578 manuum
1467 552 1640 586 impositione
1665 553 1814 584 confertur,

1034 593 1107 620 sicut
1125 599 1151 621 et
1165 594 1317 629 baptismus
1329 615 1336 622 .
1357 595 1517 629 Undecimo,
1532 598 1606 632 regia
1621 602 1701 632 atque
1715 599 1816 632 princi-

1034 639 1087 673 pali
1104 639 1191 673 ipsum
1213 640 1359 667 donatione
1383 641 1580 675 ampliﬁcavit;
1603 643 1641 669 ait
1662 643 1734 669 enim
1755 652 1761 668 :
1780 643 1816 669 Et

1033 686 1208 712 dominamini
1220 687 1333 719 piscibus
1350 687 1443 719 maris,
1458 692 1481 714 et
1498 688 1647 714 volucribus
1659 689 1724 715 coeli.
1742 688 1817 715 Duu-

1033 730 1152 763 decimo,
1177 731 1213 757 ita
1234 731 1322 765 ipsum
1339 732 1518 766 compararit,
1532 733 1662 759 utanimo
1681 738 1762 767 atque
1776 734 1818 760 in-

1034 775 1182 809 telligentia
1219 783 1266 802 sua
1311 777 1413 811 angelis
1434 781 1506 804 esset
1530 777 1683 804 familiaris.
1706 777 1817 805 Decimo

1034 820 1126 851 tertio,
1141 821 1261 848 condidit
1275 822 1364 855 ipsum
1385 829 1499 856 c0rpore
1516 822 1568 849 levi
1588 827 1669 857 atque
1681 824 1818 857 expedito,

197 868 353 902 (sequamur
369 865 439 892 LXX
451 866 628 899 interpretum
644 864 872 897 translationem).
888 863 982 890 Posuit
998 862 1020 889 Β
1035 873 1088 892 non
1100 869 1189 892 autem
1215 867 1290 900 gravi
1303 867 1382 900 quale
1394 865 1502 894 demum
1512 867 1596 894 evasit
1611 873 1671 902 post
1690 868 1818 895 violatam

197 912 255 938 illic
269 910 416 938 Har-Now
430 910 466 944 (id
491 914 543 940 est,
563 909 646 936 lilium
662 909 791 941 hominis)
807 916 882 943 quem
898 909 981 942 ﬁnxe-

197 961 250 983 rut.
278 957 365 990 Atque
382 956 438 982 haec
461 955 511 982 tria
525 955 637 981 nomina
651 954 721 981 inter
743 961 772 981 se
788 954 824 980 ita
843 953 980 985 diﬁ‘erunt,

199 1007 229 1028 nt
243 1001 317 1029 Noso
331 1001 439 1035 proprie
453 1000 612 1027 universum
634 1007 721 1034 genus
734 999 874 1026 hominum
891 1004 983 1026 osten-

198 1048 260 1079 dat;
277 1046 419 1074 Bar-Noso
433 1054 497 1073 vero
515 1053 577 1072 eum
593 1045 640 1080 qui
659 1053 692 1072 ex
707 1045 819 1072 homine
836 1047 983 1079 prognatus

198 1092 243 1123 sit,
267 1091 319 1118 hoc
346 1095 398 1122 est,
418 1090 501 1117 ﬁlium
529 1090 647 1116 hominis
672 1089 807 1123 signiﬁcet
827 1097 834 1116 :
859 1094 886 1115 et
910 1086 983 1114 ano

197 1137 306 1171 quidem
331 1136 492 1171 pluraliter,
511 1133 652 1161 Bar-Noso
666 1141 731 1160 vero
750 1132 924 1168 singulariter
943 1132 984 1167 (ut

197 1181 236 1208 sic
252 1181 350 1214 dicam)
366 1180 546 1214 accipiantur,
576 1184 772 1214 spectentque;
788 1177 862 1206 Noso
878 1177 934 1205 fere
947 1178 981 1204 ad

197 1227 283 1260 ipsam
299 1226 430 1260 speciem,
448 1223 584 1251 Bar-Noso
604 1231 668 1251 vero
682 1224 715 1251 ad
732 1224 880 1251 individua.
895 1223 981 1250 Porro

197 1272 230 1298 de
255 1278 322 1298 voce
347 1271 432 1296 Adam
455 1269 549 1297 dicunt
580 1269 650 1304 apud
673 1276 724 1296 nos
748 1268 831 1304 Syros
857 1269 982 1303 plerique

197 1316 404 1350 appellationem
428 1321 489 1341 esse
514 1314 706 1348 particularem
730 1314 863 1347 hominis,
881 1321 978 1348 perso-

199 1370 319 1396 namque
341 1368 421 1387 unam
452 1364 646 1394 repraesentare
673 1368 679 1385 :
707 1366 800 1386 verum
826 1359 871 1385 alii
890 1359 985 1385 existi-

199 1413 283 1437 mani,
310 1407 380 1440 apud
401 1405 529 1432 Hebraeos
552 1412 652 1432 nomen
673 1411 733 1431 esse
759 1404 928 1438 specilicum,
955 1408 982 1430 et

199 1459 285 1480 totum
302 1460 387 1487 genus
405 1453 554 1479 humanum
572 1459 621 1479 sua
634 1452 747 1479 notione
762 1452 898 1486 amplecti,
913 1451 985 1478 sicut

199 1499 316 1525 antehac
337 1498 455 1524 diximus
482 1498 508 1523 in
533 1497 737 1532 Cpmmentario
759 1502 851 1524 nostro
878 1498 910 1524 de
937 1503 984 1523 sex

199 1543 305 1570 diebus.
323 1543 427 1568 Rursus
444 1541 490 1568 alii
505 1546 577 1571 sunt.
596 1541 641 1575 qui
656 1545 753 1575 putant
770 1548 867 1568 nomen
896 1540 983 1567 Adam

199 1593 337 1622 surruptum
353 1595 414 1614 esse
433 1594 466 1613 ex
484 1586 543 1621 ipso
559 1586 676 1613 hominis
692 1593 822 1620 corpore,
838 1591 865 1613 et
879 1585 902 1612 ei
921 1592 985 1619 pro-

199 1633 259 1668 prie
275 1633 431 1667 impositum
450 1639 511 1659 esse
525 1639 557 1658 eo
569 1632 641 1665 quod
655 1639 687 1658 ex
704 1635 776 1658 terra
788 1639 848 1665 qua:
863 1632 983 1658 Adamo-

201 1681 248 1706 tlio
261 1679 360 1705 dicitur
370 1677 558 1705 conﬁrmatum
574 1677 610 1703 sit
625 1685 631 1702 :
650 1676 723 1704 Noso
737 1684 801 1704 vero
817 1677 849 1704 ad
866 1678 983 1704 animam

201 1724 377 1759 peculiariter
390 1727 523 1757 spectare.
538 1722 672 1750 Czeterum
689 1722 754 1756 quid
771 1722 823 1750 sibi
840 1722 904 1749 velit
919 1722 983 1749 illud

201 1774 282 1795 terrae
298 1767 473 1798 vocabulum,
489 1766 651 1799 Adauiotbo,
681 1766 736 1793 illic
751 1773 861 1801 quoque
875 1773 890 1793 a
906 1766 984 1793 nobis

201 1818 242 1841 est
254 1812 428 1846 explicatum.

237 1857 328 1884 Dei”
357 1856 480 1890 beneﬁcia
509 1856 536 1882 in
563 1854 705 1882 Adamum.
724 1854 869 1882 -Verum
896 1862 983 1882 cmm-

203 1912 269 1931 vero
284 1911 372 1938 operae
389 1903 503 1937 pretium
528 1906 570 1929 est
594 1906 624 1928 ut
647 1901 782 1935 expcndas
801 1901 845 1928 hic
859 1904 984 1928 accurate

202 1948 276 1986 apud
303 1949 423 1974 animum
440 1951 527 1980 tuum,
544 1954 625 1981 quam
642 1947 737 1974 multis
760 1947 848 1974 modis
862 1949 984 1974 cohone-

203 1994 318 2022 staverit
331 1993 402 2020 Deus
415 1993 560 2019 Adamum.
577 1991 666 2019 Primo
681 1993 752 2018 enim
769 1999 832 2018 eum
849 1991 876 2018 in
893 2000 983 2019 rerum

204 2043 301 2067 natura
328 2046 440 2073 prorsus
465 2045 518 2064 non
545 2041 632 2069 esset,
654 2038 824 2071 procreavit,
853 2037 985 2072 cllicitque

204 2086 294 2120 ipsum
308 2092 341 2111 ex
359 2083 443 2110 nihilo
460 2087 490 2109 ut
507 2082 609 2117 aliquid
633 2086 715 2109 esset.
733 2083 834 2110 Deinde
855 2082 888 2109 ad
907 2090 984 2110 suam

204 2131 290 2164 ipsius
341 2129 483 2163 imaginem
530 2133 557 2154 et
603 2127 805 2155 similitudinem
854 2128 983 2155 c0ndidit.

1033 909 1128 943 legem.
1172 909 1281 936 Decimo
1318 914 1416 944 quarto
1455 910 1584 944 denique,
1607 911 1698 945 posuit
1729 913 1818 945 ipsum

1034 954 1060 981 in
1085 953 1234 987 paradiso,
1267 958 1297 980 ut
1335 955 1400 981 inibi
1434 955 1613 982 oblectaretur
1635 964 1722 991 neque
1754 964 1817 985 cum

1033 999 1140 1026 caneris
1171 999 1335 1026 animalibus
1364 1000 1464 1027 mentis
1497 1001 1652 1035 expertibus
1681 1002 1708 1028 in
1745 1007 1817 1030 terra

1037 1044 1179 1071 nascendo
1208 1044 1319 1078 reliquit
1350 1054 1356 1071 :
1397 1045 1430 1071 Et
1454 1047 1543 1072 enasci
1566 1046 1662 1081 fecerat
1688 1046 1818 1074 Dominus

1035 1089 1106 1117 Deus
1119 1099 1132 1116 e
1147 1094 1218 1117 terra
1241 1097 1342 1116 omnem
1366 1090 1487 1117 arborem
1501 1091 1558 1125 ipso
1579 1097 1683 1126 aspectu
1696 1098 1819 1120 €I”£l€li‘

1034 1135 1105 1165 dam,
1127 1138 1152 1161 et
1170 1134 1308 1169 pulchram
1321 1136 1355 1161 ad
1369 1135 1521 1162 vescendum
1533 1144 1542 1168 ;
1553 1136 1597 1163 die
1617 1137 1720 1164 scilicet
1735 1138 1817 1165 tertio

1035 1180 1200 1214 produxerat
1227 1179 1360 1207 Dominus
1387 1187 1434 1208 eas
1458 1181 1571 1208 arbores
1594 1189 1626 1208 ex
1653 1186 1734 1215 terra,
1757 1191 1817 1210 cum

1034 1225 1136 1252 diceret
1152 1232 1160 1252 :
1177 1225 1309 1251 Prodacat
1321 1230 1392 1252 terra
1407 1225 1514 1253 herbam
1528 1227 1637 1254 viridem
1650 1236 1737 1254 semen
1749 1230 1819 1263 [wu-

1034 1271 1130 1305 ﬁcam,
1151 1275 1176 1298 et
1196 1270 1317 1298 arborem
1334 1271 1513 1306 fructi/eram,
1535 1277 1589 1300 etc.
1608 1272 1706 1300 Verum
1728 1274 1771 1301 hic
1784 1276 1818 1302 ad

1034 1315 1152 1349 priorem
1167 1314 1239 1341 illam
1258 1315 1442 1342 narrationem
1459 1316 1623 1351 regreditur,
1639 1316 1725 1352 ipsam
1740 1317 1821 1345 abso-

1034 1359 1142 1387 luturus
1156 1360 1220 1394 quin
1244 1360 1300 1395 ipse
1323 1361 1404 1388 etiam
1425 1362 1570 1395 paradisus
1596 1362 1640 1389 die
1663 1363 1710 1390 illo
1738 1363 1819 1391 tertio

1036 1404 1162 1431 consitus
1178 1405 1275 1431 fuerat.
1294 1405 1429 1432 Caeterum
1455 1405 1510 1433 Deo
1525 1407 1651 1434 attribuit
1665 1407 1753 1436 Moses
1773 1409 1819 1436 illa

1035 1449 1118 1476 verba
1135 1458 1142 1476 :
1159 1448 1193 1475 Et
1207 1450 1296 1476 enasci
1313 1450 1412 1484 fecerat
1426 1452 1542 1484 arbores,
1561 1456 1591 1479 ut
1605 1452 1818 1488 intelligeremus

1037 1501 1090 1521 non
1108 1494 1142 1520 ab
1157 1494 1266 1521 homine
1286 1499 1360 1522 satas
1376 1495 1473 1527 fuisse,
1497 1497 1532 1523 utl
1549 1496 1605 1524 Noe
1630 1498 1712 1524 vitem
1736 1499 1816 1531 sevit,

1038 1542 1085 1566 aut
1099 1539 1166 1565 alias
1178 1539 1300 1572 arbores,
1318 1540 1363 1566 alii
1376 1548 1382 1573 ;
1399 1541 1446 1567 sed
1460 1541 1544 1575 ipsius
1558 1541 1604 1567 Dei
1621 1549 1685 1568 cura
1703 1550 1734 1569 ac
1748 1549 1818 1570 nutu

1038 1588 1228 1618 praaceptoque
1249 1584 1399 1617 exstitisse,
1413 1585 1489 1619 juxta
1509 1585 1574 1612 illud
1588 1585 1739 1614 Psaltnistze
1755 1596 1763 1614 :
1785 1587 1820 1615 Et

1037 1628 1108 1656 cedri
1120 1628 1215 1656 Libani
1240 1637 1306 1664 quas
1329 1630 1459 1664 plantavit
1480 1630 1514 1658 ".
1532 1630 1585 1658 Sed
1603 1631 1688 1658 videri
1704 1637 1820 1667 possunt

1037 1675 1119 1701 verba
1133 1675 1221 1708 potius
1234 1676 1266 1702 ad
1281 1675 1350 1703 hunc
1365 1676 1475 1703 modum
1491 1684 1551 1704 esse
1564 1677 1674 1712 legenda
1687 1686 1694 1705 :
1710 1677 1819 1706 Omnem

1039 1719 1160 1746 arborem
1173 1720 1310 1754 pulchram
1326 1721 1361 1748 ad
1380 1723 1559 1755 spectandum,
1578 1727 1604 1749 et
1614 1725 1819 1758 exspectandam

1038 1766 1073 1793 ad
1090 1766 1253 1798 vescendum,
1267 1767 1439 1800 pulchritudo
1450 1768 1522 1794 cnim
1537 1768 1570 1794 ad
1587 1768 1693 1796 videndi
1707 1777 1818 1797 sensum

1038 1813 1164 1846 pertinet,
1186 1811 1322 1846 appetitus
1337 1819 1402 1839 vero
1420 1813 1453 1839 ad
1469 1813 1560 1840 cibum
1581 1818 1695 1847 spectat.
1718 1813 1816 1842 Verum

1038 1857 1179 1884 consuevit
1193 1856 1333 1891 Scriptura
1347 1858 1527 1892 appetentiam
1544 1858 1644 1885 referre
1659 1859 1692 1886 ad
1712 1860 1817 1892 oeulos,

1037 1903 1117 1937 quale
1139 1907 1180 1930 est
1196 1903 1261 1929 illud
1286 1902 1399 1930 Joannis
1419 1903 1592 1938 evangelista:
1617 1904 1646 1931 in
1672 1903 1790 1938 Epistola
1808 1914 1817 1933 :

1040 1947 1123 1975 Omne
1134 1948 1203 1982 quod
1211 1952 1250 1975 est
1259 1948 1286 1974 in
1298 1949 1405 1979 mundo,
1418 1949 1628 1982 concupiscentia
1641 1949 1757 1982 corporis
1769 1954 1818 1983 est,

1038 1997 1062 2019 et
1079 1993 1291 2027 concupiscentia
1314 1993 1450 2019 oculorum
1465 1993 1499 2020 ".
1525 1992 1558 2019 Et
1583 1993 1702 2020 arborem
1719 1994 1778 2020 vitta
1792 1996 1819 2020 in

1039 2038 1123 2064 medio
1142 2038 1278 2072 paradiso,
1300 2042 1324 2064 et
1347 2037 1468 2064 arborem
1486 2038 1603 2064 scientia
1623 2037 1683 2064 boni
1697 2043 1722 2065 et
1743 2038 1818 2065 mali.

1039 2083 1112 2110 Duas
1127 2084 1165 2110 ait
1180 2083 1324 2111 Dominum
1338 2083 1429 2111 enasci
1447 2083 1543 2111 fecisse
1556 2084 1668 2111 arbores
1687 2084 1715 2110 in
1730 2084 1820 2111 medio

1039 2129 1177 2162 paradiso,
1196 2129 1306 2156 alteram
1325 2129 1396 2161 vitae,
1419 2129 1531 2156 alteram
1559 2129 1690 2157 scientia.
1718 2130 1820 2157 Viden-

207 2175 311 2208 Tertio,
327 2183 388 2202 cum
407 2175 495 2208 ipsius
510 2173 591 2207 longe
615 2174 785 2207 prmstantior
799 2177 872 2200 esset
891 2178 986 2200 natura
1004 2181 1025 2208 ι)
1040 2174 1105 2201 dum
1121 2174 1203 2208 igitur
1221 2174 1268 2208 qui
1292 2175 1348 2201 ﬁeri
1374 2175 1502 2209 potuerit.
1533 2179 1559 2201 ut
1585 2175 1644 2202 duae
1661 2175 1773 2202 arbores
1793 2176 1820 2202 in

207 2230 289 2257 quam
314 2221 358 2248 cui
378 2228 474 2247 manus
494 2219 624 2253 vocisque
645 2226 710 2245 usus
726 2218 837 2245 attribui
855 2219 985 2250 deberet,

206 2271 297 2294 tamen
312 2266 387 2292 illum
405 2269 432 2292 et
454 2264 578 2292 manibus
596 2264 652 2290 suis
668 2262 789 2295 ﬁnxisse,
805 2267 831 2289 et
844 2270 909 2290 voce
924 2263 988 2290 aﬂ‘a-

206 2315 251 2339 tus
280 2318 340 2338 esse
368 2309 421 2337 dici
446 2308 542 2336 voluit.
569 2307 687 2340 Quarto,
717 2306 857 2333 conditum
885 2306 988 2333 ratione

207 2357 326 2388 ornavit,
350 2363 404 2391 qua
431 2354 538 2382 czeteris
562 2352 745 2380 animantibus
770 2352 814 2379 illa
831 2351 988 2378 carentibus

206 2407 357 2438 prastaret.
389 2400 502 2433 Quinto,
517 2399 559 2426 sui
580 2398 735 2432 cognitione
756 2398 844 2432 ipsum
860 2397 986 2431 dignatus

205 2453 256 2476 est.
273 2447 365 2480 Sexto,
378 2446 489 2474 admisit
503 2445 591 2478 ipsum
606 2444 688 2471 veluti
706 2444 732 2470 in
746 2451 823 2470 suam
843 2442 987 2470 farniliari-

206 2497 301 2526 tatem,
320 2497 348 2520 ut
370 2499 402 2519 ea
423 2499 483 2518 sese
507 2497 555 2525 pro
572 2489 687 2516 arbitrio
700 2489 860 2519 oblectaret,
874 2488 988 2515 medita-

207 2539 327 2566 tionibus
341 2535 669 2571 conternplationibusque
679 2533 779 2561 divinis
794 2540 894 2560 vacans
908 2538 990 2567 atque

207 2584 364 2618 indulgens.
404 2582 547 2615 Septimo,
588 2579 818 2607 immortalitatem
851 2578 987 2612 promisit.

208 2627 321 2660 Octavo,
346 2626 465 2654 maxima
488 2626 576 2660 ipsum
607 2624 741 2659 sapientia
770 2622 878 2650 imbuit.
903 2623 989 2656 Nono,

245 2706 267 2723 “
287 2705 359 2734 Psal.
374 2711 505 2735 cuxvm,
522 2703 566 2732 l6.
611 2701 633 2717 "
652 2700 725 2728 Psal.
741 2708 798 2733 cut,
816 2700 859 2727 16.

1646 2227 1726 2246 unam
1746 2219 1820 2246 enim

1042 2264 1127 2291 solam
1143 2271 1223 2298 posse
1246 2264 1365 2292 medium
1386 2264 1512 2291 obtinere
1537 2264 1626 2291 locum
1645 2272 1724 2291 nemo
1741 2272 1822 2299 nega-

1042 2309 1123 2341 verit,
1142 2313 1168 2335 at
1191 2308 1252 2336 duas
1267 2314 1297 2336 ut
1312 2309 1394 2336 simul
1414 2309 1503 2336 medio
1525 2309 1654 2343 quopiam
1674 2309 1733 2336 loco
1747 2310 1822 2337 exsi—

1039 2357 1122 2385 stant,
1140 2361 1192 2380 non
1211 2353 1252 2381 las
1273 2357 1326 2382 est.
1343 2353 1413 2380 Sunt
1436 2353 1518 2388 igitur
1541 2354 1587 2388 qui
1608 2353 1698 2380 dicant
1714 2354 1820 2381 unicam

1039 2397 1124 2425 fuisse
1148 2399 1175 2424 in
1199 2398 1257 2432 ipso
1284 2398 1373 2425 medio
1403 2398 1557 2430 consitam,
1582 2405 1642 2426 eam
1671 2405 1731 2433 quae
1761 2399 1822 2426 vita:

1039 2448 1162 2476 vocatur,
1176 2443 1287 2470 alteram
1303 2451 1368 2471 vero
1379 2451 1439 2478 quae
1449 2444 1600 2478 appellatur
1613 2444 1733 2471 scientiae
1745 2445 1822 2478 juxta

1041 2488 1115 2514 illam
1145 2487 1206 2514 vita:
1233 2489 1369 2516 exstitisse
1396 2493 1495 2516 satam.
1524 2489 1576 2516 Sed
1601 2488 1644 2515 his
1676 2489 1823 2523 objicimus

1041 2534 1128 2568 ipsam
1148 2533 1316 2568 Scripturam
1329 2543 1336 2566 ;
1353 2542 1414 2568 qua:
1424 2535 1503 2561 verba
1522 2535 1566 2560 illa
1581 2542 1588 2561 ε
1602 2535 1634 2561 In
1647 2534 1732 2560 medio
1742 2542 1823 2568 para-

1042 2578 1111 2610 diso,
1140 2579 1174 2606 ad
1199 2585 1343 2614 utramque
1371 2580 1496 2607 arborem
1529 2580 1739 2611 accommodat,
1768 2586 1822 2606 non

1043 2628 1136 2652 autem
1154 2625 1187 2652 ad
1202 2633 1262 2653 eam
1276 2633 1338 2660 qua:
1354 2626 1415 2653 vita:
1428 2630 1481 2659 est,
1499 2626 1595 2654 solam.
1607 2625 1666 2653 Hoc
1675 2625 1748 2662 enim
1762 2624 1827 2652 inde

1041 2218 1100 2253 ipso
1123 2222 1262 2246 exstarent
1286 2219 1405 2252 paradisi
1438 2219 1589 2246 meditullio
1610 2227 1617 2246 :

898 2701 920 2717 ⁶⁶
939 2700 1043 2737 l_Joan.
1060 2709 1092 2732 ll,
1107 2702 1152 2729 £6.

248 2775 305 2808 (ιδ)
327 2773 405 2809 Apud
420 2770 489 2800 LXX
514 2771 542 2800 in
563 2770 656 2799 Graeco
683 2773 734 2798 est.
755 2767 903 2803 ἂνθρωπου
927 2768 1000 2804 quod
1021 2769 1100 2798 Sirus
1135 2770 1280 2810 interpres,
1296 2778 1376 2811 quem
1400 2774 1495 2812 auctor
1517 2770 1650 2806 sequitur,
1670 2769 1759 2799 reddit
1773 2769 1829 2798 illic

210 2811 342 2838 Bai‘noso.
