2027 3077
207 160 267 198 '52)

794 171 847 202 DE‘
862 172 1051 203 PARADISO
1084 184 1117 190 —
1139 171 1234 202 PKRS
1252 170 1279 201 Ῑ.

1774 162 1844 194 ’580

214 225 292 252 lluvli
303 225 384 253 simul
400 229 481 260 atque
495 227 608 254 d‘erivatl
623 231 693 255 sunt'
701 228 735 255 ab
748 228 795 255 illo
807 229 1002 264 principalinre
1018 232 1036 258 Α
1047 226 1111 256 illic
1122 229 1194 255 haud
1208 225 1383 258 diu'manait,
1401 232 1465 256 sua;
1476 230 1533 251 non
1543 221 1687 251 Electum
1702 221 1744 249 sui
1761 220 1840 255 culpa

215 270 327 297 ﬂumine
340 279 347 296 :
362 271 482 306 absorpti
498 272 549 299 sub
561 271 711 305 Oceanum,
727 274 836 300 tandem
853 274 998 308 prosiliunt

215 315 241 342 in
262 316 351 343 medio
370 320 502 344 terrarum
518 318 592 347 orbe.
613 319 732 346 fontibus
750 326 806 346 non
823 319 916 354 procul
931 320 1000 346 inter

214 368 242 386 sc
254 360 394 393 dissipatis
408 369 441 389 ac
453 363 572 397 prolapsi
591 363 718 391 desinunt
741 364 767 391 in
783 372 859 392 mare
874 364 1001 392 Australo

216 404 302 438 ipsius
317 405 418 434 Bosrm.
433 406 516 434 Porro
529 407 615 435 Assur
631 413 710 436 vocat
725 409 861 443 regionem
878 410 956 436 Attur
974 413 1002 436 et

215 449 402 478 Ninevitarum
418 459 448 480 ac
464 451 642 487 Betligarme,
664 454 771 488 aliaque
787 455 1001 488 circumquaque

216 495 256 522 his
269 497 423 530 adjacentia
439 498 507 525 loca.
522 498 573 525 Sed
585 499 656 526 enim
668 503 793 533 quaerunt
806 499 850 526 hic
864 500 998 531 homines,

216 541 262 574 qui
281 542 366 576 possit
384 543 440 569 licri
457 548 485 570 ut
501 543 527 569 hi
544 548 662 577 quatuor
670 543 748 571 ~ﬁuvii
767 544 876 571 veniant
890 552 904 571 e
919 552 1001 578 para-

216 585 278 612 diso
292 606 299 618 ,
313 592 346 614 et-
357 587 542 622 ubsorpti-suh
557 589 693 616 Oceanum
715 589 785 616 intra
803 593 882 616 term
897 590 1000 617 viscera

219 636 318 663 iurent,
335 639 365 658 ac
379 633 485 659 tandem
499 638 648 668 emergam,
668 633 896 669 eﬁ‘undanturque
908 635 934 662 in
951 635 1002 662 huc

219 678 315 701 nostra
325 676 411 702 terra!
430 675 528 702 Verum
551 676 620 704 hanc
633 678 822 711 quaestionem,
841 683 868 705 et
882 678 942 712 ejus
955 686 1002 712 ge-

215 720 288 747 neris
313 721 382 748 alias
404 721 458 755 jam
482 722 548 749 satis
569 723 753 750 dissolvimus.
785 723 870 751 Porro
897 724 1002 756 Moses,

214 763 349 798 explicata
366 765 521 791 narratione
535 772 629 792 carum
645 774 736 794 rerum
754 774 814 802 qua:
830 767 863 794 ad
882 768 999 802 paradisi

215 807 320 834 tandem
352 807 635 843 magniﬁcentiamque
651 819 657 836 :
676 810 737 837 item
763 818 856 838 earum
882 819 941 846 quae
970 812 1002 839 ad

215 850 316 877 ﬂumen
332 850 426 884 ingens
441 859 495 886 quo
515 851 559 879 ille
576 853 679 887 rigatur
695 863 702 880 :
721 854 838 889 denique
852 855 885 882 ad
901 855 1003 882 seduli.

216 899 300 922 tatem
319 895 365 922 Dei
384 896 535 925 conditoris
557 897 630 925 illius
650 903 730 932 atque
745 900 844 927 satoris
858 905 981 935 spectant
997 910 1003 928 :
1022 901 1043 928 Β

216 940 314 967 transit
338 941 370 968 ad
391 941 536 968 dicendum
551 943 584 970 de
600 943 710 971 imlueto
724 945 829 972 Adamo
844 946 869 972 in
894 947 1002 981 paradi-

215 992 274 1011 sum
289 985 331 1012 his
346 986 434 1014 verbis
450 996 456 1011 :
474 986 506 1013 Et
523 989 623 1022 accepit
636 989 763 1016 Dominus
777 990 845 1017 Deus
858 991 1001 1023 Adamum,

215 1035 240 1056 et
251 1031 337 1064 posuit
352 1031 437 1065 ipsum
456 1032 482 1058 in
494 1034 620 1067 paradiso
636 1033 719 1062 Eden.
733 1035 794 1067 Quo
813 1036 905 1065 habitu
920 1045 1004 1072 appa-

216 1075 302 1102 ruerit
316 1076 386 1104 Deus
400 1077 514 1109 Adamo,
531 1078 649 1106 diximus
668 1087 766 1114 nuper.
796 1079 855 1107 Jam
873 1089 936 1109 vero
955 1083 1005 1110 hoc

217 1121 363 1149 videndum
377 1127 428 1154 est,
441 1123 521 1156 unde,
534 1128 561 1151 ct
572 1132 626 1159 quo
639 1126 779 1153 sustulerit
792 1127 880 1161 ipsum
895 1129 1004 1162 quando

217 1165 358 1200 Scriptura
375 1167 411 1193 ait
428 1176 434 1194 :
450 1167 484 1193 Et
507 1169 605 1202 accepit
622 1169 749 1197 Dominus
769 1170 837 1198 Deus
860 1171 1003 1200 Atlamum.

217 1210 301 1244 Igitur
315 1212 425 1246 quidam
443 1218 582 1248 putantes
599 1214 746 1242 Jerusalem
765 1216 900 1244 sublatum
919 1222 1005 1245 trans-

217 1257 310 1284 tulisse
325 1258 350 1284 in
368 1258 524 1292 paradisum
541 1268 547 1286 :
567 1267 629 1286 nam
646 1261 672 1287 in
686 1259 836 1288 Jerusalem
857 1261 1002 1290 formatum

215 1309 287 1334 esse,
306 1303 349 1330 ubi
363 1308 389 1330 et
404 1309 516 1331 mortem
535 1306 616 1332 etiam
632 1305 740 1333 obierit.
764 1306 816 1333 Alii
833 1315 896 1335 vero
909 1308 1003 1335 existi-

217 1353 290 1374 mant
304 1368 311 1380 ,
334 1356 367 1375 cx
394 1348 455 1376 loco
472 1349 616 1377 humiliore
638 1356 720 1386 atque
735 1351 829 1379 viliore
859 1353 1004 1381 sustulisse

217 1394 244 1420 in
260 1393 348 1421 locum
364 1395 507 1423 sublimem
523 1396 762 1431 magniﬁcumque,
788 1402 815 1424 ct
829 1398 911 1425 veluti
926 1406 1004 1426 crea-

220 1444 276 1466 tum
296 1447 311 1466 a
328 1447 357 1467 se
375 1448 463 1475 regem
482 1441 622 1469 induxisse
638 1442 663 1469 in
688 1443 805 1477 regalem
831 1444 933 1471 sedem.
953 1444 1004 1472 Sed

218 1492 336 1519 quonam
351 1485 426 1512 illum
441 1487 521 1514 modo
535 1487 663 1514 sustulit?
679 1487 853 1522 Respondent
865 1489 1004 1522 nonnulli,

218 1530 244 1556 id
263 1531 334 1565 quod
352 1531 488 1566 Scriptura
510 1532 566 1559 ait:
585 1531 615 1559 Et
637 1534 755 1568 accepit,
772 1534 840 1560 nihil
858 1534 929 1561 aliud
949 1535 1000 1562 sibi

218 1575 286 1602 velle
299 1583 379 1609 quam
396 1576 479 1604 Deum
497 1578 599 1605 dixisse
619 1579 650 1605 ad
673 1579 748 1606 illum
764 1588 770 1605 :
785 1579 846 1611 Abi,
861 1581 1005 1615 ipsumque

217 1621 348 1648 continuo
373 1622 525 1656 profectum
547 1630 617 1651 esse.
642 1624 693 1651 Sed
719 1625 760 1652 his
787 1625 921 1659 objiciunt
946 1625 1004 1659 alii,

219 1665 351 1693 incertum
365 1667 449 1694 fuisse
461 1667 576 1700 Adamo,
596 1668 676 1701 unde,
689 1675 715 1696 et
729 1677 782 1704 quo
794 1669 871 1696 abire
883 1670 1003 1697 deberet.

218 1708 322 1741 Quibus
337 1709 372 1736 illi
387 1711 560 1744 respondent,
575 1711 625 1746 ipsi
638 1712 663 1738 in
680 1717 796 1740 mentem
813 1713 920 1740 venisse
933 1714 1005 1741 unde

217 1759 244 1792 ct
258 1762 312 1788 quo
323 1755 477 1782 abeundum
495 1756 557 1789 sibi,
571 1761 652 1792 atque
666 1758 710 1785 ubi
726 1758 902 1786 habitandum
918 1764 1002 1791 esset,

219 1798 298 1825 sicuti
328 1800 384 1827 \isa
411 1801 550 1835 prophetis
575 1802 662 1829 solent
689 1803 809 1831 evenire.
835 1802 936 1831 Verum
958 1804 1005 1831 alii

219 1844 322 1871 malunt
341 1845 507 1877 existimare,
543 1846 626 1873 Deum
645 1847 749 1875 Adamo
773 1848 890 1876 humana
916 1849 1006 1883 specie

219 1888 389 1922 apparuisse,
411 1889 558 1924 ipsumque
580 1890 780 1925 apprehensum
806 1895 1006 1926 transportasse

220 1933 246 1959 in
260 1934 427 1968 paradisum.
443 1935 495 1962 Sed
509 1934 601 1962 dices:
616 1936 674 1962 sive
686 1943 734 1970 per
747 1937 845 1964 mentis
859 1937 1004 1970 visionem,

220 1979 277 2006 sive
293 1988 341 2014 per
357 1980 504 2007 humanam
526 1981 637 2015 ﬁguratn
663 1982 699 2008 illi
725 1983 898 2017 apparuerit;
924 1988 1006 2019 atque

220 2024 257 2051 ita
277 2026 454 2057 transtulerit,
471 2033 568 2061 magno
584 2026 672 2054 fuisse
689 2034 758 2062 opus
773 2028 902 2062 temporis
917 2030 1005 2063 spatio

222 2070 255 2096 ad
282 2070 334 2097 iter
356 2071 408 2098 hoc
425 2070 635 2098 conﬁciendum.
660 2071 745 2106 Igitur
761 2077 852 2100 nostra
870 2074 1004 2101 sententia

222 2120 274 2147 est,
292 2115 374 2141 Deum
395 2116 672 2149 formasseAdamum
687 2122 762 2144 extra
780 2119 948 2153 paradisum,
963 2124 1007 2147 at-

223 2167 276 2201 que
290 2160 363 2187 illinc
375 2167 514 2196 arreptum
527 2162 682 2190 sustullisse
695 2163 720 2190 in
733 2164 900 2198 paradisum,
915 2165 1008 2200 ibique

224 2206 361 2233 dimisisse
377 2214 385 2239 ;
401 2211 527 2234 ctcterum
553 2215 586 2235 co
612 2208 750 2243 aecepisse
781 2209 872 2242 modo,
898 2217 953 2244 quo
981 2215 1008 2238 et

224 2251 334 2285 Enoch,
354 2257 381 2280 et
396 2253 559 2288 Philippum.
577 2253 643 2281 Nam
662 2258 692 2281 ut
712 2255 745 2281 de
766 2254 857 2282 Enoch
875 2256 1006 2290 scriptttm

225 2302 312 2324 exstat
328 2306 334 2324 :
353 2298 386 2325 Et
399 2299 458 2325 tulit
473 2299 558 2332 ipsum
570 2299 640 2326 Deus
650 2300 690 2332 ";
721 2299 838 2335 itemque
856 2299 980 2335 Philippo
996 2308 1004 2328 :

229 2344 261 2369 Izl
276 2342 392 2378 Spiritus
410 2344 516 2371 Domini
531 2346 618 2380 rapuit
633 2345 718 2380 ipsum
729 2346 751 2361 ⁷ο
769 2354 777 2372 :
794 2346 833 2373 sic
846 2351 873 2374 et
888 2346 1004 2374 dicimus

227 2390 358 2417 Adamum
375 2398 435 2418 esse
449 2398 463 2417 a
484 2391 538 2418 Deo
553 2395 659 2426 raptum
674 2399 707 2419 ex
723 2399 755 2419 co
773 2392 834 2420 loco
849 2399 903 2427 quo
917 2392 1006 2421 luerat

224 2436 367 2467 formatus.
384 2441 466 2472 atque
482 2437 507 2464 in
529 2438 683 2472 paradisum
701 2439 905 2473 transpositum.
920 2439 1005 2467 Dimi—

223 2484 307 2518 sitque
327 2484 411 2517 ipsum
433 2484 458 2509 in
484 2483 609 2517 paradiso
631 2484 720 2516 Eden,
745 2489 773 2510 ut
789 2492 848 2511 eunt
870 2485 964 2512 coleret
982 2490 1006 2512 et

224 2528 376 2554 rnstodirdt.
391 2528 427 2554 Eo
438 2527 512 2562 quod
524 2528 591 2554 dicit
606 2537 612 2554 :
628 2527 662 2554 Et
673 2528 771 2555 dimisit
785 2529 870 2562 ipsum
885 2530 910 2556 in
927 2538 1007 2564 para-

225 2573 291 2604 t/iso,
310 2572 429 2599 declarat
444 2572 526 2599 Deum
543 2573 650 2600 sublato
664 2573 769 2601 Adamo
785 2582 839 2601 non
852 2575 1006 2602 ostendisse

225 2616 305 2642 ntodo
320 2616 436 2650 paradisi
463 2616 691 2650 pulchritudinem
715 2618 1006 2653 magniﬁcentiamque,

227 2664 253 2686 rt
268 2668 327 2688 mox
343 2661 405 2688 inde
417 2661 579 2696 abripuisse.
591 2662 638 2689 sed
653 2661 719 2689 inibi
733 2662 836 2696 relicto,
851 2662 1006 2691 facultatem

226 2707 353 2733 manendi
364 2713 446 2741 seque
456 2706 607 2734 oblectandi
618 2707 777 2742 permisisse
787 2711 816 2735 ut
828 2708 855 2735 in
864 2708 924 2736 loco
934 2709 1007 2737 illius

226 2753 311 2787 ipsius
336 2753 421 2788 gratia
449 2753 559 2780 condito
584 2752 802 2788 concinnatoque
822 2761 829 2780 :
847 2761 908 2781 nam
935 2755 1007 2783 quod

264 2848 286 2864 "
302 2847 368 2876 Gen.
386 2855 411 2881 v,
425 2847 470 2876 24.
509 2846 531 2864 "
547 2846 606 2875 Act.
620 2853 677 2880 vni,
691 2845 734 2874 59.

1018 1557 1039 1587 Ο

774 2846 793 2862 ⁷¹
809 2845 831 2873 ll
848 2845 944 2874 'l‘hcss.
958 2853 996 2880 Ill,
1020 2845 1060 2874 ll.

1055 273 1155 301 evertit:
1167 272 1244 306 Quod
1258 278 1338 306 porro
1348 270 1482 305 sequitur:
1498 269 1530 296 Ut
1541 277 1599 296 eum
1611 268 1707 295 coleret
1719 271 1744 294 et
1756 271 1847 293 custo-

1054 319 1138 350 diret,
1156 325 1271 353 quanam
1298 316 1430 344 sententia
1460 315 1512 342 erit
1529 313 1735 348 accipiendum?
1768 311 1848 339 Non.

1055 364 1122 398 quid
1138 363 1282 398 paradisus
1297 362 1401 389 cultore
1415 361 1520 395 egebat,
1535 360 1562 388 in
1577 367 1633 394 quo
1647 359 1745 386 silvosa
1760 357 1846 385 senti-

1054 415 1172 443 cosaque
1182 407 1309 435 materies
1321 414 1373 434 non
1385 406 1591 434 succrescebat?
1602 406 1658 432 haec
1670 405 1742 432 enim
1754 408 1847 439 postea

1053 462 1102 489 per
1115 453 1329 482 exsecrationem
1350 452 1431 487 cepit
1446 452 1473 479 in
1484 459 1515 479 ea
1534 456 1618 483 terra,
1633 458 1693 486 quas
1705 455 1780 478 extra
1795 457 1845 483 pa-

1056 498 1177 525 radisum
1201 501 1275 530 erat,
1296 497 1398 525 enasci.
1417 497 1549 524 Praeterea
1564 496 1610 530 qui
1633 495 1721 530 potuit
1743 495 1848 522 cultore

1055 551 1124 577 opus
1154 543 1255 571 habere
1281 543 1444 577 paradisus.
1462 542 1550 569 omnis
1575 541 1680 576 generis
1702 539 1846 567 arboribus

1055 588 1216 615 abundans?
1246 588 1363 622 denique
1395 586 1532 622 quomodo
1558 586 1707 616 coluisset,
1728 584 1839 619 quando

1055 640 1144 667 neque
1159 633 1277 665 sarcula,
1301 640 1397 667 nequa:
1422 639 1521 666 scopae,
1537 636 1584 658 aut
1610 630 1723 658 alterius
1741 632 1848 664 genesis

1057 678 1238 705 instrumenta
1251 678 1363 705 cultura:
1376 677 1444 704 facta
1459 679 1563 705 .erant.’.
1577 675 1709 703 Similiter
1729 682 1846 710 quorum

1057 723 1174 751 habebat
1186 723 1312 751 custodia
1325 730 1394 758 opus
1410 722 1563 757 paradisus,
1577 729 1638 748 cum
1653 721 1718 747 nulli
1731 728 1846 754 usquam

1057 771 1221 799 exsisterent
1244 770 1321 805 egeni
1344 768 1488 796 homines?
1506 767 1576 801 Quid
1595 774 1659 802 ergo
1683 767 1734 794 sibi
1753 766 1847 792 volunt

1057 817 1102 843 illa
1115 817 1207 844 verba:
1227 815 1262 843 Ut
1286 815 1380 843 coleret
1405 818 1429 842 et
1452 813 1613 841 custodiret?
1639 811 1848 846 Respondemus

1058 868 1112 888 non
1129 861 1156 888 id
1181 860 1333 895 signiﬁcare
1357 858 1498 886 fodiendae
1522 857 1560 884 illi
1581 857 1666 884 fuisse
1693 856 1803 883 scrobes
1818 855 1845 882 in

1056 906 1154 941 quibus
1165 906 1271 941 plantas
1284 908 1448 936 consereret,
1464 907 1493 930 ut
1504 902 1560 930 Noe
1572 902 1678 929 vineam
1692 922 1699 934 ,
1711 904 1758 927 aut
1773 899 1846 926 labo-

1057 952 1141 979 riosis
1153 951 1242 985 ipsum
1254 949 1442 978 instrumentis
1453 947 1590 983 operando
1602 946 1751 973 molestiam
1763 945 1845 971 ullam

1055 996 1146 1023 subire
1153 995 1289 1027 debuisse,
1302 994 1348 1022 sed
1359 994 1385 1021 in
1397 1001 1429 1020 eo
1439 993 1554 1028 positum
1563 991 1648 1018 fuisse
1659 990 1760 1017 ettltum
1770 989 1845 1016 illum

1056 1044 1085 1067 ut
1105 1040 1170 1067 inibi
1183 1040 1273 1066 locum
1286 1038 1338 1066 sibi
1357 1045 1406 1072 pro
1415 1036 1581 1064 habitatione
1599 1039 1714 1070 aptaret.
1734 1034 1846 1068 viasque

1054 1091 1087 1111 ac
1113 1085 1225 1112 semitas
1257 1083 1356 1118 quibus
1383 1081 1526 1110 commode
1551 1084 1644 1115 posset
1657 1079 1846 1110 obambulare.

1054 1130 1238 1164 complanaret
1251 1148 1258 1160 .
1285 1135 1319 1156 ne
1336 1128 1439 1156 scilicet
1464 1127 1568 1154 otiosus
1583 1130 1670 1153 esset:
1686 1125 1794 1159 quando
1811 1131 1845 1151 cx

1058 1175 1116 1201 otio
1131 1174 1246 1209 plurima
1260 1179 1426 1202 enascantur
1438 1173 1520 1203 mala,
1538 1173 1613 1206 juxta
1628 1171 1692 1198 illud
1709 1170 1847 1206 Sapientis

1054 1220 1196 1254 cujusdam
1215 1228 1222 1246 :
1240 1219 1331 1246 Otium
1359 1218 1460 1246 malum
1490 1223 1552 1250 est,
1586 1222 1613 1244 et
1631 1217 1752 1243 fraudem
1778 1216 1849 1250 parit

1055 1265 1172 1299 pigritia.
1203 1264 1234 1291 Et
1260 1264 1340 1291 divus
1364 1263 1463 1290 Paulus
1480 1263 1544 1290 dicit
1564 1271 1571 1289 :
1589 1262 1652 1289 Nisi
1670 1261 1745 1288 aliud
1763 1269 1844 1296 quant

1054 1311 1138 1336 otium
1158 1314 1262 1344 agentes
1275 1310 1309 1336 7‘.
1328 1308 1359 1335 Et
1374 1309 1438 1336 alibi
1450 1309 1498 1339 ait,
1513 1307 1645 1343 quasdam
1663 1306 1779 1334 feminas
1791 1313 1847 1333 nou

1054 1354 1141 1382 solum
1157 1354 1258 1381 otiosns
1272 1353 1452 1386 esse,.verttm
1471 1352 1551 1379 etiam
1567 1350 1749 1386 quarumdam
1761 1349 1847 1376 mala-

1055 1408 1115 1427 rum
1131 1407 1221 1427 rernm
1241 1400 1414 1427 occasionem
1436 1399 1544 1426 dare“.
1563 1397 1708 1428 Caeterum,
1725 1395 1798 1430 quod
1814 1395 1848 1423 de

1056 1445 1233 1472 custodiendo
1260 1444 1388 1479 paradiso
1414 1444 1518 1471 dictum
1541 1447 1591 1474 est,
1607 1443 1632 1469 id
1656 1442 1689 1468 ad
1713 1442 1848 1469 arcendas

1056 1488 1118 1516 inde
1130 1488 1232 1516 bestias
1246 1492 1365 1521 spectat;
1381 1486 1498 1522 paradisi
1520 1486 1591 1513 enim
1616 1486 1702 1512 vincte
1720 1485 1846 1518 hortique

1057 1534 1101 1560 alii
1115 1534 1224 1567 quando
1242 1534 1277 1560 ab
1293 1532 1448 1560 hominibus
1473 1531 1575 1558 deserti
1595 1535 1719 1562 manent,
1734 1531 1848 1557 concul.

1057 1583 1165 1609 cantur,
1181 1578 1428 1612 opprimunturque
1440 1584 1454 1603 a
1476 1576 1552 1603 furis.
1564 1576 1650 1610 igitur
1669 1579 1695 1601 et
1710 1576 1800 1603 colere
1819 1579 1847 1602 et

1056 1623 1208 1654 custodire.
1230 1622 1263 1650 ad
1288 1629 1381 1649 curam
1402 1621 1575 1648 habitationis
1599 1620 1694 1648 Adami
1723 1625 1846 1655 spectat;

1057 1675 1145 1702 ireque
1169 1668 1240 1695 enim
1268 1668 1301 1695 ad
1327 1668 1455 1702 exiguum
1473 1667 1605 1694 duntaxat
1622 1671 1729 1700 tempus
1753 1666 1846 1692 datum

1057 1713 1145 1740 fuerat
1162 1714 1186 1741 ei
1204 1714 1269 1741 illud
1297 1713 1466 1741 domicilium
1488 1714 1513 1740 in
1531 1720 1586 1748 quo
1603 1716 1733 1743 maneret,
1752 1712 1797 1739 sed
1813 1711 1846 1738 ad

1057 1758 1217 1784 diuturnum
1239 1757 1416 1792 longumque.
1433 1756 1545 1792 Insuper
1567 1756 1620 1783 huc
1634 1763 1744 1790 quoque
1757 1755 1848 1782 cultus

1057 1802 1102 1829 ille
1116 1806 1143 1828 et
1157 1801 1279 1829 custodia
1296 1801 1449 1835 pertinent,
1467 1804 1496 1827 ut
1519 1804 1591 1827 esset
1605 1799 1726 1827 Adamus
1741 1799 1804 1833 vigil
1821 1804 1848 1826 et

1056 1851 1164 1880 cautus;
1175 1851 1388 1882 agnosceretque
1396 1851 1534 1878 parentem
1544 1853 1624 1872 suum
1633 1852 1664 1872 ex
1678 1844 1742 1879 ipsis
1750 1844 1848 1878 plantis
1867 1866 1870 1869 .

1057 1892 1246 1927 fructibusque
1261 1891 1391 1926 paradisi,
1410 1899 1458 1918 ccu
1483 1891 1598 1917 colonus
1618 1890 1770 1924 plantarum
1795 1890 1847 1916 im-

1058 1937 1216 1966 mortalium
1234 1947 1240 1965 :
1260 1937 1313 1964 hoc
1336 1941 1378 1965 est
1402 1936 1555 1963 divinarum
1585 1936 1780 1970 cogitationum
1793 1955 1800 1967 ,
1819 1942 1849 1963 ut

1057 1983 1095 2011 ait
1110 1983 1258 2018 Gregorius
1275 1981 1443 2016 Theologus.
1464 1981 1586 2016 Denique
1611 1981 1664 2008 illis
1678 1981 1783 2008 colendi
1798 1988 1850 2008 cus

1057 2029 1248 2064 stodicndique
1264 2028 1358 2056 verbis
1378 2027 1532 2055 ostenditur
1547 2027 1628 2054 etiam
1642 2046 1650 2059 ,
1675 2027 1753 2061 longe
1770 2026 1849 2053 aliter

1058 2075 1184 2103 homines
1198 2075 1280 2102 vitam
1292 2082 1376 2102 suam
1393 2074 1535 2102 inStituere
1551 2073 1650 2100 debere
1665 2080 1747 2107 qttam
1765 2079 1848 2106 pecu-

1059 2121 1108 2148 des
1127 2121 1242 2148 rationis
1262 2125 1388 2155 expertes
1411 2120 1532 2155 degant:
1553 2120 1593 2146 lia:
1615 2119 1688 2147 enim
1708 2119 1740 2146 ad
1757 2119 1849 2145 colen-

1059 2164 1123 2192 dum
1153 2164 1416 2198 cuslodiendumque
1445 2162 1602 2198 paradisum
1643 2162 1754 2189 minitne
1783 2166 1848 2188 sunt

1060 2210 1219 2243 destinata;
1246 2209 1293 2237 sed
1317 2210 1398 2237 homo
1423 2212 1466 2236 est
1489 2209 1561 2235 illius
1585 2207 1682 2235 cultor-
1697 2212 1724 2234 et
1755 2211 1848 2234 custos

1059 2256 1227 2291 designatus,
1243 2263 1330 2290 caque
1348 2262 1378 2282 re
1395 2255 1541 2289 plurimum
1558 2254 1608 2281 iste
1623 2253 1658 2280 ab
1672 2252 1725 2280 illis
1736 2252 1827 2280 diﬂert
1838 2272 1846 2284 .

1058 2302 1131 2338 quod
1152 2302 1240 2336 ipsum
1261 2309 1370 2336 quoque
1385 2301 1450 2328 dum
1468 2299 1605 2326 hominem
1622 2298 1739 2333 propriis
1756 2298 1846 2324 mani-

1059 2348 1112 2376 bus
1120 2347 1248 2374 formare!
1260 2347 1341 2379 Deus,
1351 2346 1493 2374 ostendere
1504 2345 1598 2372 voluit.
1608 2344 1845 2378 Borropostqnam
1863 2363 1866 2367 .

1060 2393 1260 2421 doinlrodncto
1274 2392 1300 2419 in
1314 2391 1469 2427 paradisum
1483 2391 1587 2417 Adamo
1602 2389 1740 2421 disseruit,
1757 2393 1784 2416 et
1798 2396 1848 2416 cur

1059 2447 1121 2466 eum
1139 2439 1209 2465 Deus
1226 2438 1290 2465 illuc
1305 2436 1441 2464 intulisset
1455 2456 1462 2468 ,
1476 2435 1629 2470 explicavit,
1651 2433 1801 2468 digreditur
1813 2432 1846 2458 ad

1059 2483 1204 2510 dicendum
1219 2483 1253 2510 de
1271 2482 1328 2516 lege
1343 2481 1381 2508 illi
1397 2480 1523 2515 imposita
1544 2479 1585 2506 his
1598 2478 1689 2506 verbis
1705 2487 1712 2505 :
1729 2477 1763 2504 Et
1778 2485 1844 2512 prius

1061 2528 1128 2562 εερίι
1146 2528 1273 2554 Dominus
1294 2526 1364 2554 Deus
1381 2526 1483 2554 Adamo
1494 2546 1501 2558 ,
1513 2526 1631 2560 dixitque
1641 2524 1691 2559 ipsi
1704 2530 1714 2550 .'
1733 2523 1773 2550 De
1791 2531 1844 2550 om-

1057 2573 1132 2601 nibus
1151 2572 1290 2600 arboribus
1308 2580 1366 2607 quas
1381 2577 1441 2599 sunt
1458 2572 1485 2597 in
1504 2571 1641 2605 paradiso,
1656 2569 1757 2596 edendo
1772 2569 1842 2601 edes;

1058 2623 1085 2645 at
1098 2619 1130 2646 de
1145 2618 1237 2645 arbore
1251 2618 1367 2645 scientias
1380 2617 1440 2644 ὺυηὶ
1451 2621 1476 2644 et
1494 2615 1558 2643 mali
1581 2623 1632 2642 non
1648 2614 1707 2642 edes
1730 2615 1762 2641 de
1776 2614 1843 2648 ipsa.

1060 2664 1116 2692 lloc
1145 2664 1227 2699 igitur
1250 2667 1292 2691 est
1311 2667 1494 2698 praeceptum,
1525 2662 1583 2688 haec
1606 2661 1647 2687 lex
1667 2666 1749 2694 quam
1775 2658 1846 2686 Deus

1060 2709 1164 2736 Adamo
1181 2709 1321 2743 imposuit,
1335 2715 1368 2735 ne
1380 2708 1474 2735 ederet
1489 2706 1523 2735 de
1535 2706 1634 2734 arbore
1648 2704 1777 2732 scientiae.
1790 2703 1844 2732 Sed

1059 2756 1115 2791 jam
1143 2755 1170 2782 in
1191 2754 1410 2789 disquisitionem
1427 2753 1519 2787 venit,
1537 2756 1604 2787 quot
1628 2751 1716 2780 modis
1738 2749 1844 2778 dicatur

1099 2845 1120 2861 "
1139 2844 1232 2872 lTim.
1251 2852 1277 2875 v,
1308 2843 1347 2870 l5.
