2027 3077
221 143 270 176 581

852 144 966 175 MOSiS
986 144 1064 174 BAR
1083 144 1207 173 CEPHA

1788 132 1842 165 ΜΞ

222 204 289 238 legis
303 204 476 236 vocabulum,
492 207 518 231 et
532 203 673 238 cujusnam
691 202 799 236 generis
814 202 856 229 lex
875 202 1004 236 imperata
1019 201 1041 229 Α
1055 208 1115 234 quae
1140 200 1245 227 ratione
1271 203 1387 228 vacant.
1407 196 1617 230 haudquaquam
1636 198 1676 220 εει
1700 199 1839 238 comissa-

222 248 304 276 i‘nerit
327 249 446 280 Adamo,
466 248 582 283 denique
600 256 649 275 cur
664 248 745 274 ullam
770 248 808 274 illi
826 248 895 275 Dens
918 247 1002 282 legem

220 293 356 320 statuerit.
371 294 490 321 Dicimus
505 294 586 327 igitur
602 293 686 328 legem
703 293 810 320 duobus
828 293 880 320 diei
895 292 984 320 modis
995 312 1002 324 ,

220 339 410 366 universaliter
422 358 429 371 ,
444 343 470 365 et
489 338 688 373 particulariter
704 348 711 365 :
728 339 803 366 verbi
828 338 927 372 gratia,
942 337 1003 363 urti-

219 383 334 410 versalis
357 383 398 410 lex
421 389 461 410 est
491 383 611 418 cognitio
628 384 673 411 illa
697 384 826 411 naturalis
842 391 902 418 qum
926 382 1003 410 nobis

220 428 303 455 insita
317 434 358 456 est
370 448 378 461 ,
395 434 422 456 et
439 430 479 457 vis
504 430 603 464 ingenii
619 438 672 465 qua
688 430 842 464 judicamus
865 430 966 457 bonum
988 437 1002 456 a

219 473 293 500 malo
310 482 317 500 :
333 481 392 500 eam
413 474 485 501 enim
503 475 601 502 ittdidit
622 475 693 503 Deus
718 476 839 502 omnium
864 475 1002 502 hominum

220 517 330 550 animis,
347 518 464 546 lattdans
478 519 562 553 ipsos,
581 521 604 548 si
620 521 692 556 quod
709 522 810 548 bonum
824 526 866 549 est
890 521 915 548 id
937 529 1004 556 ope-

219 568 326 595 rentur,
341 569 366 590 et
381 565 502 592 vicissim
516 566 630 600 culpans
653 568 839 601 damnansque
856 568 878 594 si
902 567 1002 594 malum

219 611 338 641 patrent,
355 611 531 643 quantumvis
545 611 650 638 occulte
664 619 694 638 ea
710 617 881 646 peragantur.
896 611 962 638 Nam
976 616 1003 638 et

218 653 246 679 in
271 653 402 687 gentium,
420 658 448 681 ut
460 654 497 681 ait
516 654 626 688 Paulus,
647 656 769 682 cordibus
786 657 883 690 scripta
896 657 936 682 lea:
953 661 1001 687 est,

218 700 244 723 et
254 701 294 724 est
306 698 370 731 ipsis
385 706 434 725 sua
449 700 608 727 conscientia
624 702 697 727 testis
708 701 741 732 ⁷³,
753 705 805 728 ctc.
820 701 884 736 Ejus
897 702 1003 736 generis

176 772 178 774 ι
217 744 261 767 est
274 740 339 768 illud
357 741 463 770 Domini
481 743 582 770 dictum
596 753 603 771 :
620 744 696 771 Sicut
710 745 789 772 vultis
801 754 844 772 vos
858 751 886 772 ut
904 747 1002 780 faciant

217 785 289 812 vobis
304 785 432 819 homines,
446 788 484 814 sic
501 788 581 822 facile
597 789 675 815 etiam
692 797 734 816 uas
749 789 814 822 ipsis
826 790 860 816 ⁷³.
881 789 1002 817 Particu-

217 830 284 858 laris
301 831 343 858 lex
363 837 453 859 autem
471 838 523 866 est,
542 834 632 869 qualis
646 842 676 862 ea
695 843 775 870 quam
795 836 866 863 Deus
881 836 1003 870 praescri—

218 876 301 904 bebat
318 878 384 912 ipsis
400 877 542 907 Noacbitis
554 900 561 912 ,
582 888 616 907 ne
632 885 805 908 vescerentur
823 882 956 916 sanguine
969 882 1003 914 ⁷³;

216 922 281 950 itetu
299 924 390 957 qualis
413 924 540 959 imposita
555 931 614 953 erat
638 926 794 953 Judzcorum
811 927 956 959 Nazarteis,
971 928 1005 955 de

215 973 270 993 non
302 967 420 995 bibendo
445 969 519 1002 vino,
536 974 582 996 aut
599 971 697 1002 sicera,
724 979 812 1007 neque
836 972 1004 1000 admovenda

213 1013 297 1047 capiti
315 1015 447 1042 novacula
458 1015 499 1048 ",
516 1017 612 1050 quales
629 1017 746 1052 denique
764 1018 920 1046 Judanorum
948 1025 1002 1047 sta-

213 1060 280 1085 tuta:
292 1057 366 1086 l‘uere
379 1060 577 1093 sacerdotibus,
593 1061 626 1088 de
643 1063 739 1095 rebus,
755 1063 816 1091 aliis
837 1065 1004 1097 omittendis,

214 1103 278 1130 aliis
310 1104 433 1139 agendis.
457 1104 525 1132 Cum
553 1106 634 1141 igitur
661 1108 728 1142 legis
747 1109 879 1137 vocabulo
896 1110 1005 1139 dnobtts

214 1151 325 1174 utamur
345 1148 434 1176 modis
446 1169 454 1180 ,
472 1153 499 1176 et
521 1150 732 1185 particulariler,
750 1157 776 1180 et
804 1153 1004 1187 unirersaliter,

214 1192 411 1226 respondemus
437 1194 471 1221 ad
490 1195 602 1222 alteram
623 1197 812 1229 quaestionem,
839 1206 892 1225 non
919 1199 1004 1226 fuisse

212 1237 302 1272 legem
316 1238 498 1266 universalem
524 1241 571 1267 sed
595 1241 786 1274 particularem
802 1243 892 1277 illam;
908 1252 942 1272 ne
955 1253 1005 1280 gu-

214 1286 300 1309 staret
312 1283 346 1310 de
357 1284 455 1310 arbore
470 1284 605 1318 scientiae;
619 1286 670 1313 soli
685 1287 758 1314 enim
773 1287 877 1316 Adamo
892 1289 1006 1324 ejusque

215 1327 325 1362 conjugi
344 1335 403 1355 eam
428 1329 609 1364 imperaverat
623 1330 694 1359 Deus
712 1339 764 1360 non
783 1333 863 1360 etiam
877 1335 1005 1362 universo

213 1373 307 1406 generi
327 1372 459 1401 bumano.
485 1374 543 1401 Jam
562 1381 686 1409 superest
709 1382 738 1404 ut
752 1383 779 1405 et
803 1380 853 1406 ltoc
868 1381 1004 1414 disquira-

214 1422 287 1447 ntus,
304 1423 356 1450 qua
379 1417 414 1444 de
440 1425 523 1446 causa
548 1419 654 1447 dederit
682 1421 752 1450 Deus
777 1423 881 1451 Adamo
906 1425 1002 1460 legem.

213 1459 362 1488 Censemus
384 1467 437 1489 aut-
449 1471 474 1490 m
492 1464 526 1491 ob
542 1464 611 1492 bene
628 1466 728 1494 multas
744 1476 841 1497 causas
859 1470 884 1497 id
901 1459 1001 1498 factum

210 1514 226 1533 a
250 1506 306 1534 Deo
325 1515 397 1535 esse.
415 1507 513 1535 Primd
531 1511 615 1542 enim,
642 1516 672 1538 ut
696 1513 779 1541 sciret
804 1522 833 1542 se
857 1515 1000 1544 Dominum
1015 1525 1037 1555 ο

208 1551 433 1586 conditoremque
455 1552 554 1580 habere
572 1555 617 1588 qui
641 1555 693 1582 sibi
709 1564 768 1584 eam
782 1557 867 1593 legem
883 1560 1000 1595 impera-

207 1595 302 1628 visset,
324 1603 385 1622 natu
407 1595 579 1625 dominorum
599 1604 641 1626 est
658 1600 730 1635 leges
749 1602 874 1635 sancire,
903 1605 1001 1633 deinde

209 1643 241 1667 ut
264 1646 295 1667 se
309 1645 431 1668 creatum
447 1641 629 1678 eil‘ectumque
645 1651 805 1679 agnosceret
822 1655 828 1673 :
844 1648 942 1682 quippe
959 1649 998 1677 lex

209 1685 346 1711 creaturis
360 1689 444 1718 atque
467 1686 570 1714 eﬂ'ectis
587 1689 668 1716 statui
692 1690 769 1723 solet,
791 1697 818 1719 ut
835 1694 874 1720 ait
892 1693 975 1721 David
991 1703 997 1720 :

209 1727 307 1755 Statue
322 1729 386 1763 ipsis
403 1730 591 1764 legislaturem,
606 1738 633 1759 ut
647 1735 731 1761 sciant
745 1741 832 1770 gentes
844 1745 870 1764 se
881 1738 998 1766 homines

207 1775 320 1801 esum.
333 1775 372 1802 Ad
390 1775 452 1808 hoc,
466 1780 494 1803 ut
510 1777 672 1812 intelligeret
689 1780 837 1809 libertatem
852 1784 901 1810 sibi
914 1784 999 1811 facul-

209 1822 347 1854 tatemque
369 1819 475 1847 arbitrii
499 1829 514 1848 a
538 1821 592 1849 Deo
616 1823 706 1852 datam
723 1833 783 1854 esse
806 1835 867 1855 cum
890 1830 924 1856 ab
952 1830 998 1857 illo

207 1864 391 1899 conderetur;
419 1873 506 1902 neque
531 1868 602 1895 enini
636 1870 720 1906 legem
748 1873 797 1906 ipsi
823 1874 998 1908 imposuisset

206 1909 398 1943 particttlarem
416 1916 443 1938 et
461 1920 521 1946 qua:
535 1920 567 1940 ex
583 1914 720 1942 voluntate
748 1918 886 1951 penderet,
910 1927 944 1947 nc
964 1921 997 1947 de

206 1954 306 1982 arbore
325 1956 418 1983 ederet
439 1957 578 1991 scientiae,
594 1959 645 1987 nisi
661 1965 723 1988 ante
739 1961 864 1990 libertate
879 1969 996 1997 potesta-

206 2004 287 2034 thue
311 2001 415 2029 arbitrii
431 2004 532 2038 proprii
546 2004 632 2038 ipsum
659 2006 797 2038 donasset,
812 2017 864 2042 qna
880 2009 903 2036 si
919 2011 996 2037 vellet

204 2046 364 2074 observaret
376 2047 473 2081 legem,
491 2049 532 2076 sin
548 2051 647 2083 nollet,
666 2060 718 2078 non
736 2054 903 2082 observaret.
922 2055 994 2083 Pras-

203 2095 280 2118 terea
298 2091 382 2126 legem
399 2093 460 2120 ideo
475 2095 565 2128 posuit
579 2095 683 2123 Adamo
697 2097 777 2130 Deus,
797 2105 826 2126 ut
842 2100 926 2128 libero
951 2101 994 2136 ip.

203 2136 264 2164 sius
283 2137 397 2165 arbitrio
413 2144 486 2166 esset
507 2141 633 2168 materies
657 2147 683 2169 et
699 2144 780 2172 veluti
795 2146 918 2174 clibanus
940 2157 994 2182 quo

1055 242 1196 270 l'ostrcmo
1209 242 1243 269 ob
1257 243 1307 269 hoc
1321 249 1428 277 quoque
1444 242 1496 267 lata
1513 245 1554 267 est
1569 239 1675 265 Atlanto
1690 237 1729 264 lex
1747 244 1761 262 a
1777 237 1840 266 Deo,
1858 247 1865 270 ;

1056 293 1085 314 ut
1102 287 1145 314 ille
1158 288 1240 314 sciret
1258 291 1339 321 atque
1357 286 1530 319 intelligeret,
1547 284 1661 310 alterum
1678 283 1731 309 Deo
1746 289 1844 316 super-

1054 340 1114 360 esse
1144 333 1272 360 saeculum
1307 333 1333 358 in
1366 339 1420 366 quo
1461 331 1573 365 dignum
1612 330 1726 363 pretium
1757 328 1844 354 solvet

1056 377 1177 410 utrisque
1189 383 1215 403 et
1228 378 1260 404 iis
1274 377 1320 411 qui
1334 377 1481 403 observant
1494 380 1520 402 et
1535 375 1568 401 iis
1583 375 1629 409 qui
1645 374 1745 400 violant
1757 373 1842 406 leges.

1056 420 1108 448 Sed
1126 425 1242 456 perguttt
1265 417 1386 454 quaerere
1406 419 1528 446 nonnulli
1546 419 1660 445 ulterius
1672 438 1678 448 .
1691 425 1741 444 cur
1756 417 1843 451 legem

1056 467 1147 493 tulerit
1160 466 1231 494 Deus
1244 467 1349 493 Adamo
1362 474 1443 500 quam
1458 465 1596 499 praesciret
1612 464 1700 498 ipsum
1714 471 1765 489 non
1783 470 1844 489 esse

1055 512 1272 539 observaturum.
1286 512 1325 538 Ad
1339 512 1390 538 hoc
1402 511 1488 545 primo
1501 511 1695 543 respondemus
1710 516 1762 535 non
1782 508 1843 535 ideo

1055 557 1222 584 conditorem
1253 558 1333 583 Deum
1361 557 1445 590 legem
1469 556 1573 583 Adatno
1598 555 1787 589 imperavisse,
1815 559 1844 580 ut

1055 609 1114 628 cant
1139 602 1312 632 observaret,
1341 609 1429 636 neque
1458 609 1566 633 rursus,
1585 606 1612 627 ttt
1640 602 1753 627 violaret
1780 600 1845 634 (quo

1056 652 1145 674 vestra
1159 648 1215 674 haec
1230 648 1345 682 quaestio
1360 652 1465 682 spectat
1479 655 1541 674 cum
1555 647 1647 674 dicitis
1663 655 1670 673 :
1684 646 1749 677 Cur,
1762 653 1845 679 qttam

1055 694 1193 727 praesciret
1208 694 1283 720 illum
1300 694 1386 728 legem
1404 701 1458 720 non
1476 694 1641 727 praestitum,
1661 691 1844 726 praeceperit),

1055 739 1101 766 sed
1116 747 1162 766 eas
1185 739 1220 766 ob
1237 746 1334 766 causas
1359 746 1428 774 quas
1449 747 1534 773 nupcr
1557 738 1843 766 commemoratimus.

1055 785 1160 819 Quippe
1184 785 1256 811 aliud
1285 790 1326 811 cst
1347 785 1512 818 observare,
1537 785 1610 811 aliud
1627 791 1680 810 non
1699 784 1846 810 observare

1055 830 1151 864 legem,
1182 835 1209 856 ct
1228 830 1300 857 aliud
1321 830 1391 858 scire
1414 838 1443 857 se
1462 830 1562 857 habere
1580 835 1741 861 creatorem,
1762 835 1846 862 seque

1056 883 1116 903 esse
1130 881 1250 902 creatum
1269 880 1296 902 et
1311 876 1452 910 praeditum
1470 876 1576 903 arbitrii
1593 876 1727 907 libertate,
1748 874 1846 908 liuius-

1057 928 1110 955 que
1125 922 1231 956 generis
1246 926 1342 948 caetera
1360 929 1535 956 cognoscere.
1557 921 1688 948 Praeterea
1705 920 1822 947 dicimus
1837 929 1844 947 :

1057 965 1133 993 Sicut
1153 967 1289 1000 praescivit
1304 967 1378 994 illum
1397 965 1450 994 non
1466 968 1678 994 observaturum
1695 967 1789 1000 legem,
1809 967 1845 993 ita

1055 1012 1191 1046 praescivit
1209 1019 1320 1047 quoque
1336 1012 1458 1039 futurum
1477 1017 1506 1040 ut
1528 1019 1670 1048 postquam
1698 1013 1784 1047 legem
1801 1012 1846 1039 ille

1056 1057 1249 1084 transilivisset
1263 1061 1289 1084 et
1304 1065 1351 1092 per
1367 1063 1507 1092 peccatum
1524 1059 1679 1090 cecidisset,
1699 1059 1756 1092 ipse
1771 1058 1847 1084 veni-

1056 1107 1106 1133 ret,
1123 1103 1277 1136 redimeret,
1294 1104 1448 1130 sublevaret
1463 1105 1537 1131 illum
1556 1112 1570 1131 a
1589 1113 1653 1131 casu
1669 1104 1782 1138 p-ccati.
1802 1103 1847 1130 ln-

1055 1155 1136 1181 super
1159 1149 1243 1182 legem
1260 1149 1319 1175 ideo
1330 1149 1392 1176 tulit
1407 1149 1469 1184 (etsi
1496 1151 1624 1177 violatam
1644 1152 1676 1177 iri
1702 1159 1755 1177 non
1771 1152 1846 1185 igno-

1057 1195 1140 1227 raret)
1152 1201 1206 1228 quo
1223 1195 1430 1228 intelligeretur,
1447 1196 1533 1229 ipsum
1552 1203 1611 1223 esse
1628 1196 1782 1227 Dominum,
1798 1197 1845 1230 qui

1058 1239 1259 1266 condendarum
1288 1240 1376 1274 legum
1394 1241 1504 1267 haberet
1521 1237 1694 1275 potestatem,
1710 1242 1843 1268 Atiﬂllllllll

1056 1291 1120 1310 vero
1136 1289 1289 1312 creaturam
1304 1306 1311 1317 ,
1329 1291 1355 1312 et
1370 1294 1432 1313 cum
1449 1287 1493 1321 qui
1512 1287 1609 1314 merito
1625 1287 1731 1321 legibus
1749 1295 1844 1321 parere

1056 1328 1175 1356 deberet.
1192 1330 1325 1358 Praeterea
1344 1340 1398 1366 qtto
1415 1338 1553 1360 constaret
1571 1334 1684 1360 liberum
1699 1334 1844 1361 arbitrium

1055 1375 1095 1401 eis
1110 1376 1282 1410 peculiariter
1301 1384 1462 1405 concessum
1482 1386 1542 1406 esse
1567 1379 1648 1406 rebus
1672 1381 1770 1406 creatis
1784 1387 1844 1414 quae

1055 1422 1160 1449 ratione
1175 1422 1287 1456 pollent,
1307 1428 1335 1450 ut
1352 1431 1435 1458 penes
1450 1424 1524 1458 ipsas
1537 1430 1609 1452 essst
1624 1425 1665 1452 vel
1676 1433 1785 1452 scrvare
1799 1426 1843 1453 vel

1054 1466 1179 1502 frangere
1204 1468 1286 1502 leges.
1307 1468 1347 1496 Ad
1366 1469 1424 1496 [nec
1449 1470 1565 1496 sancivit
1590 1470 1675 1504 legem
1702 1469 1841 1504 Deusjam

1055 1518 1110 1540 tum
1127 1513 1273 1547 praesciens
1287 1514 1406 1541 futurum
1422 1520 1452 1542 ut
1465 1516 1622 1548 violaretur,
1650 1524 1704 1550 quo
1717 1524 1748 1543 ea
1763 1517 1844 1544 obse-

1053 1559 1143 1593 quiosi
1159 1567 1174 1586 a
1192 1560 1340 1587 rebellibus
1355 1566 1573 1592 seccrtterentur,
1591 1562 1727 1596 amicique
1742 1562 1776 1588 ab
1792 1563 1841 1588 ho-

1052 1605 1184 1636 stibus,et
1198 1605 1286 1640 legttm
1300 1607 1416 1634 cultores
1433 1615 1448 1634 a
1466 1608 1735 1641 prtevarieatoribus,
1756 1613 1838 1642 atque

1052 1657 1113 1676 cum
1140 1650 1248 1678 illorum
1262 1652 1366 1683 virtus,
1385 1658 1442 1679 tum
1459 1653 1556 1680 ltorunt
1575 1653 1710 1681 vitiasitas
1724 1654 1839 1681 manife-

1051 1697 1134 1723 staria
1148 1697 1222 1724 ﬁeret
1233 1716 1240 1728 ,
1255 1704 1524 1733 cognoscereturque
1539 1708 1545 1725 :
1563 1699 1668 1726 sublata
1686 1700 1757 1726 enim
1771 1700 1838 1734 lege,

1050 1741 1155 1768 nullum
1182 1742 1253 1769 inter
1278 1747 1411 1776 tttrosquc
1436 1744 1582 1771 discrimen
1604 1744 1695 1772 fuerit.
1715 1745 1748 1771 Et
1773 1753 1839 1772 vero

1050 1787 1120 1815 hanc
1134 1788 1214 1815 etiam
1230 1789 1265 1815 ob
1281 1797 1336 1816 rem
1354 1790 1406 1816 lata
1425 1798 1438 1816 a
1454 1790 1507 1817 Deo
1521 1792 1560 1818 lex
1577 1795 1630 1822 est,
1647 1799 1728 1826 quam
1747 1795 1838 1818 tamen

1050 1841 1102 1859 non
1115 1834 1252 1861 nesciebat
1265 1835 1518 1867 transiliendam,ne
1530 1843 1557 1864 ut
1569 1838 1738 1864 nesciremus
1748 1838 1836 1872 ipsum

1049 1879 1146 1905 merito
1159 1879 1219 1914 jure
1243 1881 1276 1907 iis
1296 1882 1342 1915 qui
1365 1881 1414 1914 legi
1440 1887 1565 1916 parerent
1594 1884 1742 1910 retribuere
1768 1883 1836 1910 deli-

1048 1923 1104 1950 cias
1120 1924 1213 1951 mundi
1227 1945 1234 1957 ,
1249 1931 1398 1960 contraque
1415 1927 1563 1954 rebellibus
1576 1936 1714 1954 aerumnas
1730 1928 1835 1954 tnundi.

1047 1968 1184 1996 Prtcterca
1210 1975 1239 1997 ul.
1266 1971 1282 1997 ii
1299 1972 1344 2006 qui
1371 1973 1474 1999 ratione
1501 1978 1626 2006 utuntur,
1654 1974 1835 2008 intelligerent

1047 2013 1119 2047 qttod
1136 2014 1219 2041 alium
1236 2015 1281 2043 ille
1299 2017 1396 2044 habeat
1420 2018 1551 2045 tnundum
1579 2019 1604 2045 in
1624 2027 1677 2054 quo
1697 2020 1791 2046 merita
1808 2021 1834 2047 in

1047 2066 1185 2094 quemque
1198 2061 1317 2088 conferet
1327 2063 1450 2096 praemia.
1467 2064 1587 2098 Denique
1600 2073 1653 2092 non
1667 2066 1718 2092 alia
1732 2067 1837 2093 ratione

1046 2105 1211 2139 praescripsit
1246 2106 1319 2133 illam
1347 2107 1452 2135 Adamo
1480 2109 1588 2143 legem,
1619 2119 1701 2144 quam
1733 2113 1837 2140 sciebat

1046 2150 1133 2184 ipsum
1150 2158 1385 2187 transgressurum
1399 2175 1406 2185 .
1423 2160 1505 2190 atque
1525 2161 1586 2189 post
1612 2157 1673 2184 aliis
1713 2159 1835 2185 mortali-

203 2181 367 2236 p‘robaretur
380 2203 392 2234 ,_
413 2183 486 2236 sicut
512 2185 550 2212 ait
577 2186 724 2222 Gregorius
749 2189 900 2226 Tltcologus
914 2193 969 2227 (l7)
984 2202 991 2221 :
1009 2187 1031 2215 ι)
1046 2197 1096 2223 bus
1111 2198 1173 2225 lidei
1191 2199 1276 2234 leges,
1293 2209 1346 2228 non
1364 2181 1473 2229 nescius
1501 2202 1634 2236 plurimos
1659 2203 1716 2231 fore
1743 2205 1833 2232 incre-

203 2227 284 2255 Dedit
305 2227 454 2263 (inquiens)
473 2231 558 2265 legem
572 2251 580 2264 ,
599 2234 738 2260 materiem
763 2235 847 2263 libero
865 2238 989 2266 arbitrio.

202 2271 282 2299 Sicut
311 2272 383 2300 enim
404 2281 452 2309 per
474 2274 545 2310 ligna
569 2277 718 2310 periculum
744 2279 774 2307 lit
791 2281 824 2308 de
841 2287 898 2309 arte
921 2284 989 2311 fabri

200 2317 321 2352 lignarii,
339 2327 373 2347 an
394 2321 477 2355 probe
491 2327 572 2356 atque
587 2329 680 2352 exacte
693 2332 751 2352 eam
766 2332 868 2360 teneat,
887 2337 920 2356 an
937 2330 989 2357 mi-

200 2363 351 2395 nime,item
363 2373 409 2399 per
418 2373 513 2393 anrtttn
523 2372 718 2404 argentumque
727 2371 759 2398 de
768 2373 899 2400 aurifabri
908 2380 986 2402 arte:

199 2410 237 2437 ita
262 2417 309 2444 per
335 2410 420 2446 legem
446 2413 549 2440 Adamn
576 2415 752 2444 constitutam
780 2419 923 2453 probatum
947 2426 990 2449 cst

199 2456 286 2490 ipsius
302 2456 416 2485 liberum
431 2459 587 2493 arbitrium,
600 2468 823 2499 compertumque
835 2465 987 2494 libertatem

175 2530 181 2537 ,
199 2500 285 2534 ipsius
298 2503 440 2530 remissam
460 2505 631 2540 solutamque
645 2515 706 2536 esse
723 2516 754 2536 ac
769 2511 854 2545 magis
872 2520 988 2547 propen-

198 2545 262 2573 dere
287 2547 321 2574 ad
338 2550 572 2582 prtevaricandum
590 2555 822 2590 peccandnmque.
845 2545 986 2585 Natnvva-

197 2590 297 2620 luisset
324 2594 434 2627 quidem
461 2597 607 2625 observare
635 2598 731 2634 legem,
760 2607 787 2628 et
811 2607 901 2630 tamen
931 2612 984 2632 non

196 2636 361 2670 observavit,
377 2641 465 2675 qualis
479 2650 545 2670 sane
560 2643 676 2672 facultas
696 2646 784 2675 brutis
798 2648 984 2677 animantibus

230 2725 252 2741 "
279 2728 358 2756 Rom.
378 2735 409 2761 tl,
428 2730 471 2757 15.
511 2731 533 2746 ⁷⁵
546 2731 640 2761 Matth.
663 2741 710 2767 vlt,
728 2735 772 2766 12.

227 2813 284 2849 (17)
300 2813 430 2845 Oratione
445 2817 473 2845 in
486 2816 575 2847 Natali
588 2819 700 2849 Christi.

809 2738 833 2754 "
859 2738 926 2767 Gen.
947 2747 984 2774 ix,
1002 2740 1028 2768 4.

1046 2243 1139 2269 (lnios.

1079 2287 1134 2314 Cur
1151 2289 1194 2317 (es
1207 2292 1378 2324 particularis
1392 2298 1489 2326 pra'ter
1502 2294 1650 2319 naturalem
1667 2293 1769 2321 Αιιαηιο
1784 2304 1832 2329 po-

1044 2335 1096 2362 sita
1121 2338 1212 2363 sit.—
1233 2337 1353 2365 Ulterius
1368 2344 1504 2373 quaerunt,
1521 2346 1582 2366 cum
1609 2345 1683 2366 esset
1708 2340 1830 2367 ΑιΙξινιὶιεΞ

1041 2380 1158 2407 naturali
1176 2382 1234 2415 lege
1249 2381 1412 2409 informatus
1425 2391 1486 2417 qum
1503 2384 1529 2409 in
1544 2383 1831 2418 conscientimjudicio

1043 2425 1130 2459 posita
1145 2431 1186 2454 est
1209 2427 1312 2454 bonutn
1327 2448 1333 2459 ,
1349 2436 1364 2455 a
1377 2429 1449 2456 malo
1466 2430 1662 2463 distinguente,
1684 2438 1733 2456 cur
1759 2431 1829 2458 hanc

1041 2470 1154 2498 alteratn
1172 2473 1362 2506 particularcm
1376 2475 1458 2501 etiam
1481 2474 1551 2501 Dens
1577 2476 1626 2509 ipsi
1645 2476 1826 2508 imperaverit.

1040 2524 1073 2542 nu
1087 2517 1178 2545 ederet
1193 2519 1225 2544 de
1240 2519 1337 2545 arbore
1351 2519 1492 2546 scientiae?
1513 2520 1561 2546 llic
1578 2521 1784 2552 respondemus,
1802 2520 1826 2546 id

1038 2560 1139 2589 factum
1155 2571 1218 2590 csse
1237 2571 1290 2598 quo
1314 2564 1446 2591 illustrior
1469 2571 1542 2592 essrt
1566 2566 1671 2592 bonitas
1691 2565 1827 2592 Creatoris

1036 2607 1143 2641 Adami,
1169 2613 1200 2636 ut
1222 2609 1268 2643 qtti
1296 2617 1350 2637 non
1377 2610 1440 2636 sivit
1466 2611 1556 2645 ipsum
1576 2611 1658 2638 rebus
1675 2610 1825 2646 tttajoribns

1036 2653 1157 2680 animum
1184 2662 1264 2682 suum
1291 2662 1424 2690 occupare
1440 2664 1447 2684 :
1464 2656 1560 2684 deinde
1586 2664 1618 2683 ne
1635 2665 1682 2691 per
1704 2664 1824 2684 errorem

1066 2742 1088 2759 "
1104 2742 1183 2771 Num.
1200 2752 1237 2777 \‘l,
1260 2745 1286 2773 ει.
1328 2745 1359 2761 ⁷⁸·
1375 2745 1447 2773 Psal.
1470 2753 1506 2779 ιιι,
1527 2746 1571 2774 Ql.
