2027 3077
180 152 233 182 533

178 261 254 283 num.
271 260 359 288 neque
384 263 467 289 supra
488 263 517 283 se
539 257 677 284 dotninum
693 257 776 284 alium
797 265 868 285 esse.
884 257 964 291 Nam,

180 299 253 326 verbi
271 301 367 334 gratia.
384 308 446 328 cum
466 303 703 331 animadvertisset
737 305 828 330 omnia
845 304 889 331 illa
905 312 965 338 (prae

181 345 231 372 sub
246 350 388 380 aspectum
405 347 506 374 eadunt
522 356 571 375 sua
589 356 671 376 causa
685 357 745 376 esse
760 349 853 376 effecta
868 357 882 376 a
902 350 965 380 Deo.

180 397 263 423 s--que
281 391 400 418 naturali
417 392 558 426 praeditum
584 394 617 420 ab
639 394 685 421 illo
699 395 869 428 cognitione.
885 398 966 429 atque

180 443 262 462 onine
285 443 373 470 genus
397 438 509 465 delicias
533 439 584 466 sibi
602 439 703 474 absque
725 440 780 466 ullo
797 440 910 467 molesto
928 440 966 466 la-

182 480 248 507 bore
264 480 291 507 in
306 487 433 516 promptu
446 491 518 514 esse,
534 484 651 518 denique
667 492 708 511 res
721 485 900 518 aspectabiles
914 485 964 512 sibi

182 525 331 553 Servientes
349 528 425 560 quasi
443 528 566 560 ancillas,
582 533 618 560 et,
637 533 665 555 ut
689 530 771 556 semel
789 530 888 561 dicam,
904 537 965 556 cum

181 569 296 598 vidisset
320 572 410 598 omnia
438 572 481 599 illa
502 573 571 599 bona
589 574 688 608 quibus
717 574 819 608 absque
844 574 966 601 molestia

182 621 229 643 aut
245 624 309 643 cura
326 617 511 645 obieetahatur
528 627 535 646 :
552 618 630 646 facile
648 620 733 653 ipsius
748 620 856 647 animus
871 627 903 646 ex
924 620 966 648 his

183 662 262 689 rrbus
285 670 333 697 per
363 665 545 698 arrogantiam
570 665 817 700 conﬁdentiamque
844 671 967 694 mutatus

183 708 233 734 sibi
261 710 440 742 persuasisset
453 730 461 742 ,
480 718 522 737 res
540 719 634 738 omnes
648 719 708 746 quae
727 712 843 739 condita:
865 717 967 744 essent.

181 755 213 780 ad
252 762 280 782 se
311 761 452 789 spectare,
481 764 568 791 neque
598 757 669 784 alius
698 758 878 784 dominationi
909 765 969 785 esse

183 799 320 834 subjectas
336 809 342 826 :
359 801 410 827 nisi
427 801 496 828 hanc
514 802 627 829 alteram
643 810 657 830 a
675 803 728 829 Deo
744 803 828 835 legem
845 804 968 838 accepis-

182 849 243 876 act.
258 845 291 871 de
314 852 366 871 non
383 847 517 879 gustanda
541 847 637 874 arbore
649 866 657 878 .
681 855 740 882 qua'
759 853 888 882 perpetuo
904 847 969 882 ipsis

752 155 800 185 DE
823 155 1021 186 PARADlSO.
1042 168 1076 175 -
1096 156 1193 187 PARS
1214 157 1238 187 Ῑ.

178 206 222 234 ille
238 207 416 238 existimaret.
435 215 465 236 se
480 216 572 236 rerum
596 211 765 238 conditarum
785 219 846 239 esse
874 212 962 239 domi-
978 218 999 245 Α

1745 160 1796 192 535

1015 212 1148 248 agendum
1180 212 1405 240 omittendumve.
1449 213 1488 241 Ad
1527 221 1588 242 eam
1627 215 1797 250 questionem

1015 258 1235 293 respondemus.
1263 266 1323 286 eam
1354 260 1603 294 concupiscentiam
1636 269 1697 295 qua:
1727 262 1798 289 circa

1015 304 1105 330 cibum
1138 309 1262 331 versatur
1293 305 1410 339 primum
1441 312 1501 332 esse
1529 306 1612 332 animi
1647 307 1731 333 nostri
1760 306 1800 334 ai-

1015 348 1136 381 feetum,
1176 357 1263 384 eoque
1305 353 1378 376 recte
1410 350 1524 383 primam
1568 350 1656 384 primo
1697 351 1799 378 homini

1015 394 1119 422 Adamo
1148 395 1234 429 legem
1267 395 1301 421 de
1328 394 1373 421 illa
1403 402 1464 422 esse
1495 395 1659 429 impositam.
1689 395 1742 423 Sed
1773 401 1800 422 ut

1016 439 1119 466 clarius
1148 439 1244 466 evadat
1268 439 1339 474 quod
1360 439 1489 471 dicimus.
1508 440 1584 466 multi
1600 445 1627 467 et
1652 441 1718 467 varii
1738 446 1802 467 sunt

1015 484 1127 511 aﬂ‘ectns
1139 485 1236 518 quibus
1266 490 1359 511 nostra
1375 485 1485 511 libertas
1504 485 1660 518 impellitur,
1685 493 1801 519 quorum

1017 530 1138 556 omnium
1156 531 1302 565 prazeipua.
1316 535 1340 557 el
1361 531 1441 557 veluti
1458 530 1533 557 radix
1550 536 1592 558 est
1608 531 1806 565 concupiscen-

1018 576 1066 602 tia.
1084 576 1145 602 Haec
1161 583 1241 609 porro
1256 575 1389 602 trifariam
1416 575 1546 602 dividitur
1571 584 1578 601 :
1605 583 1667 602 nam
1697 580 1744 602 aut
1769 575 1804 601 ad

1017 621 1119 648 ventris
1143 621 1288 655 ingluviem
1302 620 1430 655 pertinet,
1454 624 1501 646 aut
1515 619 1548 647 ad
1571 627 1652 654 opmn
1678 620 1806 654 pecunia-

1017 673 1132 700 rumque
1149 665 1300 697 avaritiam,
1317 670 1365 692 aut
1378 665 1410 691 ad
1427 665 1529 699 'gloriae
1554 664 1740 691 ambitionem.
1759 663 1806 691 llis

1017 711 1088 738 enim
1116 710 1204 737 tribus
1233 709 1404 737 aﬂectionum
1430 709 1575 744 generibus
1604 709 1807 743 comprehensae

1018 760 1146 783 tenentur
1160 763 1256 784 omnes
1270 763 1358 790 pravae
1376 755 1537 789 cupiditates
1554 762 1561 780 :
1580 759 1606 782 et
1622 755 1664 782 his
1694 755 1808 781 adortus

1007 805 1061 827 ‘est
1076 801 1185 835 quidem
1204 800 1319 828 Satanas
1338 800 1482 827 Dominum
1506 804 1629 827 nostrum
1648 799 1676 826 in
1690 800 1798 827 deserto

1020 850 1047 873 ct
1060 846 1087 872 in
1104 846 1184 879 urbe;
1202 853 1305 878 verum,
1323 845 1479 873 succubuit.
1494 844 1626 872 Caeterum
1644 845 1748 871 ventris
1760 852 1822 871 (ιιι--

183 889 329 916 observata
358 891 447 917 oculis
479 891 506 918 in
533 892 691 918 memoriam
720 897 893 926 mentemque
919 887 1005 927 ipsi“
1022 891 1132 927 piditas,
1168 891 1280 926 reliquis
1315 891 1422 920 duabus
1447 891 1592 919 violentior
1624 891 1813 926 diliiciliarque

184 939 325 961 revocaret
338 936 462 962 servilem
481 936 666 971 humilemque
681 945 758 964 suam
773 938 967 970 conditionem,

185 987 267 1012 seque
287 980 388 1014 habere
403 980 546 1008 Dominum
566 989 580 1008 a
595 990 648 1016 quo
663 983 797 1017 ejusmodi
817 984 857 1010 lex
875 984 907 1009 de
924 991 970 1010 ar-

184 1026 250 1053 bore
264 1027 315 1053 sibi
333 1030 404 1054 esset
427 1027 564 1061 imposita,
581 1032 662 1063 atque
678 1036 724 1056 eas
740 1029 812 1063 ipsas
830 1033 970 1056 creaturas

184 1079 245 1105 qua:
261 1072 311 1099 sibi
327 1072 458 1104 serviunt,
476 1072 508 1099 ad
525 1073 600 1100 illum
626 1081 705 1100 suum
737 1079 859 1108 spectare
881 1074 971 1100 Domi-

186 1123 261 1143 num.
291 1115 358 1143 Nam
387 1117 410 1144 si
436 1125 498 1144 cum
522 1118 606 1152 legem
634 1119 746 1145 haberet
764 1119 926 1150 naturalem.
944 1124 971 1146 et

184 1163 296 1196 insuper
311 1163 380 1189 hanc
397 1162 431 1189 de
454 1163 561 1196 arbore,
578 1171 638 1198 quze
652 1164 734 1190 veluti
760 1164 880 1198 adjutrix
898 1165 970 1192 illius

184 1212 267 1238 essat.
280 1213 370 1234 tamen
384 1208 499 1243 deliquit
514 1214 609 1243 suapte
620 1210 769 1239 voluntate.
780 1214 862 1244 atque
888 1210 971 1237 sedu.

184 1256 245 1279 ctus
262 1256 303 1279 est
325 1261 332 1279 :
350 1257 453 1287 quanto
471 1254 556 1287 magis
570 1259 709 1289 peccasset
725 1254 870 1288 lapsusque
885 1259 970 1287 esset,

184 1297 206 1323 si
223 1298 280 1324 haec
294 1297 327 1324 de
342 1298 440 1325 arbore
456 1298 497 1325 lex
512 1299 598 1334 posita
624 1299 675 1333 ipsi
699 1307 753 1326 non
770 1299 887 1331 fuisset?
902 1299 972 1326 Rur-

185 1350 244 1374 sus,
270 1343 292 1371 si
309 1347 405 1378 praeter
424 1345 498 1371 illam
519 1345 673 1372 naturalem
701 1345 786 1380 legem
809 1353 863 1372 non
889 1346 970 1373 etiam

187 1389 256 1416 lianc
288 1389 437 1417 interdictae
464 1391 572 1418 arboris
601 1392 770 1426 accepisset,
797 1391 973 1419 musitassent

187 1436 289 1464 morosi
307 1436 452 1468 homines,
471 1445 519 1464 cur
533 1445 587 1464 non
606 1437 724 1464 dedisset
744 1437 781 1464 illi
799 1437 869 1464 Deus
887 1438 972 1471 legem

186 1481 281 1512 aliam,
299 1489 386 1516 eaque
401 1481 553 1509 subsidium
569 1482 706 1509 attulisset
722 1482 879 1516 priusquam
896 1481 973 1508 labe-

187 1533 262 1555 retur
288 1534 335 1561 per
362 1528 525 1561 peccatum?
551 1527 634 1554 Recte
664 1527 748 1562 igitur
773 1527 843 1553 Deus
857 1527 974 1558 Adamo,

186 1577 334 1607 antequam
351 1578 473 1607 peccaret
485 1593 493 1605 ,
510 1573 579 1601 hanc
595 1574 678 1608 legem
695 1573 728 1600 de
742 1573 840 1600 arbore
856 1573 975 1600 scientiae

188 1619 329 1654 imposuit.
347 1619 408 1645 lieet
432 1623 564 1653 praeterea
589 1618 705 1645 naturali
729 1618 787 1652 lege
813 1618 975 1644 informatus

188 1669 270 1693 esset.
285 1663 356 1697 Quin
376 1664 426 1691 hoc
446 1664 558 1698 insuper
586 1665 657 1690 scire
683 1664 829 1694 convenit,
845 1671 897 1689 non
918 1662 975 1697 jam

190 1717 246 1738 tum
269 1710 412 1745 inquinan
429 1709 533 1736 Adamo
556 1710 672 1744 positam
697 1717 758 1736 esse
774 1717 788 1736 a
807 1709 861 1735 Deo
878 1709 976 1744 legem,

190 1756 236 1783 sed
257 1756 348 1782 adhuc
367 1763 434 1790 puro
450 1755 590 1790 proboque
614 1758 639 1782 et
656 1754 734 1781 veluti
751 1754 785 1781 ab
800 1754 874 1780 omni
898 1754 977 1780 vitio-

191 1801 272 1828 sitate
295 1801 452 1836 percolato;
476 1801 516 1828 sic
536 1800 609 1827 enim
636 1800 723 1834 ipsum
751 1800 919 1827 condiderat.
937 1799 977 1826 Ad

190 1849 247 1876 lure
264 1848 329 1875 illud
346 1848 427 1874 etiam
445 1847 594 1881 qureritur,
615 1855 664 1873 cur
683 1847 753 1874 Deus
770 1846 873 1873 Adamo
891 1846 977 1881 legem

190 1894 222 1920 de
233 1893 330 1920 arbore
345 1893 389 1920 illa
407 1893 592 1927 imperaverit,
608 1896 634 1919 ct
645 1899 698 1918 non
714 1892 746 1918 de
756 1891 808 1918 alia
819 1898 848 1917 re
866 1890 976 1926 quavis.

191 1939 394 1974 Respondemus
407 1943 496 1965 autem
511 1947 517 1965 :
530 1938 589 1971 Quo
601 1942 811 1972 cognosceretur
820 1937 892 1964 illius
902 1944 979 1964 amor

191 1993 254 2020 erga
278 1993 358 2012 suum
384 1989 523 2019 parentem
541 1983 637 2011 Deum.
663 1983 759 2010 Omnis
779 1983 850 2010 enim
876 1983 918 2009 lex
938 1982 978 2010 vel

193 2032 225 2058 ad
253 2038 372 2058 amorem
401 2031 427 2056 in
454 2030 558 2060 Deum,
577 2030 618 2055 vel
647 2029 679 2055 ad
706 2036 825 2055 amorem
849 2028 979 2056 adversus

192 2079 349 2114 proximum
366 2082 470 2110 spectat
485 2087 491 2104 :
511 2077 566 2111 jam
582 2084 645 2104 vero
667 2076 733 2103 nulli
753 2076 841 2102 adhuc
857 2076 980 2103 homines

193 2130 309 2157 usquam
323 2126 399 2149 erant
413 2142 420 2152 ,
436 2127 465 2149 ut
481 2121 609 2148 marrdare
626 2121 729 2147 Adamo
746 2126 835 2154 posset
852 2128 886 2146 ne
908 2120 981 2146 occi-

192 2170 280 2200 deret.
295 2174 339 2196 aut
350 2176 383 2195 nc
399 2168 582 2195 committeret
597 2167 771 2197 adulterium.
781 2167 822 2193 vel
834 2174 866 2193 ne
879 2166 980 2193 furtum

193 2216 304 2247 faceret,
326 2220 351 2241 ct
363 2222 423 2250 qua:
437 2219 501 2241 sunt
518 2213 597 2248 hujus
612 2213 720 2248 generis
745 2213 810 2240 alia.
831 2212 978 2239 illiusmodi

193 2262 264 2289 enim
275 2261 417 2296 praeceptis
427 2260 517 2287 nullus
529 2264 593 2286 tunc
610 2259 686 2286 locus
697 2265 756 2285 esse.
765 2259 860 2292 potuit.
870 2257 979 2292 quando

193 2307 259 2334 nulli
278 2311 358 2333 erant
373 2306 417 2332 alii
440 2306 563 2332 homines
577 2323 584 2336 ,
602 2304 716 2338 ideoque
734 2303 817 2336 legem
834 2302 867 2329 de
884 2303 980 2330 arbore

195 2351 307 2382 ferebat,
334 2358 386 2384 qua
416 2348 584 2377 observanda
605 2349 691 2383 pietas
722 2347 818 2374 Adami
850 2347 980 2375 adversus

195 2404 274 2424 suum
291 2396 462 2424 Comlitorem
479 2400 684 2429 agnosceretur.

231 2442 283 2470 Cur
311 2442 342 2468 de
371 2441 423 2468 tibi
456 2441 666 2475 concupiscentia
703 2440 743 2466 lea:
767 2440 868 2466 Adnnw
893 2439 980 2473 posita

195 2490 239 2516 sit.
251 2504 285 2509 κ
299 2488 419 2522 Denique
437 2491 463 2514 cl
477 2487 542 2514 illud
559 2487 627 2513 solet
640 2485 735 2521 qua-ri,
751 2493 801 2511 cur
815 2485 884 2511 Dens
896 2485 979 2518 legem

198 2535 301 2562 Adamo
317 2534 499 2568 imperaverit,
521 2540 581 2567 quae
605 2531 638 2558 ad
655 2531 707 2558 cibi
728 2531 979 2563 concupiscentiam

199 2584 343 2615 spectaret,
360 2587 414 2606 non
431 2579 463 2606 ad
487 2578 568 2605 aliam
591 2585 648 2604 rem
664 2576 832 2611 quampiam.
847 2575 981 2602 Potuisset

197 2626 269 2652 enim
287 2625 323 2652 illi
337 2625 390 2651 lata
409 2624 466 2658 lege
482 2623 610 2650 mandare
630 2627 658 2649 ut
674 2622 805 2656 quosdam
822 2621 982 2648 nominatim

199 2671 372 2706 praescriptos
388 2671 446 2697 dies
456 2669 566 2704 jejunus
580 2672 627 2695 aut
641 2667 764 2702 precibus
780 2674 878 2694 vacans
892 2671 983 2694 trans-

201 2717 295 2751 igeret.
314 2716 354 2743 vel
372 2724 401 2744 se
426 2723 480 2743 uuo
493 2715 644 2749 eodemque
671 2714 728 2740 loco
748 2721 794 2747 per
806 2721 855 2749 αις
883 2713 984 2740 immo-

200 2769 246 2790 tus
273 2762 444 2793 contineret.
471 2765 517 2788 aut
543 2759 700 2794 hujusmodi
728 2759 800 2785 aliud
842 2758 983 2794 quidpiam

237 2850 260 2869 "
277 2849 378 2878 Thrcn.
394 2856 412 2882 ι,
429 2849 470 2876 Η.
509 2847 531 2863 ⁷³
544 2846 639 2875 Matth.
654 2853 691 2880 tv,
707 2846 733 2873 4.

773 2847 794 2862 τ’
813 2845 880 2874 ibid.
893 2847 919 2873 5.

1021 936 1181 964 mortalibus
1198 937 1330 964 incumbit
1346 945 1354 964 :
1374 937 1447 972 quod
1465 938 1506 964 vel
1523 937 1588 965 hinc
1609 942 1726 969 constat.
1748 938 1812 971 quia

1020 983 1124 1018 absque
1140 983 1254 1017 pecunia
1266 986 1293 1009 et
1312 983 1396 1017 gloria
1416 983 1506 1010 vivere
1528 983 1653 1010 homines
1673 988 1784 1017 possunt
1803 991 1810 1009 :

1021 1033 1048 1054 at
1064 1028 1123 1054 sine
1146 1028 1206 1054 cibo
1225 1035 1277 1055 non
1290 1033 1404 1062 possunt
1421 1027 1490 1054 sicut
1509 1028 1578 1062 apud
1590 1026 1734 1055 Jeremiam
1749 1035 1813 1063 pro-

1020 1073 1128 1107 phetam
1157 1073 1286 1106 scriptum
1315 1077 1404 1100 exstat
1427 1082 1433 1099 :
1463 1072 1594 1100 Dedertmt
1611 1081 1652 1100 res
1667 1081 1729 1100 sua:
1751 1081 1813 1108 ρης

1021 1119 1103 1145 Ιίοεςιε
1123 1126 1170 1152 pro
1198 1119 1265 1150 cibo,
1293 1124 1321 1144 ut
1343 1119 1522 1144 instaurarent
1550 1119 1668 1145 animam
1690 1113 1813 1145 suam”.

1023 1163 1114 1197 Neque
1130 1164 1201 1190 enim
1215 1164 1358 1191 adversum
1377 1172 1424 1190 nos
1443 1163 1507 1190 facit
1520 1164 1586 1190 illud
1602 1165 1711 1191 Domini
1730 1165 1814 1192 nostri

1021 1209 1145 1235 dictum:
1170 1208 1231 1235 Non
1257 1210 1284 1234 in
1312 1209 1368 1235 solo
1388 1217 1455 1242 pone
1482 1210 1543 1236 vivit
1572 1210 1649 1236 homo
1670 1210 1702 1237 "'.
1732 1210 1815 1245 Igitur

1022 1255 1150 1289 quoniam
1172 1255 1244 1289 gula,
1257 1254 1343 1288 prima
1355 1259 1396 1281 est
1411 1255 1523 1282 innubis
1538 1255 1706 1289 perturbatio
1720 1255 1814 1285 animi.

1022 1304 1235 1327 consentaneum
1253 1304 1320 1332 erat,
1349 1300 1484 1334 utprimze
1504 1300 1571 1334 legis
1594 1300 1700 1326 Adamo
1727 1301 1815 1334 primo

1023 1346 1127 1373 homini
1145 1345 1262 1373 ferenda:
1292 1349 1365 1372 esset
1388 1345 1506 1373 Occasio.
1526 1346 1558 1372 Et
1587 1353 1652 1373 vero
1677 1346 1740 1380 quia
1768 1353 1832 1380 per.

1029 1391 1133 1418 ventris
1165 1391 1323 1426 ingluviem,
1355 1391 1464 1425 cibique
1491 1392 1671 1425 appetentiam
1701 1390 1817 1418 Satanas

1024 1436 1158 1463 Adamum
1169 1437 1280 1468 vicerat.
1297 1436 1400 1464 idcirco
1413 1441 1440 1464 et
1455 1436 1584 1464 Christus
1594 1437 1657 1464 inde
1673 1437 1816 1464 victoriam

1026 1489 1102 1508 suam
1123 1481 1254 1509 adversus
1269 1481 1344 1508 illum
1359 1482 1387 1508 in
1404 1482 1512 1508 deserto
1525 1487 1567 1508 est
1581 1482 1738 1516 auspicatus
1753 1490 1817 1510 cum

1026 1527 1063 1553 illi
1075 1526 1187 1558 diceret,
1204 1531 1233 1554 ut
1246 1531 1288 1553 est
1299 1527 1369 1560 apud
1386 1527 1477 1554 divutn
1490 1527 1642 1553 Matthamm
1658 1536 1665 1554 :
1683 1527 1713 1555 Si
1729 1527 1817 1554 Filius

1027 1571 1076 1598 Dei
1087 1579 1125 1604 ea,
1141 1572 1233 1600 dicito,
1255 1576 1284 1598 ut
1316 1571 1416 1606 lapides
1434 1572 1480 1599 isti
1507 1580 1587 1606 partes
1598 1572 1664 1606 ﬁant
1681 1573 1716 1599 ’⁸.
1733 1573 1819 1601 Porro

1027 1623 1091 1645 sunt
1107 1619 1153 1653 qui
1171 1617 1255 1646 Deum
1271 1618 1392 1652 culpent,
1416 1618 1489 1653 quod
1512 1618 1648 1646 Adamum
1666 1619 1820 1647 condiderit

1027 1664 1080 1691 cibi
1095 1664 1203 1691 avidum
1227 1671 1260 1691 ae
1278 1671 1426 1692 voracem:
1447 1669 1473 1692 et
1497 1665 1618 1696 interim,
1642 1666 1699 1700 lege
1714 1666 1779 1698 lata.
1803 1673 1819 1693 a

1028 1710 1088 1737 cibo
1101 1710 1263 1737 cohibuerit.
1282 1710 1334 1737 Sed
1359 1717 1408 1738 nos
1428 1710 1461 1738 ad
1481 1710 1540 1738 haec
1561 1710 1690 1742 dicimus.
1718 1711 1819 1738 nullam

1029 1756 1074 1783 hic
1092 1756 1119 1783 in
1132 1755 1217 1782 Deum
1246 1761 1397 1783 creatorem
1414 1764 1493 1790 posse
1504 1756 1610 1791 culpam
1627 1756 1755 1788 conferri,
1771 1757 1818 1784 sed

1030 1801 1056 1828 in
1069 1801 1156 1836 ipsum
1170 1801 1304 1828 Adamum
1314 1800 1476 1834 iustissime.
1504 1801 1583 1835 cujus
1596 1803 1729 1829 rationem
1741 1802 1819 1829 audi:

1029 1846 1163 1880 Cupidine
1187 1854 1248 1881 qua!
1265 1851 1306 1875 est
1323 1847 1349 1874 in
1366 1848 1456 1879 nobis.
1471 1852 1513 1875 est
1527 1852 1663 1882 quatenus
1684 1847 1769 1875 libere
1780 1847 1821 1874 uti

1033 1892 1212 1927 permittitur.
1229 1896 1271 1919 est
1287 1892 1368 1919 etiam
1384 1893 1428 1919 ubi
1445 1893 1595 1920 coercenda
1615 1891 1822 1926 cobibendaquu

1035 1943 1088 1965 est.
1105 1937 1142 1964 Ea
1171 1938 1253 1972 igitur
1265 1946 1328 1971 pars
1346 1938 1420 1964 illius
1437 1945 1498 1971 qua:
1511 1943 1604 1964 nostro
1616 1937 1677 1964 usui
1689 1936 1835 1971 permissa,

1031 1987 1083 2016 est,
1100 1983 1180 2017 culpa
1196 1987 1284 2014 vacat,
1300 1990 1389 2017 neque
1403 1983 1461 2017 lege
1480 1982 1619 2009 inhibetur
1639 1990 1645 2008 :
1664 1981 1753 2016 qualis
1769 1984 1822 2012 est,

1032 2033 1062 2056 ut
1078 2028 1203 2060 edamus,
1221 2033 1250 2055 ut
1263 2028 1397 2058 bibamus.
1410 2032 1439 2054 ut
1455 2027 1634 2057 dormiamus,
1645 2031 1725 2060 atque
1740 2025 1822 2059 hujus

1032 2073 1140 2108 generis
1153 2073 1205 2100 alia
1224 2073 1368 2100 faciamus.
1391 2071 1560 2099 Iicfreuanda
1578 2078 1642 2098 vero
1658 2070 1823 2098 coercenda-

1032 2126 1086 2153 que
1099 2119 1144 2146 illa
1161 2123 1216 2150 est.
1233 2126 1315 2153 quam
1331 2118 1372 2145 lex
1388 2122 1462 2151 vetat
1476 2116 1614 2149 exerceri;
1629 2116 1711 2142 veluti
1727 2115 1748 2142 si
1762 2115 1824 2150 quis

1034 2165 1148 2200 gulosus
1164 2165 1209 2196 sit,
1229 2164 1420 2195 autebriosus,
1433 2163 1474 2189 vel
1490 2167 1622 2190 scortator
1633 2166 1659 2188 et
1672 2161 1833 2196 hujustnodi-

1033 2210 1094 2236 aliis
1106 2209 1179 2237 vitiis
1195 2209 1312 2236 deditus.
1339 2208 1489 2236 Conﬁcitur
1514 2215 1588 2242 ergo,
1614 2207 1697 2234 Deum
1716 2207 1821 2234 Adamo

1034 2255 1120 2289 legem
1132 2255 1205 2282 illam
1217 2255 1417 2289 perscripsisse,
1437 2261 1489 2281 non
1509 2258 1538 2280 ut
1553 2261 1666 2288 prorsus
1681 2252 1748 2280 nihil
1763 2253 1827 2279 ede-

1034 2307 1086 2334 ret,
1105 2303 1151 2330 sed
1177 2307 1206 2329 ut
1219 2303 1253 2329 de
1271 2302 1379 2329 unailla
1401 2302 1500 2329 arbore
1527 2309 1579 2328 non
1602 2300 1704 2333 ederet.
1719 2299 1786 2327 Nam
1802 2299 1826 2326 si

1034 2348 1107 2375 nulla
1127 2348 1163 2375 illi
1183 2356 1230 2382 per
1251 2356 1310 2375 eam
1327 2348 1412 2382 legem
1431 2355 1460 2374 re
1477 2347 1548 2374 vesci
1565 2347 1696 2377 licuisset,
1713 2345 1826 2380 culpan-

1035 2396 1085 2422 dus
1101 2402 1194 2422 revera
1220 2393 1316 2421 fuisset
1332 2394 1404 2421 Deus
1432 2393 1582 2428 lcgislator.
1611 2393 1656 2427 qui
1686 2392 1761 2419 illam
1789 2391 1841 2418 ita.

1035 2440 1193 2468 condiderat
1208 2445 1238 2466 ut
1261 2439 1365 2466 edendo
1382 2439 1465 2466 vitam
1483 2438 1619 2466 sustinere
1645 2437 1766 2464 deberet.
1793 2436 1838 2463 At»

1034 2486 1143 2520 quando
1163 2485 1197 2512 ab
1216 2484 1297 2512 unica
1315 2484 1404 2520 ipsum
1420 2484 1553 2511 duntaxat
1568 2489 1665 2510 artiora
1679 2482 1827 2518 prohibuit.
1851 2482 1855 2509 Ξ

1035 2538 1124 2565 neque
1141 2529 1166 2557 id
1181 2531 1221 2557 vel
1233 2538 1278 2565 per
1294 2530 1422 2556 invidiam
1436 2529 1477 2556 vel
1491 2536 1539 2564 per
1555 2529 1648 2556 odium
1663 2537 1671 2562 ;
1689 2528 1736 2555 sed
1751 2531 1780 2555 ut
1794 2534 1828 2555 ex

1038 2577 1097 2611 ejus
1116 2577 1183 2611 legis
1194 2575 1384 2603 observatione
1398 2582 1509 2602 causam
1525 2575 1636 2602 haberet
1651 2574 1828 2610 permittendi

1037 2623 1134 2650 deinde
1146 2623 1196 2657 ipsi
1214 2626 1323 2657 gustare
1335 2621 1398 2648 vitae
1411 2621 1546 2652 arborem.
1559 2627 1614 2655 quo
1629 2621 1680 2654 vita
1697 2619 1826 2653 deinceps

1038 2667 1090 2694 frui
1114 2667 1279 2702 sempiterna
1306 2670 1421 2700 posset:
1439 2665 1511 2692 haud
1541 2665 1636 2692 insons
1653 2672 1719 2692 sane
1741 2663 1829 2690 videri

1039 2713 1085 2740 ille
1094 2712 1183 2746 ﬁdebat
1197 2711 1242 2744 qui
1268 2719 1323 2738 non
1341 2710 1479 2738 satiaverit
1495 2717 1571 2737 suam
1597 2710 1772 2744 cupiditatem
1793 2707 1829 2735 ab

1042 2759 1152 2794 reliquis
1168 2757 1328 2791 arboribus;
1344 2763 1430 2791 neque
1445 2755 1550 2785 unicam
1566 2755 1640 2783 illam
1658 2754 1759 2788 vitarit,
1773 2760 1830 2788 qua
