2027 3077
245 155 298 186 535

877 153 993 184 MOSIS
1013 151 1089 182 ΒΑΗ
1107 151 1229 183 CEPHA

1817 147 1869 179 536

245 211 334 238 fuerat
353 210 405 239 sibi
423 210 604 239 interdictum.
619 210 685 238 Nam
705 214 734 238 ut
747 215 850 238 caeteras
877 218 971 238 omnes
984 217 1031 237 vc-
1046 209 1070 238 Α
1084 209 1156 236 tione
1169 214 1197 236 et
1212 216 1272 244 quae
1299 208 1389 235 anima
1404 210 1508 238 carent,
1526 208 1632 233 naturae
1656 204 1757 239 impetu
1788 207 1869 238 atque

245 255 302 282 lita!
323 255 448 288 fuissent,
464 255 576 290 solaque
597 262 650 282 una
678 262 820 289 concessa,
845 255 917 283 nulla
938 259 1027 283 tamen

245 302 334 336 ipsum
350 301 500 336 subegisset
516 301 663 328 necessitas
673 301 707 328 de
719 300 884 336 reliquarum
898 308 950 328 una
961 308 1029 336 qua-

245 346 317 381 piam
334 351 451 382 gustare,
467 351 568 381 quanto
582 346 673 374 minus
691 354 752 374 cum
766 355 860 375 omnes
872 353 969 382 praeter
983 355 1028 374 so-

246 392 298 419 lam
312 399 393 419 unam
417 392 553 427 permissae
584 397 684 425 essent,
711 393 764 420 ulla
779 393 866 427 ipsum
895 393 1028 427 compulit

245 438 286 464 vis
299 444 358 465 eam
374 444 454 465 unam
474 437 596 465 arborem
612 438 722 465 vetitam
749 439 893 473 attingere.
918 438 1028 466 Certum

219 475 228 511 ἱ
244 481 327 516 igitur
345 488 376 509 ex
402 481 446 509 his
461 482 561 514 evadit,
583 482 689 516 cuipam
714 483 741 510 in
769 482 872 510 Adamo
886 483 1029 515 inhaerere,

242 533 298 552 non
318 526 345 553 in
377 526 462 561 ipsius
486 527 612 554 eﬂ‘eetore
630 527 696 555 Deo.
723 527 776 554 Sed
796 533 823 556 et
839 528 904 555 illud
923 529 1030 563 disqui-

244 570 360 598 rendum
398 576 468 599 est:
493 571 581 599 soliuc
610 572 714 600 Adamo
740 573 825 607 legem
857 574 1031 608 imperaverit

241 617 326 648 Deus,
337 623 371 643 an
385 623 447 643 vero
472 616 554 644 etiam
568 617 673 645 caeteris
687 618 769 645 rebus
784 617 847 645 dum
868 618 940 652 ipsas
966 625 1032 645 con-

246 659 335 693 deret,
364 668 429 688 suas
453 662 551 696 cuique
569 661 641 697 leges
657 662 783 690 dederit?
800 663 919 690 Dicimus
930 668 1032 695 autent,

243 706 372 735 omnibus
414 707 496 735 rebus
540 714 603 735 esse
646 708 749 742 positas
781 708 855 742 leges
888 718 895 736 :
930 709 1033 736 ratione

244 751 379 786 praditis,
392 756 419 780 et
435 753 549 780 rationis
563 754 730 788 expertibus,
749 754 919 784 mortalibus.
939 758 965 782 et
984 754 1034 792 im-_

245 797 426 831 mortalibus;
446 798 583 830 animatis,
613 803 640 826 et
664 799 837 833 inanimatis;
866 807 925 834 quae
951 806 1032 827 sensu

246 842 445 877 percipiuntur,
474 848 500 871 et
518 851 578 878 qua:
606 851 715 871 sensum
748 852 855 872 omnem
889 844 1030 879 effugiunt.

245 887 326 922 Nam,
342 888 428 923 (verbi
446 889 555 924 gratia),
573 889 675 924 angelis
697 890 812 924 primam
839 890 923 926 legem
949 891 1032 918 dabat

245 941 309 961 cum
339 933 414 969 ipsos
435 939 553 967 crearet,
583 935 712 963 adversus
734 943 815 970 quam
840 936 1032 970 praevaricator

246 979 342 1012 Satan,
363 986 424 1006 cum
441 979 499 1007 suis
516 980 601 1014 copiis
621 980 712 1015 lapsus
726 985 786 1014 est;
801 981 900 1009 deinde
917 983 1030 1010 alteram

247 1024 305 1052 illis
320 1031 431 1052 rursum
445 1024 528 1052 dabat
540 1025 637 1061 legem,
653 1031 681 1053 ut
698 1034 741 1054 res
756 1031 853 1054 natura
873 1032 1033 1062 eorporatas

247 1069 480 1104 administrarent,
504 1075 587 1106 atque
613 1072 670 1099 haec
691 1072 819 1100 inferiora
842 1077 869 1100 et
883 1081 1033 1109 cognosce-

247 1119 310 1142 rcnt
324 1119 351 1142 et
366 1116 569 1151 gubernarent;
593 1117 648 1151 ipsa
668 1118 772 1145 scilicet
784 1123 888 1146 naturae
900 1119 1032 1146 elementa

248 1164 350 1194 etquae
368 1169 401 1188 ex
429 1162 571 1190 elementis
588 1163 739 1198 composita
770 1167 835 1191 sunt
855 1171 979 1197 corpora,
1003 1169 1034 1192 ut

248 1207 287 1233 ait
305 1205 472 1235 Philoxenus
495 1215 620 1235 sermone
638 1208 671 1235 de
690 1210 788 1236 arbore
805 1209 876 1236 vitae.
905 1209 1034 1238 Similiter

250 1255 278 1277 ct
295 1251 365 1278 coelo
380 1256 406 1278 et
423 1256 502 1278 terra:
517 1252 602 1286 legem
622 1253 724 1287 posuit,
739 1258 767 1280 ut
787 1254 814 1280 in
829 1261 920 1281 rerum
936 1259 1033 1282 natura

251 1296 440 1330 perdurarent,
457 1301 486 1323 ιιι
510 1297 548 1324 ait
560 1297 643 1325 David
661 1307 668 1326 :
689 1298 824 1326 Stabilivit
838 1305 936 1326 terram
952 1307 1034 1334 supra

251 1341 339 1372 [utrm
355 1350 403 1368 sua
415 1341 448 1368 '°.
466 1342 572 1371 Rursus
592 1343 641 1371 soli
663 1347 690 1370 et
706 1344 777 1371 inme
796 1345 955 1380 exterisque
970 1346 1035 1373 stel-

252 1387 289 1414 lis
302 1394 368 1415 suas
387 1387 553 1422 prtescripsit
574 1388 657 1424 leges,
682 1390 782 1424 quibus
806 1395 896 1418 motus
911 1392 1032 1426 ipsorum

251 1432 390 1467 aequalitas
420 1434 532 1468 regitur,
558 1434 622 1462 dum
651 1442 725 1462 nunc
755 1436 887 1463 accedunt
911 1437 1032 1472 propius,

251 1485 325 1505 nunc
339 1479 485 1511 recedunt;
503 1479 582 1514 juxta
596 1479 660 1507 illud
677 1480 799 1515 ejusdem
818 1481 927 1510 Davidis
943 1491 951 1510 :
969 1483 1034 1510 Sta-

250 1525 301 1551 tuit
320 1525 404 1559 ipsam
426 1525 590 1552 insecutum
604 1526 705 1559 seculi,
720 1527 802 1563 legem
827 1528 909 1562 dedit,
931 1533 956 1556 et
983 1537 1033 1556 non

249 1571 441 1604 praeteribit".
462 1570 585 1607 Denique
602 1577 628 1599 et
646 1580 721 1600 mare
743 1581 820 1601 suam
834 1582 849 1601 a
872 1574 926 1602 Deo
948 1575 1032 1610 legem

250 1616 454 1652 acccpit,ipsam
463 1625 591 1652 arenam;
603 1619 634 1645 ad
646 1627 726 1653 quam
733 1620 796 1647 dum
809 1621 944 1649 inundans
955 1626 1035 1656 atque

251 1670 416 1696 procurrens
426 1664 564 1699 pertingit,
583 1665 689 1692 sistitur
704 1673 792 1700 neque
807 1666 892 1701 ipsam
907 1669 1034 1702 praeterit.

251 1707 323 1740 Quin
342 1712 368 1735 et
384 1708 487 1742 herbis,
507 1710 667 1744 seminibus,
684 1711 827 1739 arboribus
851 1712 893 1739 lex
908 1712 970 1740 data
984 1717 1035 1744 est.

253 1756 283 1778 ut
308 1752 452 1785 pullulent,
476 1759 687 1790 augescantque.
715 1755 860 1784 Postremo
887 1758 1035 1785 animantia

253 1798 345 1825 omnia
360 1806 422 1832 qua:
441 1800 546 1828 ratione
566 1805 666 1834 carent,
683 1802 801 1836 generali
815 1803 866 1831 hac
879 1803 936 1838 lege
949 1803 1036 1831 infor-

254 1844 349 1876 mavit,
365 1849 395 1872 ut
411 1852 455 1873 res
470 1853 551 1874 sensu
582 1854 633 1874 suo
657 1847 795 1883 percipere
817 1853 844 1876 et
871 1854 946 1876 motu
977 1857 1036 1878 sese

253 1890 356 1925 agitare
374 1896 485 1926 queant.
520 1891 655 1920 Caeterum
684 1893 809 1922 leonibus
836 1895 1037 1929 particulariter

252 1936 393 1965 audaciam
406 1945 456 1972 pro
473 1938 531 1973 lege
556 1938 644 1971 dedit;
675 1939 825 1974 leporibus,
846 1941 1035 1975 timiditatem;

250 1982 406 2016 pantheris,
419 1984 550 2018 unguenti
567 1991 706 2015 amorem:
723 1986 859 2021 vulpibus,
877 1985 1036 2014 fraudulen-

250 2029 316 2056 tiam
332 2033 413 2065 atque
426 2030 578 2063 astuciam;
597 2031 684 2065 agnis,
705 2040 799 2067 puram
815 2033 1014 2068 simplicitatem
1028 2043 1034 2068 ;

252 2075 362 2110 aquilis.
393 2083 493 2103 saevam
520 2077 712 2111 rapacitatem;
736 2078 880 2112 columbis,
906 2079 1036 2107 innocen-

251 2121 338 2154 tiam;
368 2126 449 2156 atque
476 2122 512 2149 ita
538 2123 572 2150 de
585 2124 690 2150 caeteris
704 2123 808 2160 legibus
825 2125 1036 2159 particularibus

249 2175 338 2202 quam
357 2167 412 2195 Deo
440 2167 602 2201 bestiarum,
623 2169 725 2203 avium,
752 2171 891 2205 reptilium
917 2171 1036 2208 denique

1079 255 1221 282 ellicientia
1235 255 1370 282 ducuntur
1386 257 1415 280 ut
1427 252 1532 287 legibus
1546 250 1602 279 suis
1616 250 1814 284 obsequantur.
1827 250 1869 277 Ad

1079 300 1154 328 haec:
1170 299 1303 332 homines,
1319 299 1342 326 si
1361 299 1465 330 volunt,
1479 301 1610 329 servant;
1638 296 1661 323 si
1691 296 1790 322 nolunt
1813 303 1868 322 non

1079 350 1188 374 servant
1204 353 1268 374 suas
1286 346 1357 381 leges
1375 353 1383 372 ε
1405 345 1521 378 pendent
1546 343 1618 370 enim
1629 350 1661 370 ex
1679 343 1765 369 libero
1778 341 1869 368 lmini-

1081 400 1144 419 num
1155 391 1315 419 arbitrio.At
1326 391 1402 418 aliter
1416 398 1445 418 se
1460 389 1559 416 habent
1572 396 1665 415 earum
1679 395 1769 415 rerum
1787 387 1870 421 leges,

1080 444 1141 470 quae
1163 437 1269 463 ratione
1283 440 1310 464 et
1333 443 1393 471 qua:
1423 443 1505 463 sensu
1530 438 1646 466 vacant;
1674 440 1762 468 neque
1794 433 1867 459 enim

1080 484 1132 515 leo,
1153 487 1179 510 et
1207 482 1294 509 audax
1327 486 1353 509 et
1371 481 1484 508 timidus
1509 488 1569 507 esse
1598 484 1704 514 potest;
1728 485 1816 511 neque
1833 478 1870 503 le-

1081 536 1142 563 pus,
1160 527 1274 562 pavldus
1290 530 1317 554 et
1328 526 1490 560 impavidus,
1507 525 1553 552 sed
1566 531 1618 552 una
1631 523 1743 549 audacia
1759 522 1869 548 leonum

1081 580 1132 605 est,
1151 581 1233 608 pavor
1248 580 1312 601 vero
1329 573 1403 600 solus
1420 572 1554 606 leporum.
1575 569 1667 604 Neque
1692 572 1723 595 ut
1749 568 1791 595 lro
1815 576 1870 595 non

1081 621 1115 648 sit
1132 621 1235 652 audax,
1254 619 1297 646 vel
1320 619 1395 653 lepus
1423 625 1478 645 non
1501 616 1581 652 fugax
1607 615 1665 642 lieri
1685 619 1780 650 potest.
1796 613 1870 640 Con-

1083 671 1242 694 sentaneum
1259 665 1340 699 igitur
1356 669 1409 697 est,
1427 663 1482 690 haec
1499 663 1521 690 si
1543 662 1600 690 suis
1622 661 1724 697 legibus
1743 665 1869 695 pareant,

1084 720 1136 739 non
1161 712 1220 739 ideo
1235 711 1316 746 digna
1328 717 1391 738 esse
1406 709 1528 745 praemio,
1542 709 1652 743 quando
1675 708 1748 734 nulla
1765 706 1870 733 arbitrii

1083 758 1208 785 libertate
1224 757 1338 791 pollent,
1355 756 1400 783 sed
1415 759 1519 782 naturae
1534 753 1651 781 vinculis
1668 753 1813 780 constricta
1833 755 1872 778 te-

1084 808 1181 831 nentur
1198 811 1204 829 :
1223 810 1273 830 nos
1289 809 1353 830 vero
1378 802 1419 828 vel
1439 802 1594 832 observare,
1620 799 1662 826 vel
1681 798 1782 825 violare
1799 798 1871 832 leges

1084 849 1162 876 nobis
1178 848 1326 882 imperatas
1346 847 1468 882 quimus,
1489 846 1631 873 Postremo
1648 845 1700 872 hoc
1715 844 1795 871 etiam
1823 843 1873 870 ad-

1084 895 1201 922 dendum
1222 893 1274 920 huc
1300 893 1438 923 duximus,
1460 891 1539 919 nobis
1564 891 1677 924 insuper
1690 896 1750 916 esse
1770 888 1872 914 inditas

1085 940 1165 967 etiam
1180 939 1264 973 leges,
1287 937 1341 964 illis
1363 937 1467 972 legibus
1499 939 1685 964 creaturarum
1709 934 1814 961 ratione
1843 936 1871 958 et

1085 993 1165 1012 sensu
1206 984 1357 1011 carentium
1405 982 1520 1010 similes.
1548 981 1630 1008 Verbi
1655 980 1755 1015 gratia;
1784 979 1872 1006 oculis

1085 1031 1185 1058 nostris
1199 1029 1278 1056 insita
1295 1033 1335 1056 est
1354 1036 1369 1056 a
1385 1028 1439 1055 Deo
1453 1028 1492 1055 lcr
1510 1027 1630 1058 videndi,
1644 1026 1767 1058 auribus,
1795 1026 1873 1053 audi-

1085 1077 1169 1110 endi;
1199 1076 1300 1111 palato.
1319 1074 1465 1110 gustandi;
1494 1074 1615 1106 natibus,
1636 1073 1783 1104 odorandi;
1807 1080 1872 1098 ven-

1086 1123 1194 1155 triculo,
1216 1120 1424 1156 concoquendi;
1444 1125 1526 1155 atque
1543 1120 1579 1147 ita
1606 1120 1713 1147 ereteris
1740 1119 1872 1146 membris

1086 1175 1148 1195 suas
1166 1167 1262 1194 indidit
1277 1174 1365 1194 rerum
1379 1166 1473 1201 Opilex
1495 1165 1666 1193 emcacitates
1682 1173 1731 1200 pro
1746 1165 1849 1200 legibus
1863 1173 1869 1189 :

1087 1214 1156 1247 Quia
1172 1221 1222 1248 quo
1239 1213 1281 1239 die
1292 1213 1409 1239 camertes
1437 1212 1468 1238 de
1482 1220 1524 1242 ea,
1549 1217 1631 1238 morte
1650 1211 1782 1238 morieris.
1809 1209 1871 1237 Haec

1087 1259 1175 1287 oratio
1194 1259 1284 1286 minas
1311 1263 1500 1292 terroremque
1529 1257 1662 1289 continet,
1677 1261 1706 1283 ut
1730 1264 1782 1290 qua
1802 1257 1872 1283 Deus

1087 1305 1201 1337 Adamo,
1222 1305 1244 1332 si
1272 1304 1494 1338 prmvaricaretur
1506 1308 1532 1330 ct
1547 1303 1579 1330 de
1595 1303 1691 1329 arbore
1709 1302 1752 1329 illa
1769 1302 1871 1334 ederet,

1087 1350 1258 1377 obnuntiavit
1275 1349 1437 1384 perieulum.
1454 1348 1505 1376 Sed
1516 1347 1656 1383 quaeritur,
1676 1355 1730 1382 qua
1742 1347 1774 1373 de
1788 1354 1871 1374 causa

1087 1395 1124 1423 illi
1144 1396 1179 1422 sit
1194 1395 1382 1422 interminans.
1395 1394 1492 1422 Facilis
1508 1398 1549 1421 est
1567 1393 1720 1427 responsio.
1732 1397 1762 1420 ut
1776 1401 1789 1419 a
1807 1393 1868 1420 vio-

1088 1441 1166 1468 landa
1176 1440 1394 1476 lege,iliiusmodi
1411 1440 1503 1470 tninis,
1517 1444 1543 1466 et
1555 1446 1642 1473 poenae
1656 1438 1778 1474 periculo
1794 1438 1871 1465 coiti-

1088 1487 1207 1518 beretur,
1225 1493 1306 1520 quam
1326 1485 1378 1513 sibi
1390 1485 1560 1519 delinquenti
1588 1489 1687 1519 praesto
1717 1483 1870 1512 adfuturam

1048 1547 1070 1576 ο
1088 1533 1234 1567 prmsciret.
1251 1531 1336 1566 Leges
1348 1531 1418 1558 enim
1436 1539 1484 1565 per
1498 1535 1552 1558 tres
1573 1537 1671 1557 causas
1695 1530 1751 1557 fere
1775 1530 1871 1557 obser-

1087 1582 1202 1604 vantur:
1220 1582 1266 1604 aut
1277 1584 1324 1610 per
1336 1583 1456 1603 amorem
1467 1583 1520 1610 quo
1532 1575 1713 1610 legislatorem
1731 1576 1873 1610 prosequi-

1087 1631 1159 1656 mur,
1177 1626 1225 1650 aut
1249 1630 1296 1656 per
1313 1622 1415 1657 prtrmii
1433 1629 1508 1656 spem
1523 1622 1594 1655 quod
1613 1621 1770 1655 parentibus
1792 1620 1872 1647 nobis

1087 1669 1255 1704 propositum
1273 1672 1324 1699 est,
1338 1672 1385 1695 aut
1401 1667 1518 1702 denique
1532 1675 1578 1701 per
1591 1671 1692 1693 metum
1707 1674 1793 1701 ptenae
1811 1673 1871 1700 quze

1089 1714 1264 1748 peccantibus
1279 1718 1320 1741 est
1336 1713 1497 1748 praestituta.
1520 1712 1577 1739 lluc
1594 1713 1675 1747 igitur
1698 1716 1802 1746 spectat
1829 1711 1874 1738 illa

1087 1760 1263 1787 couuninatiu
1288 1767 1340 1793 qua
1359 1766 1424 1786 usus
1440 1759 1509 1785 Deus
1526 1759 1563 1785 ait
1583 1767 1590 1786 :
1607 1757 1665 1790 Quo
1691 1758 1733 1784 die
1754 1758 1874 1784 comede:

1087 1806 1119 1833 de
1129 1813 1170 1838 ea,
1186 1809 1270 1831 morte
1283 1805 1422 1836 morieris;
1440 1809 1468 1831 ut
1495 1804 1518 1831 si
1532 1804 1576 1831 ille
1602 1803 1739 1838 prioribus
1767 1804 1875 1831 duabus

1088 1851 1178 1878 causis
1200 1850 1272 1877 haud
1292 1849 1467 1876 induceretur
1489 1849 1522 1876 ad
1540 1849 1702 1884 parendum,
1734 1853 1873 1883 postrema

1088 1898 1183 1924 saltem
1199 1896 1256 1923 luce
1273 1895 1282 1928 (
1297 1894 1422 1930 supplicii
1434 1898 1506 1921 metu
1529 1894 1601 1929 dico)
1616 1894 1642 1921 in
1667 1894 1756 1921 ofﬁcio
1784 1895 1873 1929 ipsum

1087 1942 1249 1969 contineret.
1269 1940 1336 1967 Nam
1359 1945 1386 1967 et
1412 1939 1478 1966 illud
1503 1947 1612 1974 quoque
1637 1939 1823 1974 intelligimus,
1843 1944 1873 1967 ut

1090 1995 1196 2022 poenam
1211 1986 1328 2013 minatus
1343 1990 1385 2014 est
1400 1986 1519 2019 peeeauti
1537 1985 1620 2017 Deus,
1638 1986 1675 2012 ita
1691 1990 1717 2012 et
1731 1985 1873 2020 praemium

1088 2039 1148 2059 esse
1165 2032 1314 2067 pollicitum
1332 2031 1504 2066 obsequenti,
1519 2031 1642 2065 quamvis
1660 2030 1712 2058 hoc
1727 2038 1815 2066 neqttc
1831 2031 1874 2058 di-

1091 2079 1161 2106 xerit
1185 2085 1273 2112 neque
1291 2078 1430 2113 scripserit
1449 2077 1527 2104 divus
1544 2076 1645 2109 Moses,
1668 2077 1715 2103 sed
1731 2081 1875 2104 contentus

1089 2132 1174 2160 poema
1187 2124 1354 2154 meminisse.
1370 2123 1403 2151 de
1421 2122 1534 2158 praemio
1557 2122 1682 2150 tacuerit.
1708 2121 1876 2149 Promiserat

1089 2171 1173 2203 enim,
1197 2171 1220 2198 si
1239 2171 1332 2206 positae
1357 2170 1408 2204 legi
1431 2173 1547 2204 pareret,
1571 2169 1768 2203 permissurum
1794 2176 1822 2196 se
1838 2168 1874 2195 illi

249 2213 356 2241 naturis
384 2218 447 2241 sunt
473 2213 618 2248 impositae,
642 2214 713 2242 sicut
741 2215 844 2250 prolixe
867 2217 982 2244 antehac
1007 2218 1033 2244 in
1052 2216 1074 2243 ι)
1089 2221 1117 2244 ut
1130 2217 1162 2244 de
1174 2217 1272 2244 arbore
1300 2216 1362 2243 vita:
1383 2215 1484 2247 ederet,
1511 2219 1592 2249 atque
1619 2214 1655 2240 ita
1671 2214 1753 2240 vitam
1773 2214 1876 2241 viveret

249 2266 283 2286 eo
304 2259 374 2286 libro
398 2267 478 2294 quem
494 2258 528 2286 de
547 2267 593 2287 sex
615 2259 712 2288 diebus
727 2259 849 2294 fecimus,
868 2269 882 2288 a
902 2262 979 2290 nobis
993 2267 1034 2290 est

250 2309 400 2332 ostensum.
419 2305 539 2340 Denique
555 2305 715 2340 interrogavi
732 2307 810 2340 solet,
827 2307 926 2342 quibus
951 2308 977 2335 iu
994 2316 1036 2335 rc-

249 2351 300 2378 bus
320 2350 446 2378 diﬂ‘eraut
459 2357 498 2377 ea:
514 2351 586 2386 leges
602 2358 670 2385 quas
685 2351 758 2379 Deus
770 2352 897 2387 impOsuit
913 2353 1037 2380 animan-

248 2398 323 2426 tibus
335 2395 448 2424 rationis
464 2396 630 2431 expertibus,
647 2397 782 2431 rebusque
798 2397 857 2425 aliis
873 2399 1036 2432 corporalis,

248 2451 310 2478 quae
324 2448 352 2470 et
367 2443 457 2470 anima
472 2446 499 2470 et
514 2450 595 2470 sensu
610 2447 715 2475 carent,
736 2443 771 2470 ab
786 2443 839 2471 illis
850 2443 955 2478 legibus
966 2452 1034 2479 quas

250 2488 406 2516 hominibus
435 2488 600 2523 praescripsit
631 2493 657 2516 et
677 2488 738 2516 aliis
767 2490 898 2517 creaturis
930 2491 1035 2518 ratione

249 2535 382 2570 praeditis.
406 2535 445 2562 Ad
461 2535 512 2563 boc
527 2534 734 2570 respondemus,
749 2534 874 2569 plurimis
893 2542 939 2562 eas
965 2535 1035 2562 inter

249 2588 276 2608 se
289 2581 376 2608 modis
391 2580 510 2610 diﬂ‘erre.
532 2580 599 2607 Nam
616 2580 702 2615 legum
719 2588 779 2615 qua:
799 2580 955 2608 hominibus
976 2581 1036 2608 latae

250 2631 324 2659 sunt,
344 2627 370 2654 in
385 2627 443 2663 ipsa
454 2626 686 2661 voluntateposita
703 2630 745 2654 est
753 2626 922 2658 observatio;
940 2633 1033 2654 earum

250 2674 414 2709 verolegum
430 2674 553 2702 custodia
582 2680 642 2707 quae
674 2680 724 2700 nec
754 2671 845 2699 anima
872 2679 922 2699 nec
952 2679 1033 2700 sensu

250 2719 370 2754 praeditis
409 2719 492 2746 rebus
530 2717 664 2753 impositae
693 2722 768 2750 sunt,
800 2709 912 2752 in'ipsa
940 2724 1033 2744 rarum

251 2769 347 2791 natura
364 2767 405 2791 est
423 2763 485 2791 sita.
507 2762 577 2790 Tum
594 2762 719 2790 homines
741 2762 863 2790 doctrina
882 2761 1036 2789 formantur

250 2810 283 2837 ad
304 2809 471 2844 praestandas
487 2809 561 2844 leges
573 2815 642 2843 quas
664 2808 782 2840 debent;
801 2812 829 2836 at
848 2815 879 2837 ea
907 2815 967 2844 qua:
990 2815 1033 2836 ra-

285 2858 309 2874 "
327 2857 401 2886 Psal.
414 2865 469 2890 cm,
484 2857 511 2886 5.
550 2855 571 2873 "
585 2856 656 2885 Psal.
668 2863 777 2890 cxtvm,
789 2855 816 2884 6.

1087 2263 1291 2297 sempiternam,
1311 2261 1527 2295 immortalisque
1553 2260 1688 2291 evaderet,
1706 2259 1788 2293 idque
1811 2259 1876 2286 hinc

1088 2313 1205 2340 constat,
1226 2307 1298 2342 quod
1315 2307 1360 2334 ubi
1377 2306 1477 2334 edisset
1493 2306 1612 2333 Adamus
1624 2304 1658 2331 de
1677 2305 1774 2331 arbore
1789 2305 1876 2332 scien—

1089 2354 1142 2386 tite,
1158 2353 1255 2380 dixerit
1271 2352 1361 2379 Deus:
1381 2350 1421 2378 Ne
1436 2351 1504 2386 forte
1522 2350 1646 2377 extendat
1664 2357 1772 2376 manum
1784 2358 1873 2380 suam,

1089 2405 1113 2427 et
1130 2404 1216 2426 sumat
1234 2399 1266 2425 de
1280 2398 1373 2424 arbore
1395 2398 1465 2430 vim,
1485 2397 1596 2431 adatque
1611 2404 1642 2422 ac
1655 2396 1724 2422 vivat
1739 2396 1765 2422 in
1781 2404 1876 2430 perpe-

1090 2450 1135 2471 tuo
1153 2453 1159 2472 :
1173 2449 1314 2479 prwterea,
1327 2444 1397 2477 quod
1413 2448 1498 2469 tnorte
1512 2447 1540 2469 ut
1563 2443 1649 2476 pretia:
1664 2442 1787 2476 opposita
1804 2441 1826 2468 si
1842 2450 1874 2468 ev

1089 2490 1202 2517 adverso
1228 2490 1282 2516 vita
1309 2494 1409 2515 acterna
1437 2488 1515 2523 quasi
1549 2488 1702 2522 praemium,
1721 2492 1747 2514 et
1768 2487 1875 2514 mortali

1088 2536 1235 2563 conditioni
1253 2543 1332 2569 quam
1346 2535 1499 2561 minabatur
1516 2533 1584 2561 Deus
1602 2534 1778 2565 immortalis,
1793 2541 1847 2568 qua
1861 2542 1875 2559 ιι

1090 2582 1274 2617 promittebat.
1285 2581 1380 2613 Porro,
1399 2580 1444 2607 ubi
1460 2580 1491 2607 de
1508 2580 1564 2615 lege
1576 2587 1657 2614 quam
1674 2579 1777 2606 Adamo
1792 2579 1876 2613 impe-

1089 2632 1196 2655 raverat
1212 2627 1282 2654 Deus
1310 2626 1418 2654 locutus
1440 2630 1482 2653 est
1510 2625 1610 2658 Moses,
1639 2625 1814 2660 progreditur
1842 2626 1876 2651 ad

1089 2672 1233 2699 dicendum
1265 2672 1297 2698 de
1312 2671 1472 2698 concinnata
1502 2670 1672 2705 lormataque
1701 2669 1767 2700 Eva.
1789 2670 1877 2704 deque

1090 2711 1280 2744 bestiarunFet
1292 2717 1424 2751 pecudum
1441 2717 1639 2751 procreatione,
1667 2720 1694 2743 et
1708 2716 1742 2743 de
1758 2715 1875 2742 nomini-

1093 2764 1143 2791 bus
1161 2763 1260 2798 quibus
1277 2763 1327 2791 bas
1350 2763 1495 2798 appellavit
1508 2763 1604 2794 Adam,
1628 2762 1773 2796 inquiens:
1788 2761 1820 2787 Et
1837 2761 1876 2787 ait

1087 2807 1215 2835 Dominus
1231 2806 1300 2835 Deus
1310 2817 1317 2836 :
1328 2806 1390 2835 Non
1404 2811 1441 2836 est
1457 2809 1552 2836 bonum
1567 2807 1698 2835 Adamum
1713 2816 1767 2836 esse
1779 2806 1875 2840 solum,
