2027 3077
206 181 258 215 53⁷1

769 181 819 211 DE
837 180 1042 211 PARADISO.
1061 193 1095 199 -
1116 181 1214 211 PARS
1234 180 1259 211 Ι.

1776 183 1830 213 538

239 236 295 264 Cur
312 236 412 264 Adamo
430 241 518 264 creato
545 245 596 264 non
612 237 707 264 dixerit
727 237 797 264 Deus
814 237 910 264 bonum
935 245 991 264 esse
1005 239 1026 267 Α
1042 237 1170 267 Numine.
1200 242 1226 264 et
1246 237 1272 263 in
1290 237 1403 264 aliarum
1429 237 1558 264 virtutttut
1585 237 1715 264 exercitio
1742 238 1829 265 virum

204 282 274 317 quod
296 283 458 316 fecisset.—
480 282 549 310 Sunt
565 291 597 310 ex
618 283 810 318 interpretibus
833 284 878 318 qui
900 283 992 311 dicunt

206 335 236 354 ca
255 328 332 354 verba
349 334 364 354 a
381 328 434 355 Deo
451 329 624 362 pronuntiata
639 336 700 356 esse
724 337 788 356 voce
800 337 860 364 quat
892 329 918 356 in
943 337 991 356 au-

205 372 296 399 diendi
319 381 431 400 sensum
464 375 582 406 caderet,
603 375 635 401 ad
651 374 831 402 erudiendum
858 374 990 401 Adamunt

205 418 413 454 docendumque
441 421 512 454 quod
539 420 609 447 Deus
635 425 742 448 creator
772 421 817 452 sit,
844 420 903 454 ipse
927 427 991 447 vero

205 471 266 489 cum
279 471 363 491 uxore
379 464 514 499 rebusque
523 465 583 492 aliis
596 473 657 499 qua‘
672 473 786 500 usquam
800 470 900 496 essent,
912 473 990 492 crea-

204 512 282 534 llll'm.
299 507 432 535 Cteterum
449 517 498 536 cur
516 517 578 536 eum
606 510 730 537 ﬁnxisset
761 510 832 537 Dens
855 510 988 537 Adamnm

203 560 257 580 uou
283 554 394 585 dixerit,
410 555 501 582 videre
517 563 546 582 sc
559 556 584 582 id
605 555 676 589 quod
690 556 855 583 condidisset
870 564 929 583 esse.
940 557 988 583 bo-

205 606 279 630 umu,
295 599 367 626 sicut
385 600 419 627 de
436 601 546 634 reliquis
563 601 644 628 rebus
665 609 679 627 a
707 609 737 628 se
764 602 866 629 effectis
886 603 989 629 dixisse

203 648 386 677 memoratur;
407 645 543 680 duplicem
560 646 749 674 existimamus
774 655 834 674 esse
849 655 959 674 causam
979 655 986 675 :

201 690 324 720 alteram.
342 691 405 726 quia
421 692 464 719 hic
489 691 613 719 dicturus
640 697 699 720 erat
715 701 768 720 non
799 701 858 720 esse
874 693 986 726 bonum,

199 743 294 769 parum
314 737 386 763 enim
400 737 445 763 illa
459 737 514 764 duo
527 738 597 765 inter
612 745 640 765 se
650 743 833 766 conscntattca
851 738 985 770 fuissent;

199 781 323 814 alteram,
351 782 414 817 quia
444 783 470 809 iu
497 783 621 810 libertate
642 784 748 812 arbitrii
776 785 841 812 Atla:
866 786 983 819 positum

197 833 265 858 erat,
280 831 309 854 ut
323 832 369 854 aut
385 828 472 856 bonus
487 833 534 856 aut
552 837 605 857 non
619 830 722 858 'bonus
739 835 811 858 esset
830 840 836 858 :
855 831 917 858 Non
933 839 983 865 est,

201 873 301 906 inquit,
322 873 428 905 bonum,
443 874 573 901 Adamum
585 884 640 902 esse
655 876 750 904 solum.
764 877 834 909 Quid
851 878 931 913 igitur
945 879 984 905 fa-

199 924 245 944 cto
268 926 338 953 opus
354 923 396 946 est
410 925 438 947 ut
457 920 538 948 faciat
560 922 583 948 ei
609 922 795 956 adjutorium?
814 912 880 950 Nam
908 926 930 952 si
961 926 987 953 id

198 965 269 998 quoi
281 973 333 992 non
341 971 382 992 est
395 965 494 993 bonum
510 967 686 1001 rcjicieudunt
699 974 750 1001 est,
763 969 826 996 illud
842 977 907 997 sane
917 971 987 1004 quo.l

199 1011 299 1038 bonum
315 1017 367 1044 est,
383 1012 462 1046 plane
479 1017 506 1039 ut
528 1013 712 1040 constituatur
738 1015 879 1047 convenit;
906 1023 989 1050 nega-

199 1057 236 1083 tio
257 1056 329 1083 euim
354 1057 376 1084 si
406 1057 473 1085 falsa
500 1058 544 1089 sit.
572 1058 778 1086 atl‘trmationem
807 1068 867 1088 esse
894 1069 986 1088 veram

199 1109 342 1130 necessum
356 1108 396 1131 est
411 1112 417 1136 ;
439 1108 502 1131 sunt
518 1104 590 1131 enint
613 1104 656 1132 illa
672 1105 723 1132 sibi
744 1105 814 1133 inter
836 1114 865 1134 se
882 1115 914 1133 ex
930 1108 989 1134 dia-

199 1152 287 1174 metro
309 1149 431 1182 opposita
455 1158 461 1175 :
493 1148 603 1176 Furiam
632 1151 684 1184 ipsi
711 1151 873 1185 odjutorium
901 1153 987 1186 qualis

197 1191 251 1226 ipse
267 1199 314 1220 est.
332 1193 421 1228 Nuper
437 1195 543 1222 dicebat
559 1195 628 1223 Deus
643 1204 651 1223 :
665 1196 809 1224 Faciamus
835 1198 985 1232 hominem;

197 1238 242 1266 ilic
256 1247 320 1266 vero
337 1240 401 1267 dicit
420 1249 427 1268 :
446 1240 570 1268 Faciam.
589 1240 721 1269 Nimirum
739 1243 804 1269 illud
830 1243 908 1270 nobis
923 1251 986 1270 ora-

197 1285 288 1311 culum
318 1293 433 1312 uuntcro
468 1286 565 1320 plurali
600 1287 690 1321 prodit
715 1292 770 1315 tres
798 1293 986 1314 sacrosanctus

197 1338 342 1364 personas,
359 1332 411 1359 hoc
435 1340 509 1365 vero,
537 1333 680 1367 singulari,
708 1341 790 1360 unattt
814 1335 984 1360 essentiam:

198 1380 226 1403 ut
238 1384 269 1403 cx
288 1377 329 1403 Itis
343 1377 448 1404 duobus
465 1378 584 1405 orarulis
602 1379 797 1413 intelligamus,
825 1379 909 1406 Dcunt
926 1386 986 1406 esse

198 1428 280 1448 uuam
297 1423 457 1454 essentiam,
472 1426 498 1449 et
516 1427 571 1449 tres
599 1430 740 1458 personas.
759 1423 799 1450 Ad
825 1423 887 1456 hoe,
904 1431 985 1457 supra

199 1467 232 1494 de
262 1467 425 1495 formatione
451 1469 547 1495 Adauti
581 1477 663 1503 agetis
690 1469 820 1496 dicebat:
843 1468 985 1496 Faciamus

198 1513 327 1540 Immineat
342 1514 376 1540 ad
391 1514 532 1548 imaginem
547 1522 678 1547 nostrum,
693 1523 747 1549 quo
762 1515 925 1549 signiﬁcaret
938 1523 986 1550 per

200 1557 310 1584 vcrbuut
327 1559 431 1584 numeri
451 1559 573 1593 pluralis,
590 1559 816 1586 consultationem
837 1560 982 1594 quamdam
997 1576 1018 1605 ς

196 1603 482 1638 deliberationcntque,
503 1604 584 1639 idque
615 1604 647 1631 ad
665 1605 735 1639 ejus,
751 1605 796 1639 qui
824 1604 983 1634 formandus

196 1653 264 1677 erat.
284 1650 440 1684 dignitatem
460 1651 610 1685 spectabat.
627 1655 656 1677 ttt
678 1650 723 1685 qui
751 1659 803 1677 uou
825 1651 986 1679 conderetur

197 1694 301 1728 absque
336 1695 418 1722 verbo
438 1700 464 1722 ct
500 1696 617 1723 consilio
649 1696 897 1732 deliberationeque
926 1697 984 1731 Dei,

196 1744 289 1767 contra
303 1744 331 1767 at
341 1749 385 1774 jue
396 1741 488 1768 bestiie
503 1742 615 1769 rationis
630 1747 751 1777 expertes
761 1751 822 1778 qua:
837 1744 895 1770 solo
908 1743 985 1777 iussu

196 1786 356 1813 exstiterunt
375 1796 381 1814 :
399 1787 441 1814 hic
461 1796 534 1821 vero,
549 1789 593 1815 u'i
611 1789 644 1815 de
660 1789 798 1815 formanda
816 1789 870 1816 Eva
886 1794 984 1817 tracta-

196 1836 248 1864 tur,
263 1833 316 1858 ait:
335 1828 452 1860 Fncirun.
467 1833 497 1859 Et
515 1833 571 1861 Iure
581 1834 725 1866 variantia,
740 1835 893 1869 complures
905 1835 985 1863 habet

197 1877 327 1905 rationes.
339 1877 430 1904 Primo
443 1878 514 1905 cuitu
529 1879 658 1908 ostendit.
683 1887 764 1905 unam
795 1887 856 1906 esse
878 1879 926 1906 viri
944 1880 985 1906 fc-

197 1923 330 1958 ntimeque
354 1929 494 1957 naturam;
522 1924 618 1951 deinde
644 1924 689 1951 Dei
715 1924 835 1951 studium
854 1916 984 1952 adversus

196 1969 329 1996 Adamum
363 1973 390 1995 ct
416 1969 498 1996 Evam
516 1969 632 2004 explicat
648 1969 765 2002 clarius;
783 1970 817 1996 ad
840 1969 901 2002 hoc,
919 1978 982 2004 pro-

198 2013 238 2040 dit
253 2012 314 2040 Et'a‘.
328 2013 512 2040 conditioucut
536 2013 648 2041 minime
665 2022 895 2048 supervacaneam
912 2023 981 2043 esse.

195 2057 310 2094 insuper
327 2059 404 2086 docet
428 2058 482 2085 Deo
502 2066 555 2086 non
575 2059 681 2086 laudem
699 2059 845 2093 aliquando
866 2060 893 2086 in
908 2068 983 2086 men-

196 2109 249 2131 tem
282 2106 389 2132 venisse
414 2105 448 2132 de
472 2104 670 2132 conformanda
697 2105 763 2136 Eva,
789 2106 835 2132 sed
868 2105 894 2132 iu
923 2105 983 2140 ipso

196 2151 289 2176 statim
307 2149 383 2176 initio
406 2149 488 2177 simul
514 2154 595 2184 atque
622 2149 755 2176 Adamum
779 2149 917 2177 conderet.
951 2150 983 2177 Et

197 2194 254 2221 haec
277 2195 385 2228 quidem
416 2202 495 2221 sensa
522 2202 554 2221 ex
577 2195 670 2226 verbo,
701 2193 823 2226 Fat-iam,
841 2202 981 2222 commen—

1045 283 1102 317 ipsa
1125 282 1259 317 adjuvat:
1285 290 1347 309 nam
1373 287 1402 309 ut
1431 282 1530 310 Paulus
1547 282 1718 310 ait:CItristi
1745 283 1828 316 ειιιιιε,

1044 332 1067 354 et
1083 327 1146 354 viris
1172 333 1196 354 et
1213 327 1327 362 fentim's'
1338 335 1370 354 ea:
1395 335 1468 362 requa
1484 333 1523 354 est
1538 329 1682 355 communis
1698 328 1731 355 ⁸⁸.
1747 328 1824 361 Quod

1044 379 1125 407 porro
1149 373 1240 399 addit:
1257 373 1353 405 Qualis
1369 373 1423 406 ipse
1434 377 1483 403 est,
1507 373 1618 406 perinde
1641 377 1682 400 est
1700 380 1731 399 at:
1746 374 1772 399 si
1788 373 1830 399 di-

1043 419 1097 448 cat,
1128 423 1187 450 qua:
1228 417 1322 443 cadent
1349 420 1452 442 natum
1485 415 1641 442 conditione
1677 424 1738 443 cum
1771 417 1829 443 viro

1043 462 1155 496 praedita
1181 462 1226 493 sit,
1260 469 1312 488 non
1339 466 1429 488 autent
1457 469 1517 496 quat
1541 466 1572 488 ut
1605 461 1692 488 bestia
1720 463 1759 488 vel
1783 462 1828 496 ju-

1043 513 1174 539 utentunt,
1194 515 1303 542 cperant
1327 508 1363 534 illi
1392 512 1511 541 priestct,
1528 514 1587 541 qua:
1604 507 1720 533 humana
1736 512 1829 535 carent

1043 553 1141 580 indole.
1172 553 1303 580 Praeterea
1329 554 1471 588 paritatem
1504 561 1611 588 quoque
1640 557 1755 584 naturre,
1784 553 1827 580 illa

1041 600 1134 632 verba,
1163 604 1191 626 et
1207 600 1466 627 consimilitudinem
1493 600 1519 627 in
1540 604 1655 634 utroque
1680 607 1745 626 sexu
1781 607 1828 626 os-

1040 645 1163 677 tendunt,
1185 645 1221 672 ita
1250 650 1279 672 ut
1294 646 1427 677 neutrius,
1457 647 1497 673 vel
1526 646 1698 680 praestantior
1713 645 1753 671 vel
1779 646 1822 672 de-

1039 691 1137 718 sertior
1175 691 1325 718 existimari
1356 692 1465 718 debeat.
1490 691 1609 726 Denique
1641 699 1703 718 cum
1741 691 1827 718 tribus

1039 736 1095 763 fere
1127 737 1226 769 modis,
1249 744 1296 764 eos
1323 737 1369 771 qui
1407 738 1477 764 alios
1502 737 1633 770 adjuvant
1661 737 1827 770 distinguere

1038 781 1174 809 soleamus
1197 783 1256 815 (aut
1282 783 1354 809 enim
1382 783 1469 816 major
1482 790 1559 817 opem
1577 782 1628 809 fert
1654 782 1764 814 Iuinorl,
1779 787 1826 810 aut

1038 828 1126 855 minor
1145 828 1273 863 majorem
1291 829 1378 863 juvat,
1395 835 1440 856 aut
1465 829 1578 864 aequalis
1591 829 1689 864 aequali
1714 836 1824 862 operam

1037 874 1192 901 commodat
1214 882 1221 906 ;
1244 875 1318 901 verbi
1345 875 1442 909 gratia,
1473 875 1608 902 interdum
1639 883 1684 902 rex
1708 875 1825 909 opitula-

1004 911 1023 938 Β
1039 923 1083 945 tur
1100 919 1212 946 humilis
1229 919 1394 947 cottditiouis
1413 917 1484 952 viro,
1512 923 1538 945 ct
1558 919 1639 946 etiam
1655 919 1700 946 ubi
1720 926 1825 953 pauper

1040 965 1161 992 subsidio
1190 970 1232 992 est
1258 965 1346 997 diviti,
1378 973 1449 999 smpe
1489 972 1599 999 quoque
1632 964 1674 990 vir
1698 965 1825 998 princeps

1039 1010 1154 1045 principi
1178 1011 1247 1043 viro,
1273 1015 1320 1037 aut
1345 1011 1465 1044 plebeius
1497 1010 1601 1044 plebeio
1617 1010 1756 1044 suppetias
1780 1018 1826 1035 ve-

1039 1056 1089 1089 nit)
1122 1060 1235 1090 possunt
1260 1057 1350 1082 addita
1367 1056 1450 1082 videri
1474 1056 1554 1083 verba
1573 1055 1616 1081 illa
1634 1061 1642 1082 :
1660 1047 1825 1088 Qual.s°ipss

1039 1106 1087 1133 est,
1108 1107 1136 1128 ut
1164 1102 1297 1135 mqualcut
1312 1101 1408 1136 :cquali
1427 1101 1528 1128 auxilio
1541 1109 1601 1128 esse
1631 1101 1824 1134 intelligamus,

1039 1147 1102 1173 dunt
1125 1146 1179 1173 Eva
1205 1146 1339 1173 Adamum
1364 1147 1486 1180 adjuvat.
1513 1147 1589 1179 Quod
1613 1150 1636 1174 st
1667 1154 1732 1174 vero
1762 1146 1825 1180 quis

1039 1192 1159 1226 objiciat.
1185 1192 1268 1219 Etam
1291 1191 1396 1219 Atlauto
1420 1192 1480 1227 plus
1512 1193 1701 1226 angustiarum
1742 1199 1824 1226 quam

1038 1239 1097 1272 opis
1121 1239 1268 1265 attulisse:
1288 1239 1311 1265 ei
1330 1238 1567 1272 respondebimus,
1587 1238 1692 1273 culpant
1712 1239 1770 1271 ejus
1784 1238 1822 1266 rei

1038 1290 1091 1309 non
1105 1282 1132 1310 in
1154 1283 1216 1309 Eva:
1230 1283 1399 1310 conditorem
1422 1282 1517 1314 Deum,
1532 1284 1578 1310 sed
1594 1284 1621 1310 ilt
1638 1285 1723 1317 ipsam
1741 1284 1824 1310 Evam

1038 1335 1100 1355 esse
1136 1328 1340 1355 conferendam.
1362 1328 1439 1356 Sicut
1464 1329 1546 1355 ltodie
1574 1329 1698 1355 videmus
1726 1328 1825 1354 multas

1037 1375 1153 1402 feminas
1168 1376 1246 1402 triste
1271 1375 1337 1402 viris
1355 1376 1414 1402 suis
1446 1375 1612 1402 connubium
1627 1375 1757 1408 reddere;
1777 1375 1824 1402 sed

1037 1421 1061 1447 id
1101 1421 1207 1447 illarttm
1246 1421 1366 1455 ipsarum
1398 1421 1463 1448 vitio
1490 1422 1559 1453 fieri,
1590 1429 1642 1448 ttou
1669 1426 1759 1448 autent
1781 1421 1824 1456 ip-

1037 1474 1127 1493 sarum
1142 1467 1230 1500 opifici
1247 1466 1300 1492 Deo
1316 1467 1366 1493 hoc
1391 1467 1499 1493 crimini
1518 1475 1597 1501 posse
1620 1468 1697 1493 verti.
1716 1467 1782 1494 Nam
1797 1473 1825 1495 et

1036 1519 1133 1538 nzauus
1151 1517 1249 1539 nostra:
1271 1519 1302 1539 eo
1326 1512 1427 1539 cﬂ‘cctte
1443 1518 1515 1543 sunt,
1532 1519 1559 1539 ut
1576 1521 1636 1547 quzc
1657 1513 1740 1546 proba
1761 1518 1824 1540 sunt

1037 1562 1068 1581 ea
1085 1555 1243 1588 agant,jant
1270 1556 1292 1582 si
1315 1556 1380 1589 ipsis
1404 1556 1438 1582 ad
1469 1558 1598 1590 patranda
1618 1557 1687 1584 mala
1703 1562 1823 1591 utantur,

1037 1601 1088 1626 erit
1103 1607 1168 1626 sane
1187 1605 1279 1627 nostra
1303 1608 1334 1627 ca
1354 1601 1445 1635 enlpa,
1464 1609 1516 1627 non
1538 1602 1690 1629 conditoris
1716 1603 1822 1629 illarunt

1036 1645 1082 1672 Dei
1104 1654 1110 1672 :
1128 1649 1154 1672 rt
1172 1645 1267 1673 oculos
1289 1652 1397 1673 nostros
1420 1646 1548 1674 forntavit
1568 1647 1639 1675 Deus
1657 1652 1685 1674 ut
1701 1649 1826 1676 viderent

1036 1699 1097 1726 quae
1116 1696 1188 1718 recta
1206 1696 1270 1719 sunt
1291 1696 1358 1719 teste
1384 1691 1493 1724 Davide,
1519 1693 1540 1720 si
1561 1698 1649 1720 tamen
1673 1693 1705 1721 ad
1721 1702 1751 1721 ea
1764 1703 1823 1729 quae

1036 1745 1142 1773 impura
1160 1743 1222 1765 sunt
1238 1738 1310 1773 ipsos
1322 1738 1504 1772 intendamus,
1521 1740 1582 1773 quis
1595 1739 1620 1767 id
1633 1739 1752 1767 effectori
1770 1741 1823 1768 Deo

1036 1791 1067 1810 ac
1081 1791 1133 1810 non
1157 1783 1248 1818 potius
1273 1788 1374 1811 noslrm
1399 1784 1540 1811 vitiositati
1556 1785 1694 1812 ascribat?
1716 1786 1749 1812 Et
1765 1785 1823 1820 for-

1035 1834 1152 1856 mat-erat
1167 1829 1293 1856 Dominus
1306 1829 1373 1856 Deus
1388 1838 1401 1857 ε
1414 1835 1482 1857 terra
1492 1838 1592 1857 omnem
1610 1831 1740 1857 uolucrem
1753 1831 1821 1858 cali.

1035 1873 1095 1901 Non
1115 1875 1170 1909 jam
1186 1874 1318 1902 formasse
1336 1875 1419 1902 Deum
1437 1875 1506 1903 alios
1521 1876 1685 1906 animantes,
1700 1877 1822 1911 aliasque

1035 1920 1162 1947 volucres
1177 1923 1238 1954 post
1250 1920 1405 1954 superiores
1428 1920 1556 1952 allirntat,
1580 1921 1626 1947 sed
1642 1920 1675 1947 de
1688 1921 1743 1947 illis
1757 1921 1822 1954 ipsis

1036 1973 1146 2001 prorsus
1163 1966 1205 1992 bic
1226 1967 1325 2001 agitur,
1348 1971 1430 2001 atqu:
1447 1966 1480 1993 ad
1498 1966 1592 1993 eadem
1624 1966 1730 1998 etlccta,
1753 1967 1822 1993 t'eIit

1035 2013 1130 2045 oratio,
1164 2012 1235 2046 quod
1266 2012 1326 2039 ideo
1340 2012 1386 2044 sit,
1413 2016 1442 2038 ιιι
1472 2011 1655 2046 iulclligamus
1681 2012 1818 2038 Adantum

1034 2059 1123 2085 solum
1142 2063 1169 2085 ct
1189 2058 1293 2092 absque
1323 2057 1377 2084 ttllo
1409 2057 1547 2091 adjutorio
1573 2057 1644 2091 quod
1671 2058 1822 2086 consimilis

1034 2107 1108 2130 esset
1130 2110 1190 2129 ettnt
1221 2103 1280 2136 ipso
1306 2106 1420 2134 naturze,
1453 2103 1598 2128 formatum
1615 2101 1701 2135 primo
1725 2101 1820 2135 fuisse,

1034 2156 1096 2175 cum
1113 2148 1217 2179 bestizr,
1228 2148 1364 2182 jumenta,
1378 2155 1442 2175 aves
1462 2148 1570 2182 gemino
1586 2155 1650 2175 sexu
1664 2148 1820 2175 simulcon-

1034 2194 1089 2220 (lita
1116 2198 1218 2222 essent.
1243 2193 1377 2220 Caeterum
1402 2193 1535 2220 formandi
1563 2194 1674 2220 verbum
1698 2193 1742 2220 hic
1767 2202 1819 2220 non

196 2240 277 2267 tando
292 2239 390 2267 elicere
417 2247 574 2274 possumus.
595 2240 678 2267 Porro
705 2247 767 2267 cum
786 2241 914 2275 adjutorii
934 2249 980 2267 νο·
997 2246 1023 2275 Ῑ)
1037 2240 1073 2266 ita
1091 2239 1278 2273 accipiendum
1296 2245 1337 2266 est
1352 2240 1430 2274 quasi
1457 2248 1488 2268 cx
1507 2245 1577 2267 terra
1600 2241 1653 2268 sint
1669 2247 1821 2275 coagmen-

196 2285 322 2312 cabulum
348 2285 430 2312 variis
452 2291 598 2320 usurpetur
617 2285 715 2317 modis,
746 2286 811 2312 illud
841 2287 984 2320 quaeritur,

196 2337 250 2364 qua
276 2330 302 2356 iu
334 2337 363 2357 re
382 2331 509 2365 adjuvare
539 2330 661 2358 debuerit
680 2330 734 2357 Eva
760 2331 911 2364 Atlantum;
934 2332 985 2359 hoc

197 2380 238 2404 est.
268 2376 367 2403 femina
391 2377 488 2403 virum.
507 2377 658 2403 Statuiutus
679 2382 770 2404 autem
795 2377 820 2403 iu
849 2377 981 2411 plurimis.

197 2422 287 2450 Primo
310 2423 336 2450 itt
371 2423 545 2457 procreandis
583 2423 689 2455 liberis,
729 2423 780 2449 hoc
811 2427 863 2454 cst,
906 2428 983 2449 utero

196 2469 345 2503 gestandis.
366 2468 497 2495 Praeterea
517 2469 543 2495 iIt
573 2468 712 2495 educanda
740 2468 816 2502 prole
842 2472 983 2502 prognata.

196 2514 310 2549 Insuper
329 2520 359 2542 ut
385 2515 417 2541 ad
436 2514 523 2540 virum
543 2517 647 2548 spectat
675 2521 706 2540 ea
731 2513 832 2547 quibus
848 2521 920 2548 opus
945 2517 987 2539 est

166 2582 169 2585 .
196 2559 322 2594 colligere
334 2564 556 2594 comportareque
579 2558 689 2585 aliunde
715 2558 837 2590 domum,
855 2558 889 2585 ita
910 2559 986 2584 femi-

197 2614 238 2633 na:
267 2611 318 2638 est,
337 2605 408 2632 domi
425 2605 515 2632 omnia
544 2605 680 2637 ordinare,
705 2609 786 2639 atque
807 2609 835 2631 ut
849 2604 875 2631 in
892 2612 983 2638 prom-

197 2657 244 2686 ptu
269 2653 324 2678 sitit
344 2653 486 2686 disponere
516 2651 770 2684 administrat-eque.
800 2651 911 2683 Aditum,
942 2651 982 2678 fc-

197 2697 271 2724 ntina
299 2704 328 2724 ut
350 2698 376 2724 in
393 2698 461 2724 lastis
489 2698 524 2724 ita
553 2703 580 2724 et
610 2697 636 2724 iu
653 2696 774 2724 adversis
801 2697 918 2725 ferendis
936 2705 982 2725 so-

197 2742 268 2770 ciam
288 2751 318 2770 se
334 2743 391 2770 viro
409 2747 548 2777 priestarc,
575 2750 683 2777 unaque
711 2745 797 2770 oncra’
808 2743 899 2770 omnia
914 2743 982 2771 sub--

197 2787 236 2815 ire
257 2789 346 2816 debet.
368 2789 489 2823 Denique
513 2793 539 2815 et
567 2788 593 2815 in
627 2789 785 2821 reverendo,
815 2789 982 2820 colendoque

234 2877 255 2893 "
271 2876 358 2904 (ialat.
377 2885 417 2908 ιιι,
443 2876 488 2904 ‘28.

1039 2290 1092 2312 tata
1110 2285 1269 2318 animantia,
1288 2285 1361 2317 ferae,
1389 2293 1471 2319 aves;
1493 2287 1548 2313 haec
1567 2286 1638 2313 cnim
1665 2287 1722 2321 ipsa
1758 2293 1821 2320 νιος

1037 2332 1114 2358 duxit
1138 2338 1243 2364 natura,
1266 2332 1336 2359 s‘cut
1351 2337 1377 2359 et
1400 2333 1504 2367 reptilia
1532 2340 1699 2368 progenuere
1730 2340 1819 2367 aqum,

1038 2383 1066 2404 ut
1096 2383 1158 2405 ante
1171 2384 1212 2404 cst
1239 2385 1253 2404 a
1280 2378 1352 2405 Mose
1379 2379 1506 2406 dictum:
1530 2379 1577 2406 scd
1607 2379 1668 2406 ideo
1685 2379 1821 2406 formandi

1036 2423 1094 2451 sive
1120 2424 1236 2458 tiugendi
1261 2424 1342 2450 verbo
1360 2425 1445 2451 utitur
1472 2424 1622 2459 Scriptura,
1643 2429 1673 2451 ut
1702 2425 1821 2452 sciamus

1037 2477 1090 2496 uou
1120 2469 1206 2496 solam
1228 2474 1327 2496 terram
1351 2470 1394 2496 illa
1422 2470 1618 2504 procreavisse,
1640 2471 1712 2504 quod
1735 2470 1821 2498 Mosis

1036 2515 1115 2542 verba
1134 2524 1140 2542 :
1163 2515 1295 2542 Producat
1313 2521 1383 2542 terra
1405 2517 1523 2543 animum
1540 2517 1818 2551 viventem,juntenla,

1035 2565 1059 2587 et
1074 2561 1192 2594 replilia,
1209 2567 1276 2594 etc.,
1307 2561 1470 2588 videbantur
1491 2569 1610 2595 sonare;
1627 2562 1673 2589 sed
1689 2571 1721 2589 ex
1743 2567 1822 2588 terra:

1035 2606 1115 2633 simul
1135 2611 1161 2632 et
1182 2614 1312 2640 aquarmu
1331 2607 1446 2641 coagulo
1470 2611 1548 2634 enata
1565 2615 1634 2640 esse,
1647 2613 1693 2633 aut
1707 2615 1738 2633 ex
1753 2615 1822 2640 qua-

1035 2656 1097 2678 tuor
1123 2652 1213 2686 potius
1228 2652 1380 2679 elcmculis.
1402 2653 1470 2679 Nam
1488 2661 1520 2680 est
1539 2654 1592 2686 Itis,
1616 2658 1646 2680 ut
1662 2653 1769 2685 Adami,
1784 2653 1820 2679 ita

1033 2701 1191 2723 caaterorum
1209 2704 1318 2731 quoque
1341 2697 1533 2728 animantium,
1562 2698 1691 2728 ferarum,
1717 2697 1818 2728 mium,

1034 2743 1170 2778 reptiiium
1188 2750 1301 2776 corpora
1320 2748 1384 2770 sunt
1403 2744 1552 2778 composita
1572 2752 1580 2777 ;
1596 2744 1643 2771 sed
1662 2743 1734 2770 illius
1750 2750 1820 2769 cor-

1034 2795 1095 2822 pus,
1122 2787 1168 2816 Dei
1194 2788 1280 2823 ipsius
1300 2793 1342 2816 est
1365 2789 1493 2817 manibus
1508 2788 1702 2823 informatum,
1722 2789 1818 2816 lzorutu

1175 2898 1185 2909 θ
