2027 3077
220 151 274 182 531)

850 154 963 183 MOSIS
986 155 1060 184 ΒΑΗ
1083 154 1209 184 CEPHA

1795 154 1850 186 fili)

221 216 287 235 vero
310 215 423 243 corpora
450 217 504 237 non
528 211 664 240 manibus,
694 210 740 237 sed
767 211 825 238 solo
857 213 935 244 jussu
963 212 1009 238 Dei
1025 214 1117 242 Anon
1146 213 1241 240 Adaiui
1258 219 1348 240 autem
1375 213 1479 249 lingua,
1499 214 1711 249 nominibusque
1728 215 1762 242 ab
1791 216 1851 249 ipso

222 255 392 282 coaluerunt.
421 255 454 282 Et
477 256 553 283 duxit
583 265 613 283 eo
637 257 670 282 ml
690 257 831 283 Adamum.
861 257 938 284 Unde
963 258 1013 284 anl-

223 303 302 328 duxit
319 302 401 332 feras.
421 302 554 336 jumenta,
572 311 646 334 aves,
663 303 695 329 ad
713 303 865 330 Adamuui?
882 304 1010 330 nimirum

223 357 237 372 υ
256 347 404 378 montibus,
445 348 649 379 solitudinibus,
676 349 790 383 aliisque
817 350 882 376 locis
912 350 1011 388 passim

223 393 349 425 collecta,
376 394 435 420 solo
451 399 518 420 nutu
536 402 586 421 suo
603 396 635 421 ad
653 395 787 421 Admonui
814 400 879 430 egit,
894 398 961 422 sicut
977 396 1012 422 ad

222 437 278 465 Noe
306 447 414 474 quoque
433 440 527 466 diluvii
563 445 695 475 tetnpore.
730 441 798 468 Nam
832 446 861 468 ut
888 442 941 474 hie,
976 443 1012 469 ita

224 485 332 510 volente
347 484 409 516 Deo,
433 485 499 511 nihil
522 486 571 513 sibi
594 487 628 513 ab
651 487 758 513 illorum
778 487 887 514 feritate
911 494 1013 515 metue-

226 528 281 561 lrat,
307 529 343 556 ita
365 538 454 564 neque
478 532 609 563 Adamus,
634 541 666 559 eo
685 533 757 567 quod
782 534 871 561 adhuc
897 542 948 560 non
966 535 1013 561 tle-

223 573 348 608 liquisset
377 578 507 603 adversus
526 577 572 604 Dei
596 579 753 604 niaiidatum
769 587 775 604 :
791 579 846 605 imo
875 587 938 605 vero
953 580 1012 614 ipsa

223 620 356 646 Adamum
373 622 575 653 rem-rebantur,
599 625 787 658 pavebantque
802 632 833 651 at:
864 627 1013 652 tremebant

225 665 258 690 ad
274 666 360 699 ipsius
378 673 564 701 conspectum.
595 669 645 695 Sed
670 675 693 695 et
721 671 771 696 hoe
794 670 1013 697 animadverten-

224 709 289 736 dum
311 715 364 741 est,
380 711 423 737 hic
440 720 553 745 prorsus
577 718 657 748 atque
681 715 792 741 omnino
815 715 939 742 eliiutum
954 715 1011 742 dari

223 754 297 788 quod
314 760 377 782 ante
397 757 503 783 dixerat
525 757 595 785 Deus
611 759 642 785 ad
659 759 781 786 homines
802 769 810 786 :
831 760 1012 786 Dominamiui

222 800 336 832 piscibus
365 803 446 829 nimis
473 809 496 829 et
530 805 677 831 volucribus
706 806 773 837 cwli,
802 805 926 840 omnique
951 808 1012 833 ani-

223 845 307 871 manti
322 851 409 873 terra.
435 847 467 873 ιιι
483 856 581 876 rursus
599 857 607 875 :
633 849 811 876 Donn'uamini
823 852 939 884 piscibus
954 860 1011 877 ma-

224 891 273 922 rir,
290 896 344 918 etc.
364 891 441 924 Quod
453 898 540 920 autent
553 895 596 921 illa
610 895 642 922 ad
658 895 804 928 Adamum,
824 905 876 923 non
890 897 1012 924 Adamus

220 937 256 962 ad
281 937 325 963 ilia
340 937 458 970 ducitur,
478 940 674 974 ampliﬁcandae
690 942 830 976 dignitatis
852 949 935 970 causa
963 943 1012 976 lit;

223 983 301 1016 quasi
326 992 371 1011 res
391 992 522 1018 possessu:
547 987 743 1014 transferantur
761 989 794 1015 ad
815 996 1011 1023 possessorem,

223 1033 272 1056 aut
296 1032 430 1065 mancipia
460 1033 595 1060 ducantur
611 1033 644 1060 ad
668 1034 812 1060 Dominum
835 1043 841 1062 :
863 1035 1014 1062 ostenditur

223 1075 308 1107 enim,
321 1075 364 1102 illa
384 1077 542 1111 obsequium
559 1079 659 1106 debere
673 1080 790 1111 Adamo,
806 1080 920 1115 ejusque
931 1089 1013 1108 causa

221 1128 285 1147 esse
309 1123 428 1150 condita.
449 1122 482 1149 L’t
499 1124 596 1151 rideret
613 1126 706 1160 quibus
730 1125 778 1152 illa
798 1127 941 1160 appellaret
965 1136 1013 1154 uo-

223 1166 350 1194 miuibus.
367 1167 426 1194 Non
442 1168 499 1196 hate
515 1177 548 1196 eo
564 1169 703 1202 dicuntur,
719 1171 797 1205 quasi
817 1173 886 1199 Deus
904 1172 1013 1199 illorum

224 1214 334 1239 nomina
348 1222 380 1240 ex
402 1214 506 1241 Adumo
521 1215 628 1242 discere
653 1223 721 1250 opus
739 1216 874 1248 habuerit,
891 1217 938 1243 sed
955 1217 1016 1244 Vtil-

227 1257 286 1291 gari
311 1258 451 1284 hominum
468 1266 542 1286 more
563 1260 684 1294 loquitur
711 1260 812 1291 Moses;
830 1262 930 1296 quippe
945 1262 1017 1289 sole-

228 1311 290 1329 mus
306 1311 366 1337 qua:
384 1304 484 1337 alioqui
503 1305 581 1330 nobis
600 1306 681 1331 etiam
704 1307 924 1340 perspectissima
939 1313 1014 1341 sunt,

225 1354 257 1374 ea
277 1352 368 1374 tamen
392 1355 543 1382 proponere
570 1349 630 1376 aliis
652 1353 681 1376 ut
711 1351 830 1384 ipsorum
851 1351 1014 1378 sententiam

228 1399 338 1426 quoque
359 1393 392 1420 de
409 1393 462 1420 illis
485 1394 627 1422 audiamus
651 1403 658 1421 :
688 1395 759 1421 Deus
784 1396 856 1422 enim
884 1396 918 1423 ab
942 1394 1015 1423 omni

224 1436 376 1462 mternitate
402 1443 499 1464 cuneta
520 1440 596 1466 norit
629 1439 785 1473 priusquam
810 1441 953 1468 L‘Xsislnnt.
980 1441 1015 1468 Et

220 1481 405 1515 quatiuntque
419 1482 587 1516 appellaverit
606 1483 724 1510 Admotis
748 1485 864 1510 animum
880 1486 1014 1519 t-itientent,

222 1527 250 1553 id
270 1528 320 1554 erit
339 1529 387 1561 ipsi
405 1537 509 1556 nomen.
524 1529 592 1556 Cum
610 1529 686 1562 dicit,
710 1531 890 1564 appellaverit,
920 1537 1013 1560 osten-

222 1573 262 1599 dit
278 1573 352 1600 nomi
365 1581 388 1601 ta
403 1574 456 1602 illis
467 1582 528 1602 esse
547 1575 581 1602 ab
605 1575 710 1602 Adamo
724 1576 818 1603 indita.
840 1577 907 1603 Cum
932 1585 1013 1612 porro

222 1620 298 1646 addit
321 1621 445 1647 Animam
460 1621 596 1652 uiuentem,
622 1621 711 1656 arguit
731 1630 761 1648 ea
779 1623 857 1648 modo
872 1623 897 1649 id
912 1627 1015 1658 tempo-

224 1667 262 1692 ris
278 1666 312 1692 ad
336 1666 471 1693 Adamem
487 1668 618 1700 producta
631 1675 704 1699 esse,
720 1676 781 1702 quae
799 1669 908 1695 animali
922 1670 1014 1696 anima

225 1715 266 1743 (ut
286 1711 325 1738 sic
347 1711 447 1745 dicam)
467 1711 542 1738 luere
555 1713 675 1746 praedita.
703 1713 823 1748 Denique
844 1722 906 1741 cum
923 1715 988 1742 dicit
1005 1722 1014 1742 :

222 1755 258 1782 Id
272 1756 321 1782 erit
333 1757 384 1790 ipsi
399 1765 502 1788 nonieu,
517 1757 697 1791 demonstrat,
713 1766 744 1786 ea
768 1761 936 1794 singulorqu
952 1768 1014 1788 esse

226 1801 337 1828 nomina
357 1810 417 1836 quae
431 1803 496 1837 ipsis
510 1804 615 1830 suntab
629 1804 735 1832 Adamo
751 1806 848 1839 pesita.
864 1805 1014 1834 Conﬁcitur

226 1848 328 1882 itaque,
343 1849 444 1883 pisces,
465 1849 582 1884 reptilia,
603 1850 724 1883 arbores,
749 1851 865 1883 semina,
887 1852 1012 1886 \‘it'gulla,

222 1894 333 1923 herbas.
353 1900 502 1930 cuteraque
527 1903 557 1922 ex
581 1900 656 1922 terra
673 1897 823 1928 nascriitia.
839 1902 866 1923 et
883 1905 926 1924 res
944 1905 1012 1931 pra:-

221 1943 299 1966 terea
318 1940 385 1967 alias
408 1941 559 1972 inanimes,
577 1949 630 1968 non
644 1943 694 1968 hoc
709 1942 768 1968 loco
785 1950 872 1976 neque
890 1943 940 1968 bac
956 1943 1013 1970 \‘ice

221 1987 332 2014 nomina
347 1995 394 2014 sua
405 1987 439 2014 ab
457 1987 560 2015 Adnue
575 1988 723 2022 accepisse,
740 1988 785 2015 sed
804 1989 856 2016 alio
873 1994 933 2023 post
944 1993 1009 2016 tem.

221 2039 299 2065 pore,
314 2040 401 2066 neque
412 2033 483 2059 enim
499 2033 544 2060 illa
556 2034 646 2060 omnia
665 2038 777 2068 potuere
790 2042 841 2060 una
858 2043 918 2061 cum
935 2035 1012 2068 fetis,

219 2079 363 2112 iumentis,
386 2080 545 2107 volucribus
563 2081 595 2107 ad
622 2081 755 2108 Adamum
780 2081 897 2112 adduci,
929 2086 1012 2115 atque

222 2126 279 2151 inec
307 2125 394 2158 prima
408 2130 448 2152 est
463 2126 495 2151 de
514 2125 567 2153 illis
588 2126 677 2153 verbis
697 2126 839 2153 doctorum
864 2128 1012 2155 sententia.

215 2169 354 2197 Caeterum
372 2171 416 2196 alii
433 2171 472 2198 sic
488 2171 656 2204 existimant,
679 2172 749 2198 dicta
778 2172 823 2199 illa
850 2173 935 2200 Hosis
957 2181 1010 2200 non

1065 258 1136 284 datis
1152 258 1190 284 uti
1210 267 1216 284 :
1235 259 1306 285 unde
1317 259 1470 290 coniicitur,
1489 259 1532 285 illa
1554 258 1637 286 Mosis
1660 260 1742 286 verba
1758 261 1852 287 a-iim-

1064 303 1168 337 perium
1185 303 1259 337 quod
1276 304 1340 331 Adae
1365 304 1477 338 ejusque
1490 304 1642 338 posteritati
1661 305 1687 330 in
1709 305 1790 335 feras.
1807 305 1852 339 ju-

1064 352 1164 379 menta,
1183 348 1309 375 vulneres
1326 355 1339 374 τι
1356 347 1408 374 Deo
1421 355 1580 374 concessum
1597 347 1695 379 fuerat,
1710 354 1850 381 spectare;

1065 398 1094 419 ιιι
1110 401 1159 427 pro
1174 393 1232 424 illo,
1248 394 1347 428 quibus
1362 393 1515 420 collibitum
1532 397 1605 420 esset
1635 394 1803 424 nominibus,
1819 401 1850 419 ea

1063 439 1196 473 appellare
1213 443 1313 473 posset.
1331 438 1379 466 Est
1394 443 1421 466 et
1436 439 1513 465 tertia
1531 439 1665 466 sententia
1687 439 1850 474 eorum.qui

1063 484 1143 510 Verba
1161 484 1206 510 illa
1230 484 1353 511 referunt
1374 484 1407 511 ad
1428 484 1515 518 ipsam
1542 485 1675 511 rationem
1705 492 1758 518 qua
1780 483 1852 511 Di-us

1064 531 1211 556 humanum
1227 538 1311 564 genus
1327 530 1455 560 ornavit;
1473 537 1504 556 ea
1526 531 1598 557 enim
1615 530 1679 556 dum
1698 531 1778 556 homo
1795 530 1852 556 uti-

1063 580 1106 602 tur
1133 575 1274 610 appositis,
1293 580 1320 602 et
1343 575 1425 607 feras,
1439 580 1466 602 et
1482 576 1605 602 volucres
1619 580 1786 608 czeterasque
1806 583 1851 602 res

1062 627 1179 652 meatus,
1209 621 1365 647 nominibus
1385 621 1522 655 appellare
1545 625 1654 655 pomst:
1674 620 1707 646 Et
1723 621 1850 655 imposuit

1063 667 1147 693 Adam
1160 669 1265 693 nomina
1281 667 1351 692 omni
1365 667 1486 699 animali,
1499 672 1521 693 et
1539 668 1610 693 omni
1626 667 1726 693 volucri
1747 667 1816 698 caeli,
1827 671 1851 693 et

1063 713 1134 738 ontui
1152 712 1241 739 bestia:
1255 714 1322 746 agri.
1350 713 1466 745 Quidam
1488 718 1581 747 putant
1610 712 1755 745 Adalnum,
1785 720 1851 739 voce

1062 766 1122 792 qua:
1138 766 1219 785 sensu
1241 758 1343 792 percipi
1370 758 1514 792 audirique
1545 763 1636 792 posset
1655 759 1829 792 pronuntiata
1843 778 1851 790 ,

1062 804 1176 837 singulis
1185 804 1362 830 animantium
1377 803 1518 838 speciebus
1535 805 1731 838 volnerumque
1741 805 1850 831 nomina

1065 850 1208 880 indidisse,
1226 857 1287 876 cum
1303 849 1418 876 editiore
1435 850 1562 876 eolliculo
1571 854 1649 877 terra
1661 858 1709 884 pro
1724 851 1852 885 paradiso

1028 886 1049 913 Β
1065 895 1226 922 insidentem
1243 900 1412 930 angustaque
1421 896 1549 923 amictum
1564 896 1704 931 majestate
1719 901 1746 923 et
1762 897 1854 930 splen-

1065 941 1130 968 dore
1143 949 1222 976 quem
1240 941 1333 968 habitu
1348 949 1403 976 pro:
1416 949 1445 968 se
1459 941 1572 973 l'erehat,
1583 942 1682 969 etsolis
1694 943 1785 968 radios
1801 950 1850 968 su-

1065 991 1205 1020 perantem
1228 994 1236 1018 ;
1263 986 1307 1012 illa
1326 986 1473 1013 submissis
1491 986 1626 1020 capitibus
1650 994 1746 1020 prona,
1766 994 1853 1020 neque

1065 1039 1119 1066 prae
1135 1031 1220 1058 nimio
1230 1031 1328 1057 decore
1343 1038 1396 1064 quo
1408 1031 1453 1057 ille
1469 1030 1638 1064 Splendebat,
1652 1030 1750 1056 intueri
1763 1030 1852 1064 ip:unt

1064 1076 1203 1104 amlientia
1237 1076 1395 1111 singulatim
1426 1076 1607 1110 prteterirent,
1632 1075 1743 1110 suisque
1760 1076 1854 1102 abillo

1065 1123 1267 1157 appullarentur
1293 1129 1325 1149 ex
1353 1122 1447 1149 ordine
1478 1121 1632 1149 nominibus
1661 1123 1736 1157 (nam
1766 1130 1854 1157 neque

1065 1168 1194 1194 lsraelitw
1210 1168 1356 1202 quiverunt
1381 1167 1463 1194 Mosis
1477 1168 1580 1194 vultum
1601 1167 1738 1202 inspicere
1752 1168 1786 1194 ob
1800 1167 1854 1194 ful—

1065 1221 1157 1248 gorem
1172 1220 1226 1247 quo
1238 1212 1389 1239 eolltteebat
1410 1212 1433 1228 ⁸³
1451 1220 1540 1246 neque
1563 1220 1612 1239 nos
1638 1213 1759 1240 valemus
1786 1221 1853 1240 oeu-

1067 1260 1154 1286 lorum
1169 1259 1253 1285 aciem
1265 1258 1440 1285 intenderein
1455 1259 1539 1285 solem
1553 1263 1663 1292 propter
1675 1259 1853 1290 resplendens

1063 1303 1146 1338 jubar
1162 1311 1216 1338 quo
1230 1303 1416 1330 circumdatus
1424 1304 1573 1337 est)veluti
1591 1304 1663 1330 \erbi
1680 1304 1778 1338 gratia,
1789 1311 1852 1331 eum

1065 1353 1173 1375 taurum
1213 1349 1259 1376 ille
1288 1350 1398 1376 nomine
1426 1350 1519 1382 cieret,
1548 1350 1640 1377 audito
1666 1351 1776 1378 nomine
1802 1358 1853 1377 suo

1065 1400 1160 1422 taurus
1179 1396 1312 1423 transibat
1328 1404 1422 1423 coram
1441 1397 1496 1429 illo,
1511 1397 1601 1430 capite
1616 1397 1748 1427 demisso,
1764 1404 1853 1430 neque

1065 1442 1169 1468 obtueri
1185 1442 1273 1476 ipsum
1291 1447 1387 1476 potens
1405 1450 1413 1468 :
1430 1442 1557 1469 similiter
1573 1442 1734 1469 nominatim
1751 1442 1852 1469 citatus

1064 1495 1151 1521 equus
1179 1488 1345 1523 agnoscebat
1372 1495 1483 1520 nomen,
1513 1487 1721 1523 prmteribatque
1749 1488 1851 1522 dejeeta

1065 1534 1180 1565 cervice,
1192 1541 1279 1568 neque
1290 1533 1385 1560 Adami
1403 1539 1578 1568 conspectum
1597 1535 1753 1561 sustinens:
1772 1539 1853 1568 atque

1066 1579 1102 1606 ita
1116 1579 1149 1606 de
1164 1586 1320 1613 nuneupato
1335 1580 1425 1611 asino,
1436 1580 1552 1615 aliisque
1565 1580 1680 1615 singulis
1693 1580 1852 1607 animalium

1065 1631 1093 1653 et
1108 1626 1258 1653 beSIiarum
1274 1627 1471 1660 volucrumque
1483 1627 1638 1661 speciebus.
1656 1626 1707 1654 Sed
1722 1627 1792 1654 dicet
1802 1628 1854 1654 ali-

1065 1672 1126 1706 quis
1140 1681 1146 1698 :
1161 1671 1237 1699 Unde
1261 1672 1394 1699 didicerat
1406 1672 1539 1703 Adamus,
1556 1680 1611 1707 quo
1624 1680 1708 1708 genus
1726 1672 1853 1707 quodque

1066 1717 1176 1744 nomine
1196 1722 1268 1744 esset
1285 1718 1448 1745 vocandum.
1466 1719 1506 1745 Ad
1535 1719 1587 1746 hoc
1603 1719 1776 1753 respondent.
1790 1719 1852 1753 qui-

1065 1762 1116 1790 bus
1130 1762 1187 1790 bam
1203 1762 1391 1797 interpretatio
1405 1763 1493 1797 placet
1511 1762 1628 1797 Spiritus
1651 1765 1736 1790 sancti
1754 1764 1851 1791 fretum

1065 1809 1164 1843 gratia,
1181 1808 1327 1842 instinctu,
1346 1814 1427 1844 atque
1451 1809 1594 1837 ellicientia
1615 1818 1621 1842 ;
1641 1810 1715 1836 illum
1734 1811 1854 1845 propriis

1064 1854 1215 1888 appellasse
1227 1863 1342 1889 quaeque
1354 1856 1513 1883 vocabulis:
1529 1857 1630 1890 quippe
1645 1856 1718 1882 sicut
1735 1857 1852 1890 apostoli

1065 1901 1175 1935 impulsi
1194 1906 1258 1928 sunt
1274 1901 1307 1928 ad
1325 1901 1492 1936 loquendum
1511 1902 1570 1930 aliis
1592 1903 1703 1936 linguis,
1730 1911 1779 1937 pro
1819 1910 1852 1930 eo

1063 1955 1095 1973 ae
1114 1947 1233 1981 Spiritus
1246 1952 1358 1974 sanctus
1372 1948 1537 1982 suggerebat
1549 1949 1615 1983 ipsis
1629 1954 1657 1975 ut
1674 1949 1853 1983 tequereutur

1063 1992 1114 2023 '3‘,
1126 1992 1161 2019 ita
1180 1993 1261 2019 etiam
1289 1993 1421 2019 Adamqu
1437 1994 1470 2020 ab
1484 1994 1606 2027 ejusdem
1633 1995 1719 2022 sancti
1737 1995 1854 2029 Spiritus

1064 2037 1231 2072 benignitate
1255 2037 1472 2073 ellieacitateque
1487 2040 1628 2074 accepisse
1654 2046 1680 2067 et
1709 2041 1851 2068 scientiam

1063 2089 1090 2110 et
1106 2092 1196 2111 vocem
1213 2089 1240 2111 et
1255 2085 1419 2117 orationem,
1448 2090 1529 2119 atque
1545 2086 1581 2113 ita
1612 2087 1729 2121 singulis
1745 2087 1853 2114 anima—

1064 2129 1128 2156 lium
1148 2130 1294 2162 generibus
1309 2139 1358 2158 sua
1377 2131 1535 2158 attribuisse
1560 2133 1680 2159 nomina.
1702 2132 1787 2160 Porro
1805 2133 1853 2160 iis-

1064 2177 1124 2202 dem
1140 2176 1191 2203 illis
1207 2177 1241 2204 ab
1259 2178 1363 2204 Adamo
1392 2177 1489 2212 positis
1515 2179 1672 2206 nominibus
1689 2187 1766 2206 usam
1793 2187 1854 2207 esse

218 2221 252 2242 eo
272 2221 395 2250 spectare
417 2216 495 2250 quasi
528 2217 650 2244 Adamus
673 2218 782 2244 nomina
818 2218 959 2251 iuuit-otia
975 2221 1015 2246 fc—
1030 2229 1052 2256 ι)
1067 2224 1221 2249 universam
1250 2223 1388 2250 hominum
1417 2225 1602 2258 posteritatem
1629 2232 1717 2258 usque
1731 2225 1763 2251 ad
1786 2225 1853 2252 illud

220 2262 269 2292 ris,
291 2261 445 2289 volucribus
470 2263 601 2296 posuerit,
626 2263 673 2290 sed
692 2264 724 2290 ad
742 2264 882 2298 imperium
904 2265 1011 2296 Adatni,

217 2308 292 2342 quod
319 2308 344 2335 ei
377 2316 408 2335 ea
427 2309 510 2335 simul
537 2309 664 2336 universo
683 2310 774 2344 generi
797 2310 915 2337 humano
930 2310 1012 2337 inilla

217 2356 309 2382 datum
335 2361 386 2387 est,
416 2358 560 2391 pertinere.
586 2355 653 2383 Nam
671 2364 753 2390 penes
766 2364 838 2391 quos
855 2362 897 2384 est
917 2365 1008 2384 rerum

214 2402 396 2436 quarumdam
408 2402 572 2433 dominium,
588 2402 606 2430 ii
624 2403 724 2437 quibus
742 2404 836 2431 volunt
853 2404 1010 2431 nominibus

217 2453 450 2481 reseascensent,
491 2448 563 2476 sicut
601 2456 728 2484 possesor
767 2457 797 2476 ea
831 2457 893 2484 quae
937 2458 1000 2484 pos-

217 2493 296 2521 sitlet.
330 2494 399 2527 Quid
427 2495 499 2522 enim
528 2495 627 2530 alioqui
672 2495 829 2530 profuisset,
866 2496 1003 2530 inquiunt,

217 2539 287 2566 hanc
319 2546 365 2567 aut
396 2541 470 2568 illuni
508 2541 621 2569 bestiam
668 2543 840 2569 volucremve
875 2542 927 2568 hoc
960 2541 1004 2568 vel

217 2586 263 2613 illo
295 2588 404 2614 nnnine
432 2596 617 2620 nuncupasse,
663 2590 733 2621 l|lllzl
766 2596 866 2614 nomen
913 2595 1002 2622 neilue

216 2632 282 2666 ipsa
302 2641 451 2667 agnoscere
466 2635 629 2668 quivissenl,
660 2642 748 2669 neque
766 2641 799 2661 eo
812 2634 912 2661 smculo
931 2635 1003 2661 ullus

217 2678 375 2717 mortalium
401 2679 436 2706 ab
465 2679 569 2707 Adamo
586 2680 714 2707 discere?
733 2680 773 2706 Ad
805 2680 856 2707 hoc
881 2679 1004 2706 \idemus

216 2723 339 2760 singulas
356 2729 451 2760 gentes
480 2733 530 2753 sua
563 2733 674 2760 quaque
709 2726 801 2760 lingua
824 2732 1005 2760 sermoneque

212 2777 249 2798 ac
266 2771 405 2800 vocabulis
414 2773 541 2807 propriis,
553 2773 706 2801 animantes
719 2781 837 2809 avesque
850 2773 1003 2805 nominare;

251 2860 274 2876 "
298 2861 384 2888 Exod.
414 2869 505 2894 xxxiv,
529 2862 575 2890 ἓξ).
614 2863 652 2879 ⁸³⁷
685 2861 743 2889 Aet.
764 2870 792 2895 Il,
826 2864 853 2890 -l.

1065 2275 1173 2303 tempus
1187 2276 1242 2302 quo
1255 2273 1319 2296 sunt
1332 2269 1454 2296 contusa:
1469 2269 1567 2304 lingua:
1581 2279 1587 2296 :
1599 2274 1626 2296 et
1641 2270 1711 2296 sicut
1723 2270 1766 2297 ille
1776 2270 1853 2297 {ciiii-

1065 2323 1126 2341 nam
1145 2316 1259 2341 vacabat
1279 2315 1431 2345 mulierem.
1460 2320 1487 2342 et
1502 2316 1594 2349 Eram,
1612 2316 1648 2342 ita
1663 2323 1760 2342 omnes
1780 2316 1853 2344 illius

1062 2359 1154 2386 saeculi
1165 2358 1280 2385 l'etninas
1296 2359 1329 2385 ad
1339 2359 1468 2387 confusas
1483 2360 1590 2395 linguas
1604 2368 1692 2395 usque
1704 2361 1852 2395 appellatas

1059 2413 1120 2432 esse
1136 2405 1311 2435 mulieres,et
1334 2405 1402 2432 Evas
1416 2414 1422 2438 ;
1449 2406 1558 2440 quando
1572 2407 1655 2433 etiam
1674 2407 1756 2434 hodie
1771 2407 1849 2434 multi

1061 2449 1215 2476 mortalium
1231 2450 1264 2476 iis
1275 2455 1387 2478 tttuntur
1401 2452 1553 2483 vocabulis,
1570 2460 1632 2487 qua:
1651 2458 1715 2480 sunt
1732 2454 1766 2480 ab
1778 2453 1851 2480 Ada-

1060 2502 1103 2521 mo
1119 2497 1226 2529 prlmun
1245 2495 1361 2529 prodita.
1381 2497 1415 2521 At
1441 2496 1486 2522 alii
1502 2497 1691 2531 interpretum,
1715 2503 1742 2524 ut
1765 2505 1852 2532 nuper

1059 2545 1198 2568 ostensum
1215 2549 1229 2567 a
1245 2541 1323 2568 nobis
1339 2546 1390 2571 est.
1407 2541 1498 2568 dici‘re
1520 2543 1634 2574 tnalunt,
1653 2542 1744 2570 Mosen
1763 2543 1850 2577 signi-

1057 2587 1140 2613 ficare
1156 2587 1209 2614 illis
1225 2587 1326 2618 verbis,
1342 2587 1484 2622 imperium
1500 2588 1604 2615 Adamo
1623 2589 1737 2624 ejusque
1756 2595 1848 2624 poste-

1056 2632 1128 2660 ritati
1141 2640 1314 2661 concessum.
1332 2641 1381 2667 pro
1392 2641 1446 2667 quo
1462 2635 1572 2661 nomina
1582 2635 1768 2663 auiinautibus
1779 2643 1849 2662 cuu-

1057 2680 1108 2706 etis
1141 2679 1278 2713 rebuSque
1303 2679 1364 2706 aliis
1391 2679 1530 2714 imponere
1558 2682 1674 2715 possint.
1703 2681 1755 2708 Alii
1784 2689 1849 2708 vero

1057 2725 1226 2757 existimant,
1244 2726 1300 2753 [nec
1327 2725 1359 2752 ad
1377 2726 1462 2760 ipsam
1476 2727 1609 2754 rationein
1624 2731 1764 2762 spectare,
1794 2735 1849 2761 qua

1057 2772 1150 2801 donati
1169 2772 1202 2800 ab
1217 2772 1314 2807 opitice
1336 2771 1391 2800 Deo
1412 2773 1547 2807 homines,
1566 2773 1624 2801 suis
1657 2780 1700 2801 res
1725 2780 1848 2809 quasque
