2027 3077
161 165 210 198 5i1

723 169 773 198 DE
793 168 992 198 PARADISO.
1014 181 1049 186 ’-
1071 170 1166 199 PARS
1187 169 1212 198 ῐ.

1730 167 1782 198 542

160 221 299 248 vocabulis
311 226 415 255 queunt
436 222 593 256 appellare:
617 222 650 249 Et
669 222 772 249 Adamn
802 230 852 248 non
870 223 939 248 ini-e-
957 225 974 251 Λ
992 223 1154 258 gerebantur
1168 230 1269 257 :eaque
1283 229 1337 250 non
1348 223 1426 250 aliter
1441 223 1711 258 intelligerentquam
1724 232 1784 256 qua:

161 267 281 292 niebatttr
306 266 466 297 adiutorium
484 268 570 302 quali:
586 268 668 301 ipsius
699 272 767 294 erat.
793 266 941 301 Haudqua-

163 319 241 345 quam
258 311 438 338 existimanda
465 316 529 339 sunt
557 312 612 339 lt:th
630 312 710 339 verba
736 319 785 346 pro
812 319 944 346 responso

162 359 221 385 data
234 365 294 384 esse
310 357 426 391 cuipiam
446 366 453 383 :
472 358 531 392 quis
546 358 618 385 enim
632 359 799 393 interrogare
811 358 945 392 potuisset

160 412 224 430 nnm
241 404 361 431 Adamus
372 404 481 431 haberet
499 404 651 431 subsidium
671 405 721 432 sibi
738 405 837 435 simile,
853 413 942 439 quan-

161 451 194 476 do
216 455 313 484 pra-ter
334 449 409 476 illum
425 451 507 476 etiam
526 455 582 476 tum
601 457 680 477 nemo
696 453 754 476 erat
782 450 944 476 hominum?

161 494 260 521 Verum
273 498 396 528 spectant
411 495 444 521 ad
466 496 682 529 cognoscendum
709 496 855 523 discrimen
873 497 946 523 inter

160 541 225 568 Atla.-
239 540 423 567 conditionem
441 545 467 567 et
480 545 638 568 cmterorum
650 542 829 568 animantium
841 543 945 570 ratione

162 586 311 613 carentium
329 587 354 611 in
369 593 400 611 eo
418 587 535 620 positum
550 588 621 620 quod
638 587 664 613 in
683 587 724 614 his
736 595 794 614 mas
809 593 834 614 et
846 588 944 615 femina

160 632 217 666 pari
230 636 290 658 artu
308 631 387 658 simul
402 631 573 664 exstiterint;
592 632 617 658 iii
634 640 732 665 genere
745 641 810 659 vero
826 633 945 661 humano

159 676 243 703 Adam
262 675 338 702 solus
353 676 480 702 comhtus
492 676 537 707 sit.
560 681 587 703 et
600 676 698 703 deinde
711 685 743 704 ex
761 678 821 712 ipso
833 678 943 705 femina.

195 721 288 754 Qualis
298 721 378 754 fuerit
390 722 487 747 Λάαιηί
511 730 629 749 somnus.
647 738 680 743 —-
706 722 740 749 Et
765 723 873 749 immisit
893 724 944 749 Do-

160 767 245 793 minus
263 767 329 793 Deus
346 767 372 793 in
388 767 518 793 Adamum
535 768 658 801 quietem,
674 772 698 794 et
713 768 877 795 obdormivit.
891 768 944 794 No-

159 813 270 840 tandttm
286 817 336 844 est,
351 820 398 847 pro
410 813 501 846 quiete
514 814 539 839 in
552 813 645 840 Graeco
662 814 792 840 ἔκστασιν
806 823 812 840 :
827 814 877 840 hoc
893 818 945 846 est,

161 857 259 884 mentis
273 862 424 891 stuporem,
446 865 508 885 esse
528 858 659 892 scriptum
675 866 682 889 ;
699 858 725 884 in
754 858 867 885 ilebrmo
881 867 946 885 veto

995 269 1083 296 oculis
1094 269 1261 304 auribusque
1277 269 1418 303 corporeis
1432 276 1522 295 coram
1535 269 1591 296 llcri
1605 265 1727 295 viderent
1743 274 1784 295 at-

995 322 1049 349 que
1065 314 1201 346 audirent,
1213 315 1309 341 deindc
1325 315 1408 342 radiis
1421 314 1571 341 divinarum
1589 314 1783 341 revelationnm

995 365 1104 396 pectora
1114 360 1232 395 ipsorum
1244 360 1434 387 collustrabat:
1449 360 1639 386 revelatiomtm
1650 360 1782 393 (inquam)

995 415 1088 434 earum
1103 414 1192 433 rerum
1206 414 1265 440 qua}
1279 410 1325 432 aut
1341 409 1480 432 eventura:
1493 409 1581 432 erant.
1593 408 1639 430 aut
1652 404 1708 438 jam
1721 408 1778 429 tum

995 453 1162 480 acciderant.
1176 451 1276 477 Verum
1288 451 1437 477 illiusmodi
1453 450 1632 476 revelationes
1646 449 1744 475 divinae
1759 454 1780 474 et

997 497 1113 532 Spiritus
1126 497 1212 524 sancti
1232 497 1357 523 cl‘licaces
1381 496 1513 525 actiones.
1542 495 1683 529 prophetis
1716 495 1784 526 vigi-

998 543 1116 569 lantibus
1129 542 1344 576 contingebant;
1362 546 1389 568 at
1415 541 1519 567 Adamn
1536 539 1681 566 dormienti
1699 539 1782 564 obve-

997 588 1036 614 nit
1048 595 1125 614 sacra
1142 586 1186 613 illa
1201 587 1370 613 revelatiorei
1391 594 1450 618 utne
1477 586 1548 612 circa
1566 585 1640 611 il‘um
1657 584 1787 618 agebatur

998 632 1024 659 in
1045 632 1185 659 condenda
1198 640 1229 658 ex
1249 632 1306 666 ipso
1319 632 1384 658 Eva.
1403 630 1465 657 Fuit
1485 631 1566 665 igitur
1580 639 1610 657 ea
1627 631 1684 657 sive
1709 631 1787 662 qu‘es

997 680 1055 706 sive
1091 678 1231 707 ἔκστασις,
1260 685 1313 712 qua
1353 678 1422 704 Deus
1457 678 1590 703 Adamum
1616 676 1787 702 ili-vinciebat

997 724 1108 758 quando
1119 725 1204 757 ipsius
1213 724 1363 750 detractant
1374 723 1480 756 corpori
1491 722 1679 749 conl'ormabat
1691 722 1785 753 Erant,

1000 770 1037 796 illi
1057 769 1154 796 similis
1176 776 1260 796 serra:
1281 768 1377 795 visioni
1409 775 1462 801 qua
1496 767 1631 793 Abraham
1660 766 1788 793 cernebat

1000 815 1149 848 lampadem
1166 814 1237 848 ignis
1252 814 1420 840 incedentem
1431 814 1500 839 inter
1514 813 1599 838 frttsta
1611 812 1645 842 “,
1656 819 1709 845 qua
1723 812 1788 838 E1e‘

1000 859 1070 886 rhiel
1085 859 1208 886 invectos
1232 859 1405 885 Cherubinos
1421 859 1455 890 ⁸⁵,
1474 865 1527 891 qua
1548 857 1632 884 Isaias
1646 857 1729 884 Deum
1745 865 1790 884 se-

160 909 298 941 sotnnum.
316 901 450 928 Caeterum
472 910 505 929 eo
521 903 593 936 quad
626 903 674 935 ait,
694 903 776 929 Deum
798 903 903 929 misisse
920 903 945 928 in
963 894 984 922 Β
999 906 1106 932 dentem
1128 905 1153 932 iu
1172 905 1235 932 sede
1251 905 1360 931 sublimi
1380 905 1600 939 Serapltinosque
1618 908 1722 931 stantes
1737 903 1791 930 cir-

160 947 303 978 Adamnm,
321 949 440 982 quietem
454 949 510 975 sive
525 949 622 976 mentis
639 953 777 982 stuporem
790 968 798 980 ,
812 949 946 982 arguitur,

161 1002 214 1020 non
232 997 336 1020 natura:
352 994 553 1021 necessitudine
580 1001 708 1021 sonitum
743 994 818 1021 tlluin
838 995 945 1021 Adamo

161 1039 318 1070 accassisse,
335 1039 382 1066 sed
401 1039 455 1065 Deo
479 1039 652 1067 conciliante.
668 1040 762 1072 Qualis
782 1047 847 1066 vero
865 1039 948 1066 fuerit

161 1085 206 1111 illa
221 1085 308 1119 quies.
330 1089 376 1111 aut
391 1084 530 1116 ἔκστασις,
549 1084 570 1110 si
587 1085 648 1118 quis
664 1089 779 1119 qum-at,
797 1085 946 1119 responde-

161 1138 222 1157 mus
252 1130 323 1156 haud
340 1130 456 1156 similent
474 1131 613 1156 consuetis
630 1130 682 1156 illis
701 1130 786 1157 fuisse
802 1131 903 1164 quibus
919 1135 948 1157 ut

160 1176 292 1208 solemus,
310 1181 413 1202 naturae
427 1175 608 1209 indulgentes.
628 1175 748 1202 Primum
763 1176 835 1202 enim
850 1184 883 1202 eo
899 1183 947 1202 so-

161 1228 227 1256 pore
244 1221 376 1251 immisso,
389 1221 502 1248 obduxit
515 1220 586 1248 Deus
595 1221 690 1248 Adami
708 1227 825 1248 mentem
840 1230 853 1248 a
866 1222 948 1250 rebus

161 1269 289 1296 omnibus
309 1277 369 1302 quan
397 1269 455 1296 visu
474 1269 514 1296 \el
548 1269 601 1295 alio
619 1270 716 1303 quovis
740 1277 822 1296 sensu
846 1269 947 1304 percipi

163 1315 274 1348 possint,
290 1319 371 1348 atque
387 1314 421 1341 ita
438 1322 535 1341 somno
548 1322 579 1341 eo
589 1315 677 1341 all'ecit
690 1320 718 1342 ut
733 1316 839 1341 illarum
857 1323 948 1342 rerum

133 1354 137 1359 ’
163 1367 275 1393 prorsus
296 1359 397 1385 nullum
411 1359 550 1386 sentiret:
571 1359 699 1386 nimirum
730 1360 816 1393 ipsius
844 1361 948 1394 cngita-

163 1403 250 1429 tiones
272 1404 380 1438 penitus
404 1403 438 1430 ab
459 1405 686 1437 oet-tipatiouibus
711 1413 803 1431 rerutn
832 1406 949 1432 munda-

164 1456 260 1476 narum
279 1449 408 1476 omnibus
430 1450 465 1476 ita
483 1450 590 1484 collegit
610 1455 639 1476 nt
657 1451 710 1476 alio
726 1455 842 1477 mentem
872 1459 948 1478 suam

163 1494 218 1526 ille,
229 1502 310 1528 quam
324 1495 350 1520 in
367 1495 489 1529 scipsum
504 1503 536 1521 ac
552 1496 623 1522 circa
637 1504 707 1526 sese,
728 1504 779 1522 non
795 1497 950 1524 intenderet

163 1547 209 1569 aut
226 1546 342 1570 verteret
360 1551 366 1569 :
383 1543 480 1570 deinde
497 1543 690 1570 revelationem
708 1543 757 1577 ipsi
771 1544 878 1575 indidit,
891 1551 944 1578 qua
966 1559 986 1587 c

164 1588 247 1616 veluti
263 1589 353 1615 divina
370 1589 497 1623 quapiam
515 1588 670 1621 eﬂicieutia,
689 1589 729 1616 sic
746 1589 790 1615 ille
803 1596 948 1622 compara-

164 1635 257 1667 batur,
282 1639 311 1660 ut
331 1641 379 1668 per
390 1634 488 1661 anima-
503 1641 559 1660 sum
575 1639 663 1661 motus
679 1634 817 1668 viresque,
848 1634 951 1662 videret

163 1685 245 1715 atque
270 1680 377 1706 audiret
393 1685 491 1706 cuncta
507 1687 568 1714 quae
583 1679 673 1714 seipse
688 1687 720 1707 ac
741 1680 814 1706 circa
834 1688 865 1707 se
884 1687 950 1714 age-

166 1728 274 1754 bantur.
302 1726 428 1753 Permisit
438 1727 510 1752 enim
524 1726 575 1760 ipsi
593 1731 622 1753 ut
639 1733 694 1753 tton
711 1726 789 1753 aliter
800 1727 870 1760 apud
886 1726 948 1753 atti-

164 1780 237 1799 mum
255 1780 334 1799 Slllllll
350 1777 471 1799 νεῐεξιτει
490 1777 683 1806 rcpularclque
699 1779 731 1799 ac
745 1777 836 1799 certus
851 1772 948 1799 redde-

164 1821 237 1844 retur
248 1817 318 1851 quod
326 1822 400 1844 costa
414 1817 464 1845 sibi
477 1817 647 1844 eximebatur
663 1822 744 1851 atque
755 1818 780 1843 in
800 1818 945 1844 mulierem

164 1862 390 1894 concinnahatur,
413 1870 495 1897 quam
525 1861 547 1888 si
565 1862 652 1889 oculis
667 1864 836 1896 auribusque
851 1869 950 1896 corpo-

166 1908 220 1934 reis
238 1916 302 1935 usus
318 1909 473 1943 rcmipsam
505 1910 618 1936 vidissrt
643 1913 668 1935 et
692 1908 854 1936 audivisset.
884 1908 952 1934 Nam

165 1958 286 1988 eocaptu
304 1954 399 1986 animi,
420 1955 466 1989 qui
488 1955 596 1982 videndi
625 1954 807 1988 audiendique
828 1953 953 1981 sensibus

166 2000 355 2034 responderet,
373 2001 432 2027 ideo
453 2001 542 2034 ipsum
557 2000 704 2026 inlirmavit
720 2000 791 2026 Deus
804 2008 858 2034 quo
874 2000 953 2034 peni—

166 2051 209 2073 tus
221 2046 295 2073 cordi
313 2046 399 2078 ipsius
424 2046 476 2072 lixa
499 2048 613 2074 haereret
637 2046 775 2080 mentique
791 2050 865 2073 certa
884 2053 953 2073 con-

167 2093 250 2117 staret
272 2097 316 2117 res
333 2090 378 2116 illa
406 2098 467 2124 quae
493 2091 624 2124 agebatur
640 2098 647 2122 ;
662 2090 879 2124 intelligeretque
909 2090 954 2118 ille

166 2143 195 2162 se
213 2143 267 2162 non
290 2134 407 2161 fantasia
424 2136 551 2169 quapiam
569 2140 652 2170 atque
675 2143 742 2162 vana
760 2135 954 2170 imaginatione

167 2182 311 2210 seductum
326 2189 341 2209 a
362 2190 426 2209 vero
439 2190 509 2213 esse,
527 2184 574 2210 sed
590 2191 646 2209 rent
675 2183 761 2217 ipsam
780 2184 931 2217 percepisse
945 2192 951 2210 :

166 2235 220 2255 non
238 2227 316 2254 aliter
334 2232 415 2262 atque
433 2228 510 2254 nobis
526 2228 634 2258 accidit.
654 2228 700 2262 qui
720 2228 784 2255 dum
802 2228 888 2255 oculis
901 2228 952 2254 ali-

166 2273 229 2307 quid
247 2273 385 2301 cernimus
401 2274 569 2308 auribusque
584 2275 721 2306 audimus,
739 2282 800 2300 vere
813 2282 862 2301 nos
878 2274 950 2309 quod

167 2325 211 2345 res
222 2323 262 2344 est
276 2319 404 2345 didicisse
419 2319 522 2345 Scimus
538 2327 545 2344 :
564 2324 627 2345 sunt
643 2319 715 2346 cttint
735 2319 790 2346 duo
804 2319 842 2345 illi
856 2327 952 2346 sensus

167 2364 267 2398 (visum
293 2365 364 2396 (lien,
389 2365 566 2398 auditumque
582 2365 590 2394 ι
607 2365 726 2392 inomni
753 2373 782 2392 re
803 2365 950 2392 certissimi

167 2410 289 2437 veritatis
302 2414 392 2437 testes.
409 2410 441 2437 Et
453 2419 516 2437 vero
532 2415 561 2436 nt
576 2410 620 2437 hic
631 2411 817 2441 cuntAdamo,
835 2411 870 2438 ita
882 2411 951 2439 alias

166 2461 226 2481 cum
246 2455 348 2481 sanctis
361 2454 500 2488 prophetis
515 2455 611 2487 agebat
625 2463 733 2488 quo-ine
751 2455 822 2482 Deus
840 2456 950 2489 quando

166 2500 285 2534 ipsorum
302 2506 411 2535 pectora
427 2500 526 2527 divitiis
543 2500 601 2527 suis
628 2501 840 2528 revelationibus
869 2501 949 2529 illus-

166 2546 255 2573 trahat
272 2554 278 2572 ι
300 2551 362 2573 ante
378 2547 469 2573 omnia
487 2546 559 2573 enim
577 2546 726 2572 abducebat
739 2547 861 2580 ipsorum
872 2554 951 2573 tuen-

166 2596 207 2618 tes
223 2590 455 2625 cogitationesque
473 2592 507 2617 ab
522 2591 650 2618 omnibus
665 2591 746 2618 rebus
757 2592 950 2625 spectabilibus

167 2637 255 2662 autin
271 2637 395 2670 quemvis
406 2636 488 2662 alium
502 2645 611 2665 sensum
623 2636 783 2664 cadentibus
799 2641 880 2672 atque
894 2645 952 2665 nta-

168 2681 282 2712 teriatis,
292 2686 319 2709 et
334 2682 412 2716 plane
420 2683 454 2708 ab
466 2682 539 2709 omni
554 2682 751 2710 mundanarum
766 2690 856 2710 rerutn
869 2691 952 2711 oceu-

167 2728 294 2762 patione:
312 2729 484 2760 quo,mentis
498 2729 690 2761 agitationibus
710 2728 852 2764 animique
877 2730 952 2764 cogi-

169 2773 317 2801 tationibus
329 2773 432 2800 intente
447 2774 699 2807 contemplarentur
709 2782 740 2802 ea
752 2783 812 2809 quae
835 2776 904 2810 apud
921 2784 950 2804 si:

202 2831 225 2846 λι
246 2831 302 2855 an»
335 2839 379 2863 xv,
399 2831 439 2857 l7.
477 2832 499 2847 "
523 2831 610 2859 Etech
633 2841 660 2865 κ,
681 2833 689 2860 l
729 2833 752 2848 "
767 2833 818 2860 lea.
847 2841 883 2865 Vl,
906 2833 933 2861 Ξ.

169 2875 221 2893 ,ιιι
261 2865 352 2892 "Dan.
372 2875 401 2892 tl.
419 2867 439 2892 l.

972 2833 994 2849 ιν
1011 2835 1071 2861 Act.
1088 2842 1115 2868 κ,
1139 2834 1179 2861 ιι.

999 961 1060 979 cun
1078 952 1167 986 ipsum
1191 952 1213 968 “
1230 960 1237 984 ;
1261 952 1377 985 denique
1393 960 1446 985 qua
1471 951 1566 978 Petrus
1589 950 1756 977 desoendens
1772 957 1787 976 e

999 999 1070 1026 cmlo
1095 999 1184 1024 velum
1201 998 1382 1024 contuebatur
1397 998 1430 1024 ".
1448 997 1534 1032 Atque
1562 997 1622 1023 lucc
1650 996 1782 1022 hactenus

1000 1045 1033 1072 de
1050 1045 1142 1078 quiete
1156 1045 1211 1071 sive
1222 1044 1335 1072 exstasi.
1346 1052 1426 1077 quain
1441 1043 1511 1070 Deus
1527 1042 1789 1076 Adamoinjiciehat.

1000 1091 1071 1118 dicta
1089 1099 1102 1118 a
1121 1090 1199 1118 nobis
1224 1095 1315 1116 sunto.
1335 1090 1402 1116 Illud
1433 1097 1514 1123 porro
1549 1089 1621 1123 quod
1648 1087 1789 1118 scribitur.

999 1137 1155 1173 dormirisse
1166 1136 1310 1167 Adamunt,
1323 1134 1442 1162 ostendit
1456 1135 1543 1168 ipsum
1560 1135 1648 1161 adhuc
1665 1134 1790 1167 ignarum

1000 1180 1064 1214 quid
1078 1180 1116 1206 rei
1132 1185 1203 1206 ess-rt
1227 1187 1354 1209 somnus.
1383 1187 1412 1205 se
1428 1179 1530 1205 nudum
1552 1179 1627 1204 lnnni
1644 1178 1788 1211 abiecisse,

1000 1231 1083 1260 atque
1094 1225 1246 1257 stcrtuisse,
1262 1226 1308 1251 sed
1321 1225 1446 1251 indutum
1463 1224 1570 1251 interim
1585 1225 1682 1259 gloria.
1695 1223 1789 1258 splen-

1001 1272 1163 1305 dentemque
1177 1271 1243 1298 solis
1258 1271 1284 1297 in
1300 1278 1402 1297 morem
1414 1269 1508 1296 .Porro
1526 1271 1550 1295 in
1563 1269 1786 1303 disquisitionem

1001 1323 1091 1344 autem
1109 1316 1152 1343 hic
1169 1317 1254 1348 venit,
1274 1324 1338 1342 num
1356 1324 1403 1350 per
1423 1315 1588 1343 insomnium
1614 1314 1712 1341 vitlrrit
1727 1321 1793 1340 cos-

1002 1369 1056 1391 tam
1071 1371 1130 1397 qua:
1148 1362 1200 1389 sibi
1223 1363 1445 1394 subtraheliatnr,
1471 1366 1551 1396 atque
1567 1361 1792 1387 conformalmtur

1002 1410 1029 1436 in
1045 1409 1186 1439 feminam,
1199 1416 1233 1435 an
1246 1416 1310 1434 vero
1325 1409 1412 1442 ri-ipsa
1422 1416 1481 1434 eam
1494 1413 1596 1435 costam
1614 1407 1729 1433 intuitus
1739 1406 1794 1433 sit?

1004 1455 1210 1489 Respondemus
1233 1461 1307 1485 vero,
1322 1461 1384 1479 eum
1406 1454 1517 1480 minime
1530 1459 1633 1480 costam
1648 1453 1734 1487 ipsam
1751 1460 1794 1478 rc-

1005 1507 1066 1526 vera
1090 1498 1240 1532 aspexisse,
1258 1505 1320 1524 cum
1335 1498 1477 1524 dormierit
1496 1506 1502 1524 :
1531 1506 1618 1531 neque
1650 1498 1729 1523 ctiam
1747 1504 1794 1530 per

1004 1543 1170 1571 insomnium
1196 1543 1377 1576 (quanquam
1407 1550 1460 1568 non
1490 1542 1645 1576 negandum
1670 1542 1705 1568 sit
1732 1548 1792 1568 esse

1004 1589 1128 1623 quaedam
1147 1588 1282 1615 insomnia
1300 1595 1374 1619 vera,
1391 1587 1543 1621 cujnsntodi
1561 1586 1636 1613 fuere
1661 1587 1704 1613 illa
1732 1594 1793 1620 qua:

1002 1635 1120 1669 Joscpho
1133 1639 1282 1662 evenerunt
1297 1639 1323 1661 et
1335 1633 1482 1663 Pharaoni.
1502 1633 1565 1659 item
1579 1631 1680 1658 Danicli
1697 1636 1723 1657 ct
1738 1631 1794 1658 Na-

1002 1681 1236 1714 bttcltodonosori,
1249 1686 1330 1715 atque
1345 1681 1426 1708 etiam
1442 1679 1562 1714 Joscpho
1578 1678 1669 1705 Maria:
1680 1685 1794 1712 sponso,

1004 1727 1120 1761 denique
1137 1727 1215 1753 uxori
1234 1726 1324 1756 Pilati.
1344 1726 1540 1760 compluraqtte
1559 1725 1610 1752 alia
1643 1723 1724 1758 hujus
1741 1731 1787 1758 ge-

1005 1772 1090 1807 neris)
1107 1773 1153 1800 sed
1171 1780 1218 1807 per
1243 1772 1361 1798 divinam
1379 1771 1584 1800 rcvelationem.
1601 1778 1663 1796 cum
1694 1777 1792 1797 somno

1005 1823 1095 1846 tamen
1113 1818 1219 1844 interim
1236 1822 1309 1844 esset
1323 1818 1380 1852 ipso
1407 1823 1571 1851 occupatus.
1589 1816 1724 1844 thcrum
1751 1816 1794 1842 di-

1005 1864 1075 1890 vinas
1089 1863 1269 1890 revelationes
1287 1871 1339 1889 non
1359 1870 1413 1889 uno
1427 1870 1523 1889 onines
1539 1862 1618 1888 modo
1633 1861 1791 1888 hominibus

1004 1910 1095 1938 offerri
1111 1910 1218 1937 solent:
1232 1910 1277 1936 sed
1288 1909 1386 1942 partim
1399 1907 1602 1942 repra-scntatis
1617 1907 1700 1934 rebus
1715 1906 1795 1940 ipsis,

1005 1957 1065 1985 alia
1081 1964 1128 1990 per
1146 1955 1282 1982 insomnia
1302 1963 1309 1982 :
1326 1954 1444 1988 denique
1457 1955 1595 1980 nonnulla:
1608 1953 1688 1979 ctiam
1705 1960 1727 1978 ιιη
1740 1959 1794 1986 que

1007 2011 1052 2037 per
1065 2011 1108 2030 res
1125 2002 1198 2035 ipsas
1215 2009 1304 2035 neque
1328 2008 1375 2034 per
1392 2000 1539 2030 insomnia,
1562 1999 1608 2025 sed
1628 2006 1674 2033 per
1697 1998 1796 2025 anith

1006 2056 1105 2076 sensus
1117 2068 1125 2080 ,
1142 2048 1259 2075 occlusis
1284 2047 1389 2074 scilicet
1412 2046 1539 2072 sensibus
1555 2044 1680 2079 corporis
1699 2053 1706 2070 :
1725 2044 1797 2071 sicut

1007 2095 1086 2122 nobis
1100 2094 1305 2127 usuvcnit,dum
1321 2092 1422 2119 clausis
1435 2092 1524 2118 oculis
1542 2089 1732 2123 obturatisquc
1746 2097 1797 2115 au-

1007 2141 1082 2167 ribus
1101 2139 1294 2173 cogitationcm
1314 2142 1436 2164 nostrant
1450 2138 1488 2162 ita
1510 2135 1677 2162 intendimus
1693 2135 1718 2160 in
1739 2141 1794 2160 rem

1008 2185 1165 2219 quampiam
1184 2189 1327 2214 remotam,
1348 2188 1377 2209 ut
1397 2190 1483 2216 neque
1506 2182 1651 2208 audiamus
1666 2181 1730 2206 illos
1748 2179 1796 2214 qui

970 2236 990 2262 ι)
1008 2238 1058 2257 nos
1073 2237 1104 2256 ex
1138 2229 1290 2264 propinquo
1323 2229 1512 2262 alloquuntur,
1539 2234 1628 2260 neque
1644 2225 1794 2252 videamus.

1009 2277 1079 2303 Sunt
1091 2281 1180 2302 autem
1211 2275 1402 2307 revelationes,
1430 2282 1490 2309 quae
1519 2281 1566 2308 per
1585 2281 1628 2300 res
1655 2273 1797 2304 llunt,cu-

1005 2321 1126 2355 jusmodi
1145 2320 1194 2347 l'uit
1215 2320 1280 2346 illud
1308 2319 1390 2346 Mosis
1420 2320 1519 2351 visunt,
1553 2326 1607 2352 quo
1631 2318 1719 2352 ignem
1750 2323 1798 2342 ru-

1005 2367 1124 2400 bttntque
1153 2366 1253 2400 ipsum,
1280 2369 1305 2391 et
1334 2371 1431 2391 caetera
1455 2365 1565 2391 videbat
1597 2363 1638 2395 ";
1673 2370 1712 2389 eae
1734 2369 1797 2388 vero

1005 2419 1067 2446 quas
1089 2419 1135 2445 per
1149 2411 1265 2441 somnia,
1284 2410 1380 2444 quales
1399 2410 1484 2441 fuere,
1500 2408 1610 2443 .Iosepbi
1626 2413 1653 2436 et
1673 2407 1795 2434 Pharao—

1006 2459 1048 2484 nis
1060 2458 1093 2490 ",
1108 2462 1189 2491 atque
1204 2456 1324 2483 Danielis
1338 2461 1365 2483 et
1379 2455 1657 2483 Nabuchodonosoris
1671 2455 1705 2480 ’°.
1722 2454 1789 2486 Quae

1008 2510 1097 2537 neque
1107 2503 1207 2536 rcipsa,
1224 2508 1312 2535 neque
1330 2509 1377 2535 per
1391 2500 1556 2527 insomnium
1571 2498 1709 2529 accidunt.
1724 2497 1797 2524 illius

1007 2554 1071 2576 sunt
1086 2547 1193 2582 generis
1222 2546 1302 2581 cujus
1321 2551 1401 2574 erant
1421 2554 1489 2581 quas
1512 2545 1621 2572 videbat
1645 2544 1795 2574 Abraham,

1007 2594 1092 2626 lsac,
1116 2593 1226 2626 Petrus,
1243 2598 1270 2620 et
1287 2594 1338 2620 lioe
1354 2593 1415 2619 loco
1430 2593 1528 2620 Adam.

1043 2639 1098 2666 Cur
1113 2639 1215 2665 Atlanta
1232 2639 1372 2665 dormienti
1387 2639 1474 2672 potius
1491 2645 1570 2671 quam
1585 2635 1708 2670 vigilanti
1722 2641 1797 2667 crep-

1007 2689 1034 2712 ta
1046 2690 1129 2712 costa.
1152 2699 1184 2707 —
1213 2684 1286 2711 Solet
1300 2689 1326 2711 et
1348 2684 1412 2710 illud
1428 2683 1525 2718 quasti,
1538 2690 1588 2710 cur
1603 2690 1655 2709 non
1671 2681 1792 2715 vigilanti

1007 2730 1123 2760 Adamn,
1144 2729 1192 2756 sed
1210 2729 1357 2755 dormienti
1387 2734 1490 2755 costam
1509 2727 1580 2754 Deus
1604 2725 1795 2754 subtraxerit?

1006 2775 1089 2810 Atqui
1107 2775 1128 2802 si
1147 2775 1267 2809 vigilanti
1289 2775 1445 2807 exemisset,
1472 2774 1568 2801 borum
1586 2773 1637 2808 ipsi
1655 2773 1795 2800 evenisset

1219 2834 1241 2850 ⁸⁸
1269 2834 1353 2862 Exul.
1381 2842 1419 2867 ιιι,
1450 2835 1477 2861 ‘2.
1516 2833 1538 2850 '9
1555 2832 1623 2860 Gen.
1645 2836 1792 2865 “suum
