  <div class='ocr_page' id='page_1' title='image "/cluster/home/n/w/nwhite01/storage/ocr_20150623/111/njp.32101077772943/313.png"; bbox 0 0 2027 3077; ppageno 0'>
   <div class='ocr_carea' id='block_1_1' title="bbox 251 165 304 197">
    <p class='ocr_par' dir='ltr' id='par_1_1' title="bbox 251 165 304 197">
     <span class='ocr_line' id='line_1_1' title="bbox 251 165 304 197; baseline 0.019 -1"><span class='ocrx_word' id='word_1_1' title='bbox 251 165 304 197; x_wconf 68' lang='grc'><strong>543</strong></span> 
     </span>
    </p>
   </div>
   <div class='ocr_carea' id='block_1_2' title="bbox 889 161 1239 192">
    <p class='ocr_par' dir='ltr' id='par_1_2' title="bbox 889 161 1239 192">
     <span class='ocr_line' id='line_1_2' title="bbox 889 161 1239 192; baseline -0.003 0"><span class='ocrx_word' id='word_1_2' title='bbox 889 162 1002 192; x_wconf 82' lang='lat' dir='ltr'><strong>MOSlS</strong></span> <span class='ocrx_word' id='word_1_3' title='bbox 1021 161 1096 190; x_wconf 66' lang='grc' dir='ltr'><strong>ΒΑΗ</strong></span> <span class='ocrx_word' id='word_1_4' title='bbox 1116 161 1239 192; x_wconf 70' lang='grc' dir='ltr'><strong>(ΞΕΡΗᾹ</strong></span> 
     </span>
    </p>
   </div>
   <div class='ocr_carea' id='block_1_3' title="bbox 1820 164 1874 196">
    <p class='ocr_par' dir='ltr' id='par_1_3' title="bbox 1820 164 1874 196">
     <span class='ocr_line' id='line_1_3' title="bbox 1820 164 1874 196; baseline 0 0"><span class='ocrx_word' id='word_1_5' title='bbox 1820 164 1874 196; x_wconf 68' lang='grc' dir='ltr'>διι</span> 
     </span>
    </p>
   </div>
   <div class='ocr_carea' id='block_1_4' title="bbox 251 215 1879 253">
    <p class='ocr_par' dir='ltr' id='par_1_4' title="bbox 251 215 1879 253">
     <span class='ocr_line' id='line_1_4' title="bbox 251 215 1879 253; baseline 0.003 -8"><span class='ocrx_word' id='word_1_6' title='bbox 251 223 425 250; x_wconf 59' lang='lat' dir='ltr'><strong>alte-rutrum.</strong></span> <span class='ocrx_word' id='word_1_7' title='bbox 441 224 469 246; x_wconf 96' lang='grc' dir='ltr'><strong>ιιι</strong></span> <span class='ocrx_word' id='word_1_8' title='bbox 483 223 530 246; x_wconf 78' lang='lat' dir='ltr'><strong>aut</strong></span> <span class='ocrx_word' id='word_1_9' title='bbox 552 218 655 245; x_wconf 83' lang='lat' dir='ltr'><strong>doloris</strong></span> <span class='ocrx_word' id='word_1_10' title='bbox 670 225 751 244; x_wconf 68' lang='lat' dir='ltr'><strong>srnsu</strong></span> <span class='ocrx_word' id='word_1_11' title='bbox 768 217 860 251; x_wconf 84' lang='lat' dir='ltr'><strong>aliquo</strong></span> <span class='ocrx_word' id='word_1_12' title='bbox 878 217 1034 244; x_wconf 87' lang='lat' dir='ltr'><strong>afllceretur</strong></span> <span class='ocrx_word' id='word_1_13' title='bbox 1049 219 1070 246; x_wconf 82' lang='lat' dir='ltr'><strong>A</strong></span> <span class='ocrx_word' id='word_1_14' title='bbox 1087 215 1191 249; x_wconf 81' lang='lat' dir='ltr'><strong>Tertia,</strong></span> <span class='ocrx_word' id='word_1_15' title='bbox 1211 221 1241 243; x_wconf 91' lang='lat' dir='ltr'><strong>ut</strong></span> <span class='ocrx_word' id='word_1_16' title='bbox 1265 216 1384 244; x_wconf 81' lang='lat' dir='ltr'><strong>arctiore</strong></span> <span class='ocrx_word' id='word_1_17' title='bbox 1411 217 1612 253; x_wconf 77' lang='lat' dir='ltr'><strong>constringeret</strong></span> <span class='ocrx_word' id='word_1_18' title='bbox 1635 227 1728 247; x_wconf 84' lang='lat' dir='ltr'><strong>amore</strong></span> <span class='ocrx_word' id='word_1_19' title='bbox 1743 221 1834 248; x_wconf 87' lang='lat' dir='ltr'><strong>virum</strong></span> <span class='ocrx_word' id='word_1_20' title='bbox 1849 228 1879 250; x_wconf 84' lang='lat' dir='ltr'><strong>et</strong></span> 
     </span>
    </p>
   </div>
   <div class='ocr_carea' id='block_1_5' title="bbox 252 261 1036 293">
    <p class='ocr_par' dir='ltr' id='par_1_5' title="bbox 252 261 1036 293">
     <span class='ocr_line' id='line_1_5' title="bbox 252 261 1036 293; baseline -0.005 -1"><span class='ocrx_word' id='word_1_21' title='bbox 252 266 279 292; x_wconf 91' lang='lat' dir='ltr'><strong>in</strong></span> <span class='ocrx_word' id='word_1_22' title='bbox 303 264 450 292; x_wconf 86' lang='lat' dir='ltr'><strong>auferenda</strong></span> <span class='ocrx_word' id='word_1_23' title='bbox 472 269 563 293; x_wconf 87' lang='lat' dir='ltr'><strong>costa;</strong></span> <span class='ocrx_word' id='word_1_24' title='bbox 578 267 625 289; x_wconf 91' lang='lat' dir='ltr'><strong>aut</strong></span> <span class='ocrx_word' id='word_1_25' title='bbox 641 262 725 289; x_wconf 87' lang='lat' dir='ltr'><strong>nullo.</strong></span> <span class='ocrx_word' id='word_1_26' title='bbox 742 261 803 288; x_wconf 79' lang='lat' dir='ltr'><strong>Jam</strong></span> <span class='ocrx_word' id='word_1_27' title='bbox 820 269 884 288; x_wconf 88' lang='lat' dir='ltr'><strong>vero</strong></span> <span class='ocrx_word' id='word_1_28' title='bbox 894 261 915 288; x_wconf 97' lang='lat' dir='ltr'><strong>si</strong></span> <span class='ocrx_word' id='word_1_29' title='bbox 932 261 1036 288; x_wconf 79' lang='lat' dir='ltr'><strong>doluis-</strong></span> 
     </span>
    </p>
   </div>
   <div class='ocr_carea' id='block_1_6' title="bbox 251 307 1036 342">
    <p class='ocr_par' dir='ltr' id='par_1_6' title="bbox 251 307 1036 342">
     <span class='ocr_line' id='line_1_6' title="bbox 251 307 1036 342; baseline -0.005 -4"><span class='ocrx_word' id='word_1_30' title='bbox 251 316 293 338; x_wconf 81' lang='lat' dir='ltr'><strong>set</strong></span> <span class='ocrx_word' id='word_1_31' title='bbox 308 331 315 341; x_wconf 84' lang='lat'><strong><em>.</em></strong></span> <span class='ocrx_word' id='word_1_32' title='bbox 345 311 436 337; x_wconf 89' lang='lat' dir='ltr'><strong>odium</strong></span> <span class='ocrx_word' id='word_1_33' title='bbox 469 309 599 336; x_wconf 84' lang='lat' dir='ltr'><strong>adversus</strong></span> <span class='ocrx_word' id='word_1_34' title='bbox 615 307 758 342; x_wconf 75' lang='lat' dir='ltr'><strong>conjugem</strong></span> <span class='ocrx_word' id='word_1_35' title='bbox 777 315 853 334; x_wconf 87' lang='lat' dir='ltr'><strong>suam</strong></span> <span class='ocrx_word' id='word_1_36' title='bbox 877 307 958 334; x_wconf 78' lang='lat' dir='ltr'><strong>Evam</strong></span> <span class='ocrx_word' id='word_1_37' title='bbox 972 316 1036 335; x_wconf 82' lang='lat' dir='ltr'><strong>cett-</strong></span> 
     </span>
    </p>
   </div>
   <div class='ocr_carea' id='block_1_7' title="bbox 252 353 1038 389">
    <p class='ocr_par' dir='ltr' id='par_1_7' title="bbox 252 353 1038 389">
     <span class='ocr_line' id='line_1_7' title="bbox 252 353 1038 389; baseline -0.004 -6"><span class='ocrx_word' id='word_1_38' title='bbox 252 356 391 389; x_wconf 85' lang='lat' dir='ltr'><strong>cepisset:</strong></span> <span class='ocrx_word' id='word_1_39' title='bbox 412 355 454 382; x_wconf 88' lang='lat' dir='ltr'><strong>sin</strong></span> <span class='ocrx_word' id='word_1_40' title='bbox 485 354 557 380; x_wconf 90' lang='lat' dir='ltr'><strong>nullo</strong></span> <span class='ocrx_word' id='word_1_41' title='bbox 578 358 666 381; x_wconf 84' lang='lat' dir='ltr'><strong>tactus</strong></span> <span class='ocrx_word' id='word_1_42' title='bbox 694 353 790 380; x_wconf 86' lang='lat' dir='ltr'><strong>fuisset</strong></span> <span class='ocrx_word' id='word_1_43' title='bbox 809 353 914 381; x_wconf 86' lang='lat' dir='ltr'><strong>dolore.</strong></span> <span class='ocrx_word' id='word_1_44' title='bbox 945 354 1038 381; x_wconf 78' lang='lat' dir='ltr'><strong>existi—</strong></span> 
     </span>
    </p>
   </div>
   <div class='ocr_carea' id='block_1_8' title="bbox 253 398 1036 432">
    <p class='ocr_par' dir='ltr' id='par_1_8' title="bbox 253 398 1036 432">
     <span class='ocr_line' id='line_1_8' title="bbox 253 398 1036 432; baseline -0.004 -5"><span class='ocrx_word' id='word_1_45' title='bbox 253 406 354 428; x_wconf 86' lang='lat' dir='ltr'><strong>masset</strong></span> <span class='ocrx_word' id='word_1_46' title='bbox 375 400 468 426; x_wconf 83' lang='lat' dir='ltr'><strong>falsam</strong></span> <span class='ocrx_word' id='word_1_47' title='bbox 486 399 616 426; x_wconf 86' lang='lat' dir='ltr'><strong>duntaxat</strong></span> <span class='ocrx_word' id='word_1_48' title='bbox 636 398 858 432; x_wconf 76' lang='lat' dir='ltr'><strong>imaginationem</strong></span> <span class='ocrx_word' id='word_1_49' title='bbox 879 398 964 425; x_wconf 80' lang='lat' dir='ltr'><strong>fuisse</strong></span> <span class='ocrx_word' id='word_1_50' title='bbox 976 405 1036 424; x_wconf 83' lang='lat' dir='ltr'><strong>eam</strong></span> 
     </span>
    </p>
   </div>
   <div class='ocr_carea' id='block_1_9' title="bbox 251 443 1036 478">
    <p class='ocr_par' dir='ltr' id='par_1_9' title="bbox 251 443 1036 478">
     <span class='ocr_line' id='line_1_9' title="bbox 251 443 1036 478; baseline 0 -8"><span class='ocrx_word' id='word_1_51' title='bbox 251 452 312 478; x_wconf 73' lang='lat' dir='ltr'><strong>quae</strong></span> <span class='ocrx_word' id='word_1_52' title='bbox 327 445 360 471; x_wconf 87' lang='lat' dir='ltr'><strong>de</strong></span> <span class='ocrx_word' id='word_1_53' title='bbox 379 444 441 471; x_wconf 58' lang='lat' dir='ltr'><strong>Eva;</strong></span> <span class='ocrx_word' id='word_1_54' title='bbox 459 443 615 471; x_wconf 88' lang='lat' dir='ltr'><strong>conditione</strong></span> <span class='ocrx_word' id='word_1_55' title='bbox 639 451 690 471; x_wconf 89' lang='lat' dir='ltr'><strong>suo</strong></span> <span class='ocrx_word' id='word_1_56' title='bbox 718 444 811 470; x_wconf 89' lang='lat' dir='ltr'><strong>animo</strong></span> <span class='ocrx_word' id='word_1_57' title='bbox 829 444 1036 477; x_wconf 79' lang='lat' dir='ltr'><strong>obversabatur,</strong></span> 
     </span>
    </p>
   </div>
   <div class='ocr_carea' id='block_1_10' title="bbox 252 490 1036 524">
    <p class='ocr_par' dir='ltr' id='par_1_10' title="bbox 252 490 1036 524">
     <span class='ocr_line' id='line_1_10' title="bbox 252 490 1036 524; baseline 0 -8"><span class='ocrx_word' id='word_1_58' title='bbox 252 498 338 524; x_wconf 81' lang='lat' dir='ltr'><strong>neque</strong></span> <span class='ocrx_word' id='word_1_59' title='bbox 356 491 442 524; x_wconf 88' lang='lat' dir='ltr'><strong>reipsa</strong></span> <span class='ocrx_word' id='word_1_60' title='bbox 458 494 485 517; x_wconf 89' lang='lat' dir='ltr'><strong>et</strong></span> <span class='ocrx_word' id='word_1_61' title='bbox 501 498 564 517; x_wconf 85' lang='lat' dir='ltr'><strong>vere</strong></span> <span class='ocrx_word' id='word_1_62' title='bbox 579 490 730 518; x_wconf 74' lang='lat' dir='ltr'><strong>accetlisse.</strong></span> <span class='ocrx_word' id='word_1_63' title='bbox 747 490 844 516; x_wconf 83' lang='lat' dir='ltr'><strong>lntbuit</strong></span> <span class='ocrx_word' id='word_1_64' title='bbox 861 490 943 524; x_wconf 75' lang='lat' dir='ltr'><strong>igitur</strong></span> <span class='ocrx_word' id='word_1_65' title='bbox 959 490 1036 516; x_wconf 86' lang='lat' dir='ltr'><strong>illum</strong></span> 
     </span>
    </p>
   </div>
   <div class='ocr_carea' id='block_1_11' title="bbox 252 534 1033 570">
    <p class='ocr_par' dir='ltr' id='par_1_11' title="bbox 252 534 1033 570">
     <span class='ocr_line' id='line_1_11' title="bbox 252 534 1033 570; baseline -0.001 -9"><span class='ocrx_word' id='word_1_66' title='bbox 252 543 348 561; x_wconf 85' lang='lat' dir='ltr'><strong>somno</strong></span> <span class='ocrx_word' id='word_1_67' title='bbox 373 534 443 562; x_wconf 86' lang='lat' dir='ltr'><strong>Deus</strong></span> <span class='ocrx_word' id='word_1_68' title='bbox 456 543 489 562; x_wconf 86' lang='lat' dir='ltr'><strong>ne</strong></span> <span class='ocrx_word' id='word_1_69' title='bbox 510 535 575 570; x_wconf 89' lang='lat' dir='ltr'><strong>quid</strong></span> <span class='ocrx_word' id='word_1_70' title='bbox 592 535 697 562; x_wconf 89' lang='lat' dir='ltr'><strong>doloris</strong></span> <span class='ocrx_word' id='word_1_71' title='bbox 726 534 915 561; x_wconf 87' lang='lat' dir='ltr'><strong>seutiretdum</strong></span> <span class='ocrx_word' id='word_1_72' title='bbox 928 539 1033 561; x_wconf 84' lang='lat' dir='ltr'><strong>costam</strong></span> 
     </span>
    </p>
   </div>
   <div class='ocr_carea' id='block_1_12' title="bbox 252 581 1038 616">
    <p class='ocr_par' dir='ltr' id='par_1_12' title="bbox 252 581 1038 616">
     <span class='ocr_line' id='line_1_12' title="bbox 252 581 1038 616; baseline 0.001 -10"><span class='ocrx_word' id='word_1_73' title='bbox 252 581 387 608; x_wconf 86' lang='lat' dir='ltr'><strong>amitteret</strong></span> <span class='ocrx_word' id='word_1_74' title='bbox 403 589 411 608; x_wconf 90' lang='lat'><strong>:</strong></span> <span class='ocrx_word' id='word_1_75' title='bbox 442 589 591 616; x_wconf 87' lang='lat' dir='ltr'><strong>rursusque</strong></span> <span class='ocrx_word' id='word_1_76' title='bbox 606 581 695 608; x_wconf 84' lang='lat' dir='ltr'><strong>effecit</strong></span> <span class='ocrx_word' id='word_1_77' title='bbox 715 586 745 608; x_wconf 93' lang='lat' dir='ltr'><strong>ut</strong></span> <span class='ocrx_word' id='word_1_78' title='bbox 757 581 911 608; x_wconf 87' lang='lat' dir='ltr'><strong>intellectus</strong></span> <span class='ocrx_word' id='word_1_79' title='bbox 925 581 967 608; x_wconf 88' lang='lat' dir='ltr'><strong>sui</strong></span> <span class='ocrx_word' id='word_1_80' title='bbox 984 588 1038 607; x_wconf 84' lang='lat' dir='ltr'><strong>mo-</strong></span> 
     </span>
    </p>
   </div>
   <div class='ocr_carea' id='block_1_13' title="bbox 251 627 1038 662">
    <p class='ocr_par' dir='ltr' id='par_1_13' title="bbox 251 627 1038 662">
     <span class='ocr_line' id='line_1_13' title="bbox 251 627 1038 662; baseline 0.001 -9"><span class='ocrx_word' id='word_1_81' title='bbox 251 632 291 658; x_wconf 77' lang='lat' dir='ltr'><strong>tu,</strong></span> <span class='ocrx_word' id='word_1_82' title='bbox 312 633 416 654; x_wconf 82' lang='lat' dir='ltr'><strong>costam</strong></span> <span class='ocrx_word' id='word_1_83' title='bbox 439 628 490 655; x_wconf 85' lang='lat' dir='ltr'><strong>sibi</strong></span> <span class='ocrx_word' id='word_1_84' title='bbox 508 628 602 659; x_wconf 84' lang='lat' dir='ltr'><strong>adimi,</strong></span> <span class='ocrx_word' id='word_1_85' title='bbox 616 628 699 662; x_wconf 84' lang='lat' dir='ltr'><strong>inque</strong></span> <span class='ocrx_word' id='word_1_86' title='bbox 722 627 803 654; x_wconf 88' lang='lat' dir='ltr'><strong>Evam</strong></span> <span class='ocrx_word' id='word_1_87' title='bbox 820 627 978 654; x_wconf 88' lang='lat' dir='ltr'><strong>concinnari</strong></span> <span class='ocrx_word' id='word_1_88' title='bbox 997 628 1038 654; x_wconf 86' lang='lat' dir='ltr'><strong>vi-</strong></span> 
     </span>
    </p>
   </div>
   <div class='ocr_carea' id='block_1_14' title="bbox 250 673 1038 708">
    <p class='ocr_par' dir='ltr' id='par_1_14' title="bbox 250 673 1038 708">
     <span class='ocr_line' id='line_1_14' title="bbox 250 673 1038 708; baseline 0.003 -10"><span class='ocrx_word' id='word_1_89' title='bbox 250 673 342 700; x_wconf 85' lang='lat' dir='ltr'><strong>derit:</strong></span> <span class='ocrx_word' id='word_1_90' title='bbox 364 681 420 707; x_wconf 90' lang='lat' dir='ltr'><strong>quo</strong></span> <span class='ocrx_word' id='word_1_91' title='bbox 437 681 468 700; x_wconf 80' lang='lat' dir='ltr'><strong>ea</strong></span> <span class='ocrx_word' id='word_1_92' title='bbox 488 681 532 701; x_wconf 89' lang='lat' dir='ltr'><strong>res</strong></span> <span class='ocrx_word' id='word_1_93' title='bbox 556 673 642 708; x_wconf 83' lang='lat' dir='ltr'><strong>ipsius</strong></span> <span class='ocrx_word' id='word_1_94' title='bbox 662 674 754 700; x_wconf 90' lang='lat' dir='ltr'><strong>animo</strong></span> <span class='ocrx_word' id='word_1_95' title='bbox 769 673 901 707; x_wconf 89' lang='lat' dir='ltr'><strong>impressa</strong></span> <span class='ocrx_word' id='word_1_96' title='bbox 931 673 1038 708; x_wconf 81' lang='lat' dir='ltr'><strong>ﬁxaque</strong></span> 
     </span>
    </p>
   </div>
   <div class='ocr_carea' id='block_1_15' title="bbox 249 718 1039 753">
    <p class='ocr_par' dir='ltr' id='par_1_15' title="bbox 249 718 1039 753">
     <span class='ocr_line' id='line_1_15' title="bbox 249 718 1039 753; baseline 0.003 -9"><span class='ocrx_word' id='word_1_97' title='bbox 249 718 358 752; x_wconf 94' lang='lat' dir='ltr'><strong>penitus</strong></span> <span class='ocrx_word' id='word_1_98' title='bbox 374 724 463 746; x_wconf 79' lang='lat' dir='ltr'><strong>mente</strong></span> <span class='ocrx_word' id='word_1_99' title='bbox 475 719 599 751; x_wconf 67' lang='lat' dir='ltr'><strong>haereret,</strong></span> <span class='ocrx_word' id='word_1_100' title='bbox 616 727 702 753; x_wconf 87' lang='lat' dir='ltr'><strong>neque</strong></span> <span class='ocrx_word' id='word_1_101' title='bbox 714 718 780 745; x_wconf 88' lang='lat' dir='ltr'><strong>falsa</strong></span> <span class='ocrx_word' id='word_1_102' title='bbox 798 719 835 745; x_wconf 91' lang='lat' dir='ltr'><strong>rei</strong></span> <span class='ocrx_word' id='word_1_103' title='bbox 863 719 952 753; x_wconf 80' lang='lat' dir='ltr'><strong>imago</strong></span> <span class='ocrx_word' id='word_1_104' title='bbox 965 719 1039 746; x_wconf 81' lang='lat' dir='ltr'><strong>exis-</strong></span> 
     </span>
    </p>
   </div>
   <div class='ocr_carea' id='block_1_16' title="bbox 249 764 1038 799">
    <p class='ocr_par' dir='ltr' id='par_1_16' title="bbox 249 764 1038 799">
     <span class='ocr_line' id='line_1_16' title="bbox 249 764 1038 799; baseline 0.001 -9"><span class='ocrx_word' id='word_1_105' title='bbox 249 765 410 796; x_wconf 81' lang='lat' dir='ltr'><strong>timaretur;</strong></span> <span class='ocrx_word' id='word_1_106' title='bbox 427 765 483 792; x_wconf 54' lang='lat' dir='ltr'><strong>haec</strong></span> <span class='ocrx_word' id='word_1_107' title='bbox 499 771 563 791; x_wconf 72' lang='lat' dir='ltr'><strong>vero</strong></span> <span class='ocrx_word' id='word_1_108' title='bbox 586 764 671 791; x_wconf 87' lang='lat' dir='ltr'><strong>animi</strong></span> <span class='ocrx_word' id='word_1_109' title='bbox 694 764 871 798; x_wconf 80' lang='lat' dir='ltr'><strong>intelligentia</strong></span> <span class='ocrx_word' id='word_1_110' title='bbox 892 769 973 799; x_wconf 87' lang='lat' dir='ltr'><strong>atque</strong></span> <span class='ocrx_word' id='word_1_111' title='bbox 989 772 1038 791; x_wconf 90' lang='lat' dir='ltr'><strong>no-</strong></span> 
     </span>
    </p>
   </div>
   <div class='ocr_carea' id='block_1_17' title="bbox 250 809 1037 842">
    <p class='ocr_par' dir='ltr' id='par_1_17' title="bbox 250 809 1037 842">
     <span class='ocr_line' id='line_1_17' title="bbox 250 809 1037 842; baseline 0 -7"><span class='ocrx_word' id='word_1_112' title='bbox 250 810 289 836; x_wconf 85' lang='lat' dir='ltr'><strong>tio</strong></span> <span class='ocrx_word' id='word_1_113' title='bbox 316 818 348 836; x_wconf 81' lang='lat' dir='ltr'><strong>ex</strong></span> <span class='ocrx_word' id='word_1_114' title='bbox 373 809 464 836; x_wconf 85' lang='lat' dir='ltr'><strong>divina</strong></span> <span class='ocrx_word' id='word_1_115' title='bbox 499 814 542 836; x_wconf 86' lang='lat' dir='ltr'><strong>est</strong></span> <span class='ocrx_word' id='word_1_116' title='bbox 569 815 628 836; x_wconf 85' lang='lat' dir='ltr'><strong>orta</strong></span> <span class='ocrx_word' id='word_1_117' title='bbox 648 809 822 842; x_wconf 84' lang='lat' dir='ltr'><strong>revelatione,</strong></span> <span class='ocrx_word' id='word_1_118' title='bbox 852 814 878 836; x_wconf 84' lang='lat' dir='ltr'><strong>et</strong></span> <span class='ocrx_word' id='word_1_119' title='bbox 895 810 1037 837; x_wconf 88' lang='lat' dir='ltr'><strong>instinctu.</strong></span> 
     </span>
    </p>
   </div>
   <div class='ocr_carea' id='block_1_18' title="bbox 249 855 1039 890">
    <p class='ocr_par' dir='ltr' id='par_1_18' title="bbox 249 855 1039 890">
     <span class='ocr_line' id='line_1_18' title="bbox 249 855 1039 890; baseline 0 -8"><span class='ocrx_word' id='word_1_120' title='bbox 249 855 334 890; x_wconf 75' lang='lat' dir='ltr'><strong>Igitur</strong></span> <span class='ocrx_word' id='word_1_121' title='bbox 346 863 400 882; x_wconf 93' lang='lat' dir='ltr'><strong>non</strong></span> <span class='ocrx_word' id='word_1_122' title='bbox 413 857 565 883; x_wconf 88' lang='lat' dir='ltr'><strong>naturalem</strong></span> <span class='ocrx_word' id='word_1_123' title='bbox 581 864 707 883; x_wconf 88' lang='lat' dir='ltr'><strong>somnum</strong></span> <span class='ocrx_word' id='word_1_124' title='bbox 723 860 750 882; x_wconf 90' lang='lat' dir='ltr'><strong>et</strong></span> <span class='ocrx_word' id='word_1_125' title='bbox 764 857 894 883; x_wconf 85' lang='lat' dir='ltr'><strong>usitatum</strong></span> <span class='ocrx_word' id='word_1_126' title='bbox 905 856 979 883; x_wconf 80' lang='lat' dir='ltr'><strong>illuni</strong></span> <span class='ocrx_word' id='word_1_127' title='bbox 989 857 1039 883; x_wconf 89' lang='lat' dir='ltr'><strong>im-</strong></span> 
     </span>
    </p>
   </div>
   <div class='ocr_carea' id='block_1_19' title="bbox 250 900 1039 936">
    <p class='ocr_par' dir='ltr' id='par_1_19' title="bbox 250 900 1039 936">
     <span class='ocr_line' id='line_1_19' title="bbox 250 900 1039 936; baseline 0.003 -9"><span class='ocrx_word' id='word_1_128' title='bbox 250 901 326 928; x_wconf 87' lang='lat' dir='ltr'><strong>misit</strong></span> <span class='ocrx_word' id='word_1_129' title='bbox 347 901 451 927; x_wconf 74' lang='lat' dir='ltr'><strong>Ailamo</strong></span> <span class='ocrx_word' id='word_1_130' title='bbox 481 901 563 933; x_wconf 83' lang='lat' dir='ltr'><strong>Deus,</strong></span> <span class='ocrx_word' id='word_1_131' title='bbox 579 909 632 936; x_wconf 90' lang='lat' dir='ltr'><strong>quo</strong></span> <span class='ocrx_word' id='word_1_132' title='bbox 647 900 771 928; x_wconf 74' lang='lat' dir='ltr'><strong>eﬂ&#39;ectum</strong></span> <span class='ocrx_word' id='word_1_133' title='bbox 803 906 845 928; x_wconf 85' lang='lat' dir='ltr'><strong>est</strong></span> <span class='ocrx_word' id='word_1_134' title='bbox 875 909 908 928; x_wconf 90' lang='lat' dir='ltr'><strong>ne</strong></span> <span class='ocrx_word' id='word_1_135' title='bbox 926 902 1039 929; x_wconf 83' lang='lat' dir='ltr'><strong>sentiret</strong></span> 
     </span>
    </p>
   </div>
   <div class='ocr_carea' id='block_1_20' title="bbox 249 945 1039 982">
    <p class='ocr_par' dir='ltr' id='par_1_20' title="bbox 249 945 1039 982">
     <span class='ocr_line' id='line_1_20' title="bbox 249 945 1039 982; baseline 0.003 -10"><span class='ocrx_word' id='word_1_136' title='bbox 249 945 382 978; x_wconf 82' lang='lat' dir='ltr'><strong>dolorem,</strong></span> <span class='ocrx_word' id='word_1_137' title='bbox 399 955 525 982; x_wconf 58' lang='lat' dir='ltr'><strong>aegreque</strong></span> <span class='ocrx_word' id='word_1_138' title='bbox 544 947 657 974; x_wconf 75' lang='lat' dir='ltr'><strong>haberet</strong></span> <span class='ocrx_word' id='word_1_139' title='bbox 673 947 737 974; x_wconf 88' lang='lat' dir='ltr'><strong>dttm</strong></span> <span class='ocrx_word' id='word_1_140' title='bbox 761 947 812 974; x_wconf 84' lang='lat' dir='ltr'><strong>sibi</strong></span> <span class='ocrx_word' id='word_1_141' title='bbox 848 952 922 974; x_wconf 84' lang='lat' dir='ltr'><strong>costa</strong></span> <span class='ocrx_word' id='word_1_142' title='bbox 947 948 1039 975; x_wconf 88' lang='lat' dir='ltr'><strong>deme-</strong></span> 
     </span>
    </p>
   </div>
   <div class='ocr_carea' id='block_1_21' title="bbox 251 993 1037 1028">
    <p class='ocr_par' dir='ltr' id='par_1_21' title="bbox 251 993 1037 1028">
     <span class='ocr_line' id='line_1_21' title="bbox 251 993 1037 1028; baseline 0.001 -9"><span class='ocrx_word' id='word_1_143' title='bbox 251 996 327 1019; x_wconf 87' lang='lat' dir='ltr'><strong>retur</strong></span> <span class='ocrx_word' id='word_1_144' title='bbox 343 1002 350 1020; x_wconf 89' lang='lat'><strong>:</strong></span> <span class='ocrx_word' id='word_1_145' title='bbox 368 1000 400 1020; x_wconf 80' lang='lat' dir='ltr'><strong>ex</strong></span> <span class='ocrx_word' id='word_1_146' title='bbox 428 1001 483 1028; x_wconf 89' lang='lat' dir='ltr'><strong>quo</strong></span> <span class='ocrx_word' id='word_1_147' title='bbox 500 993 594 1020; x_wconf 89' lang='lat' dir='ltr'><strong>dolore</strong></span> <span class='ocrx_word' id='word_1_148' title='bbox 616 993 733 1020; x_wconf 84' lang='lat' dir='ltr'><strong>subinde</strong></span> <span class='ocrx_word' id='word_1_149' title='bbox 751 994 777 1020; x_wconf 87' lang='lat' dir='ltr'><strong>in</strong></span> <span class='ocrx_word' id='word_1_150' title='bbox 805 993 963 1020; x_wconf 78' lang='lat' dir='ltr'><strong>memoriam</strong></span> <span class='ocrx_word' id='word_1_151' title='bbox 985 994 1037 1020; x_wconf 82' lang='lat' dir='ltr'><strong>sibi</strong></span> 
     </span>
    </p>
   </div>
   <div class='ocr_carea' id='block_1_22' title="bbox 250 1038 1038 1070">
    <p class='ocr_par' dir='ltr' id='par_1_22' title="bbox 250 1038 1038 1070">
     <span class='ocr_line' id='line_1_22' title="bbox 250 1038 1038 1070; baseline 0.003 -7"><span class='ocrx_word' id='word_1_152' title='bbox 250 1043 419 1070; x_wconf 84' lang='lat' dir='ltr'><strong>recurrente.</strong></span> <span class='ocrx_word' id='word_1_153' title='bbox 449 1038 536 1065; x_wconf 87' lang='lat' dir='ltr'><strong>hostis</strong></span> <span class='ocrx_word' id='word_1_154' title='bbox 558 1038 689 1065; x_wconf 77' lang='lat' dir='ltr'><strong>adversus</strong></span> <span class='ocrx_word' id='word_1_155' title='bbox 717 1046 776 1065; x_wconf 84' lang='lat' dir='ltr'><strong>eam</strong></span> <span class='ocrx_word' id='word_1_156' title='bbox 810 1038 950 1065; x_wconf 80' lang='lat' dir='ltr'><strong>mulierem</strong></span> <span class='ocrx_word' id='word_1_157' title='bbox 981 1038 1038 1066; x_wconf 83' lang='lat' dir='ltr'><strong>ﬁeri</strong></span> 
     </span>
    </p>
   </div>
   <div class='ocr_carea' id='block_1_23' title="bbox 251 1082 1039 1117">
    <p class='ocr_par' dir='ltr' id='par_1_23' title="bbox 251 1082 1039 1117">
     <span class='ocr_line' id='line_1_23' title="bbox 251 1082 1039 1117; baseline 0.003 -9"><span class='ocrx_word' id='word_1_158' title='bbox 251 1082 398 1117; x_wconf 79' lang='lat' dir='ltr'><strong>potuisset,</strong></span> <span class='ocrx_word' id='word_1_159' title='bbox 419 1090 479 1117; x_wconf 76' lang='lat' dir='ltr'><strong>quae</strong></span> <span class='ocrx_word' id='word_1_160' title='bbox 501 1083 536 1110; x_wconf 86' lang='lat' dir='ltr'><strong>ab</strong></span> <span class='ocrx_word' id='word_1_161' title='bbox 554 1085 613 1117; x_wconf 88' lang='lat' dir='ltr'><strong>ipso</strong></span> <span class='ocrx_word' id='word_1_162' title='bbox 638 1083 693 1110; x_wconf 88' lang='lat' dir='ltr'><strong>Deo</strong></span> <span class='ocrx_word' id='word_1_163' title='bbox 706 1089 763 1110; x_wconf 87' lang='lat' dir='ltr'><strong>erat</strong></span> <span class='ocrx_word' id='word_1_164' title='bbox 789 1083 972 1116; x_wconf 87' lang='lat' dir='ltr'><strong>conformata,</strong></span> <span class='ocrx_word' id='word_1_165' title='bbox 991 1083 1039 1111; x_wconf 85' lang='lat' dir='ltr'><strong>sed</strong></span> 
     </span>
    </p>
   </div>
   <div class='ocr_carea' id='block_1_24' title="bbox 250 1128 1039 1169">
    <p class='ocr_par' dir='ltr' id='par_1_24' title="bbox 250 1128 1039 1169">
     <span class='ocr_line' id='line_1_24' title="bbox 250 1128 1039 1169; baseline 0.003 -15"><span class='ocrx_word' id='word_1_166' title='bbox 250 1136 281 1154; x_wconf 89' lang='lat' dir='ltr'><strong>ca</strong></span> <span class='ocrx_word' id='word_1_167' title='bbox 320 1128 406 1162; x_wconf 84' lang='lat' dir='ltr'><strong>ipsum</strong></span> <span class='ocrx_word' id='word_1_168' title='bbox 434 1130 534 1162; x_wconf 84' lang='lat' dir='ltr'><strong>quiete,</strong></span> <span class='ocrx_word' id='word_1_169' title='bbox 560 1128 617 1156; x_wconf 84' lang='lat' dir='ltr'><strong>sive</strong></span> <span class='ocrx_word' id='word_1_170' title='bbox 638 1130 739 1156; x_wconf 78' lang='lat' dir='ltr'><strong>exstasi</strong></span> <span class='ocrx_word' id='word_1_171' title='bbox 776 1129 906 1169; x_wconf 76' lang='lat' dir='ltr'><strong>devinxit,</strong></span> <span class='ocrx_word' id='word_1_172' title='bbox 936 1130 963 1156; x_wconf 90' lang='lat' dir='ltr'><strong>in</strong></span> <span class='ocrx_word' id='word_1_173' title='bbox 986 1137 1039 1164; x_wconf 85' lang='lat' dir='ltr'><strong>qua</strong></span> 
     </span>
    </p>
   </div>
   <div class='ocr_carea' id='block_1_25' title="bbox 251 1174 1038 1209">
    <p class='ocr_par' dir='ltr' id='par_1_25' title="bbox 251 1174 1038 1209">
     <span class='ocr_line' id='line_1_25' title="bbox 251 1174 1038 1209; baseline 0.001 -9"><span class='ocrx_word' id='word_1_174' title='bbox 251 1174 322 1201; x_wconf 86' lang='lat' dir='ltr'><strong>scire</strong></span> <span class='ocrx_word' id='word_1_175' title='bbox 341 1179 434 1208; x_wconf 85' lang='lat' dir='ltr'><strong>posset</strong></span> <span class='ocrx_word' id='word_1_176' title='bbox 446 1179 527 1209; x_wconf 87' lang='lat' dir='ltr'><strong>atque</strong></span> <span class='ocrx_word' id='word_1_177' title='bbox 542 1175 702 1209; x_wconf 76' lang='lat' dir='ltr'><strong>intelligere,</strong></span> <span class='ocrx_word' id='word_1_178' title='bbox 713 1174 777 1201; x_wconf 86' lang='lat' dir='ltr'><strong>illud</strong></span> <span class='ocrx_word' id='word_1_179' title='bbox 795 1182 850 1201; x_wconf 89' lang='lat' dir='ltr'><strong>rem</strong></span> <span class='ocrx_word' id='word_1_180' title='bbox 867 1175 953 1208; x_wconf 88' lang='lat' dir='ltr'><strong>ipsam</strong></span> <span class='ocrx_word' id='word_1_181' title='bbox 967 1182 1038 1206; x_wconf 83' lang='lat' dir='ltr'><strong>esse,</strong></span> 
     </span>
    </p>
   </div>
   <div class='ocr_carea' id='block_1_26' title="bbox 251 1220 1039 1254">
    <p class='ocr_par' dir='ltr' id='par_1_26' title="bbox 251 1220 1039 1254">
     <span class='ocr_line' id='line_1_26' title="bbox 251 1220 1039 1254; baseline 0.004 -10"><span class='ocrx_word' id='word_1_182' title='bbox 251 1220 323 1253; x_wconf 84' lang='lat' dir='ltr'><strong>quod</strong></span> <span class='ocrx_word' id='word_1_183' title='bbox 351 1221 378 1247; x_wconf 91' lang='lat' dir='ltr'><strong>in</strong></span> <span class='ocrx_word' id='word_1_184' title='bbox 408 1228 448 1250; x_wconf 84' lang='lat' dir='ltr'><strong>se.</strong></span> <span class='ocrx_word' id='word_1_185' title='bbox 473 1225 500 1247; x_wconf 85' lang='lat' dir='ltr'><strong>et</strong></span> <span class='ocrx_word' id='word_1_186' title='bbox 521 1221 624 1247; x_wconf 80' lang='lat' dir='ltr'><strong>circum</strong></span> <span class='ocrx_word' id='word_1_187' title='bbox 647 1229 676 1248; x_wconf 88' lang='lat' dir='ltr'><strong>se</strong></span> <span class='ocrx_word' id='word_1_188' title='bbox 701 1220 831 1254; x_wconf 76' lang='lat' dir='ltr'><strong>agebatur</strong></span> <span class='ocrx_word' id='word_1_189' title='bbox 851 1228 865 1247; x_wconf 88' lang='lat' dir='ltr'><strong>a</strong></span> <span class='ocrx_word' id='word_1_190' title='bbox 882 1220 947 1251; x_wconf 84' lang='lat' dir='ltr'><strong>Deo,</strong></span> <span class='ocrx_word' id='word_1_191' title='bbox 965 1220 1039 1247; x_wconf 89' lang='lat' dir='ltr'><strong>nullo</strong></span> 
     </span>
    </p>
   </div>
   <div class='ocr_carea' id='block_1_27' title="bbox 253 1266 1039 1293">
    <p class='ocr_par' dir='ltr' id='par_1_27' title="bbox 253 1266 1039 1293">
     <span class='ocr_line' id='line_1_27' title="bbox 253 1266 1039 1293; baseline 0.003 -2"><span class='ocrx_word' id='word_1_192' title='bbox 253 1269 343 1292; x_wconf 81' lang='lat' dir='ltr'><strong>tamen</strong></span> <span class='ocrx_word' id='word_1_193' title='bbox 357 1266 465 1292; x_wconf 86' lang='lat' dir='ltr'><strong>interim</strong></span> <span class='ocrx_word' id='word_1_194' title='bbox 479 1266 579 1293; x_wconf 86' lang='lat' dir='ltr'><strong>doloris</strong></span> <span class='ocrx_word' id='word_1_195' title='bbox 598 1274 678 1293; x_wconf 89' lang='lat' dir='ltr'><strong>sensu</strong></span> <span class='ocrx_word' id='word_1_196' title='bbox 697 1272 795 1293; x_wconf 85' lang='lat' dir='ltr'><strong>tactus.</strong></span> <span class='ocrx_word' id='word_1_197' title='bbox 824 1266 862 1293; x_wconf 82' lang='lat' dir='ltr'><strong>Ad</strong></span> <span class='ocrx_word' id='word_1_198' title='bbox 879 1267 935 1293; x_wconf 59' lang='lat' dir='ltr'><strong>haec</strong></span> <span class='ocrx_word' id='word_1_199' title='bbox 952 1267 1039 1293; x_wconf 86' lang='lat' dir='ltr'><strong>scien-</strong></span> 
     </span>
    </p>
   </div>
   <div class='ocr_carea' id='block_1_28' title="bbox 252 1309 1039 1344">
    <p class='ocr_par' dir='ltr' id='par_1_28' title="bbox 252 1309 1039 1344">
     <span class='ocr_line' id='line_1_28' title="bbox 252 1309 1039 1344; baseline 0.003 -9"><span class='ocrx_word' id='word_1_200' title='bbox 252 1309 318 1336; x_wconf 86' lang='lat' dir='ltr'><strong>dum</strong></span> <span class='ocrx_word' id='word_1_201' title='bbox 349 1314 403 1340; x_wconf 88' lang='lat' dir='ltr'><strong>est,</strong></span> <span class='ocrx_word' id='word_1_202' title='bbox 429 1309 502 1344; x_wconf 88' lang='lat' dir='ltr'><strong>quod</strong></span> <span class='ocrx_word' id='word_1_203' title='bbox 529 1310 678 1344; x_wconf 87' lang='lat' dir='ltr'><strong>prophetis,</strong></span> <span class='ocrx_word' id='word_1_204' title='bbox 701 1318 763 1336; x_wconf 89' lang='lat' dir='ltr'><strong>cntn</strong></span> <span class='ocrx_word' id='word_1_205' title='bbox 791 1310 979 1336; x_wconf 77' lang='lat' dir='ltr'><strong>imbttert-ntur</strong></span> <span class='ocrx_word' id='word_1_206' title='bbox 996 1310 1039 1337; x_wconf 91' lang='lat' dir='ltr'><strong>di-</strong></span> 
     </span>
    </p>
   </div>
   <div class='ocr_carea' id='block_1_29' title="bbox 252 1355 1039 1384">
    <p class='ocr_par' dir='ltr' id='par_1_29' title="bbox 252 1355 1039 1384">
     <span class='ocr_line' id='line_1_29' title="bbox 252 1355 1039 1384; baseline 0.003 -2"><span class='ocrx_word' id='word_1_207' title='bbox 252 1355 323 1382; x_wconf 72' lang='lat' dir='ltr'><strong>Vittis</strong></span> <span class='ocrx_word' id='word_1_208' title='bbox 339 1356 550 1383; x_wconf 86' lang='lat' dir='ltr'><strong>revelationibus</strong></span> <span class='ocrx_word' id='word_1_209' title='bbox 563 1356 681 1383; x_wconf 86' lang='lat' dir='ltr'><strong>dabatur</strong></span> <span class='ocrx_word' id='word_1_210' title='bbox 702 1356 782 1383; x_wconf 51' lang='lat' dir='ltr'><strong>siniul</strong></span> <span class='ocrx_word' id='word_1_211' title='bbox 801 1357 900 1383; x_wconf 85' lang='lat' dir='ltr'><strong>mentis</strong></span> <span class='ocrx_word' id='word_1_212' title='bbox 914 1362 1039 1384; x_wconf 84' lang='lat' dir='ltr'><strong>content-</strong></span> 
     </span>
    </p>
   </div>
   <div class='ocr_carea' id='block_1_30' title="bbox 252 1400 1038 1436">
    <p class='ocr_par' dir='ltr' id='par_1_30' title="bbox 252 1400 1038 1436">
     <span class='ocr_line' id='line_1_30' title="bbox 252 1400 1038 1436; baseline 0.008 -10"><span class='ocrx_word' id='word_1_213' title='bbox 252 1400 352 1435; x_wconf 75' lang='lat' dir='ltr'><strong>plalit&#39;a</strong></span> <span class='ocrx_word' id='word_1_214' title='bbox 378 1401 420 1428; x_wconf 94' lang='lat' dir='ltr'><strong>vis</strong></span> <span class='ocrx_word' id='word_1_215' title='bbox 441 1401 574 1436; x_wconf 73' lang='lat' dir='ltr'><strong>quaalam,</strong></span> <span class='ocrx_word' id='word_1_216' title='bbox 591 1409 644 1434; x_wconf 87' lang='lat' dir='ltr'><strong>qua</strong></span> <span class='ocrx_word' id='word_1_217' title='bbox 662 1410 755 1429; x_wconf 90' lang='lat' dir='ltr'><strong>sacras</strong></span> <span class='ocrx_word' id='word_1_218' title='bbox 770 1402 831 1429; x_wconf 86' lang='lat' dir='ltr'><strong>illas</strong></span> <span class='ocrx_word' id='word_1_219' title='bbox 858 1405 1038 1433; x_wconf 83' lang='lat' dir='ltr'><strong>revelationes</strong></span> 
     </span>
    </p>
   </div>
   <div class='ocr_carea' id='block_1_31' title="bbox 251 1446 1040 1484">
    <p class='ocr_par' dir='ltr' id='par_1_31' title="bbox 251 1446 1040 1484">
     <span class='ocr_line' id='line_1_31' title="bbox 251 1446 1040 1484; baseline 0.006 -12"><span class='ocrx_word' id='word_1_220' title='bbox 251 1446 540 1481; x_wconf 79' lang='lat' dir='ltr'><strong>penitusintuerentur</strong></span> <span class='ocrx_word' id='word_1_221' title='bbox 549 1452 631 1482; x_wconf 84' lang='lat' dir='ltr'><strong>atque</strong></span> <span class='ocrx_word' id='word_1_222' title='bbox 642 1455 693 1482; x_wconf 85' lang='lat' dir='ltr'><strong>exp</strong></span> <span class='ocrx_word' id='word_1_223' title='bbox 703 1447 825 1475; x_wconf 62' lang='lat' dir='ltr'><strong>arderent</strong></span> <span class='ocrx_word' id='word_1_224' title='bbox 835 1457 841 1475; x_wconf 88' lang='lat'><strong>:</strong></span> <span class='ocrx_word' id='word_1_225' title='bbox 853 1457 904 1484; x_wconf 83' lang='lat' dir='ltr'><strong>qua</strong></span> <span class='ocrx_word' id='word_1_226' title='bbox 917 1454 1040 1477; x_wconf 90' lang='lat' dir='ltr'><strong>contem-</strong></span> 
     </span>
    </p>
   </div>
   <div class='ocr_carea' id='block_1_32' title="bbox 251 1493 1037 1530">
    <p class='ocr_par' dir='ltr' id='par_1_32' title="bbox 251 1493 1037 1530">
     <span class='ocr_line' id='line_1_32' title="bbox 251 1493 1037 1530; baseline 0.006 -11"><span class='ocrx_word' id='word_1_227' title='bbox 251 1493 379 1528; x_wconf 87' lang='lat' dir='ltr'><strong>plationis</strong></span> <span class='ocrx_word' id='word_1_228' title='bbox 389 1493 412 1520; x_wconf 94' lang='lat' dir='ltr'><strong>vi</strong></span> <span class='ocrx_word' id='word_1_229' title='bbox 428 1494 529 1530; x_wconf 75' lang='lat' dir='ltr'><strong>alioqui</strong></span> <span class='ocrx_word' id='word_1_230' title='bbox 546 1502 600 1521; x_wconf 88' lang='lat' dir='ltr'><strong>non</strong></span> <span class='ocrx_word' id='word_1_231' title='bbox 617 1501 725 1528; x_wconf 80' lang='lat' dir='ltr'><strong>semper</strong></span> <span class='ocrx_word' id='word_1_232' title='bbox 743 1495 789 1521; x_wconf 87' lang='lat' dir='ltr'><strong>sed</strong></span> <span class='ocrx_word' id='word_1_233' title='bbox 808 1495 867 1522; x_wconf 85' lang='lat' dir='ltr'><strong>solo</strong></span> <span class='ocrx_word' id='word_1_234' title='bbox 888 1496 1037 1525; x_wconf 88' lang='lat' dir='ltr'><strong>illiusmodi</strong></span> 
     </span>
    </p>
   </div>
   <div class='ocr_carea' id='block_1_33' title="bbox 1056 882 1075 909">
    <p class='ocr_par' dir='ltr' id='par_1_33' title="bbox 1056 882 1075 909">
     <span class='ocr_line' id='line_1_33' title="bbox 1056 882 1075 909; baseline 0 0"><span class='ocrx_word' id='word_1_235' title='bbox 1056 882 1075 909; x_wconf 88' lang='grc' dir='ltr'><strong><em>Β</em></strong></span> 
     </span>
    </p>
   </div>
   <div class='ocr_carea' id='block_1_34' title="bbox 1089 261 1878 298">
    <p class='ocr_par' dir='ltr' id='par_1_34' title="bbox 1089 261 1878 298">
     <span class='ocr_line' id='line_1_34' title="bbox 1089 261 1878 298; baseline 0.005 -10"><span class='ocrx_word' id='word_1_236' title='bbox 1089 261 1230 294; x_wconf 78' lang='lat' dir='ltr'><strong>feminam,</strong></span> <span class='ocrx_word' id='word_1_237' title='bbox 1244 269 1277 289; x_wconf 88' lang='lat' dir='ltr'><strong>eo</strong></span> <span class='ocrx_word' id='word_1_238' title='bbox 1296 262 1368 295; x_wconf 85' lang='lat' dir='ltr'><strong>quod</strong></span> <span class='ocrx_word' id='word_1_239' title='bbox 1385 261 1442 290; x_wconf 61' lang='lat' dir='ltr'><strong>haec</strong></span> <span class='ocrx_word' id='word_1_240' title='bbox 1456 270 1487 289; x_wconf 90' lang='lat' dir='ltr'><strong>ex</strong></span> <span class='ocrx_word' id='word_1_241' title='bbox 1510 263 1556 290; x_wconf 78' lang='lat' dir='ltr'><strong>illo</strong></span> <span class='ocrx_word' id='word_1_242' title='bbox 1577 269 1651 290; x_wconf 79' lang='lat' dir='ltr'><strong>esset</strong></span> <span class='ocrx_word' id='word_1_243' title='bbox 1673 269 1743 291; x_wconf 86' lang='lat' dir='ltr'><strong>orta.</strong></span> <span class='ocrx_word' id='word_1_244' title='bbox 1760 264 1878 298; x_wconf 81' lang='lat' dir='ltr'><strong>Quarta,</strong></span> 
     </span>
    </p>
   </div>
   <div class='ocr_carea' id='block_1_35' title="bbox 1092 307 1880 343">
    <p class='ocr_par' dir='ltr' id='par_1_35' title="bbox 1092 307 1880 343">
     <span class='ocr_line' id='line_1_35' title="bbox 1092 307 1880 343; baseline 0.006 -10"><span class='ocrx_word' id='word_1_245' title='bbox 1092 312 1120 334; x_wconf 84' lang='grc' dir='ltr'><strong>ιιι</strong></span> <span class='ocrx_word' id='word_1_246' title='bbox 1145 307 1268 334; x_wconf 78' lang='lat' dir='ltr'><strong>cﬂ&#39;ectnni</strong></span> <span class='ocrx_word' id='word_1_247' title='bbox 1284 307 1442 335; x_wconf 81' lang='lat' dir='ltr'><strong>redderetur</strong></span> <span class='ocrx_word' id='word_1_248' title='bbox 1455 309 1528 343; x_wconf 88' lang='lat' dir='ltr'><strong>quod</strong></span> <span class='ocrx_word' id='word_1_249' title='bbox 1544 308 1634 337; x_wconf 82' lang='lat' dir='ltr'><strong>Moses</strong></span> <span class='ocrx_word' id='word_1_250' title='bbox 1657 310 1691 337; x_wconf 86' lang='lat' dir='ltr'><strong>de</strong></span> <span class='ocrx_word' id='word_1_251' title='bbox 1723 310 1880 338; x_wconf 77' lang='lat' dir='ltr'><strong>Adamodi-</strong></span> 
     </span>
    </p>
   </div>
   <div class='ocr_carea' id='block_1_36' title="bbox 1089 351 1878 388">
    <p class='ocr_par' dir='ltr' id='par_1_36' title="bbox 1089 351 1878 388">
     <span class='ocr_line' id='line_1_36' title="bbox 1089 351 1878 388; baseline 0.005 -10"><span class='ocrx_word' id='word_1_252' title='bbox 1089 352 1149 379; x_wconf 89' lang='lat' dir='ltr'><strong>cit:</strong></span> <span class='ocrx_word' id='word_1_253' title='bbox 1168 351 1318 378; x_wconf 73' lang='lat' dir='ltr'><strong>Herculum</strong></span> <span class='ocrx_word' id='word_1_254' title='bbox 1344 357 1368 378; x_wconf 85' lang='lat' dir='ltr'><strong>et</strong></span> <span class='ocrx_word' id='word_1_255' title='bbox 1387 352 1513 386; x_wconf 82' lang='lat' dir='ltr'><strong>feminam</strong></span> <span class='ocrx_word' id='word_1_256' title='bbox 1540 354 1637 380; x_wconf 78' lang='lat' dir='ltr'><strong>creat-it</strong></span> <span class='ocrx_word' id='word_1_257' title='bbox 1664 355 1745 387; x_wconf 73' lang='lat' dir='ltr'><strong>ipsos.</strong></span> <span class='ocrx_word' id='word_1_258' title='bbox 1776 355 1878 388; x_wconf 84' lang='lat' dir='ltr'><strong>Quinta</strong></span> 
     </span>
    </p>
   </div>
   <div class='ocr_carea' id='block_1_37' title="bbox 1088 397 1877 435">
    <p class='ocr_par' dir='ltr' id='par_1_37' title="bbox 1088 397 1877 435">
     <span class='ocr_line' id='line_1_37' title="bbox 1088 397 1877 435; baseline 0.006 -11"><span class='ocrx_word' id='word_1_259' title='bbox 1088 397 1208 432; x_wconf 87' lang='lat' dir='ltr'><strong>denique</strong></span> <span class='ocrx_word' id='word_1_260' title='bbox 1222 406 1255 426; x_wconf 82' lang='lat' dir='ltr'><strong>ne</strong></span> <span class='ocrx_word' id='word_1_261' title='bbox 1276 398 1375 426; x_wconf 90' lang='lat' dir='ltr'><strong>fetnina</strong></span> <span class='ocrx_word' id='word_1_262' title='bbox 1402 400 1584 434; x_wconf 85' lang='lat' dir='ltr'><strong>principatum</strong></span> <span class='ocrx_word' id='word_1_263' title='bbox 1599 400 1748 433; x_wconf 72' lang='lat' dir='ltr'><strong>affectaret,</strong></span> <span class='ocrx_word' id='word_1_264' title='bbox 1764 402 1809 435; x_wconf 89' lang='lat' dir='ltr'><strong>qtti</strong></span> <span class='ocrx_word' id='word_1_265' title='bbox 1827 403 1877 429; x_wconf 82' lang='lat' dir='ltr'><strong>viri</strong></span> 
     </span>
    </p>
   </div>
   <div class='ocr_carea' id='block_1_38' title="bbox 1089 443 1879 479">
    <p class='ocr_par' dir='ltr' id='par_1_38' title="bbox 1089 443 1879 479">
     <span class='ocr_line' id='line_1_38' title="bbox 1089 443 1879 479; baseline 0.006 -9"><span class='ocrx_word' id='word_1_266' title='bbox 1089 447 1142 470; x_wconf 82' lang='lat' dir='ltr'><strong>est.</strong></span> <span class='ocrx_word' id='word_1_267' title='bbox 1159 443 1248 476; x_wconf 71' lang='lat' dir='ltr'><strong>Qureri</strong></span> <span class='ocrx_word' id='word_1_268' title='bbox 1268 452 1349 479; x_wconf 89' lang='lat' dir='ltr'><strong>porro</strong></span> <span class='ocrx_word' id='word_1_269' title='bbox 1367 450 1466 479; x_wconf 82' lang='lat' dir='ltr'><strong>potest,</strong></span> <span class='ocrx_word' id='word_1_270' title='bbox 1482 454 1532 472; x_wconf 89' lang='lat' dir='ltr'><strong>cur</strong></span> <span class='ocrx_word' id='word_1_271' title='bbox 1555 446 1625 473; x_wconf 86' lang='lat' dir='ltr'><strong>Deus</strong></span> <span class='ocrx_word' id='word_1_272' title='bbox 1640 447 1723 474; x_wconf 77' lang='lat' dir='ltr'><strong>Eram</strong></span> <span class='ocrx_word' id='word_1_273' title='bbox 1737 455 1789 474; x_wconf 92' lang='lat' dir='ltr'><strong>non</strong></span> <span class='ocrx_word' id='word_1_274' title='bbox 1804 455 1879 475; x_wconf 79' lang='lat' dir='ltr'><strong>sunt-</strong></span> 
     </span>
    </p>
   </div>
   <div class='ocr_carea' id='block_1_39' title="bbox 1089 490 1878 526">
    <p class='ocr_par' dir='ltr' id='par_1_39' title="bbox 1089 490 1878 526">
     <span class='ocr_line' id='line_1_39' title="bbox 1089 490 1878 526; baseline 0.006 -10"><span class='ocrx_word' id='word_1_275' title='bbox 1089 490 1173 524; x_wconf 87' lang='lat' dir='ltr'><strong>pserit</strong></span> <span class='ocrx_word' id='word_1_276' title='bbox 1185 498 1216 517; x_wconf 84' lang='lat' dir='ltr'><strong>ex</strong></span> <span class='ocrx_word' id='word_1_277' title='bbox 1233 495 1309 525; x_wconf 90' lang='lat' dir='ltr'><strong>parte</strong></span> <span class='ocrx_word' id='word_1_278' title='bbox 1326 492 1450 526; x_wconf 87' lang='lat' dir='ltr'><strong>corporis</strong></span> <span class='ocrx_word' id='word_1_279' title='bbox 1465 493 1559 519; x_wconf 76' lang='lat' dir='ltr'><strong>Adami</strong></span> <span class='ocrx_word' id='word_1_280' title='bbox 1587 494 1734 525; x_wconf 81' lang='lat' dir='ltr'><strong>anteriore.</strong></span> <span class='ocrx_word' id='word_1_281' title='bbox 1749 499 1796 521; x_wconf 90' lang='lat' dir='ltr'><strong>aut</strong></span> <span class='ocrx_word' id='word_1_282' title='bbox 1816 495 1878 522; x_wconf 88' lang='lat' dir='ltr'><strong>infi-</strong></span> 
     </span>
    </p>
   </div>
   <div class='ocr_carea' id='block_1_40' title="bbox 1089 537 1876 574">
    <p class='ocr_par' dir='ltr' id='par_1_40' title="bbox 1089 537 1876 574">
     <span class='ocr_line' id='line_1_40' title="bbox 1089 537 1876 574; baseline 0.009 -12"><span class='ocrx_word' id='word_1_283' title='bbox 1089 544 1144 567; x_wconf 82' lang='lat' dir='ltr'><strong>ma,</strong></span> <span class='ocrx_word' id='word_1_284' title='bbox 1162 541 1208 563; x_wconf 88' lang='lat' dir='ltr'><strong>aut</strong></span> <span class='ocrx_word' id='word_1_285' title='bbox 1221 537 1381 571; x_wconf 87' lang='lat' dir='ltr'><strong>posteriore.</strong></span> <span class='ocrx_word' id='word_1_286' title='bbox 1401 543 1447 565; x_wconf 88' lang='lat' dir='ltr'><strong>aut</strong></span> <span class='ocrx_word' id='word_1_287' title='bbox 1472 538 1590 573; x_wconf 87' lang='lat' dir='ltr'><strong>denique</strong></span> <span class='ocrx_word' id='word_1_288' title='bbox 1605 547 1743 574; x_wconf 82' lang='lat' dir='ltr'><strong>suprema,</strong></span> <span class='ocrx_word' id='word_1_289' title='bbox 1770 541 1817 568; x_wconf 88' lang='lat' dir='ltr'><strong>sed</strong></span> <span class='ocrx_word' id='word_1_290' title='bbox 1842 550 1876 569; x_wconf 78' lang='lat' dir='ltr'><strong>ex</strong></span> 
     </span>
    </p>
   </div>
   <div class='ocr_carea' id='block_1_41' title="bbox 1090 582 1879 621">
    <p class='ocr_par' dir='ltr' id='par_1_41' title="bbox 1090 582 1879 621">
     <span class='ocr_line' id='line_1_41' title="bbox 1090 582 1879 621; baseline 0.008 -13"><span class='ocrx_word' id='word_1_291' title='bbox 1090 582 1180 608; x_wconf 88' lang='lat' dir='ltr'><strong>medio</strong></span> <span class='ocrx_word' id='word_1_292' title='bbox 1195 589 1319 616; x_wconf 90' lang='lat' dir='ltr'><strong>corpore.</strong></span> <span class='ocrx_word' id='word_1_293' title='bbox 1351 582 1474 610; x_wconf 83' lang='lat' dir='ltr'><strong>Dicimus</strong></span> <span class='ocrx_word' id='word_1_294' title='bbox 1489 591 1554 610; x_wconf 89' lang='lat' dir='ltr'><strong>vero</strong></span> <span class='ocrx_word' id='word_1_295' title='bbox 1573 592 1605 611; x_wconf 84' lang='lat' dir='ltr'><strong>ex</strong></span> <span class='ocrx_word' id='word_1_296' title='bbox 1633 586 1768 613; x_wconf 85' lang='lat' dir='ltr'><strong>anteriore</strong></span> <span class='ocrx_word' id='word_1_297' title='bbox 1801 592 1879 621; x_wconf 86' lang='lat' dir='ltr'><strong>parte</strong></span> 
     </span>
    </p>
   </div>
   <div class='ocr_carea' id='block_1_42' title="bbox 1089 629 1879 666">
    <p class='ocr_par' dir='ltr' id='par_1_42' title="bbox 1089 629 1879 666">
     <span class='ocr_line' id='line_1_42' title="bbox 1089 629 1879 666; baseline 0.005 -13"><span class='ocrx_word' id='word_1_298' title='bbox 1089 632 1226 662; x_wconf 77' lang='lat' dir='ltr'><strong>acceptant</strong></span> <span class='ocrx_word' id='word_1_299' title='bbox 1243 634 1378 658; x_wconf 85' lang='lat' dir='ltr'><strong>nonesse.</strong></span> <span class='ocrx_word' id='word_1_300' title='bbox 1395 635 1428 654; x_wconf 90' lang='lat' dir='ltr'><strong>ne</strong></span> <span class='ocrx_word' id='word_1_301' title='bbox 1440 629 1519 655; x_wconf 78' lang='lat' dir='ltr'><strong>vellet</strong></span> <span class='ocrx_word' id='word_1_302' title='bbox 1531 629 1617 663; x_wconf 86' lang='lat' dir='ltr'><strong>potior</strong></span> <span class='ocrx_word' id='word_1_303' title='bbox 1627 630 1718 656; x_wconf 85' lang='lat' dir='ltr'><strong>haberi</strong></span> <span class='ocrx_word' id='word_1_304' title='bbox 1735 632 1879 666; x_wconf 83' lang='lat' dir='ltr'><strong>virumque</strong></span> 
     </span>
    </p>
   </div>
   <div class='ocr_carea' id='block_1_43' title="bbox 1090 673 1879 710">
    <p class='ocr_par' dir='ltr' id='par_1_43' title="bbox 1090 673 1879 710">
     <span class='ocr_line' id='line_1_43' title="bbox 1090 673 1879 710; baseline 0.005 -11"><span class='ocrx_word' id='word_1_305' title='bbox 1090 673 1203 707; x_wconf 89' lang='lat' dir='ltr'><strong>imperio</strong></span> <span class='ocrx_word' id='word_1_306' title='bbox 1220 680 1362 706; x_wconf 82' lang='lat' dir='ltr'><strong>premere;</strong></span> <span class='ocrx_word' id='word_1_307' title='bbox 1380 681 1468 708; x_wconf 80' lang='lat' dir='ltr'><strong>neque</strong></span> <span class='ocrx_word' id='word_1_308' title='bbox 1496 682 1591 702; x_wconf 84' lang='lat' dir='ltr'><strong>rursus</strong></span> <span class='ocrx_word' id='word_1_309' title='bbox 1611 682 1643 702; x_wconf 83' lang='lat' dir='ltr'><strong>ex</strong></span> <span class='ocrx_word' id='word_1_310' title='bbox 1668 676 1828 710; x_wconf 80' lang='lat' dir='ltr'><strong>posteriore,</strong></span> <span class='ocrx_word' id='word_1_311' title='bbox 1844 684 1879 703; x_wconf 88' lang='lat' dir='ltr'><strong>ne</strong></span> 
     </span>
    </p>
   </div>
   <div class='ocr_carea' id='block_1_44' title="bbox 1090 718 1877 754">
    <p class='ocr_par' dir='ltr' id='par_1_44' title="bbox 1090 718 1877 754">
     <span class='ocr_line' id='line_1_44' title="bbox 1090 718 1877 754; baseline 0.008 -10"><span class='ocrx_word' id='word_1_312' title='bbox 1090 718 1148 744; x_wconf 89' lang='lat' dir='ltr'><strong>viro</strong></span> <span class='ocrx_word' id='word_1_313' title='bbox 1163 723 1234 744; x_wconf 84' lang='lat' dir='ltr'><strong>esset</strong></span> <span class='ocrx_word' id='word_1_314' title='bbox 1252 719 1419 748; x_wconf 83' lang='lat' dir='ltr'><strong>contemptui</strong></span> <span class='ocrx_word' id='word_1_315' title='bbox 1435 727 1442 745; x_wconf 88' lang='lat'><strong>:</strong></span> <span class='ocrx_word' id='word_1_316' title='bbox 1458 727 1488 746; x_wconf 86' lang='lat' dir='ltr'><strong>ex</strong></span> <span class='ocrx_word' id='word_1_317' title='bbox 1508 720 1596 754; x_wconf 84' lang='lat' dir='ltr'><strong>capite</strong></span> <span class='ocrx_word' id='word_1_318' title='bbox 1610 728 1673 747; x_wconf 81' lang='lat' dir='ltr'><strong>vero</strong></span> <span class='ocrx_word' id='word_1_319' title='bbox 1688 721 1804 748; x_wconf 78' lang='lat' dir='ltr'><strong>ablatam</strong></span> <span class='ocrx_word' id='word_1_320' title='bbox 1822 730 1877 750; x_wconf 91' lang='lat' dir='ltr'><strong>non</strong></span> 
     </span>
    </p>
   </div>
   <div class='ocr_carea' id='block_1_45' title="bbox 1089 763 1879 797">
    <p class='ocr_par' dir='ltr' id='par_1_45' title="bbox 1089 763 1879 797">
     <span class='ocr_line' id='line_1_45' title="bbox 1089 763 1879 797; baseline 0.006 -8"><span class='ocrx_word' id='word_1_321' title='bbox 1089 770 1160 795; x_wconf 80' lang='lat' dir='ltr'><strong>esse,</strong></span> <span class='ocrx_word' id='word_1_322' title='bbox 1176 770 1209 790; x_wconf 91' lang='lat' dir='ltr'><strong>ne</strong></span> <span class='ocrx_word' id='word_1_323' title='bbox 1226 763 1327 797; x_wconf 87' lang='lat' dir='ltr'><strong>primas</strong></span> <span class='ocrx_word' id='word_1_324' title='bbox 1343 771 1403 797; x_wconf 77' lang='lat' dir='ltr'><strong>qua:</strong></span> <span class='ocrx_word' id='word_1_325' title='bbox 1414 764 1472 791; x_wconf 87' lang='lat' dir='ltr'><strong>viro</strong></span> <span class='ocrx_word' id='word_1_326' title='bbox 1487 765 1620 792; x_wconf 84' lang='lat' dir='ltr'><strong>debentur</strong></span> <span class='ocrx_word' id='word_1_327' title='bbox 1637 765 1735 793; x_wconf 80' lang='lat' dir='ltr'><strong>femina</strong></span> <span class='ocrx_word' id='word_1_328' title='bbox 1748 767 1798 794; x_wconf 85' lang='lat' dir='ltr'><strong>sibi</strong></span> <span class='ocrx_word' id='word_1_329' title='bbox 1817 769 1879 794; x_wconf 89' lang='lat' dir='ltr'><strong>vin-</strong></span> 
     </span>
    </p>
   </div>
   <div class='ocr_carea' id='block_1_46' title="bbox 1089 808 1879 847">
    <p class='ocr_par' dir='ltr' id='par_1_46' title="bbox 1089 808 1879 847">
     <span class='ocr_line' id='line_1_46' title="bbox 1089 808 1879 847; baseline 0.008 -13"><span class='ocrx_word' id='word_1_330' title='bbox 1089 808 1211 840; x_wconf 89' lang='lat' dir='ltr'><strong>dicaret;</strong></span> <span class='ocrx_word' id='word_1_331' title='bbox 1228 814 1253 834; x_wconf 92' lang='lat' dir='ltr'><strong>et</strong></span> <span class='ocrx_word' id='word_1_332' title='bbox 1271 815 1335 835; x_wconf 82' lang='lat' dir='ltr'><strong>vero</strong></span> <span class='ocrx_word' id='word_1_333' title='bbox 1352 816 1440 843; x_wconf 80' lang='lat' dir='ltr'><strong>neque</strong></span> <span class='ocrx_word' id='word_1_334' title='bbox 1467 818 1500 836; x_wconf 83' lang='lat' dir='ltr'><strong>ex</strong></span> <span class='ocrx_word' id='word_1_335' title='bbox 1530 811 1624 837; x_wconf 89' lang='lat' dir='ltr'><strong>ultima</strong></span> <span class='ocrx_word' id='word_1_336' title='bbox 1653 817 1728 845; x_wconf 87' lang='lat' dir='ltr'><strong>parte</strong></span> <span class='ocrx_word' id='word_1_337' title='bbox 1756 815 1879 847; x_wconf 86' lang='lat' dir='ltr'><strong>corporis</strong></span> 
     </span>
    </p>
   </div>
   <div class='ocr_carea' id='block_1_47' title="bbox 1091 853 1877 886">
    <p class='ocr_par' dir='ltr' id='par_1_47' title="bbox 1091 853 1877 886">
     <span class='ocr_line' id='line_1_47' title="bbox 1091 853 1877 886; baseline 0.008 -6"><span class='ocrx_word' id='word_1_338' title='bbox 1091 853 1235 880; x_wconf 88' lang='lat' dir='ltr'><strong>formatam</strong></span> <span class='ocrx_word' id='word_1_339' title='bbox 1257 862 1328 885; x_wconf 86' lang='lat' dir='ltr'><strong>esse.</strong></span> <span class='ocrx_word' id='word_1_340' title='bbox 1349 862 1383 882; x_wconf 85' lang='lat' dir='ltr'><strong>tte</strong></span> <span class='ocrx_word' id='word_1_341' title='bbox 1400 855 1440 882; x_wconf 87' lang='lat' dir='ltr'><strong>vir</strong></span> <span class='ocrx_word' id='word_1_342' title='bbox 1467 855 1595 882; x_wconf 79' lang='lat' dir='ltr'><strong>feminam</strong></span> <span class='ocrx_word' id='word_1_343' title='bbox 1614 857 1696 884; x_wconf 84' lang='lat' dir='ltr'><strong>multo</strong></span> <span class='ocrx_word' id='word_1_344' title='bbox 1717 865 1746 884; x_wconf 74' lang='lat' dir='ltr'><strong>se</strong></span> <span class='ocrx_word' id='word_1_345' title='bbox 1766 858 1877 886; x_wconf 82' lang='lat' dir='ltr'><strong>inferio-</strong></span> 
     </span>
    </p>
   </div>
   <div class='ocr_carea' id='block_1_48' title="bbox 1092 900 1880 935">
    <p class='ocr_par' dir='ltr' id='par_1_48' title="bbox 1092 900 1880 935">
     <span class='ocr_line' id='line_1_48' title="bbox 1092 900 1880 935; baseline 0.008 -9"><span class='ocrx_word' id='word_1_346' title='bbox 1092 907 1150 927; x_wconf 86' lang='lat' dir='ltr'><strong>rem</strong></span> <span class='ocrx_word' id='word_1_347' title='bbox 1166 900 1393 935; x_wconf 87' lang='lat' dir='ltr'><strong>humilioremque</strong></span> <span class='ocrx_word' id='word_1_348' title='bbox 1409 901 1556 928; x_wconf 70' lang='lat' dir='ltr'><strong>a‘stimat‘et</strong></span> <span class='ocrx_word' id='word_1_349' title='bbox 1570 911 1576 934; x_wconf 88' lang='lat'><strong>;</strong></span> <span class='ocrx_word' id='word_1_350' title='bbox 1594 903 1640 929; x_wconf 89' lang='lat' dir='ltr'><strong>sed</strong></span> <span class='ocrx_word' id='word_1_351' title='bbox 1652 911 1683 930; x_wconf 79' lang='lat' dir='ltr'><strong>ex</strong></span> <span class='ocrx_word' id='word_1_352' title='bbox 1702 905 1789 931; x_wconf 86' lang='lat' dir='ltr'><strong>medio</strong></span> <span class='ocrx_word' id='word_1_353' title='bbox 1816 912 1880 932; x_wconf 84' lang='lat' dir='ltr'><strong>cor-</strong></span> 
     </span>
    </p>
   </div>
   <div class='ocr_carea' id='block_1_49' title="bbox 1091 945 1878 981">
    <p class='ocr_par' dir='ltr' id='par_1_49' title="bbox 1091 945 1878 981">
     <span class='ocr_line' id='line_1_49' title="bbox 1091 945 1878 981; baseline 0.009 -11"><span class='ocrx_word' id='word_1_354' title='bbox 1091 951 1166 979; x_wconf 89' lang='lat' dir='ltr'><strong>pore,</strong></span> <span class='ocrx_word' id='word_1_355' title='bbox 1187 948 1216 971; x_wconf 91' lang='lat' dir='ltr'><strong>ut</strong></span> <span class='ocrx_word' id='word_1_356' title='bbox 1229 945 1356 972; x_wconf 81' lang='lat' dir='ltr'><strong>mediocri</strong></span> <span class='ocrx_word' id='word_1_357' title='bbox 1369 946 1438 980; x_wconf 81' lang='lat' dir='ltr'><strong>apud</strong></span> <span class='ocrx_word' id='word_1_358' title='bbox 1455 946 1542 973; x_wconf 84' lang='lat' dir='ltr'><strong>virum</strong></span> <span class='ocrx_word' id='word_1_359' title='bbox 1557 947 1712 981; x_wconf 83' lang='lat' dir='ltr'><strong>dignatione</strong></span> <span class='ocrx_word' id='word_1_360' title='bbox 1723 949 1878 978; x_wconf 87' lang='lat' dir='ltr'><strong>haberetur.</strong></span> 
     </span>
    </p>
   </div>
   <div class='ocr_carea' id='block_1_50' title="bbox 1091 990 1880 1029">
    <p class='ocr_par' dir='ltr' id='par_1_50' title="bbox 1091 990 1880 1029">
     <span class='ocr_line' id='line_1_50' title="bbox 1091 990 1880 1029; baseline 0.009 -13"><span class='ocrx_word' id='word_1_361' title='bbox 1091 990 1164 1017; x_wconf 86' lang='lat' dir='ltr'><strong>Solet</strong></span> <span class='ocrx_word' id='word_1_362' title='bbox 1181 991 1293 1017; x_wconf 86' lang='lat' dir='ltr'><strong>ulterius</strong></span> <span class='ocrx_word' id='word_1_363' title='bbox 1305 991 1358 1018; x_wconf 90' lang='lat' dir='ltr'><strong>hoc</strong></span> <span class='ocrx_word' id='word_1_364' title='bbox 1373 991 1453 1018; x_wconf 88' lang='lat' dir='ltr'><strong>etiam</strong></span> <span class='ocrx_word' id='word_1_365' title='bbox 1466 992 1560 1025; x_wconf 69' lang='lat' dir='ltr'><strong>quaeri,</strong></span> <span class='ocrx_word' id='word_1_366' title='bbox 1574 1000 1623 1019; x_wconf 90' lang='lat' dir='ltr'><strong>cur</strong></span> <span class='ocrx_word' id='word_1_367' title='bbox 1634 1001 1648 1020; x_wconf 89' lang='lat' dir='ltr'><strong>e</strong></span> <span class='ocrx_word' id='word_1_368' title='bbox 1663 994 1773 1022; x_wconf 82' lang='lat' dir='ltr'><strong>sinislra</strong></span> <span class='ocrx_word' id='word_1_369' title='bbox 1789 996 1880 1029; x_wconf 87' lang='lat' dir='ltr'><strong>potius</strong></span> 
     </span>
    </p>
   </div>
   <div class='ocr_carea' id='block_1_51' title="bbox 1092 1036 1880 1074">
    <p class='ocr_par' dir='ltr' id='par_1_51' title="bbox 1092 1036 1880 1074">
     <span class='ocr_line' id='line_1_51' title="bbox 1092 1036 1880 1074; baseline 0.006 -12"><span class='ocrx_word' id='word_1_370' title='bbox 1092 1036 1214 1070; x_wconf 87' lang='lat' dir='ltr'><strong>corporis</strong></span> <span class='ocrx_word' id='word_1_371' title='bbox 1232 1041 1319 1071; x_wconf 84' lang='lat' dir='ltr'><strong>parte,</strong></span> <span class='ocrx_word' id='word_1_372' title='bbox 1336 1045 1417 1071; x_wconf 84' lang='lat' dir='ltr'><strong>qualn</strong></span> <span class='ocrx_word' id='word_1_373' title='bbox 1433 1037 1526 1065; x_wconf 83' lang='lat' dir='ltr'><strong>dextra</strong></span> <span class='ocrx_word' id='word_1_374' title='bbox 1543 1038 1579 1065; x_wconf 77' lang='lat' dir='ltr'><strong>sit</strong></span> <span class='ocrx_word' id='word_1_375' title='bbox 1593 1039 1681 1066; x_wconf 88' lang='lat' dir='ltr'><strong>ablata</strong></span> <span class='ocrx_word' id='word_1_376' title='bbox 1695 1048 1701 1071; x_wconf 90' lang='lat'>;</span> <span class='ocrx_word' id='word_1_377' title='bbox 1720 1048 1880 1074; x_wconf 82' lang='lat' dir='ltr'><strong>possumus-</strong></span> 
     </span>
    </p>
   </div>
   <div class='ocr_carea' id='block_1_52' title="bbox 1089 1083 1874 1121">
    <p class='ocr_par' dir='ltr' id='par_1_52' title="bbox 1089 1083 1874 1121">
     <span class='ocr_line' id='line_1_52' title="bbox 1089 1083 1874 1121; baseline 0.006 -13"><span class='ocrx_word' id='word_1_378' title='bbox 1089 1089 1144 1116; x_wconf 86' lang='lat' dir='ltr'><strong>que</strong></span> <span class='ocrx_word' id='word_1_379' title='bbox 1160 1084 1331 1117; x_wconf 85' lang='lat' dir='ltr'><strong>respondere,</strong></span> <span class='ocrx_word' id='word_1_380' title='bbox 1347 1083 1406 1110; x_wconf 78' lang='lat' dir='ltr'><strong>ideo</strong></span> <span class='ocrx_word' id='word_1_381' title='bbox 1420 1091 1435 1110; x_wconf 89' lang='lat' dir='ltr'><strong>e</strong></span> <span class='ocrx_word' id='word_1_382' title='bbox 1451 1084 1544 1110; x_wconf 86' lang='lat' dir='ltr'><strong>dextra</strong></span> <span class='ocrx_word' id='word_1_383' title='bbox 1562 1089 1637 1118; x_wconf 88' lang='lat' dir='ltr'><strong>parte</strong></span> <span class='ocrx_word' id='word_1_384' title='bbox 1655 1092 1791 1121; x_wconf 90' lang='lat' dir='ltr'><strong>sump&#39;am</strong></span> <span class='ocrx_word' id='word_1_385' title='bbox 1821 1094 1874 1114; x_wconf 91' lang='lat' dir='ltr'><strong>non</strong></span> 
     </span>
    </p>
   </div>
   <div class='ocr_carea' id='block_1_53' title="bbox 1091 1129 1878 1165">
    <p class='ocr_par' dir='ltr' id='par_1_53' title="bbox 1091 1129 1878 1165">
     <span class='ocr_line' id='line_1_53' title="bbox 1091 1129 1878 1165; baseline 0.004 -10"><span class='ocrx_word' id='word_1_386' title='bbox 1091 1135 1152 1155; x_wconf 88' lang='lat' dir='ltr'><strong>esse</strong></span> <span class='ocrx_word' id='word_1_387' title='bbox 1179 1136 1213 1156; x_wconf 90' lang='lat' dir='ltr'><strong>ne</strong></span> <span class='ocrx_word' id='word_1_388' title='bbox 1226 1136 1287 1156; x_wconf 92' lang='lat' dir='ltr'><strong>cum</strong></span> <span class='ocrx_word' id='word_1_389' title='bbox 1320 1129 1379 1156; x_wconf 87' lang='lat' dir='ltr'><strong>viro</strong></span> <span class='ocrx_word' id='word_1_390' title='bbox 1407 1129 1525 1156; x_wconf 89' lang='lat' dir='ltr'><strong>conferri</strong></span> <span class='ocrx_word' id='word_1_391' title='bbox 1549 1131 1706 1165; x_wconf 68' lang='lat' dir='ltr'><strong>aequat-ique</strong></span> <span class='ocrx_word' id='word_1_392' title='bbox 1736 1140 1765 1159; x_wconf 87' lang='lat' dir='ltr'><strong>se</strong></span> <span class='ocrx_word' id='word_1_393' title='bbox 1779 1132 1878 1164; x_wconf 80' lang='lat' dir='ltr'><strong>vellet;</strong></span> 
     </span>
    </p>
   </div>
   <div class='ocr_carea' id='block_1_54' title="bbox 1091 1175 1880 1207">
    <p class='ocr_par' dir='ltr' id='par_1_54' title="bbox 1091 1175 1880 1207">
     <span class='ocr_line' id='line_1_54' title="bbox 1091 1175 1880 1207; baseline 0.003 -5"><span class='ocrx_word' id='word_1_394' title='bbox 1091 1175 1158 1202; x_wconf 84' lang='lat' dir='ltr'><strong>duas</strong></span> <span class='ocrx_word' id='word_1_395' title='bbox 1175 1182 1238 1202; x_wconf 88' lang='lat' dir='ltr'><strong>vero</strong></span> <span class='ocrx_word' id='word_1_396' title='bbox 1263 1182 1323 1202; x_wconf 77' lang='lat' dir='ltr'><strong>esse</strong></span> <span class='ocrx_word' id='word_1_397' title='bbox 1351 1175 1480 1207; x_wconf 83' lang='lat' dir='ltr'><strong>rationes,</strong></span> <span class='ocrx_word' id='word_1_398' title='bbox 1511 1183 1559 1202; x_wconf 82' lang='lat' dir='ltr'><strong>cur</strong></span> <span class='ocrx_word' id='word_1_399' title='bbox 1590 1183 1605 1203; x_wconf 75' lang='grc' dir='ltr'>ο</span> <span class='ocrx_word' id='word_1_400' title='bbox 1647 1177 1758 1203; x_wconf 87' lang='lat' dir='ltr'><strong>sinistro</strong></span> <span class='ocrx_word' id='word_1_401' title='bbox 1799 1177 1880 1204; x_wconf 67' lang='lat' dir='ltr'><strong>lati-re</strong></span> 
     </span>
    </p>
   </div>
   <div class='ocr_carea' id='block_1_55' title="bbox 1090 1221 1879 1257">
    <p class='ocr_par' dir='ltr' id='par_1_55' title="bbox 1090 1221 1879 1257">
     <span class='ocr_line' id='line_1_55' title="bbox 1090 1221 1879 1257; baseline 0.001 -9"><span class='ocrx_word' id='word_1_402' title='bbox 1090 1221 1126 1248; x_wconf 82' lang='lat' dir='ltr'><strong>sit</strong></span> <span class='ocrx_word' id='word_1_403' title='bbox 1156 1221 1270 1248; x_wconf 89' lang='lat' dir='ltr'><strong>formata</strong></span> <span class='ocrx_word' id='word_1_404' title='bbox 1303 1230 1309 1247; x_wconf 96' lang='lat'><strong>:</strong></span> <span class='ocrx_word' id='word_1_405' title='bbox 1345 1222 1478 1254; x_wconf 83' lang='lat' dir='ltr'><strong>alteram,</strong></span> <span class='ocrx_word' id='word_1_406' title='bbox 1507 1227 1535 1248; x_wconf 86' lang='lat' dir='ltr'><strong>ut</strong></span> <span class='ocrx_word' id='word_1_407' title='bbox 1576 1223 1611 1250; x_wconf 87' lang='lat' dir='ltr'><strong>sit</strong></span> <span class='ocrx_word' id='word_1_408' title='bbox 1636 1224 1694 1249; x_wconf 81' lang='lat' dir='ltr'><strong>viro</strong></span> <span class='ocrx_word' id='word_1_409' title='bbox 1719 1223 1879 1257; x_wconf 75' lang='lat' dir='ltr'><strong>obsequiosa</strong></span> 
     </span>
    </p>
   </div>
   <div class='ocr_carea' id='block_1_56' title="bbox 1089 1266 1882 1301">
    <p class='ocr_par' dir='ltr' id='par_1_56' title="bbox 1089 1266 1882 1301">
     <span class='ocr_line' id='line_1_56' title="bbox 1089 1266 1882 1301; baseline 0.004 -9"><span class='ocrx_word' id='word_1_410' title='bbox 1089 1266 1202 1301; x_wconf 82' lang='lat' dir='ltr'><strong>ejusque</strong></span> <span class='ocrx_word' id='word_1_411' title='bbox 1241 1267 1354 1301; x_wconf 83' lang='lat' dir='ltr'><strong>imperio</strong></span> <span class='ocrx_word' id='word_1_412' title='bbox 1405 1268 1618 1301; x_wconf 83' lang='lat' dir='ltr'><strong>obtemperans;</strong></span> <span class='ocrx_word' id='word_1_413' title='bbox 1675 1269 1805 1299; x_wconf 83' lang='lat' dir='ltr'><strong>alteram,</strong></span> <span class='ocrx_word' id='word_1_414' title='bbox 1851 1272 1882 1295; x_wconf 82' lang='grc' dir='ltr'><strong>ιιι</strong></span> 
     </span>
    </p>
   </div>
   <div class='ocr_carea' id='block_1_57' title="bbox 1090 1313 1880 1341">
    <p class='ocr_par' dir='ltr' id='par_1_57' title="bbox 1090 1313 1880 1341">
     <span class='ocr_line' id='line_1_57' title="bbox 1090 1313 1880 1341; baseline 0.003 -2"><span class='ocrx_word' id='word_1_415' title='bbox 1090 1313 1191 1339; x_wconf 84' lang='lat' dir='ltr'><strong>sciatur</strong></span> <span class='ocrx_word' id='word_1_416' title='bbox 1206 1313 1354 1340; x_wconf 78' lang='lat' dir='ltr'><strong>inlinunt-is</strong></span> <span class='ocrx_word' id='word_1_417' title='bbox 1367 1321 1426 1340; x_wconf 86' lang='lat' dir='ltr'><strong>eam</strong></span> <span class='ocrx_word' id='word_1_418' title='bbox 1457 1319 1559 1341; x_wconf 73' lang='lat' dir='ltr'><strong>naturae</strong></span> <span class='ocrx_word' id='word_1_419' title='bbox 1572 1321 1641 1340; x_wconf 81' lang='lat' dir='ltr'><strong>esse.</strong></span> <span class='ocrx_word' id='word_1_420' title='bbox 1655 1314 1721 1340; x_wconf 84' lang='lat' dir='ltr'><strong>Nam</strong></span> <span class='ocrx_word' id='word_1_421' title='bbox 1737 1314 1880 1341; x_wconf 87' lang='lat' dir='ltr'><strong>sinistrum</strong></span> 
     </span>
    </p>
   </div>
   <div class='ocr_carea' id='block_1_58' title="bbox 1090 1357 1880 1394">
    <p class='ocr_par' dir='ltr' id='par_1_58' title="bbox 1090 1357 1880 1394">
     <span class='ocr_line' id='line_1_58' title="bbox 1090 1357 1880 1394; baseline 0.003 -10"><span class='ocrx_word' id='word_1_422' title='bbox 1090 1357 1160 1384; x_wconf 74' lang='lat' dir='ltr'><strong>latus</strong></span> <span class='ocrx_word' id='word_1_423' title='bbox 1185 1358 1280 1385; x_wconf 81' lang='lat' dir='ltr'><strong>dextro</strong></span> <span class='ocrx_word' id='word_1_424' title='bbox 1298 1358 1460 1386; x_wconf 90' lang='lat' dir='ltr'><strong>imbecillius</strong></span> <span class='ocrx_word' id='word_1_425' title='bbox 1473 1364 1533 1392; x_wconf 83' lang='lat' dir='ltr'><strong>est;</strong></span> <span class='ocrx_word' id='word_1_426' title='bbox 1553 1367 1640 1392; x_wconf 84' lang='lat' dir='ltr'><strong>neque</strong></span> <span class='ocrx_word' id='word_1_427' title='bbox 1653 1359 1725 1386; x_wconf 87' lang='lat' dir='ltr'><strong>enim</strong></span> <span class='ocrx_word' id='word_1_428' title='bbox 1752 1367 1811 1386; x_wconf 84' lang='lat' dir='ltr'><strong>sese</strong></span> <span class='ocrx_word' id='word_1_429' title='bbox 1830 1367 1880 1394; x_wconf 87' lang='lat' dir='ltr'><strong>po-</strong></span> 
     </span>
    </p>
   </div>
   <div class='ocr_carea' id='block_1_59' title="bbox 1091 1404 1881 1440">
    <p class='ocr_par' dir='ltr' id='par_1_59' title="bbox 1091 1404 1881 1440">
     <span class='ocr_line' id='line_1_59' title="bbox 1091 1404 1881 1440; baseline 0.004 -10"><span class='ocrx_word' id='word_1_430' title='bbox 1091 1408 1141 1430; x_wconf 86' lang='lat' dir='ltr'><strong>test</strong></span> <span class='ocrx_word' id='word_1_431' title='bbox 1170 1404 1274 1439; x_wconf 84' lang='lat' dir='ltr'><strong>absque</strong></span> <span class='ocrx_word' id='word_1_432' title='bbox 1302 1404 1389 1432; x_wconf 81' lang='lat' dir='ltr'><strong>dextri</strong></span> <span class='ocrx_word' id='word_1_433' title='bbox 1419 1405 1520 1432; x_wconf 83' lang='lat' dir='ltr'><strong>auxilio</strong></span> <span class='ocrx_word' id='word_1_434' title='bbox 1549 1405 1702 1439; x_wconf 78' lang='lat' dir='ltr'><strong>subrigere.</strong></span> <span class='ocrx_word' id='word_1_435' title='bbox 1732 1410 1762 1432; x_wconf 87' lang='grc' dir='ltr'><strong>ιιι</strong></span> <span class='ocrx_word' id='word_1_436' title='bbox 1793 1413 1881 1440; x_wconf 84' lang='lat' dir='ltr'><strong>neque</strong></span> 
     </span>
    </p>
   </div>
   <div class='ocr_carea' id='block_1_60' title="bbox 1090 1449 1880 1486">
    <p class='ocr_par' dir='ltr' id='par_1_60' title="bbox 1090 1449 1880 1486">
     <span class='ocr_line' id='line_1_60' title="bbox 1090 1449 1880 1486; baseline 0.003 -9"><span class='ocrx_word' id='word_1_437' title='bbox 1090 1449 1190 1477; x_wconf 75' lang='lat' dir='ltr'><strong>femina</strong></span> <span class='ocrx_word' id='word_1_438' title='bbox 1209 1457 1238 1477; x_wconf 82' lang='lat' dir='ltr'><strong>se</strong></span> <span class='ocrx_word' id='word_1_439' title='bbox 1254 1450 1357 1486; x_wconf 83' lang='lat' dir='ltr'><strong>absque</strong></span> <span class='ocrx_word' id='word_1_440' title='bbox 1387 1451 1444 1477; x_wconf 78' lang='lat' dir='ltr'><strong>viro</strong></span> <span class='ocrx_word' id='word_1_441' title='bbox 1459 1456 1612 1478; x_wconf 85' lang='lat' dir='ltr'><strong>sustentare</strong></span> <span class='ocrx_word' id='word_1_442' title='bbox 1635 1451 1716 1478; x_wconf 76' lang='lat' dir='ltr'><strong>valet.</strong></span> <span class='ocrx_word' id='word_1_443' title='bbox 1759 1451 1791 1478; x_wconf 85' lang='lat' dir='ltr'><strong>Et</strong></span> <span class='ocrx_word' id='word_1_444' title='bbox 1815 1459 1880 1479; x_wconf 86' lang='lat' dir='ltr'><strong>vero</strong></span> 
     </span>
    </p>
   </div>
   <div class='ocr_carea' id='block_1_61' title="bbox 1091 1495 1878 1532">
    <p class='ocr_par' dir='ltr' id='par_1_61' title="bbox 1091 1495 1878 1532">
     <span class='ocr_line' id='line_1_61' title="bbox 1091 1495 1878 1532; baseline 0.003 -10"><span class='ocrx_word' id='word_1_445' title='bbox 1091 1495 1234 1522; x_wconf 84' lang='lat' dir='ltr'><strong>sinistrum</strong></span> <span class='ocrx_word' id='word_1_446' title='bbox 1249 1504 1363 1531; x_wconf 76' lang='lat' dir='ltr'><strong>arguere</strong></span> <span class='ocrx_word' id='word_1_447' title='bbox 1378 1497 1604 1528; x_wconf 84' lang='lat' dir='ltr'><strong>imbecillitatem,</strong></span> <span class='ocrx_word' id='word_1_448' title='bbox 1617 1497 1658 1524; x_wconf 88' lang='lat' dir='ltr'><strong>vel</strong></span> <span class='ocrx_word' id='word_1_449' title='bbox 1684 1498 1740 1532; x_wconf 80' lang='lat' dir='ltr'><strong>ipsa</strong></span> <span class='ocrx_word' id='word_1_450' title='bbox 1754 1498 1878 1525; x_wconf 80' lang='lat' dir='ltr'><strong>animan-</strong></span> 
     </span>
    </p>
   </div>
   <div class='ocr_carea' id='block_1_62' title="bbox 250 1540 1878 1580">
    <p class='ocr_par' dir='ltr' id='par_1_62' title="bbox 250 1540 1878 1580">
     <span class='ocr_line' id='line_1_62' title="bbox 250 1540 1878 1580; baseline 0.002 -14"><span class='ocrx_word' id='word_1_451' title='bbox 250 1540 448 1567; x_wconf 79' lang='lat' dir='ltr'><strong>revelationum</strong></span> <span class='ocrx_word' id='word_1_452' title='bbox 466 1546 586 1575; x_wconf 90' lang='lat' dir='ltr'><strong>tempore</strong></span> <span class='ocrx_word' id='word_1_453' title='bbox 599 1548 676 1568; x_wconf 88' lang='lat' dir='ltr'><strong>mens</strong></span> <span class='ocrx_word' id='word_1_454' title='bbox 695 1541 816 1575; x_wconf 86' lang='lat' dir='ltr'><strong>ipsorum</strong></span> <span class='ocrx_word' id='word_1_455' title='bbox 830 1542 964 1570; x_wconf 76' lang='lat' dir='ltr'><strong>illuslrula</strong></span> <span class='ocrx_word' id='word_1_456' title='bbox 982 1551 1037 1570; x_wconf 72' lang='lat' dir='ltr'><strong>mn.</strong></span> <span class='ocrx_word' id='word_1_457' title='bbox 1054 1549 1076 1580; x_wconf 70' lang='grc' dir='ltr'><strong>ρ</strong></span> <span class='ocrx_word' id='word_1_458' title='bbox 1094 1541 1160 1567; x_wconf 91' lang='lat' dir='ltr'><strong>tium</strong></span> <span class='ocrx_word' id='word_1_459' title='bbox 1178 1546 1272 1568; x_wconf 72' lang='lat' dir='ltr'><strong>natura</strong></span> <span class='ocrx_word' id='word_1_460' title='bbox 1286 1546 1418 1569; x_wconf 90' lang='lat' dir='ltr'><strong>tnonstrat</strong></span> <span class='ocrx_word' id='word_1_461' title='bbox 1429 1550 1544 1576; x_wconf 85' lang='lat' dir='ltr'><strong>quorum</strong></span> <span class='ocrx_word' id='word_1_462' title='bbox 1555 1542 1676 1569; x_wconf 86' lang='lat' dir='ltr'><strong>omnium</strong></span> <span class='ocrx_word' id='word_1_463' title='bbox 1694 1543 1802 1569; x_wconf 85' lang='lat' dir='ltr'><strong>sinistra</strong></span> <span class='ocrx_word' id='word_1_464' title='bbox 1817 1551 1878 1577; x_wconf 83' lang='lat' dir='ltr'><strong>pars</strong></span> 
     </span>
    </p>
   </div>
   <div class='ocr_carea' id='block_1_63' title="bbox 249 1586 1040 1622">
    <p class='ocr_par' dir='ltr' id='par_1_63' title="bbox 249 1586 1040 1622">
     <span class='ocr_line' id='line_1_63' title="bbox 249 1586 1040 1622; baseline 0.005 -10"><span class='ocrx_word' id='word_1_465' title='bbox 249 1587 339 1616; x_wconf 86' lang='lat' dir='ltr'><strong>nebat.</strong></span> <span class='ocrx_word' id='word_1_466' title='bbox 358 1586 532 1614; x_wconf 87' lang='lat' dir='ltr'><strong>auferebatur</strong></span> <span class='ocrx_word' id='word_1_467' title='bbox 546 1593 610 1613; x_wconf 82' lang='lat' dir='ltr'><strong>vero</strong></span> <span class='ocrx_word' id='word_1_468' title='bbox 634 1594 664 1613; x_wconf 83' lang='lat' dir='ltr'><strong>ea</strong></span> <span class='ocrx_word' id='word_1_469' title='bbox 690 1587 724 1613; x_wconf 88' lang='lat' dir='ltr'><strong>ab</strong></span> <span class='ocrx_word' id='word_1_470' title='bbox 736 1587 804 1622; x_wconf 83' lang='lat' dir='ltr'><strong>ipsis</strong></span> <span class='ocrx_word' id='word_1_471' title='bbox 823 1593 882 1622; x_wconf 86' lang='lat' dir='ltr'><strong>post</strong></span> <span class='ocrx_word' id='word_1_472' title='bbox 897 1589 1040 1616; x_wconf 85' lang='lat' dir='ltr'><strong>revelatio-</strong></span> 
     </span>
    </p>
   </div>
   <div class='ocr_carea' id='block_1_64' title="bbox 249 1633 1039 1668">
    <p class='ocr_par' dir='ltr' id='par_1_64' title="bbox 249 1633 1039 1668">
     <span class='ocr_line' id='line_1_64' title="bbox 249 1633 1039 1668; baseline 0.004 -9"><span class='ocrx_word' id='word_1_473' title='bbox 249 1639 298 1659; x_wconf 86' lang='lat' dir='ltr'><strong>nes</strong></span> <span class='ocrx_word' id='word_1_474' title='bbox 322 1633 368 1659; x_wconf 83' lang='lat' dir='ltr'><strong>sed</strong></span> <span class='ocrx_word' id='word_1_475' title='bbox 392 1638 550 1660; x_wconf 86' lang='lat' dir='ltr'><strong>remanente</strong></span> <span class='ocrx_word' id='word_1_476' title='bbox 568 1633 675 1660; x_wconf 86' lang='lat' dir='ltr'><strong>interim</strong></span> <span class='ocrx_word' id='word_1_477' title='bbox 693 1633 745 1660; x_wconf 74' lang='lat' dir='ltr'><strong>lixa</strong></span> <span class='ocrx_word' id='word_1_478' title='bbox 761 1634 787 1660; x_wconf 91' lang='lat' dir='ltr'><strong>in</strong></span> <span class='ocrx_word' id='word_1_479' title='bbox 803 1635 922 1668; x_wconf 75' lang='lat' dir='ltr'><strong>ipsorum</strong></span> <span class='ocrx_word' id='word_1_480' title='bbox 939 1640 1039 1667; x_wconf 84' lang='lat' dir='ltr'><strong>mente,</strong></span> 
     </span>
    </p>
   </div>
   <div class='ocr_carea' id='block_1_65' title="bbox 249 1678 1039 1713">
    <p class='ocr_par' dir='ltr' id='par_1_65' title="bbox 249 1678 1039 1713">
     <span class='ocr_line' id='line_1_65' title="bbox 249 1678 1039 1713; baseline 0.006 -10"><span class='ocrx_word' id='word_1_481' title='bbox 249 1685 311 1704; x_wconf 83' lang='lat' dir='ltr'><strong>vera</strong></span> <span class='ocrx_word' id='word_1_482' title='bbox 336 1679 553 1712; x_wconf 74' lang='lat' dir='ltr'><strong>contemplativa:</strong></span> <span class='ocrx_word' id='word_1_483' title='bbox 568 1678 639 1706; x_wconf 76' lang='lat' dir='ltr'><strong>illitis</strong></span> <span class='ocrx_word' id='word_1_484' title='bbox 666 1679 775 1706; x_wconf 90' lang='lat' dir='ltr'><strong>virltttis</strong></span> <span class='ocrx_word' id='word_1_485' title='bbox 802 1680 942 1713; x_wconf 84' lang='lat' dir='ltr'><strong>memoria,</strong></span> <span class='ocrx_word' id='word_1_486' title='bbox 959 1681 1039 1708; x_wconf 69' lang='lat' dir='ltr'><strong>etiam</strong></span> 
     </span>
    </p>
   </div>
   <div class='ocr_carea' id='block_1_66' title="bbox 250 1724 1040 1759">
    <p class='ocr_par' dir='ltr' id='par_1_66' title="bbox 250 1724 1040 1759">
     <span class='ocr_line' id='line_1_66' title="bbox 250 1724 1040 1759; baseline 0.006 -10"><span class='ocrx_word' id='word_1_487' title='bbox 250 1728 427 1758; x_wconf 86' lang='lat' dir='ltr'><strong>posteaquam</strong></span> <span class='ocrx_word' id='word_1_488' title='bbox 454 1724 630 1751; x_wconf 84' lang='lat' dir='ltr'><strong>evanuissent</strong></span> <span class='ocrx_word' id='word_1_489' title='bbox 661 1725 726 1759; x_wconf 71' lang='lat' dir='ltr'><strong>ipsa:</strong></span> <span class='ocrx_word' id='word_1_490' title='bbox 755 1726 934 1753; x_wconf 86' lang='lat' dir='ltr'><strong>revelationes</strong></span> <span class='ocrx_word' id='word_1_491' title='bbox 960 1727 1040 1754; x_wconf 71' lang='lat' dir='ltr'><strong>simul</strong></span> 
     </span>
    </p>
   </div>
   <div class='ocr_carea' id='block_1_67' title="bbox 251 1769 1040 1805">
    <p class='ocr_par' dir='ltr' id='par_1_67' title="bbox 251 1769 1040 1805">
     <span class='ocr_line' id='line_1_67' title="bbox 251 1769 1040 1805; baseline 0.008 -11"><span class='ocrx_word' id='word_1_492' title='bbox 251 1776 314 1795; x_wconf 87' lang='lat' dir='ltr'><strong>cmn</strong></span> <span class='ocrx_word' id='word_1_493' title='bbox 333 1769 357 1796; x_wconf 92' lang='lat' dir='ltr'><strong>vi</strong></span> <span class='ocrx_word' id='word_1_494' title='bbox 376 1769 418 1796; x_wconf 90' lang='lat' dir='ltr'><strong>illa</strong></span> <span class='ocrx_word' id='word_1_495' title='bbox 437 1770 656 1805; x_wconf 81' lang='lat' dir='ltr'><strong>contemplativa.</strong></span> <span class='ocrx_word' id='word_1_496' title='bbox 678 1771 715 1797; x_wconf 89' lang='lat' dir='ltr'><strong>lta</strong></span> <span class='ocrx_word' id='word_1_497' title='bbox 729 1771 801 1798; x_wconf 88' lang='lat' dir='ltr'><strong>enim</strong></span> <span class='ocrx_word' id='word_1_498' title='bbox 829 1772 928 1799; x_wconf 84' lang='lat' dir='ltr'><strong>accidit</strong></span> <span class='ocrx_word' id='word_1_499' title='bbox 951 1773 1040 1800; x_wconf 88' lang='lat' dir='ltr'><strong>Abra-</strong></span> 
     </span>
    </p>
   </div>
   <div class='ocr_carea' id='block_1_68' title="bbox 251 1814 1036 1851">
    <p class='ocr_par' dir='ltr' id='par_1_68' title="bbox 251 1814 1036 1851">
     <span class='ocr_line' id='line_1_68' title="bbox 251 1814 1036 1851; baseline 0.009 -11"><span class='ocrx_word' id='word_1_500' title='bbox 251 1814 325 1847; x_wconf 86' lang='lat' dir='ltr'><strong>ham,</strong></span> <span class='ocrx_word' id='word_1_501' title='bbox 343 1815 443 1842; x_wconf 76' lang='lat' dir='ltr'><strong>exstasi</strong></span> <span class='ocrx_word' id='word_1_502' title='bbox 461 1821 586 1849; x_wconf 87' lang='lat' dir='ltr'><strong>correpto</strong></span> <span class='ocrx_word' id='word_1_503' title='bbox 599 1816 634 1848; x_wconf 81' lang='grc'><strong>⁰¹,</strong></span> <span class='ocrx_word' id='word_1_504' title='bbox 656 1816 754 1844; x_wconf 68' lang='lat' dir='ltr'><strong>Elisazo</strong></span> <span class='ocrx_word' id='word_1_505' title='bbox 773 1817 861 1844; x_wconf 85' lang='lat' dir='ltr'><strong>visum</strong></span> <span class='ocrx_word' id='word_1_506' title='bbox 885 1818 986 1846; x_wconf 84' lang='lat' dir='ltr'><strong>videnti</strong></span> <span class='ocrx_word' id='word_1_507' title='bbox 1002 1819 1036 1851; x_wconf 86' lang='lat'><strong>&quot;,</strong></span> 
     </span>
    </p>
   </div>
   <div class='ocr_carea' id='block_1_69' title="bbox 252 1862 1039 1899">
    <p class='ocr_par' dir='ltr' id='par_1_69' title="bbox 252 1862 1039 1899">
     <span class='ocr_line' id='line_1_69' title="bbox 252 1862 1039 1899; baseline 0.005 -12"><span class='ocrx_word' id='word_1_508' title='bbox 252 1862 317 1888; x_wconf 89' lang='lat' dir='ltr'><strong>item</strong></span> <span class='ocrx_word' id='word_1_509' title='bbox 339 1862 416 1889; x_wconf 67' lang='lat' dir='ltr'><strong>ls:ui:e</strong></span> <span class='ocrx_word' id='word_1_510' title='bbox 437 1869 499 1889; x_wconf 84' lang='lat' dir='ltr'><strong>cum</strong></span> <span class='ocrx_word' id='word_1_511' title='bbox 524 1867 649 1890; x_wconf 82' lang='lat' dir='ltr'><strong>cerneret</strong></span> <span class='ocrx_word' id='word_1_512' title='bbox 680 1863 760 1890; x_wconf 85' lang='lat' dir='ltr'><strong>Deum</strong></span> <span class='ocrx_word' id='word_1_513' title='bbox 792 1864 930 1891; x_wconf 88' lang='lat' dir='ltr'><strong>sedentem</strong></span> <span class='ocrx_word' id='word_1_514' title='bbox 958 1872 1039 1899; x_wconf 85' lang='lat' dir='ltr'><strong>super</strong></span> 
     </span>
    </p>
   </div>
   <div class='ocr_carea' id='block_1_70' title="bbox 250 1908 1039 1943">
    <p class='ocr_par' dir='ltr' id='par_1_70' title="bbox 250 1908 1039 1943">
     <span class='ocr_line' id='line_1_70' title="bbox 250 1908 1039 1943; baseline 0.004 -9"><span class='ocrx_word' id='word_1_515' title='bbox 250 1908 348 1934; x_wconf 85' lang='lat' dir='ltr'><strong>solium</strong></span> <span class='ocrx_word' id='word_1_516' title='bbox 368 1908 409 1939; x_wconf 82' lang='lat'><strong>&quot;;</strong></span> <span class='ocrx_word' id='word_1_517' title='bbox 433 1914 562 1943; x_wconf 55' lang='lat' dir='ltr'><strong>praeterea</strong></span> <span class='ocrx_word' id='word_1_518' title='bbox 577 1909 708 1936; x_wconf 80' lang='lat' dir='ltr'><strong>Ezechieli</strong></span> <span class='ocrx_word' id='word_1_519' title='bbox 726 1910 840 1937; x_wconf 88' lang='lat' dir='ltr'><strong>intuenti</strong></span> <span class='ocrx_word' id='word_1_520' title='bbox 866 1910 1039 1938; x_wconf 75' lang='lat' dir='ltr'><strong>Cherttbinns</strong></span> 
     </span>
    </p>
   </div>
   <div class='ocr_carea' id='block_1_71' title="bbox 249 1952 1037 1989">
    <p class='ocr_par' dir='ltr' id='par_1_71' title="bbox 249 1952 1037 1989">
     <span class='ocr_line' id='line_1_71' title="bbox 249 1952 1037 1989; baseline 0.005 -9"><span class='ocrx_word' id='word_1_521' title='bbox 249 1952 372 1980; x_wconf 87' lang='lat' dir='ltr'><strong>invectos</strong></span> <span class='ocrx_word' id='word_1_522' title='bbox 386 1953 420 1985; x_wconf 78' lang='lat'><strong>“.</strong></span> <span class='ocrx_word' id='word_1_523' title='bbox 437 1953 555 1989; x_wconf 83' lang='lat' dir='ltr'><strong>denique</strong></span> <span class='ocrx_word' id='word_1_524' title='bbox 573 1954 652 1982; x_wconf 86' lang='lat' dir='ltr'><strong>Petro</strong></span> <span class='ocrx_word' id='word_1_525' title='bbox 684 1955 880 1989; x_wconf 86' lang='lat' dir='ltr'><strong>contemplanti</strong></span> <span class='ocrx_word' id='word_1_526' title='bbox 900 1957 987 1983; x_wconf 81' lang='lat' dir='ltr'><strong>velum</strong></span> <span class='ocrx_word' id='word_1_527' title='bbox 1004 1957 1037 1984; x_wconf 83' lang='lat'><strong>&quot;.</strong></span> 
     </span>
    </p>
   </div>
   <div class='ocr_carea' id='block_1_72' title="bbox 249 1997 1040 2037">
    <p class='ocr_par' dir='ltr' id='par_1_72' title="bbox 249 1997 1040 2037">
     <span class='ocr_line' id='line_1_72' title="bbox 249 1997 1040 2037; baseline 0.005 -12"><span class='ocrx_word' id='word_1_528' title='bbox 249 1997 332 2033; x_wconf 75' lang='lat' dir='ltr'><strong>Igitur</strong></span> <span class='ocrx_word' id='word_1_529' title='bbox 347 1999 387 2027; x_wconf 87' lang='lat' dir='ltr'><strong>sic</strong></span> <span class='ocrx_word' id='word_1_530' title='bbox 404 1999 526 2027; x_wconf 80' lang='lat' dir='ltr'><strong>Adamus</strong></span> <span class='ocrx_word' id='word_1_531' title='bbox 549 2009 659 2035; x_wconf 87' lang='lat' dir='ltr'><strong>quoque</strong></span> <span class='ocrx_word' id='word_1_532' title='bbox 684 2000 799 2028; x_wconf 74' lang='lat' dir='ltr'><strong>affectus</strong></span> <span class='ocrx_word' id='word_1_533' title='bbox 811 2007 943 2029; x_wconf 85' lang='lat' dir='ltr'><strong>eratcum</strong></span> <span class='ocrx_word' id='word_1_534' title='bbox 960 2001 1040 2037; x_wconf 86' lang='lat' dir='ltr'><strong>quic-</strong></span> 
     </span>
    </p>
   </div>
   <div class='ocr_carea' id='block_1_73' title="bbox 249 2045 1038 2083">
    <p class='ocr_par' dir='ltr' id='par_1_73' title="bbox 249 2045 1038 2083">
     <span class='ocr_line' id='line_1_73' title="bbox 249 2045 1038 2083; baseline 0.004 -12"><span class='ocrx_word' id='word_1_535' title='bbox 249 2049 302 2072; x_wconf 89' lang='lat' dir='ltr'><strong>tem</strong></span> <span class='ocrx_word' id='word_1_536' title='bbox 319 2045 376 2072; x_wconf 86' lang='lat' dir='ltr'><strong>sive</strong></span> <span class='ocrx_word' id='word_1_537' title='bbox 398 2047 528 2074; x_wconf 82' lang='lat' dir='ltr'><strong>exstasim</strong></span> <span class='ocrx_word' id='word_1_538' title='bbox 545 2047 595 2082; x_wconf 89' lang='lat' dir='ltr'><strong>ipsi</strong></span> <span class='ocrx_word' id='word_1_539' title='bbox 623 2047 782 2075; x_wconf 84' lang='lat' dir='ltr'><strong>immisisset</strong></span> <span class='ocrx_word' id='word_1_540' title='bbox 798 2047 870 2075; x_wconf 86' lang='lat' dir='ltr'><strong>Deus</strong></span> <span class='ocrx_word' id='word_1_541' title='bbox 886 2056 893 2074; x_wconf 84' lang='lat'><strong>:</strong></span> <span class='ocrx_word' id='word_1_542' title='bbox 911 2049 1038 2083; x_wconf 81' lang='lat' dir='ltr'><strong>apparuit</strong></span> 
     </span>
    </p>
   </div>
   <div class='ocr_carea' id='block_1_74' title="bbox 247 2091 1037 2128">
    <p class='ocr_par' dir='ltr' id='par_1_74' title="bbox 247 2091 1037 2128">
     <span class='ocr_line' id='line_1_74' title="bbox 247 2091 1037 2128; baseline 0.004 -10"><span class='ocrx_word' id='word_1_543' title='bbox 247 2091 320 2118; x_wconf 86' lang='lat' dir='ltr'><strong>enim</strong></span> <span class='ocrx_word' id='word_1_544' title='bbox 340 2091 364 2118; x_wconf 85' lang='lat' dir='ltr'><strong>ei</strong></span> <span class='ocrx_word' id='word_1_545' title='bbox 386 2092 465 2124; x_wconf 87' lang='lat' dir='ltr'><strong>Deus,</strong></span> <span class='ocrx_word' id='word_1_546' title='bbox 482 2093 600 2127; x_wconf 89' lang='lat' dir='ltr'><strong>dataque</strong></span> <span class='ocrx_word' id='word_1_547' title='bbox 624 2097 665 2120; x_wconf 88' lang='lat' dir='ltr'><strong>est</strong></span> <span class='ocrx_word' id='word_1_548' title='bbox 695 2093 746 2128; x_wconf 85' lang='lat' dir='ltr'><strong>ipsi</strong></span> <span class='ocrx_word' id='word_1_549' title='bbox 766 2093 846 2121; x_wconf 89' lang='lat' dir='ltr'><strong>simul</strong></span> <span class='ocrx_word' id='word_1_550' title='bbox 863 2093 905 2121; x_wconf 81' lang='lat' dir='ltr'><strong>vis</strong></span> <span class='ocrx_word' id='word_1_551' title='bbox 918 2101 949 2121; x_wconf 86' lang='lat' dir='ltr'><strong>ea</strong></span> <span class='ocrx_word' id='word_1_552' title='bbox 962 2102 1037 2121; x_wconf 89' lang='lat' dir='ltr'><strong>tuen-</strong></span> 
     </span>
    </p>
   </div>
   <div class='ocr_carea' id='block_1_75' title="bbox 248 2137 1037 2174">
    <p class='ocr_par' dir='ltr' id='par_1_75' title="bbox 248 2137 1037 2174">
     <span class='ocr_line' id='line_1_75' title="bbox 248 2137 1037 2174; baseline 0.005 -10"><span class='ocrx_word' id='word_1_553' title='bbox 248 2137 283 2164; x_wconf 86' lang='lat' dir='ltr'><strong>tis</strong></span> <span class='ocrx_word' id='word_1_554' title='bbox 304 2139 514 2173; x_wconf 87' lang='lat' dir='ltr'><strong>contemplativa</strong></span> <span class='ocrx_word' id='word_1_555' title='bbox 531 2147 584 2174; x_wconf 86' lang='lat' dir='ltr'><strong>qua</strong></span> <span class='ocrx_word' id='word_1_556' title='bbox 609 2140 737 2167; x_wconf 87' lang='lat' dir='ltr'><strong>cernebat</strong></span> <span class='ocrx_word' id='word_1_557' title='bbox 763 2140 846 2168; x_wconf 87' lang='lat' dir='ltr'><strong>eximi</strong></span> <span class='ocrx_word' id='word_1_558' title='bbox 877 2148 891 2168; x_wconf 87' lang='lat' dir='ltr'><strong>e</strong></span> <span class='ocrx_word' id='word_1_559' title='bbox 907 2149 958 2168; x_wconf 87' lang='lat' dir='ltr'><strong>suo</strong></span> <span class='ocrx_word' id='word_1_560' title='bbox 974 2149 1037 2168; x_wconf 94' lang='lat' dir='ltr'><strong>cor-</strong></span> 
     </span>
    </p>
   </div>
   <div class='ocr_carea' id='block_1_76' title="bbox 247 2183 1034 2218">
    <p class='ocr_par' dir='ltr' id='par_1_76' title="bbox 247 2183 1034 2218">
     <span class='ocr_line' id='line_1_76' title="bbox 247 2183 1034 2218; baseline 0.006 -12"><span class='ocrx_word' id='word_1_561' title='bbox 247 2188 314 2216; x_wconf 82' lang='lat' dir='ltr'><strong>pore</strong></span> <span class='ocrx_word' id='word_1_562' title='bbox 338 2188 440 2209; x_wconf 87' lang='lat' dir='ltr'><strong>costam</strong></span> <span class='ocrx_word' id='word_1_563' title='bbox 463 2187 491 2210; x_wconf 88' lang='lat' dir='ltr'><strong>et</strong></span> <span class='ocrx_word' id='word_1_564' title='bbox 517 2183 645 2210; x_wconf 87' lang='lat' dir='ltr'><strong>feminam</strong></span> <span class='ocrx_word' id='word_1_565' title='bbox 660 2183 772 2209; x_wconf 88' lang='lat' dir='ltr'><strong>formari</strong></span> <span class='ocrx_word' id='word_1_566' title='bbox 790 2192 797 2210; x_wconf 93' lang='lat'>:</span> <span class='ocrx_word' id='word_1_567' title='bbox 813 2183 859 2210; x_wconf 91' lang='lat' dir='ltr'><strong>sed</strong></span> <span class='ocrx_word' id='word_1_568' title='bbox 889 2188 1034 2218; x_wconf 87' lang='lat' dir='ltr'><strong>postquam</strong></span> 
     </span>
    </p>
   </div>
   <div class='ocr_carea' id='block_1_77' title="bbox 1094 1587 1877 1622">
    <p class='ocr_par' dir='ltr' id='par_1_77' title="bbox 1094 1587 1877 1622">
     <span class='ocr_line' id='line_1_77' title="bbox 1094 1587 1877 1622; baseline 0.001 -9"><span class='ocrx_word' id='word_1_569' title='bbox 1094 1587 1256 1614; x_wconf 86' lang='lat' dir='ltr'><strong>imbecillior</strong></span> <span class='ocrx_word' id='word_1_570' title='bbox 1273 1592 1312 1615; x_wconf 86' lang='lat' dir='ltr'><strong>est</strong></span> <span class='ocrx_word' id='word_1_571' title='bbox 1331 1595 1411 1622; x_wconf 91' lang='lat' dir='ltr'><strong>quam</strong></span> <span class='ocrx_word' id='word_1_572' title='bbox 1438 1588 1543 1614; x_wconf 83' lang='lat' dir='ltr'><strong>dextra.</strong></span> <span class='ocrx_word' id='word_1_573' title='bbox 1563 1587 1609 1614; x_wconf 59' lang='lat' dir='ltr'><strong>list</strong></span> <span class='ocrx_word' id='word_1_574' title='bbox 1624 1588 1714 1622; x_wconf 86' lang='lat' dir='ltr'><strong>itaque</strong></span> <span class='ocrx_word' id='word_1_575' title='bbox 1733 1588 1759 1614; x_wconf 93' lang='lat' dir='ltr'><strong>in</strong></span> <span class='ocrx_word' id='word_1_576' title='bbox 1771 1587 1877 1615; x_wconf 87' lang='lat' dir='ltr'><strong>feminis</strong></span> 
     </span>
    </p>
   </div>
   <div class='ocr_carea' id='block_1_78' title="bbox 1093 1624 1879 1668">
    <p class='ocr_par' dir='ltr' id='par_1_78' title="bbox 1093 1624 1879 1668">
     <span class='ocr_line' id='line_1_78' title="bbox 1093 1624 1879 1668; baseline 0.001 -9"><span class='ocrx_word' id='word_1_577' title='bbox 1093 1637 1335 1668; x_wconf 84' lang='lat' dir='ltr'><strong>temperamentum</strong></span> <span class='ocrx_word' id='word_1_578' title='bbox 1350 1634 1472 1668; x_wconf 83' lang='lat' dir='ltr'><strong>corporis</strong></span> <span class='ocrx_word' id='word_1_579' title='bbox 1485 1624 1617 1667; x_wconf 55' lang='lat' dir='ltr'><strong>frigidius,</strong></span> <span class='ocrx_word' id='word_1_580' title='bbox 1633 1633 1803 1666; x_wconf 84' lang='lat' dir='ltr'><strong>imbecillius,</strong></span> <span class='ocrx_word' id='word_1_581' title='bbox 1816 1642 1879 1661; x_wconf 83' lang='lat' dir='ltr'><strong>cru-</strong></span> 
     </span>
    </p>
   </div>
   <div class='ocr_carea' id='block_1_79' title="bbox 1093 1679 1878 1714">
    <p class='ocr_par' dir='ltr' id='par_1_79' title="bbox 1093 1679 1878 1714">
     <span class='ocr_line' id='line_1_79' title="bbox 1093 1679 1878 1714; baseline 0 -9"><span class='ocrx_word' id='word_1_582' title='bbox 1093 1680 1165 1711; x_wconf 79' lang='lat' dir='ltr'><strong>dius,</strong></span> <span class='ocrx_word' id='word_1_583' title='bbox 1181 1683 1209 1706; x_wconf 88' lang='lat' dir='ltr'><strong>nt</strong></span> <span class='ocrx_word' id='word_1_584' title='bbox 1225 1680 1250 1706; x_wconf 88' lang='lat' dir='ltr'><strong>itt</strong></span> <span class='ocrx_word' id='word_1_585' title='bbox 1267 1683 1344 1714; x_wconf 85' lang='lat' dir='ltr'><strong>parte</strong></span> <span class='ocrx_word' id='word_1_586' title='bbox 1367 1679 1544 1706; x_wconf 82' lang='lat' dir='ltr'><strong>animantium</strong></span> <span class='ocrx_word' id='word_1_587' title='bbox 1564 1680 1686 1706; x_wconf 76' lang='lat' dir='ltr'><strong>sinistra.</strong></span> <span class='ocrx_word' id='word_1_588' title='bbox 1707 1679 1778 1711; x_wconf 85' lang='lat' dir='ltr'><strong>Quin</strong></span> <span class='ocrx_word' id='word_1_589' title='bbox 1808 1680 1878 1706; x_wconf 89' lang='lat' dir='ltr'><strong>inter</strong></span> 
     </span>
    </p>
   </div>
   <div class='ocr_carea' id='block_1_80' title="bbox 1092 1725 1879 1760">
    <p class='ocr_par' dir='ltr' id='par_1_80' title="bbox 1092 1725 1879 1760">
     <span class='ocr_line' id='line_1_80' title="bbox 1092 1725 1879 1760; baseline -0.001 -7"><span class='ocrx_word' id='word_1_590' title='bbox 1092 1726 1165 1760; x_wconf 87' lang='lat' dir='ltr'><strong>ipsos</strong></span> <span class='ocrx_word' id='word_1_591' title='bbox 1181 1726 1253 1752; x_wconf 85' lang='lat' dir='ltr'><strong>viros</strong></span> <span class='ocrx_word' id='word_1_592' title='bbox 1269 1725 1388 1759; x_wconf 85' lang='lat' dir='ltr'><strong>reperias</strong></span> <span class='ocrx_word' id='word_1_593' title='bbox 1399 1725 1478 1759; x_wconf 79' lang='lat' dir='ltr'><strong>cujus</strong></span> <span class='ocrx_word' id='word_1_594' title='bbox 1489 1725 1613 1752; x_wconf 87' lang='lat' dir='ltr'><strong>dextrttm</strong></span> <span class='ocrx_word' id='word_1_595' title='bbox 1628 1725 1696 1752; x_wconf 86' lang='lat' dir='ltr'><strong>latus</strong></span> <span class='ocrx_word' id='word_1_596' title='bbox 1706 1726 1740 1751; x_wconf 84' lang='lat' dir='ltr'><strong>sit</strong></span> <span class='ocrx_word' id='word_1_597' title='bbox 1750 1725 1879 1757; x_wconf 80' lang='lat' dir='ltr'><strong>calidum,</strong></span> 
     </span>
    </p>
   </div>
   <div class='ocr_carea' id='block_1_81' title="bbox 1093 1771 1878 1806">
    <p class='ocr_par' dir='ltr' id='par_1_81' title="bbox 1093 1771 1878 1806">
     <span class='ocr_line' id='line_1_81' title="bbox 1093 1771 1878 1806; baseline -0.001 -8"><span class='ocrx_word' id='word_1_598' title='bbox 1093 1777 1272 1806; x_wconf 70' lang='lat' dir='ltr'><strong>vegetamque</strong></span> <span class='ocrx_word' id='word_1_599' title='bbox 1287 1772 1428 1798; x_wconf 88' lang='lat' dir='ltr'><strong>sinistrum</strong></span> <span class='ocrx_word' id='word_1_600' title='bbox 1444 1779 1518 1803; x_wconf 70' lang='lat' dir='ltr'><strong>vero,</strong></span> <span class='ocrx_word' id='word_1_601' title='bbox 1536 1771 1662 1805; x_wconf 72' lang='lat' dir='ltr'><strong>frigidum</strong></span> <span class='ocrx_word' id='word_1_602' title='bbox 1675 1779 1706 1798; x_wconf 85' lang='lat' dir='ltr'><strong>ac</strong></span> <span class='ocrx_word' id='word_1_603' title='bbox 1723 1771 1878 1798; x_wconf 84' lang='lat' dir='ltr'><strong>ﬂaccidum.</strong></span> 
     </span>
    </p>
   </div>
   <div class='ocr_carea' id='block_1_82' title="bbox 1092 1816 1879 1851">
    <p class='ocr_par' dir='ltr' id='par_1_82' title="bbox 1092 1816 1879 1851">
     <span class='ocr_line' id='line_1_82' title="bbox 1092 1816 1879 1851; baseline -0.001 -6"><span class='ocrx_word' id='word_1_604' title='bbox 1092 1817 1132 1845; x_wconf 76' lang='lat' dir='ltr'><strong>Ad</strong></span> <span class='ocrx_word' id='word_1_605' title='bbox 1151 1818 1206 1844; x_wconf 68' lang='lat' dir='ltr'><strong>lucc</strong></span> <span class='ocrx_word' id='word_1_606' title='bbox 1227 1817 1364 1843; x_wconf 78' lang='lat' dir='ltr'><strong>masculus</strong></span> <span class='ocrx_word' id='word_1_607' title='bbox 1389 1817 1415 1843; x_wconf 87' lang='lat' dir='ltr'><strong>itt</strong></span> <span class='ocrx_word' id='word_1_608' title='bbox 1435 1817 1529 1844; x_wconf 69' lang='lat' dir='ltr'><strong>dextro</strong></span> <span class='ocrx_word' id='word_1_609' title='bbox 1559 1817 1642 1844; x_wconf 88' lang='lat' dir='ltr'><strong>latere</strong></span> <span class='ocrx_word' id='word_1_610' title='bbox 1658 1817 1822 1851; x_wconf 82' lang='lat' dir='ltr'><strong>concipitur.</strong></span> <span class='ocrx_word' id='word_1_611' title='bbox 1839 1816 1879 1844; x_wconf 87' lang='lat' dir='ltr'><strong>fe-</strong></span> 
     </span>
    </p>
   </div>
   <div class='ocr_carea' id='block_1_83' title="bbox 1092 1862 1880 1897">
    <p class='ocr_par' dir='ltr' id='par_1_83' title="bbox 1092 1862 1880 1897">
     <span class='ocr_line' id='line_1_83' title="bbox 1092 1862 1880 1897; baseline 0.001 -8"><span class='ocrx_word' id='word_1_612' title='bbox 1092 1863 1170 1890; x_wconf 84' lang='lat' dir='ltr'><strong>mella</strong></span> <span class='ocrx_word' id='word_1_613' title='bbox 1197 1863 1222 1889; x_wconf 93' lang='lat' dir='ltr'><strong>in</strong></span> <span class='ocrx_word' id='word_1_614' title='bbox 1254 1862 1376 1890; x_wconf 82' lang='lat' dir='ltr'><strong>sinistro.</strong></span> <span class='ocrx_word' id='word_1_615' title='bbox 1404 1862 1437 1889; x_wconf 80' lang='lat' dir='ltr'><strong>At</strong></span> <span class='ocrx_word' id='word_1_616' title='bbox 1457 1864 1529 1889; x_wconf 87' lang='lat' dir='ltr'><strong>enim</strong></span> <span class='ocrx_word' id='word_1_617' title='bbox 1548 1871 1580 1890; x_wconf 82' lang='lat' dir='ltr'><strong>ex</strong></span> <span class='ocrx_word' id='word_1_618' title='bbox 1610 1863 1667 1897; x_wconf 88' lang='lat' dir='ltr'><strong>ipsa</strong></span> <span class='ocrx_word' id='word_1_619' title='bbox 1697 1863 1880 1890; x_wconf 84' lang='lat' dir='ltr'><strong>imbecillitate</strong></span> 
     </span>
    </p>
   </div>
   <div class='ocr_carea' id='block_1_84' title="bbox 1091 1907 1879 1942">
    <p class='ocr_par' dir='ltr' id='par_1_84' title="bbox 1091 1907 1879 1942">
     <span class='ocr_line' id='line_1_84' title="bbox 1091 1907 1879 1942; baseline 0.001 -8"><span class='ocrx_word' id='word_1_620' title='bbox 1091 1915 1172 1942; x_wconf 81' lang='lat' dir='ltr'><strong>quant</strong></span> <span class='ocrx_word' id='word_1_621' title='bbox 1190 1908 1216 1934; x_wconf 92' lang='lat' dir='ltr'><strong>in</strong></span> <span class='ocrx_word' id='word_1_622' title='bbox 1244 1915 1308 1935; x_wconf 87' lang='lat' dir='ltr'><strong>sexu</strong></span> <span class='ocrx_word' id='word_1_623' title='bbox 1335 1907 1464 1934; x_wconf 90' lang='lat' dir='ltr'><strong>feminino</strong></span> <span class='ocrx_word' id='word_1_624' title='bbox 1481 1908 1567 1942; x_wconf 88' lang='lat' dir='ltr'><strong>palam</strong></span> <span class='ocrx_word' id='word_1_625' title='bbox 1584 1908 1731 1940; x_wconf 81' lang='lat' dir='ltr'><strong>cernimus.</strong></span> <span class='ocrx_word' id='word_1_626' title='bbox 1749 1909 1817 1936; x_wconf 86' lang='lat' dir='ltr'><strong>satis</strong></span> <span class='ocrx_word' id='word_1_627' title='bbox 1832 1917 1879 1935; x_wconf 72' lang='lat' dir='ltr'><strong>ar-</strong></span> 
     </span>
    </p>
   </div>
   <div class='ocr_carea' id='block_1_85' title="bbox 1091 1953 1880 1988">
    <p class='ocr_par' dir='ltr' id='par_1_85' title="bbox 1091 1953 1880 1988">
     <span class='ocr_line' id='line_1_85' title="bbox 1091 1953 1880 1988; baseline 0 -8"><span class='ocrx_word' id='word_1_628' title='bbox 1091 1961 1173 1988; x_wconf 79' lang='lat' dir='ltr'><strong>guere</strong></span> <span class='ocrx_word' id='word_1_629' title='bbox 1186 1953 1276 1985; x_wconf 84' lang='lat' dir='ltr'><strong>liceat,</strong></span> <span class='ocrx_word' id='word_1_630' title='bbox 1293 1953 1374 1980; x_wconf 85' lang='lat' dir='ltr'><strong>Evam</strong></span> <span class='ocrx_word' id='word_1_631' title='bbox 1390 1961 1405 1979; x_wconf 89' lang='lat' dir='ltr'><strong>e</strong></span> <span class='ocrx_word' id='word_1_632' title='bbox 1427 1953 1539 1980; x_wconf 78' lang='lat' dir='ltr'><strong>sinistro</strong></span> <span class='ocrx_word' id='word_1_633' title='bbox 1555 1953 1650 1980; x_wconf 80' lang='lat' dir='ltr'><strong>Atlami</strong></span> <span class='ocrx_word' id='word_1_634' title='bbox 1668 1953 1761 1986; x_wconf 85' lang='lat' dir='ltr'><strong>latere,</strong></span> <span class='ocrx_word' id='word_1_635' title='bbox 1784 1959 1813 1981; x_wconf 93' lang='lat' dir='ltr'><strong>ut</strong></span> <span class='ocrx_word' id='word_1_636' title='bbox 1827 1955 1880 1981; x_wconf 87' lang='lat' dir='ltr'><strong>nti-</strong></span> 
     </span>
    </p>
   </div>
   <div class='ocr_carea' id='block_1_86' title="bbox 1090 1998 1870 2033">
    <p class='ocr_par' dir='ltr' id='par_1_86' title="bbox 1090 1998 1870 2033">
     <span class='ocr_line' id='line_1_86' title="bbox 1090 1998 1870 2033; baseline 0.003 -8"><span class='ocrx_word' id='word_1_637' title='bbox 1090 2006 1142 2025; x_wconf 90' lang='lat' dir='ltr'><strong>nus</strong></span> <span class='ocrx_word' id='word_1_638' title='bbox 1169 1998 1268 2030; x_wconf 79' lang='lat' dir='ltr'><strong>valido,</strong></span> <span class='ocrx_word' id='word_1_639' title='bbox 1297 2006 1358 2026; x_wconf 85' lang='lat' dir='ltr'><strong>esse</strong></span> <span class='ocrx_word' id='word_1_640' title='bbox 1397 2004 1546 2033; x_wconf 88' lang='lat' dir='ltr'><strong>acceptam.</strong></span> <span class='ocrx_word' id='word_1_641' title='bbox 1576 1999 1661 2026; x_wconf 82' lang='lat' dir='ltr'><strong>Porro</strong></span> <span class='ocrx_word' id='word_1_642' title='bbox 1689 2007 1739 2026; x_wconf 84' lang='lat' dir='ltr'><strong>cur</strong></span> <span class='ocrx_word' id='word_1_643' title='bbox 1767 2006 1870 2028; x_wconf 76' lang='lat' dir='ltr'><strong>cosmm</strong></span> 
     </span>
    </p>
   </div>
   <div class='ocr_carea' id='block_1_87' title="bbox 1089 2044 1880 2078">
    <p class='ocr_par' dir='ltr' id='par_1_87' title="bbox 1089 2044 1880 2078">
     <span class='ocr_line' id='line_1_87' title="bbox 1089 2044 1880 2078; baseline 0.004 -8"><span class='ocrx_word' id='word_1_644' title='bbox 1089 2048 1116 2071; x_wconf 89' lang='lat' dir='ltr'><strong>et</strong></span> <span class='ocrx_word' id='word_1_645' title='bbox 1133 2052 1186 2071; x_wconf 91' lang='lat' dir='ltr'><strong>non</strong></span> <span class='ocrx_word' id='word_1_646' title='bbox 1217 2044 1298 2070; x_wconf 85' lang='lat' dir='ltr'><strong>aliam</strong></span> <span class='ocrx_word' id='word_1_647' title='bbox 1327 2044 1450 2078; x_wconf 86' lang='lat' dir='ltr'><strong>corporis</strong></span> <span class='ocrx_word' id='word_1_648' title='bbox 1469 2049 1572 2078; x_wconf 85' lang='lat' dir='ltr'><strong>partem</strong></span> <span class='ocrx_word' id='word_1_649' title='bbox 1601 2044 1706 2071; x_wconf 83' lang='lat' dir='ltr'><strong>Adamn</strong></span> <span class='ocrx_word' id='word_1_650' title='bbox 1733 2045 1880 2073; x_wconf 81' lang='lat' dir='ltr'><strong>detraxerit</strong></span> 
     </span>
    </p>
   </div>
   <div class='ocr_carea' id='block_1_88' title="bbox 1090 2088 1876 2124">
    <p class='ocr_par' dir='ltr' id='par_1_88' title="bbox 1090 2088 1876 2124">
     <span class='ocr_line' id='line_1_88' title="bbox 1090 2088 1876 2124; baseline 0 -8"><span class='ocrx_word' id='word_1_651' title='bbox 1090 2088 1173 2122; x_wconf 83' lang='lat' dir='ltr'><strong>Deus,</strong></span> <span class='ocrx_word' id='word_1_652' title='bbox 1192 2097 1273 2124; x_wconf 82' lang='lat' dir='ltr'><strong>quam</strong></span> <span class='ocrx_word' id='word_1_653' title='bbox 1289 2089 1466 2116; x_wconf 79' lang='lat' dir='ltr'><strong>concinnaret</strong></span> <span class='ocrx_word' id='word_1_654' title='bbox 1484 2089 1510 2114; x_wconf 89' lang='lat' dir='ltr'><strong>in</strong></span> <span class='ocrx_word' id='word_1_655' title='bbox 1524 2088 1661 2120; x_wconf 85' lang='lat' dir='ltr'><strong>feminam,</strong></span> <span class='ocrx_word' id='word_1_656' title='bbox 1678 2089 1809 2124; x_wconf 86' lang='lat' dir='ltr'><strong>plurimas</strong></span> <span class='ocrx_word' id='word_1_657' title='bbox 1825 2090 1876 2116; x_wconf 76' lang='lat' dir='ltr'><strong>ha~</strong></span> 
     </span>
    </p>
   </div>
   <div class='ocr_carea' id='block_1_89' title="bbox 1088 2134 1875 2168">
    <p class='ocr_par' dir='ltr' id='par_1_89' title="bbox 1088 2134 1875 2168">
     <span class='ocr_line' id='line_1_89' title="bbox 1088 2134 1875 2168; baseline 0.001 -7"><span class='ocrx_word' id='word_1_658' title='bbox 1088 2134 1182 2162; x_wconf 88' lang='lat' dir='ltr'><strong>bemus</strong></span> <span class='ocrx_word' id='word_1_659' title='bbox 1198 2135 1316 2162; x_wconf 84' lang='lat' dir='ltr'><strong>rationes</strong></span> <span class='ocrx_word' id='word_1_660' title='bbox 1332 2143 1338 2168; x_wconf 91' lang='lat'>;</span> <span class='ocrx_word' id='word_1_661' title='bbox 1355 2142 1416 2162; x_wconf 87' lang='lat' dir='ltr'><strong>nam</strong></span> <span class='ocrx_word' id='word_1_662' title='bbox 1434 2142 1495 2162; x_wconf 91' lang='lat' dir='ltr'><strong>cum</strong></span> <span class='ocrx_word' id='word_1_663' title='bbox 1526 2134 1552 2161; x_wconf 88' lang='lat' dir='ltr'><strong>in</strong></span> <span class='ocrx_word' id='word_1_664' title='bbox 1579 2141 1654 2162; x_wconf 89' lang='lat' dir='ltr'><strong>costa</strong></span> <span class='ocrx_word' id='word_1_665' title='bbox 1678 2139 1705 2162; x_wconf 91' lang='lat' dir='ltr'><strong>et</strong></span> <span class='ocrx_word' id='word_1_666' title='bbox 1722 2143 1831 2162; x_wconf 83' lang='lat' dir='ltr'><strong>carnem</strong></span> <span class='ocrx_word' id='word_1_667' title='bbox 1848 2140 1875 2162; x_wconf 88' lang='lat' dir='ltr'><strong>et</strong></span> 
     </span>
    </p>
   </div>
   <div class='ocr_carea' id='block_1_90' title="bbox 1088 2179 1877 2214">
    <p class='ocr_par' dir='ltr' id='par_1_90' title="bbox 1088 2179 1877 2214">
     <span class='ocr_line' id='line_1_90' title="bbox 1088 2179 1877 2214; baseline 0.001 -8"><span class='ocrx_word' id='word_1_668' title='bbox 1088 2187 1161 2211; x_wconf 85' lang='lat' dir='ltr'><strong>ossa,</strong></span> <span class='ocrx_word' id='word_1_669' title='bbox 1188 2183 1213 2206; x_wconf 89' lang='lat' dir='ltr'><strong>et</strong></span> <span class='ocrx_word' id='word_1_670' title='bbox 1234 2187 1343 2211; x_wconf 87' lang='lat' dir='ltr'><strong>nervos,</strong></span> <span class='ocrx_word' id='word_1_671' title='bbox 1375 2184 1400 2206; x_wconf 87' lang='lat' dir='ltr'><strong>et</strong></span> <span class='ocrx_word' id='word_1_672' title='bbox 1428 2179 1589 2214; x_wconf 80' lang='lat' dir='ltr'><strong>sanguinem</strong></span> <span class='ocrx_word' id='word_1_673' title='bbox 1621 2180 1741 2207; x_wconf 81' lang='lat' dir='ltr'><strong>invenire</strong></span> <span class='ocrx_word' id='word_1_674' title='bbox 1769 2181 1825 2212; x_wconf 88' lang='lat' dir='ltr'><strong>sit;</strong></span> <span class='ocrx_word' id='word_1_675' title='bbox 1846 2188 1877 2207; x_wconf 85' lang='lat' dir='ltr'><strong>ex</strong></span> 
     </span>
    </p>
   </div>
   <div class='ocr_carea' id='block_1_91' title="bbox 249 2225 1878 2263">
    <p class='ocr_par' dir='ltr' id='par_1_91' title="bbox 249 2225 1878 2263">
     <span class='ocr_line' id='line_1_91' title="bbox 249 2225 1878 2263; baseline -0.002 -7"><span class='ocrx_word' id='word_1_676' title='bbox 249 2227 380 2255; x_wconf 67' lang='lat' dir='ltr'><strong>abscessit</strong></span> <span class='ocrx_word' id='word_1_677' title='bbox 416 2229 450 2255; x_wconf 86' lang='lat' dir='ltr'><strong>ab</strong></span> <span class='ocrx_word' id='word_1_678' title='bbox 475 2228 534 2263; x_wconf 92' lang='lat' dir='ltr'><strong>ipso</strong></span> <span class='ocrx_word' id='word_1_679' title='bbox 564 2229 703 2259; x_wconf 76' lang='lat' dir='ltr'><strong>revelatio.</strong></span> <span class='ocrx_word' id='word_1_680' title='bbox 728 2234 809 2263; x_wconf 84' lang='lat' dir='ltr'><strong>atque</strong></span> <span class='ocrx_word' id='word_1_681' title='bbox 837 2229 926 2256; x_wconf 85' lang='lat' dir='ltr'><strong>ablata</strong></span> <span class='ocrx_word' id='word_1_682' title='bbox 954 2230 1038 2259; x_wconf 85' lang='lat' dir='ltr'><strong>simul</strong></span> <span class='ocrx_word' id='word_1_683' title='bbox 1056 2225 1163 2260; x_wconf 84' lang='lat' dir='ltr'><strong>Dipsa,</strong></span> <span class='ocrx_word' id='word_1_684' title='bbox 1179 2229 1209 2252; x_wconf 89' lang='lat' dir='ltr'><strong>ut</strong></span> <span class='ocrx_word' id='word_1_685' title='bbox 1229 2225 1348 2260; x_wconf 88' lang='lat' dir='ltr'><strong>perfecto</strong></span> <span class='ocrx_word' id='word_1_686' title='bbox 1368 2225 1549 2259; x_wconf 85' lang='lat' dir='ltr'><strong>absolutoque</strong></span> <span class='ocrx_word' id='word_1_687' title='bbox 1567 2225 1702 2256; x_wconf 86' lang='lat' dir='ltr'><strong>membro,</strong></span> <span class='ocrx_word' id='word_1_688' title='bbox 1729 2226 1878 2259; x_wconf 87' lang='lat' dir='ltr'><strong>perfectam</strong></span> 
     </span>
    </p>
   </div>
   <div class='ocr_carea' id='block_1_92' title="bbox 247 2274 1034 2308">
    <p class='ocr_par' dir='ltr' id='par_1_92' title="bbox 247 2274 1034 2308">
     <span class='ocr_line' id='line_1_92' title="bbox 247 2274 1034 2308; baseline 0.003 -9"><span class='ocrx_word' id='word_1_689' title='bbox 247 2278 287 2300; x_wconf 89' lang='lat' dir='ltr'><strong>est</strong></span> <span class='ocrx_word' id='word_1_690' title='bbox 310 2274 407 2300; x_wconf 87' lang='lat' dir='ltr'><strong>mentis</strong></span> <span class='ocrx_word' id='word_1_691' title='bbox 429 2274 473 2300; x_wconf 90' lang='lat' dir='ltr'><strong>illa</strong></span> <span class='ocrx_word' id='word_1_692' title='bbox 504 2274 545 2301; x_wconf 86' lang='lat' dir='ltr'><strong>vis</strong></span> <span class='ocrx_word' id='word_1_693' title='bbox 570 2274 792 2308; x_wconf 68' lang='lat' dir='ltr'><strong>contemplativa.</strong></span> <span class='ocrx_word' id='word_1_694' title='bbox 820 2275 924 2301; x_wconf 84' lang='lat' dir='ltr'><strong>mansit</strong></span> <span class='ocrx_word' id='word_1_695' title='bbox 944 2279 1034 2302; x_wconf 80' lang='lat' dir='ltr'><strong>tamen</strong></span> 
     </span>
    </p>
   </div>
   <div class='ocr_carea' id='block_1_93' title="bbox 247 2318 1036 2354">
    <p class='ocr_par' dir='ltr' id='par_1_93' title="bbox 247 2318 1036 2354">
     <span class='ocr_line' id='line_1_93' title="bbox 247 2318 1036 2354; baseline 0.003 -10"><span class='ocrx_word' id='word_1_696' title='bbox 247 2318 427 2346; x_wconf 89' lang='lat' dir='ltr'><strong>nihilominus</strong></span> <span class='ocrx_word' id='word_1_697' title='bbox 447 2319 523 2346; x_wconf 86' lang='lat' dir='ltr'><strong>firma</strong></span> <span class='ocrx_word' id='word_1_698' title='bbox 545 2320 570 2346; x_wconf 93' lang='lat' dir='ltr'><strong>in</strong></span> <span class='ocrx_word' id='word_1_699' title='bbox 594 2319 680 2354; x_wconf 81' lang='lat' dir='ltr'><strong>ipsius</strong></span> <span class='ocrx_word' id='word_1_700' title='bbox 691 2319 795 2351; x_wconf 88' lang='lat' dir='ltr'><strong>animo.</strong></span> <span class='ocrx_word' id='word_1_701' title='bbox 811 2320 849 2346; x_wconf 88' lang='lat' dir='ltr'><strong>rei</strong></span> <span class='ocrx_word' id='word_1_702' title='bbox 862 2319 894 2347; x_wconf 90' lang='lat' dir='ltr'><strong>de</strong></span> <span class='ocrx_word' id='word_1_703' title='bbox 908 2327 936 2346; x_wconf 88' lang='lat' dir='ltr'><strong>se</strong></span> <span class='ocrx_word' id='word_1_704' title='bbox 954 2324 1036 2354; x_wconf 78' lang='lat' dir='ltr'><strong>gesta:</strong></span> 
     </span>
    </p>
   </div>
   <div class='ocr_carea' id='block_1_94' title="bbox 247 2365 493 2392">
    <p class='ocr_par' dir='ltr' id='par_1_94' title="bbox 247 2365 493 2392">
     <span class='ocr_line' id='line_1_94' title="bbox 247 2365 493 2392; baseline 0.004 -1"><span class='ocrx_word' id='word_1_705' title='bbox 247 2371 310 2391; x_wconf 89' lang='lat' dir='ltr'><strong>vera</strong></span> <span class='ocrx_word' id='word_1_706' title='bbox 329 2365 493 2392; x_wconf 75' lang='lat' dir='ltr'><strong>recordatio.</strong></span> 
     </span>
    </p>
   </div>
   <div class='ocr_carea' id='block_1_95' title="bbox 282 2409 1032 2447">
    <p class='ocr_par' dir='ltr' id='par_1_95' title="bbox 282 2409 1032 2447">
     <span class='ocr_line' id='line_1_95' title="bbox 282 2409 1032 2447; baseline 0.003 -11"><span class='ocrx_word' id='word_1_707' title='bbox 282 2409 337 2436; x_wconf 88' lang='lat' dir='ltr'><strong>Cur</strong></span> <span class='ocrx_word' id='word_1_708' title='bbox 354 2409 410 2436; x_wconf 84' lang='lat' dir='ltr'><strong>Eva</strong></span> <span class='ocrx_word' id='word_1_709' title='bbox 425 2418 474 2436; x_wconf 87' lang='lat' dir='ltr'><strong>non</strong></span> <span class='ocrx_word' id='word_1_710' title='bbox 502 2410 582 2437; x_wconf 80' lang='lat' dir='ltr'><strong>etiam</strong></span> <span class='ocrx_word' id='word_1_711' title='bbox 613 2416 640 2437; x_wconf 82' lang='lat' dir='ltr'><strong>ut</strong></span> <span class='ocrx_word' id='word_1_712' title='bbox 662 2410 781 2438; x_wconf 67' lang='lat' dir='ltr'><strong>Adamn:</strong></span> <span class='ocrx_word' id='word_1_713' title='bbox 804 2419 836 2438; x_wconf 73' lang='lat' dir='ltr'><strong>ea:</strong></span> <span class='ocrx_word' id='word_1_714' title='bbox 859 2412 964 2446; x_wconf 82' lang='lat' dir='ltr'><strong>pulvere</strong></span> <span class='ocrx_word' id='word_1_715' title='bbox 976 2413 1032 2447; x_wconf 81' lang='lat' dir='ltr'><strong>for-</strong></span> 
     </span>
    </p>
   </div>
   <div class='ocr_carea' id='block_1_96' title="bbox 247 2455 1031 2492">
    <p class='ocr_par' dir='ltr' id='par_1_96' title="bbox 247 2455 1031 2492">
     <span class='ocr_line' id='line_1_96' title="bbox 247 2455 1031 2492; baseline 0.005 -12"><span class='ocrx_word' id='word_1_716' title='bbox 247 2459 319 2480; x_wconf 78' lang='lat' dir='ltr'><strong>matu</strong></span> <span class='ocrx_word' id='word_1_717' title='bbox 347 2455 392 2481; x_wconf 75' lang='lat' dir='ltr'><strong>sit.</strong></span> <span class='ocrx_word' id='word_1_718' title='bbox 422 2470 457 2476; x_wconf 90' lang='lat'><strong>—-</strong></span> <span class='ocrx_word' id='word_1_719' title='bbox 483 2455 516 2481; x_wconf 78' lang='lat' dir='ltr'><strong>Et</strong></span> <span class='ocrx_word' id='word_1_720' title='bbox 545 2457 645 2487; x_wconf 67' lang='lat' dir='ltr'><strong>accepit</strong></span> <span class='ocrx_word' id='word_1_721' title='bbox 670 2465 750 2483; x_wconf 85' lang='lat' dir='ltr'><strong>uuam</strong></span> <span class='ocrx_word' id='word_1_722' title='bbox 784 2465 798 2484; x_wconf 82' lang='grc' dir='ltr'><em>ε</em></span> <span class='ocrx_word' id='word_1_723' title='bbox 825 2458 905 2484; x_wconf 72' lang='lat' dir='ltr'><strong>costis</strong></span> <span class='ocrx_word' id='word_1_724' title='bbox 938 2458 1031 2492; x_wconf 67' lang='grc' dir='ltr'><strong>ἱρεῖαι,</strong></span> 
     </span>
    </p>
   </div>
   <div class='ocr_carea' id='block_1_97' title="bbox 246 2498 1033 2537">
    <p class='ocr_par' dir='ltr' id='par_1_97' title="bbox 246 2498 1033 2537">
     <span class='ocr_line' id='line_1_97' title="bbox 246 2498 1033 2537; baseline 0.006 -13"><span class='ocrx_word' id='word_1_725' title='bbox 246 2498 393 2533; x_wconf 75' lang='lat' dir='ltr'><strong>clausitque</strong></span> <span class='ocrx_word' id='word_1_726' title='bbox 419 2508 500 2526; x_wconf 74' lang='lat' dir='ltr'><strong>carne</strong></span> <span class='ocrx_word' id='word_1_727' title='bbox 514 2500 571 2534; x_wconf 72' lang='lat' dir='ltr'><strong>ejus</strong></span> <span class='ocrx_word' id='word_1_728' title='bbox 592 2500 690 2528; x_wconf 78' lang='lat' dir='ltr'><strong>locum.</strong></span> <span class='ocrx_word' id='word_1_729' title='bbox 712 2501 767 2528; x_wconf 93' lang='lat' dir='ltr'><strong>Cur</strong></span> <span class='ocrx_word' id='word_1_730' title='bbox 787 2510 819 2529; x_wconf 85' lang='lat' dir='ltr'><strong>ex</strong></span> <span class='ocrx_word' id='word_1_731' title='bbox 843 2503 902 2537; x_wconf 92' lang='lat' dir='ltr'><strong>ipso</strong></span> <span class='ocrx_word' id='word_1_732' title='bbox 930 2503 1033 2529; x_wconf 82' lang='lat' dir='ltr'><strong>Adamo</strong></span> 
     </span>
    </p>
   </div>
   <div class='ocr_carea' id='block_1_98' title="bbox 248 2543 1035 2582">
    <p class='ocr_par' dir='ltr' id='par_1_98' title="bbox 248 2543 1035 2582">
     <span class='ocr_line' id='line_1_98' title="bbox 248 2543 1035 2582; baseline 0.006 -13"><span class='ocrx_word' id='word_1_733' title='bbox 248 2543 407 2572; x_wconf 70' lang='lat' dir='ltr'><strong>‘Ortnaverit</strong></span> <span class='ocrx_word' id='word_1_734' title='bbox 429 2545 499 2573; x_wconf 82' lang='lat' dir='ltr'><strong>Deus</strong></span> <span class='ocrx_word' id='word_1_735' title='bbox 527 2545 621 2577; x_wconf 83' lang='lat' dir='ltr'><strong>Evam.</strong></span> <span class='ocrx_word' id='word_1_736' title='bbox 647 2551 674 2573; x_wconf 92' lang='lat' dir='ltr'><strong>et</strong></span> <span class='ocrx_word' id='word_1_737' title='bbox 700 2555 753 2574; x_wconf 91' lang='lat' dir='ltr'><strong>non</strong></span> <span class='ocrx_word' id='word_1_738' title='bbox 777 2555 808 2575; x_wconf 88' lang='lat' dir='ltr'><strong>ex</strong></span> <span class='ocrx_word' id='word_1_739' title='bbox 827 2552 905 2575; x_wconf 76' lang='lat' dir='ltr'><strong>terra:</strong></span> <span class='ocrx_word' id='word_1_740' title='bbox 924 2547 1035 2582; x_wconf 85' lang='lat' dir='ltr'><strong>pulvere</strong></span> 
     </span>
    </p>
   </div>
   <div class='ocr_carea' id='block_1_99' title="bbox 249 2589 1033 2626">
    <p class='ocr_par' dir='ltr' id='par_1_99' title="bbox 249 2589 1033 2626">
     <span class='ocr_line' id='line_1_99' title="bbox 249 2589 1033 2626; baseline 0.008 -12"><span class='ocrx_word' id='word_1_741' title='bbox 249 2589 358 2617; x_wconf 69' lang='lat' dir='ltr'><strong>ﬁnxerit</strong></span> <span class='ocrx_word' id='word_1_742' title='bbox 373 2590 444 2618; x_wconf 87' lang='lat' dir='ltr'><strong>sicut</strong></span> <span class='ocrx_word' id='word_1_743' title='bbox 471 2591 560 2626; x_wconf 86' lang='lat' dir='ltr'><strong>ipsum</strong></span> <span class='ocrx_word' id='word_1_744' title='bbox 584 2592 718 2619; x_wconf 82' lang='lat' dir='ltr'><strong>Adamum</strong></span> <span class='ocrx_word' id='word_1_745' title='bbox 740 2593 823 2620; x_wconf 70' lang='lat' dir='ltr'><strong>write</strong></span> <span class='ocrx_word' id='word_1_746' title='bbox 844 2597 908 2620; x_wconf 88' lang='lat' dir='ltr'><strong>sunt</strong></span> <span class='ocrx_word' id='word_1_747' title='bbox 933 2600 1033 2620; x_wconf 64' lang='lat' dir='ltr'><strong>causae.</strong></span> 
     </span>
    </p>
   </div>
   <div class='ocr_carea' id='block_1_100' title="bbox 247 2633 1035 2673">
    <p class='ocr_par' dir='ltr' id='par_1_100' title="bbox 247 2633 1035 2673">
     <span class='ocr_line' id='line_1_100' title="bbox 247 2633 1035 2673; baseline 0.008 -14"><span class='ocrx_word' id='word_1_748' title='bbox 247 2633 351 2668; x_wconf 78' lang='lat' dir='ltr'><strong>Prima,</strong></span> <span class='ocrx_word' id='word_1_749' title='bbox 366 2641 395 2664; x_wconf 88' lang='lat' dir='ltr'><strong>ut</strong></span> <span class='ocrx_word' id='word_1_750' title='bbox 410 2645 463 2665; x_wconf 84' lang='lat' dir='ltr'><strong>una</strong></span> <span class='ocrx_word' id='word_1_751' title='bbox 481 2639 630 2672; x_wconf 83' lang='lat' dir='ltr'><strong>eademque</strong></span> <span class='ocrx_word' id='word_1_752' title='bbox 644 2638 732 2670; x_wconf 78' lang='lat' dir='ltr'><strong>radix,</strong></span> <span class='ocrx_word' id='word_1_753' title='bbox 745 2643 771 2665; x_wconf 89' lang='lat' dir='ltr'><strong>et</strong></span> <span class='ocrx_word' id='word_1_754' title='bbox 787 2638 916 2665; x_wconf 88' lang='lat' dir='ltr'><strong>nascendi</strong></span> <span class='ocrx_word' id='word_1_755' title='bbox 932 2638 1035 2673; x_wconf 80' lang='lat' dir='ltr'><strong>princi-</strong></span> 
     </span>
    </p>
   </div>
   <div class='ocr_carea' id='block_1_101' title="bbox 250 2681 1037 2718">
    <p class='ocr_par' dir='ltr' id='par_1_101' title="bbox 250 2681 1037 2718">
     <span class='ocr_line' id='line_1_101' title="bbox 250 2681 1037 2718; baseline 0.003 -10"><span class='ocrx_word' id='word_1_756' title='bbox 250 2681 325 2714; x_wconf 82' lang='lat' dir='ltr'><strong>pium</strong></span> <span class='ocrx_word' id='word_1_757' title='bbox 352 2683 569 2711; x_wconf 87' lang='lat' dir='ltr'><strong>essetomnibus</strong></span> <span class='ocrx_word' id='word_1_758' title='bbox 592 2684 749 2711; x_wconf 89' lang='lat' dir='ltr'><strong>hominibus</strong></span> <span class='ocrx_word' id='word_1_759' title='bbox 767 2684 826 2718; x_wconf 88' lang='lat' dir='ltr'><strong>ipse</strong></span> <span class='ocrx_word' id='word_1_760' title='bbox 852 2683 1037 2711; x_wconf 79' lang='lat' dir='ltr'><strong>Adam.Alle—</strong></span> 
     </span>
    </p>
   </div>
   <div class='ocr_carea' id='block_1_102' title="bbox 251 2726 1035 2761">
    <p class='ocr_par' dir='ltr' id='par_1_102' title="bbox 251 2726 1035 2761">
     <span class='ocr_line' id='line_1_102' title="bbox 251 2726 1035 2761; baseline 0.006 -11"><span class='ocrx_word' id='word_1_761' title='bbox 251 2732 278 2751; x_wconf 91' lang='lat' dir='ltr'><strong>ra</strong></span> <span class='ocrx_word' id='word_1_762' title='bbox 303 2734 335 2752; x_wconf 88' lang='lat' dir='ltr'><strong>ne</strong></span> <span class='ocrx_word' id='word_1_763' title='bbox 352 2726 472 2755; x_wconf 83' lang='lat' dir='ltr'><strong>dicorent</strong></span> <span class='ocrx_word' id='word_1_764' title='bbox 491 2729 654 2755; x_wconf 84' lang='lat' dir='ltr'><strong>contentiosi</strong></span> <span class='ocrx_word' id='word_1_765' title='bbox 679 2729 813 2761; x_wconf 86' lang='lat' dir='ltr'><strong>homines,</strong></span> <span class='ocrx_word' id='word_1_766' title='bbox 839 2728 922 2755; x_wconf 88' lang='lat' dir='ltr'><strong>alinnt</strong></span> <span class='ocrx_word' id='word_1_767' title='bbox 950 2728 1035 2755; x_wconf 80' lang='lat' dir='ltr'><strong>fuisse</strong></span> 
     </span>
    </p>
   </div>
   <div class='ocr_carea' id='block_1_103' title="bbox 251 2770 1033 2809">
    <p class='ocr_par' dir='ltr' id='par_1_103' title="bbox 251 2770 1033 2809">
     <span class='ocr_line' id='line_1_103' title="bbox 251 2770 1033 2809; baseline 0.006 -13"><span class='ocrx_word' id='word_1_768' title='bbox 251 2770 358 2803; x_wconf 80' lang='lat' dir='ltr'><strong>Adami,</strong></span> <span class='ocrx_word' id='word_1_769' title='bbox 379 2772 462 2800; x_wconf 85' lang='lat' dir='ltr'><strong>alium</strong></span> <span class='ocrx_word' id='word_1_770' title='bbox 479 2773 540 2800; x_wconf 69' lang='lat' dir='ltr'><strong>Eva:</strong></span> <span class='ocrx_word' id='word_1_771' title='bbox 564 2774 748 2806; x_wconf 81' lang='lat' dir='ltr'><strong>conditorem,</strong></span> <span class='ocrx_word' id='word_1_772' title='bbox 777 2775 823 2802; x_wconf 86' lang='lat' dir='ltr'><strong>sed</strong></span> <span class='ocrx_word' id='word_1_773' title='bbox 849 2774 928 2802; x_wconf 87' lang='lat' dir='ltr'><strong>fateri</strong></span> <span class='ocrx_word' id='word_1_774' title='bbox 954 2781 1033 2809; x_wconf 78' lang='lat' dir='ltr'><strong>coge-</strong></span> 
     </span>
    </p>
   </div>
   <div class='ocr_carea' id='block_1_104' title="bbox 252 2817 1030 2854">
    <p class='ocr_par' dir='ltr' id='par_1_104' title="bbox 252 2817 1030 2854">
     <span class='ocr_line' id='line_1_104' title="bbox 252 2817 1030 2854; baseline 0.008 -14"><span class='ocrx_word' id='word_1_775' title='bbox 252 2819 357 2847; x_wconf 81' lang='lat' dir='ltr'><strong>rentur,</strong></span> <span class='ocrx_word' id='word_1_776' title='bbox 371 2817 405 2843; x_wconf 89' lang='lat' dir='ltr'><strong>ab</strong></span> <span class='ocrx_word' id='word_1_777' title='bbox 414 2825 469 2845; x_wconf 88' lang='lat' dir='ltr'><strong>uno</strong></span> <span class='ocrx_word' id='word_1_778' title='bbox 477 2818 626 2854; x_wconf 80' lang='lat' dir='ltr'><strong>eodemque</strong></span> <span class='ocrx_word' id='word_1_779' title='bbox 642 2819 697 2847; x_wconf 90' lang='lat' dir='ltr'><strong>Deo</strong></span> <span class='ocrx_word' id='word_1_780' title='bbox 708 2820 804 2847; x_wconf 91' lang='lat' dir='ltr'><strong>ambos</strong></span> <span class='ocrx_word' id='word_1_781' title='bbox 815 2827 875 2847; x_wconf 87' lang='lat' dir='ltr'><strong>esse</strong></span> <span class='ocrx_word' id='word_1_782' title='bbox 888 2819 1030 2847; x_wconf 77' lang='lat' dir='ltr'><strong>formatos.</strong></span> 
     </span>
    </p>
   </div>
   <div class='ocr_carea' id='block_1_105' title="bbox 286 2871 1183 2913">
    <p class='ocr_par' dir='ltr' id='par_1_105' title="bbox 286 2871 1183 2913">
     <span class='ocr_line' id='line_1_105' title="bbox 286 2871 1183 2913; baseline -0.001 -10"><span class='ocrx_word' id='word_1_783' title='bbox 286 2871 308 2888; x_wconf 90' lang='lat'><em>&quot;</em></span> <span class='ocrx_word' id='word_1_784' title='bbox 323 2872 389 2902; x_wconf 76' lang='lat' dir='ltr'><strong>Gen.</strong></span> <span class='ocrx_word' id='word_1_785' title='bbox 411 2875 475 2909; x_wconf 66' lang='lat'><strong>“,1</strong></span> <span class='ocrx_word' id='word_1_786' title='bbox 495 2883 571 2911; x_wconf 76' lang='lat' dir='ltr'><strong>seqq.</strong></span> <span class='ocrx_word' id='word_1_787' title='bbox 609 2877 632 2893; x_wconf 58' lang='grc' dir='ltr'><strong>θ’</strong></span> <span class='ocrx_word' id='word_1_788' title='bbox 647 2875 679 2903; x_wconf 85' lang='lat' dir='ltr'><strong>l\&#39;</strong></span> <span class='ocrx_word' id='word_1_789' title='bbox 694 2876 760 2912; x_wconf 71' lang='lat' dir='ltr'><strong>Reg.</strong></span> <span class='ocrx_word' id='word_1_790' title='bbox 779 2886 813 2910; x_wconf 72' lang='grc' dir='ltr'><strong>γι,</strong></span> <span class='ocrx_word' id='word_1_791' title='bbox 830 2877 870 2904; x_wconf 83' lang='lat' dir='ltr'><strong>l&#39;i.</strong></span> <span class='ocrx_word' id='word_1_792' title='bbox 891 2877 931 2913; x_wconf 39' lang='grc'><strong>,⁸³</strong></span> <span class='ocrx_word' id='word_1_793' title='bbox 957 2876 1007 2904; x_wconf 81' lang='lat' dir='ltr'><strong>lsa.</strong></span> <span class='ocrx_word' id='word_1_794' title='bbox 1027 2883 1063 2910; x_wconf 78' lang='grc' dir='ltr'><strong>ιι,</strong></span> <span class='ocrx_word' id='word_1_795' title='bbox 1092 2875 1100 2903; x_wconf 89' lang='lat' dir='ltr'><strong>l</strong></span> <span class='ocrx_word' id='word_1_796' title='bbox 1120 2883 1183 2910; x_wconf 74' lang='lat' dir='ltr'><strong>seqq</strong></span> 
     </span>
    </p>
   </div>
   <div class='ocr_carea' id='block_1_106' title="bbox 1091 2270 1878 2305">
    <p class='ocr_par' dir='ltr' id='par_1_106' title="bbox 1091 2270 1878 2305">
     <span class='ocr_line' id='line_1_106' title="bbox 1091 2270 1878 2305; baseline 0.001 -7"><span class='ocrx_word' id='word_1_797' title='bbox 1091 2271 1266 2305; x_wconf 83' lang='lat' dir='ltr'><strong>numerisque</strong></span> <span class='ocrx_word' id='word_1_798' title='bbox 1288 2271 1415 2298; x_wconf 89' lang='lat' dir='ltr'><strong>omnibus</strong></span> <span class='ocrx_word' id='word_1_799' title='bbox 1426 2271 1576 2298; x_wconf 88' lang='lat' dir='ltr'><strong>absolutam</strong></span> <span class='ocrx_word' id='word_1_800' title='bbox 1591 2278 1652 2298; x_wconf 82' lang='lat' dir='ltr'><strong>esse</strong></span> <span class='ocrx_word' id='word_1_801' title='bbox 1679 2270 1823 2298; x_wconf 89' lang='lat' dir='ltr'><strong>formatam</strong></span> <span class='ocrx_word' id='word_1_802' title='bbox 1838 2271 1878 2299; x_wconf 86' lang='lat' dir='ltr'><strong>fe-</strong></span> 
     </span>
    </p>
   </div>
   <div class='ocr_carea' id='block_1_107' title="bbox 1089 2316 1877 2352">
    <p class='ocr_par' dir='ltr' id='par_1_107' title="bbox 1089 2316 1877 2352">
     <span class='ocr_line' id='line_1_107' title="bbox 1089 2316 1877 2352; baseline 0.001 -8"><span class='ocrx_word' id='word_1_803' title='bbox 1089 2318 1190 2344; x_wconf 89' lang='lat' dir='ltr'><strong>minam</strong></span> <span class='ocrx_word' id='word_1_804' title='bbox 1212 2321 1285 2344; x_wconf 88' lang='lat' dir='ltr'><strong>recte</strong></span> <span class='ocrx_word' id='word_1_805' title='bbox 1302 2317 1448 2350; x_wconf 79' lang='lat' dir='ltr'><strong>colligitur.</strong></span> <span class='ocrx_word' id='word_1_806' title='bbox 1477 2317 1608 2344; x_wconf 63' lang='lat' dir='ltr'><strong>Praeterea</strong></span> <span class='ocrx_word' id='word_1_807' title='bbox 1624 2324 1655 2343; x_wconf 90' lang='lat' dir='ltr'><strong>eo</strong></span> <span class='ocrx_word' id='word_1_808' title='bbox 1665 2316 1744 2343; x_wconf 80' lang='lat' dir='ltr'><strong>etiam</strong></span> <span class='ocrx_word' id='word_1_809' title='bbox 1772 2318 1877 2352; x_wconf 80' lang='lat' dir='ltr'><strong>signiﬁ-</strong></span> 
     </span>
    </p>
   </div>
   <div class='ocr_carea' id='block_1_108' title="bbox 1087 2361 1877 2398">
    <p class='ocr_par' dir='ltr' id='par_1_108' title="bbox 1087 2361 1877 2398">
     <span class='ocr_line' id='line_1_108' title="bbox 1087 2361 1877 2398; baseline 0 -8"><span class='ocrx_word' id='word_1_810' title='bbox 1087 2369 1177 2390; x_wconf 84' lang='lat' dir='ltr'><strong>catum</strong></span> <span class='ocrx_word' id='word_1_811' title='bbox 1201 2367 1254 2395; x_wconf 88' lang='lat' dir='ltr'><strong>est,</strong></span> <span class='ocrx_word' id='word_1_812' title='bbox 1272 2363 1308 2390; x_wconf 89' lang='lat' dir='ltr'><strong>ita</strong></span> <span class='ocrx_word' id='word_1_813' title='bbox 1330 2363 1457 2390; x_wconf 85' lang='lat' dir='ltr'><strong>feminam</strong></span> <span class='ocrx_word' id='word_1_814' title='bbox 1476 2367 1630 2398; x_wconf 86' lang='lat' dir='ltr'><strong>protectore</strong></span> <span class='ocrx_word' id='word_1_815' title='bbox 1658 2361 1715 2388; x_wconf 88' lang='lat' dir='ltr'><strong>viro</strong></span> <span class='ocrx_word' id='word_1_816' title='bbox 1732 2369 1800 2396; x_wconf 89' lang='lat' dir='ltr'><strong>opus</strong></span> <span class='ocrx_word' id='word_1_817' title='bbox 1827 2363 1877 2390; x_wconf 84' lang='lat' dir='ltr'><strong>ha-</strong></span> 
     </span>
    </p>
   </div>
   <div class='ocr_carea' id='block_1_109' title="bbox 1087 2408 1875 2443">
    <p class='ocr_par' dir='ltr' id='par_1_109' title="bbox 1087 2408 1875 2443">
     <span class='ocr_line' id='line_1_109' title="bbox 1087 2408 1875 2443; baseline -0.001 -7"><span class='ocrx_word' id='word_1_818' title='bbox 1087 2409 1151 2436; x_wconf 87' lang='lat' dir='ltr'><strong>bere</strong></span> <span class='ocrx_word' id='word_1_819' title='bbox 1165 2409 1216 2436; x_wconf 83' lang='lat' dir='ltr'><strong>sub</strong></span> <span class='ocrx_word' id='word_1_820' title='bbox 1228 2409 1306 2443; x_wconf 88' lang='lat' dir='ltr'><strong>cujus</strong></span> <span class='ocrx_word' id='word_1_821' title='bbox 1321 2408 1415 2435; x_wconf 88' lang='lat' dir='ltr'><strong>ttmbra</strong></span> <span class='ocrx_word' id='word_1_822' title='bbox 1433 2413 1488 2435; x_wconf 88' lang='lat' dir='ltr'><strong>tuta</strong></span> <span class='ocrx_word' id='word_1_823' title='bbox 1511 2410 1602 2441; x_wconf 85' lang='lat' dir='ltr'><strong>lateat,</strong></span> <span class='ocrx_word' id='word_1_824' title='bbox 1612 2412 1638 2435; x_wconf 90' lang='lat' dir='ltr'><strong>nt</strong></span> <span class='ocrx_word' id='word_1_825' title='bbox 1655 2412 1736 2435; x_wconf 80' lang='lat' dir='ltr'><strong>costa.-</strong></span> <span class='ocrx_word' id='word_1_826' title='bbox 1756 2408 1875 2435; x_wconf 86' lang='lat' dir='ltr'><strong>brachiis</strong></span> 
     </span>
    </p>
   </div>
   <div class='ocr_carea' id='block_1_110' title="bbox 1086 2453 1874 2489">
    <p class='ocr_par' dir='ltr' id='par_1_110' title="bbox 1086 2453 1874 2489">
     <span class='ocr_line' id='line_1_110' title="bbox 1086 2453 1874 2489; baseline -0.004 -7"><span class='ocrx_word' id='word_1_827' title='bbox 1086 2459 1220 2482; x_wconf 78' lang='lat' dir='ltr'><strong>cuntccta:</strong></span> <span class='ocrx_word' id='word_1_828' title='bbox 1237 2458 1426 2489; x_wconf 77' lang='lat' dir='ltr'><strong>proteguntur.</strong></span> <span class='ocrx_word' id='word_1_829' title='bbox 1446 2453 1566 2488; x_wconf 89' lang='lat' dir='ltr'><strong>Denique</strong></span> <span class='ocrx_word' id='word_1_830' title='bbox 1581 2454 1674 2480; x_wconf 79' lang='lat' dir='ltr'><strong>eodem</strong></span> <span class='ocrx_word' id='word_1_831' title='bbox 1687 2457 1789 2485; x_wconf 86' lang='lat' dir='ltr'><strong>spectat</strong></span> <span class='ocrx_word' id='word_1_832' title='bbox 1805 2461 1874 2487; x_wconf 79' lang='lat' dir='ltr'><strong>quo-</strong></span> 
     </span>
    </p>
   </div>
   <div class='ocr_carea' id='block_1_111' title="bbox 1087 2501 1874 2538">
    <p class='ocr_par' dir='ltr' id='par_1_111' title="bbox 1087 2501 1874 2538">
     <span class='ocr_line' id='line_1_111' title="bbox 1087 2501 1874 2538; baseline -0.005 -8"><span class='ocrx_word' id='word_1_833' title='bbox 1087 2510 1141 2537; x_wconf 88' lang='lat' dir='ltr'><strong>que</strong></span> <span class='ocrx_word' id='word_1_834' title='bbox 1165 2503 1324 2538; x_wconf 79' lang='lat' dir='ltr'><strong>mysterium</strong></span> <span class='ocrx_word' id='word_1_835' title='bbox 1341 2501 1458 2536; x_wconf 73' lang='lat' dir='ltr'><strong>perfossi</strong></span> <span class='ocrx_word' id='word_1_836' title='bbox 1481 2501 1574 2528; x_wconf 89' lang='lat' dir='ltr'><strong>lateris</strong></span> <span class='ocrx_word' id='word_1_837' title='bbox 1597 2501 1703 2527; x_wconf 92' lang='lat' dir='ltr'><strong>Domini</strong></span> <span class='ocrx_word' id='word_1_838' title='bbox 1729 2501 1814 2527; x_wconf 86' lang='lat' dir='ltr'><strong>nostri</strong></span> <span class='ocrx_word' id='word_1_839' title='bbox 1847 2501 1874 2527; x_wconf 88' lang='lat' dir='ltr'><strong>in</strong></span> 
     </span>
    </p>
   </div>
   <div class='ocr_carea' id='block_1_112' title="bbox 1088 2544 1876 2581">
    <p class='ocr_par' dir='ltr' id='par_1_112' title="bbox 1088 2544 1876 2581">
     <span class='ocr_line' id='line_1_112' title="bbox 1088 2544 1876 2581; baseline -0.003 -7"><span class='ocrx_word' id='word_1_840' title='bbox 1088 2555 1180 2579; x_wconf 79' lang='lat' dir='ltr'><strong>cruce,</strong></span> <span class='ocrx_word' id='word_1_841' title='bbox 1198 2555 1230 2574; x_wconf 82' lang='lat' dir='ltr'><strong>ex</strong></span> <span class='ocrx_word' id='word_1_842' title='bbox 1256 2554 1311 2581; x_wconf 83' lang='lat' dir='ltr'><strong>quo</strong></span> <span class='ocrx_word' id='word_1_843' title='bbox 1328 2546 1458 2581; x_wconf 85' lang='lat' dir='ltr'><strong>proﬂuxit</strong></span> <span class='ocrx_word' id='word_1_844' title='bbox 1488 2545 1600 2580; x_wconf 78' lang='lat' dir='ltr'><strong>sanguis</strong></span> <span class='ocrx_word' id='word_1_845' title='bbox 1625 2550 1651 2572; x_wconf 90' lang='lat' dir='ltr'><strong>et</strong></span> <span class='ocrx_word' id='word_1_846' title='bbox 1677 2553 1757 2579; x_wconf 87' lang='lat' dir='ltr'><strong>aqua,</strong></span> <span class='ocrx_word' id='word_1_847' title='bbox 1775 2549 1803 2572; x_wconf 82' lang='grc' dir='ltr'><strong>ιιι</strong></span> <span class='ocrx_word' id='word_1_848' title='bbox 1823 2544 1876 2572; x_wconf 83' lang='lat' dir='ltr'><strong>hac</strong></span> 
     </span>
    </p>
   </div>
   <div class='ocr_carea' id='block_1_113' title="bbox 1088 2590 1874 2626">
    <p class='ocr_par' dir='ltr' id='par_1_113' title="bbox 1088 2590 1874 2626">
     <span class='ocr_line' id='line_1_113' title="bbox 1088 2590 1874 2626; baseline -0.005 -6"><span class='ocrx_word' id='word_1_849' title='bbox 1088 2597 1296 2620; x_wconf 87' lang='lat' dir='ltr'><strong>renascerentur</strong></span> <span class='ocrx_word' id='word_1_850' title='bbox 1313 2592 1403 2618; x_wconf 84' lang='lat' dir='ltr'><strong>fideles</strong></span> <span class='ocrx_word' id='word_1_851' title='bbox 1425 2599 1471 2626; x_wconf 89' lang='lat' dir='ltr'><strong>per</strong></span> <span class='ocrx_word' id='word_1_852' title='bbox 1494 2591 1669 2625; x_wconf 79' lang='lat' dir='ltr'><strong>baptismum.</strong></span> <span class='ocrx_word' id='word_1_853' title='bbox 1687 2590 1733 2617; x_wconf 89' lang='lat' dir='ltr'><strong>illo</strong></span> <span class='ocrx_word' id='word_1_854' title='bbox 1753 2597 1816 2617; x_wconf 81' lang='lat' dir='ltr'><strong>vero</strong></span> <span class='ocrx_word' id='word_1_855' title='bbox 1829 2597 1874 2616; x_wconf 84' lang='lat' dir='ltr'><strong>cx-</strong></span> 
     </span>
    </p>
   </div>
   <div class='ocr_carea' id='block_1_114' title="bbox 1085 2635 1876 2672">
    <p class='ocr_par' dir='ltr' id='par_1_114' title="bbox 1085 2635 1876 2672">
     <span class='ocr_line' id='line_1_114' title="bbox 1085 2635 1876 2672; baseline -0.005 -8"><span class='ocrx_word' id='word_1_856' title='bbox 1085 2638 1232 2672; x_wconf 86' lang='lat' dir='ltr'><strong>piarentur.</strong></span> <span class='ocrx_word' id='word_1_857' title='bbox 1245 2638 1305 2664; x_wconf 66' lang='lat' dir='ltr'><strong>[ilco</strong></span> <span class='ocrx_word' id='word_1_858' title='bbox 1318 2636 1389 2663; x_wconf 91' lang='lat' dir='ltr'><strong>enim</strong></span> <span class='ocrx_word' id='word_1_859' title='bbox 1403 2637 1496 2663; x_wconf 84' lang='lat' dir='ltr'><strong>lancea</strong></span> <span class='ocrx_word' id='word_1_860' title='bbox 1513 2635 1620 2662; x_wconf 89' lang='lat' dir='ltr'><strong>Domini</strong></span> <span class='ocrx_word' id='word_1_861' title='bbox 1636 2635 1719 2662; x_wconf 84' lang='lat' dir='ltr'><strong>nostri</strong></span> <span class='ocrx_word' id='word_1_862' title='bbox 1735 2635 1806 2661; x_wconf 86' lang='lat' dir='ltr'><strong>latus</strong></span> <span class='ocrx_word' id='word_1_863' title='bbox 1815 2642 1876 2668; x_wconf 84' lang='lat' dir='ltr'><strong>per-</strong></span> 
     </span>
    </p>
   </div>
   <div class='ocr_carea' id='block_1_115' title="bbox 1085 2679 1876 2714">
    <p class='ocr_par' dir='ltr' id='par_1_115' title="bbox 1085 2679 1876 2714">
     <span class='ocr_line' id='line_1_115' title="bbox 1085 2679 1876 2714; baseline -0.005 -6"><span class='ocrx_word' id='word_1_864' title='bbox 1085 2686 1176 2708; x_wconf 88' lang='lat' dir='ltr'><strong>tusttm</strong></span> <span class='ocrx_word' id='word_1_865' title='bbox 1199 2686 1250 2713; x_wconf 82' lang='lat' dir='ltr'><strong>est,</strong></span> <span class='ocrx_word' id='word_1_866' title='bbox 1264 2686 1290 2708; x_wconf 86' lang='lat' dir='ltr'><strong>ut</strong></span> <span class='ocrx_word' id='word_1_867' title='bbox 1314 2681 1400 2707; x_wconf 82' lang='lat' dir='ltr'><strong>lueret</strong></span> <span class='ocrx_word' id='word_1_868' title='bbox 1415 2680 1591 2714; x_wconf 72' lang='lat' dir='ltr'><strong>expiaretquc</strong></span> <span class='ocrx_word' id='word_1_869' title='bbox 1608 2679 1715 2706; x_wconf 64' lang='lat' dir='ltr'><strong>femina;</strong></span> <span class='ocrx_word' id='word_1_870' title='bbox 1731 2679 1803 2706; x_wconf 89' lang='lat' dir='ltr'><strong>iilitts</strong></span> <span class='ocrx_word' id='word_1_871' title='bbox 1816 2686 1876 2705; x_wconf 82' lang='lat' dir='ltr'><strong>sce-</strong></span> 
     </span>
    </p>
   </div>
   <div class='ocr_carea' id='block_1_116' title="bbox 1087 2723 1873 2761">
    <p class='ocr_par' dir='ltr' id='par_1_116' title="bbox 1087 2723 1873 2761">
     <span class='ocr_line' id='line_1_116' title="bbox 1087 2723 1873 2761; baseline -0.004 -9"><span class='ocrx_word' id='word_1_872' title='bbox 1087 2726 1139 2758; x_wconf 89' lang='lat' dir='ltr'><strong>lus,</strong></span> <span class='ocrx_word' id='word_1_873' title='bbox 1157 2733 1216 2761; x_wconf 79' lang='lat' dir='ltr'><strong>qua:</strong></span> <span class='ocrx_word' id='word_1_874' title='bbox 1233 2733 1266 2752; x_wconf 81' lang='lat' dir='ltr'><strong>ex</strong></span> <span class='ocrx_word' id='word_1_875' title='bbox 1294 2726 1378 2752; x_wconf 89' lang='lat' dir='ltr'><strong>latere</strong></span> <span class='ocrx_word' id='word_1_876' title='bbox 1396 2724 1445 2752; x_wconf 85' lang='lat' dir='ltr'><strong>viri</strong></span> <span class='ocrx_word' id='word_1_877' title='bbox 1477 2732 1523 2759; x_wconf 90' lang='lat' dir='ltr'><strong>per</strong></span> <span class='ocrx_word' id='word_1_878' title='bbox 1542 2728 1646 2752; x_wconf 89' lang='lat' dir='ltr'><strong>costam</strong></span> <span class='ocrx_word' id='word_1_879' title='bbox 1671 2723 1757 2751; x_wconf 84' lang='lat' dir='ltr'><strong>fuerat</strong></span> <span class='ocrx_word' id='word_1_880' title='bbox 1783 2727 1873 2750; x_wconf 82' lang='lat' dir='ltr'><strong>enata.</strong></span> 
     </span>
    </p>
   </div>
   <div class='ocr_carea' id='block_1_117' title="bbox 1088 2770 1876 2805">
    <p class='ocr_par' dir='ltr' id='par_1_117' title="bbox 1088 2770 1876 2805">
     <span class='ocr_line' id='line_1_117' title="bbox 1088 2770 1876 2805; baseline -0.003 -7"><span class='ocrx_word' id='word_1_881' title='bbox 1088 2771 1173 2798; x_wconf 82' lang='lat' dir='ltr'><strong>l&#39;orro</strong></span> <span class='ocrx_word' id='word_1_882' title='bbox 1192 2771 1251 2798; x_wconf 87' lang='lat' dir='ltr'><strong>ideo</strong></span> <span class='ocrx_word' id='word_1_883' title='bbox 1265 2771 1383 2805; x_wconf 69' lang='lat' dir='ltr'><strong>explevit</strong></span> <span class='ocrx_word' id='word_1_884' title='bbox 1394 2777 1475 2798; x_wconf 89' lang='lat' dir='ltr'><strong>carne</strong></span> <span class='ocrx_word' id='word_1_885' title='bbox 1489 2770 1577 2798; x_wconf 88' lang='lat' dir='ltr'><strong>locum</strong></span> <span class='ocrx_word' id='word_1_886' title='bbox 1593 2773 1725 2804; x_wconf 68' lang='lat' dir='ltr'><strong>exentptte</strong></span> <span class='ocrx_word' id='word_1_887' title='bbox 1736 2774 1829 2800; x_wconf 64' lang='lat' dir='ltr'><strong>costae,</strong></span> <span class='ocrx_word' id='word_1_888' title='bbox 1841 2776 1876 2796; x_wconf 89' lang='lat' dir='ltr'><strong>ne</strong></span> 
     </span>
    </p>
   </div>
   <div class='ocr_carea' id='block_1_118' title="bbox 1091 2815 1876 2851">
    <p class='ocr_par' dir='ltr' id='par_1_118' title="bbox 1091 2815 1876 2851">
     <span class='ocr_line' id='line_1_118' title="bbox 1091 2815 1876 2851; baseline -0.005 -6"><span class='ocrx_word' id='word_1_889' title='bbox 1091 2818 1183 2845; x_wconf 87' lang='lat' dir='ltr'><strong>dolore</strong></span> <span class='ocrx_word' id='word_1_890' title='bbox 1200 2817 1532 2851; x_wconf 80' lang='lat' dir='ltr'><strong>aﬂiccreturcxperrectus</strong></span> <span class='ocrx_word' id='word_1_891' title='bbox 1555 2815 1653 2847; x_wconf 75' lang='lat' dir='ltr'><strong>Adam,</strong></span> <span class='ocrx_word' id='word_1_892' title='bbox 1671 2823 1703 2842; x_wconf 92' lang='lat' dir='ltr'><strong>eo</strong></span> <span class='ocrx_word' id='word_1_893' title='bbox 1717 2815 1787 2850; x_wconf 85' lang='lat' dir='ltr'><strong>quod</strong></span> <span class='ocrx_word' id='word_1_894' title='bbox 1799 2817 1876 2850; x_wconf 80' lang='lat' dir='ltr'><strong>parte</strong></span> 
     </span>
    </p>
   </div>
   <div class='ocr_carea' id='block_1_119' title="bbox 1234 2871 1723 2907">
    <p class='ocr_par' dir='ltr' id='par_1_119' title="bbox 1234 2871 1723 2907">
     <span class='ocr_line' id='line_1_119' title="bbox 1234 2871 1723 2907; baseline -0.008 -5"><span class='ocrx_word' id='word_1_895' title='bbox 1234 2875 1256 2890; x_wconf 75' lang='lat'><strong>&quot;&#39;</strong></span> <span class='ocrx_word' id='word_1_896' title='bbox 1273 2873 1373 2902; x_wconf 75' lang='lat' dir='ltr'><strong>Ezeclt.</strong></span> <span class='ocrx_word' id='word_1_897' title='bbox 1400 2881 1428 2907; x_wconf 81' lang='lat' dir='ltr'><strong>x,</strong></span> <span class='ocrx_word' id='word_1_898' title='bbox 1452 2873 1479 2901; x_wconf 65' lang='grc'><strong>4.</strong></span> <span class='ocrx_word' id='word_1_899' title='bbox 1518 2873 1539 2889; x_wconf 82' lang='lat'><em>&quot;</em></span> <span class='ocrx_word' id='word_1_900' title='bbox 1559 2873 1619 2901; x_wconf 80' lang='lat' dir='ltr'><strong>Act.</strong></span> <span class='ocrx_word' id='word_1_901' title='bbox 1634 2880 1660 2904; x_wconf 88' lang='lat' dir='ltr'><strong>x,</strong></span> <span class='ocrx_word' id='word_1_902' title='bbox 1682 2871 1723 2899; x_wconf 88' lang='lat' dir='ltr'><strong>ll.</strong></span> 
     </span>
    </p>
   </div>
  </div>
