2027 3077
156 131 207 163 515

720 132 768 161 DE
789 130 988 161 PARADISO.
1008 141 1042 149 -
1061 131 1157 160 PARS
1179 131 1202 160 ῐ.

1726 131 1777 162 54‘}

155 197 185 216 ea
204 188 326 223 Corporis
341 192 413 215 esset
433 187 561 220 mutilus;
574 187 795 221 simultatemquo
810 187 942 214 adversus
955 186 981 216 Α
993 193 1053 220 quae
1066 185 1237 220 estcorporis
1249 189 1276 212 et
1286 186 1384 212 animae
1394 185 1560 213 commistio.
1578 185 1612 211 Et
1620 185 1732 212 adduxit
1747 189 1787 221 ip-

156 236 303 262 dctractant
319 234 369 261 sibi
383 238 486 268 partem
500 234 666 268 conciperet.
682 233 714 259 Et
725 240 788 259 vero
800 232 854 260 duo
868 236 941 263 sunt,

156 288 215 315 quae
232 279 357 312 expedite
374 278 446 306 Deus
460 279 563 313 peregit
577 279 602 305 in
617 279 712 305 Atlami
729 285 845 312 corpore
859 286 865 304 :
881 278 945 304 alte-

156 333 216 352 rum
243 325 314 359 quod
331 329 432 352 costam
450 323 553 358 absque
579 323 671 350 dolore
683 323 795 354 exemit,
828 323 944 349 alterum

157 370 228 405 quod
247 374 379 405 procosta
389 377 498 395 carnem
516 368 638 401 suffecit;
653 372 679 395 et
694 368 803 402 quidem
817 372 943 394 neutrum

133 409 253 443 -‘ltorum
274 416 406 442 sentiente
424 415 537 447 Adamo,
555 422 610 441 rem
629 419 719 440 tamen
738 414 824 448 ipsam
847 413 946 440 ἰιιίθ11ὶ‹

157 464 235 494 gente
250 464 331 494 atque
341 463 523 493 cognoscente
539 466 585 493 per
601 459 720 485 divinam
739 458 943 490 rcvelationem,

156 513 238 540 quam
257 506 355 532 mentis
369 504 596 538 contemplatione
610 505 778 531 intuebatur.
792 503 825 530 Et
839 504 944 530 concin-

156 552 227 578 nat-it
238 551 365 577 Dominus
379 550 448 576 Deut
472 558 486 576 ο
497 554 570 576 costa
580 558 657 584 quant
671 554 818 584 sumpserat
829 550 944 576 ezAda-

156 602 198 620 mo
215 595 350 629 feminam.
368 592 430 620 Haec
446 600 499 620 non
515 596 576 620 sunt
596 600 610 619 a
637 591 692 619 Deo
716 593 802 620 tribus
830 593 944 632 diversis

160 645 269 674 peracta
287 639 410 670 vit-ibus;
438 645 525 673 neque
540 638 566 665 id
591 638 657 665 dicit
681 637 779 670 Moses,
795 638 945 673 sumpsisse

158 684 240 711 Deum
262 683 350 719 primo
378 688 492 715 costam,
513 689 573 718 post
597 684 748 718 explevisse
775 684 864 710 locutu
884 684 944 717 ejus

156 737 248 761 carne,
262 737 294 756 ac
310 734 375 757 tunc
396 729 506 756 demunt
519 730 698 757 concinnasse
727 730 856 757 feminam
873 739 879 757 :
898 737 944 757 ve-

156 783 215 802 rum
229 776 330 808 sttbito,
347 780 374 803 et
390 776 461 803 oculi
478 777 639 804 brevissima
659 776 805 804 nictatiune
818 780 943 812 exempta

155 826 196 848 est
208 825 295 854 casta,
314 821 482 856 suffectaque
509 829 585 855 caro,
602 826 628 849 et
646 821 816 849 conformata
832 822 943 849 femina.

157 864 225 892 Nam
241 866 262 893 si
280 866 350 892 intra
366 866 438 893 oculi
464 873 632 893 momentum
648 871 772 902 resurget
787 869 944 895 universum

156 917 241 944 genus
258 911 418 941 humanum,
436 915 464 938 ut
478 910 557 939 dirus
570 910 672 939 Paulus
688 913 735 944 :tit,
753 913 788 944 ⁸⁸,
805 913 888 940 ntulto
904 913 943 940 fa-

156 954 237 981 cilius
267 955 416 990 intelligere
443 963 601 990 possumus,
625 957 706 984 simul
734 957 778 984 tlla
802 958 852 985 tria
874 958 945 993 apud

155 1000 290 1027 Attamum
305 1008 320 1027 τι
340 1002 393 1028 Deo
417 1006 524 1036 peracta
541 1009 602 1030 esse
619 1011 628 1030 :
652 1011 745 1030 verum
767 1004 877 1038 quando
889 1013 942 1032 non

157 1046 246 1078 patuit.
260 1045 349 1073 Moses
364 1047 445 1073 simul
458 1047 550 1074 omnia
567 1048 623 1075 bace
635 1049 718 1076 verbo
735 1058 787 1076 uno
800 1050 945 1084 complecti

155 1096 237 1124 atque
246 1092 389 1118 enuntiare
403 1097 430 1119 et
447 1093 609 1126 describere,
620 1099 731 1122 coactus
743 1099 784 1122 est
803 1103 836 1122 ex
851 1097 945 1124 ordine

156 1137 248 1164 dicere
266 1137 350 1164 Deutn
364 1139 471 1172 cepisse
491 1144 604 1172 costam,
621 1146 648 1166 et
662 1145 745 1168 costtc
758 1142 818 1168 loco
835 1150 944 1170 carnem

158 1184 347 1217 SttppOSltib‘S",
362 1191 393 1211 ac
408 1184 535 1211 fentittam
550 1185 739 1213 concinnasse.
751 1185 856 1214 Rursus
870 1196 944 1222 qutc-

157 1228 236 1260 ritttr,
254 1237 302 1255 cur
315 1229 403 1257 Moses
419 1230 452 1256 de
461 1230 566 1256 Adamn
581 1235 705 1265 usurpet,
722 1231 811 1264 Gcbal,
827 1233 878 1259 Itoc
891 1238 942 1266 est,

157 1274 274 1309 lingcndi
293 1275 351 1302 sive
364 1275 510 1310 subigendi
525 1275 636 1302 verbum
653 1284 660 1308 ;
676 1278 748 1304 atde
765 1277 830 1311 Eva,
845 1278 943 1312 Tacan,

157 1319 208 1346 ltoc
225 1324 276 1351 est,
296 1320 488 1347 concinuandi.
501 1319 719 1356 Respondemus,
738 1323 855 1358 ﬁngendi
869 1325 945 1352 subi-

156 1365 269 1399 getniive
284 1365 444 1392 vocabulum
473 1365 529 1393 luto
557 1368 714 1399 convenire,
732 1376 764 1395 ex
786 1377 840 1404 quo
857 1370 943 1397 Adam

157 1408 290 1437 formatus
299 1415 357 1444 est;
371 1411 458 1445 subigi
468 1411 540 1438 enim
557 1411 642 1439 lutum
655 1413 742 1445 debet,
759 1419 786 1440 ut
803 1415 942 1449 quidpiam

156 1461 190 1482 ex
202 1454 261 1490 ipso
277 1454 343 1488 fiat;
360 1460 387 1482 at
401 1461 477 1482 costa
494 1463 556 1483 cum
570 1456 626 1491 jam
644 1461 699 1484 tum
719 1458 833 1485 subatto
845 1467 876 1486 cx
887 1460 944 1488 luto

998 238 1054 267 sani
1068 230 1102 256 ad
1111 229 1253 257 Adamum.
1262 230 1350 263 Unde,
1365 235 1453 265 etquo
1461 231 1537 257 duxit
1547 231 1619 257 illaut
1631 230 1722 258 iSane
1732 240 1787 259 non

997 282 1030 302 ex
1047 282 1101 302 uno
1129 275 1189 302 loco
1204 275 1237 302 ad
1259 275 1392 303 alterum:
1416 276 1463 303 sed
1483 284 1544 303 cum
1565 282 1627 304 ante
1649 278 1676 303 itt
1694 285 1784 304 rerum

998 325 1094 347 natura
1131 328 1184 348 non
1216 321 1323 353 fuisset,
1364 321 1494 355 produxit
1530 321 1557 348 itt
1591 329 1680 349 rerum
1712 328 1788 350 natu-

999 373 1069 393 ram.
1110 366 1245 393 Caeterum
1272 367 1333 393 idco
1355 365 1456 394 dicitur
1487 366 1520 393 ad
1543 367 1676 394 Adamum
1704 367 1786 395 ducta

998 417 1075 443 esse,
1095 411 1160 446 quia
1187 412 1246 445 ejus
1263 412 1350 445 gratia
1379 412 1465 446 ipsatn
1486 412 1657 443 condiderat,
1675 412 1770 439 conciti

996 460 1129 490 naratqtte
1157 455 1250 489 Deus;
1276 456 1314 483 ait
1327 456 1399 483 enim
1425 455 1561 491 Scriptura
1580 465 1587 483 :
1604 456 1715 484 Faciant
1738 459 1788 492 ips.

997 500 1189 527 adminiculum
1202 501 1290 536 qualis
1307 503 1361 536 ipse
1375 506 1423 528 est.
1438 502 1489 528 Sed
1506 509 1560 528 non
1572 507 1623 533 est.
1638 506 1669 528 ut
1684 503 1717 528 ab
1729 502 1787 536 ipso

996 546 1085 572 ablata
1096 545 1184 573 fuerat
1197 547 1273 574 rudis
1285 551 1368 580 atque
1381 547 1505 573 informis
1515 553 1603 578 costa,
1617 548 1655 574 ita
1670 553 1696 574 et
1709 549 1786 574 resti-

998 596 1073 621 tuta:
1092 599 1185 618 verum
1207 591 1262 626 jam
1291 593 1453 620 concinnata
1489 592 1639 627 effectaque
1675 592 1785 620 femina.

997 635 1030 663 Et
1044 638 1173 663 ait/ldum
1185 645 1194 664 :
1206 637 1264 664 Hac
1280 638 1333 664 vice
1345 646 1373 664 os
1393 639 1425 664 de
1435 638 1537 665 ossibus
1550 639 1623 670 meis,
1639 643 1663 665 et
1673 647 1735 665 caro
1754 639 1787 665 de

996 691 1075 709 carne
1103 690 1170 708 mea.
1200 682 1249 709 llic
1275 683 1451 710 vaticinantis
1475 683 1572 710 Adami
1601 684 1681 710 verba
1708 684 1786 710 nobis

996 729 1087 764 prodit
1103 729 1185 756 divus
1201 728 1305 763 Moses;
1323 737 1385 756 tiam
1414 730 1460 764 qui
1480 737 1578 763 sopore
1595 733 1675 763 atque
1695 730 1787 763 quiete

996 774 1242 808 obrutusjacebat,
1257 774 1355 801 anima:
1376 782 1439 800 vero
1455 782 1512 801 sua:
1524 774 1632 800 interitu
1658 773 1787 808 agitatio-

998 818 1080 846 nibus
1095 819 1249 853 mentisquc
1262 820 1493 854 contemplatione
1507 827 1563 846 rem
1580 820 1664 854 ipsam
1683 827 1744 854 qua:
1759 819 1786 845 itt

998 866 1141 893 eximenda
1167 872 1243 893 costa
1276 866 1523 901 conciunandaque
1552 865 1606 892 Eva
1638 866 1785 900 agebatur,

997 910 1206 943 causiderabat;
1223 911 1314 938 subito
1331 916 1520 945 expet-rectus,
1537 918 1599 938 cum
1621 917 1681 937 eam
1698 910 1786 945 ipsam

997 955 1140 982 mulierem
1157 963 1238 990 quant
1255 963 1302 991 per
1317 957 1455 984 somnium
1471 955 1642 983 conformari
1659 957 1786 982 animati-

996 1006 1127 1034 verterat,
1144 1009 1236 1028 coram
1257 1009 1288 1028 sc
1303 1006 1420 1029 stantem
1432 1002 1497 1037 vigil
1521 1001 1655 1029 inveniret
1669 1009 1676 1030 :
1694 1001 1786 1028 divina

997 1047 1084 1074 sancti
1106 1046 1227 1082 Spiritus
1242 1048 1328 1082 gratia
1357 1048 1491 1082 impulsus
1515 1047 1726 1079 vaticinabatur,
1743 1047 1788 1074 in-

995 1093 1113 1127 quiens:
1136 1091 1194 1119 Hac
1213 1093 1266 1119 vice
1281 1101 1309 1120 as
1337 1095 1369 1119 de
1397 1093 1499 1120 ossibus
1520 1093 1595 1124 meis,
1621 1097 1645 1119 et
1670 1100 1732 1119 caro
1757 1092 1788 1119 d:

995 1145 1074 1164 carne
1093 1145 1162 1164 mea.
1181 1138 1256 1170 Quod
1269 1139 1309 1165 ait
1326 1147 1332 1165 :
1349 1138 1408 1164 llac
1427 1139 1490 1170 vice,
1518 1139 1550 1164 ad
1567 1138 1640 1166 illius
1658 1139 1788 1173 temporis

996 1187 1100 1216 spectat
1113 1183 1272 1215 discrimen,
1292 1192 1346 1219 qtto
1355 1184 1427 1211 Deus
1443 1185 1544 1211 bestias
1557 1192 1588 1210 ac
1600 1185 1723 1218 jumenta
1735 1192 1786 1212 vo-

997 1228 1140 1263 lucresque
1151 1229 1184 1255 ad
1197 1229 1271 1256 illum
1284 1236 1387 1264 egerat,
1399 1231 1628 1264 itnponettdorutn
1646 1231 1787 1257 nominum

996 1279 1089 1300 causa.
1123 1273 1238 1300 Perinde
1261 1281 1294 1301 ac
1320 1275 1343 1300 si
1378 1274 1433 1301 Deo
1447 1274 1519 1301 dicat
1539 1275 1661 1302 Adatnus
1677 1285 1683 1302 :
1698 1275 1788 1307 Quam

995 1325 1069 1344 nunc
1091 1319 1124 1345 ad
1145 1327 1187 1345 nte
1216 1319 1353 1346 adduxisti
1380 1321 1541 1352 mulierem,
1570 1320 1651 1355 longe
1677 1321 1729 1348 alia
1744 1327 1787 1350 est

996 1368 1076 1398 atque
1095 1363 1171 1392 fuere
1187 1365 1337 1392 animantia
1360 1365 1405 1392 illa
1418 1366 1520 1400 quibus
1534 1367 1568 1393 ad
1588 1375 1631 1393 mc
1648 1368 1719 1394 aclis
1737 1376 1787 1394 tto-

994 1409 1067 1434 ntina
1081 1409 1186 1440 indidi;
1204 1417 1293 1444 neque
1315 1410 1389 1437 enim
1408 1411 1453 1437 illa
1481 1418 1515 1438 ex
1541 1418 1584 1438 me
1605 1417 1724 1446 sumpta,
1741 1417 1788 1440 aut

994 1461 1060 1481 meae
1076 1454 1182 1482 fuerant
1196 1460 1318 1489 naturae;
1331 1460 1360 1483 at
1371 1457 1428 1483 luce
1442 1464 1474 1484 os
1485 1462 1526 1483 est
1539 1464 1571 1483 ex
1584 1459 1692 1485 ossibus
1707 1459 1786 1490 meis.

158 1500 273 1527 formata
289 1501 443 1533 exsisteret,
460 1502 516 1529 sola
534 1503 757 1532 concinnitudinc
779 1513 848 1539 opus
863 1507 942 1534 ltabe-

997 1503 1023 1526 ει
1035 1507 1098 1526 caro
1112 1507 1145 1526 ex
1165 1508 1248 1527 carne
1266 1508 1337 1533 mea,
1354 1502 1406 1528 ltoc
1430 1506 1483 1532 est,
1506 1509 1539 1528 ex
1559 1503 1662 1536 tneipso
1677 1508 1787 1537 accepta

155 1546 214 1578 bat,
231 1551 259 1573 ut
278 1547 303 1572 in
324 1546 452 1574 feminam
465 1548 601 1575 eraderet.

193 1589 248 1617 Cur
263 1598 314 1616 non
331 1591 427 1617 dixerit
446 1590 542 1622 Μοδεδ,
561 1592 717 1626 inspiratam
727 1594 754 1620 in
766 1595 860 1629 [aciem
871 1597 944 1628 Etim,

155 1636 284 1667 animant,
299 1640 327 1662 ut
342 1637 374 1662 dc
387 1636 490 1663 Atlanta
504 1637 571 1664 dixit
595 1653 632 1662 —-
647 1637 705 1665 Jam
719 1646 788 1674 vero;
804 1641 855 1669 ltoc
870 1650 944 1676 quo-

157 1687 211 1716 que
227 1681 387 1716 interrogari
409 1687 507 1716 potest,
524 1691 575 1710 cur
593 1692 646 1711 non
659 1685 694 1712 sit
709 1685 810 1713 dictum
827 1688 860 1714 de
877 1687 942 1721 Eva,

158 1727 231 1761 quod
251 1727 427 1754 insuﬂlaverit
442 1728 511 1756 Deus
528 1730 553 1756 itt
571 1730 657 1765 ipsam
674 1732 804 1765 animam,
826 1735 898 1762 sicut
911 1737 944 1763 de

155 1772 260 1798 Atlanto
273 1773 404 1806 scriptum
423 1777 465 1800 est
482 1782 488 1800 :
509 1773 543 1800 Et
558 1775 698 1809 inut/flavit
715 1777 741 1803 in
757 1777 943 1813 [aciemipsiut

156 1816 272 1843 animant
285 1818 399 1845 vitalem.
414 1817 620 1854 Respondemus
633 1829 807 1858 nequaquam
823 1831 856 1851 eo
871 1825 943 1852 istud

155 1860 256 1888 factum
277 1871 337 1891 esse
353 1865 425 1898 quod
441 1864 495 1892 Eva
515 1873 570 1892 non
588 1866 671 1894 fuerit
688 1869 800 1902 praedita
816 1870 942 1898 rationali

155 1908 247 1935 anima
262 1908 373 1943 perinde
390 1917 421 1937 ac
447 1910 569 1939 Adamus
587 1917 634 1939 aut
664 1921 716 1940 non
735 1917 884 1950 composita
909 1925 942 1944 ex

154 1959 271 1987 corpore
285 1958 310 1981 et
323 1955 424 1986 attitna,
436 1960 464 1982 ut
477 1956 626 1991 ille,ueque
638 1964 701 1986 vero
709 1958 789 1986 etiam
799 1961 943 1993 quasiani-

155 2005 202 2024 ma
217 2005 248 2025 ex
270 2006 385 2033 corpore
402 2006 542 2033 nascatur,
556 2002 628 2029 sicut
641 2010 671 2030 08
683 2011 715 2030 ex
731 2012 791 2032 0556
798 2011 824 2032 Cl
836 2013 900 2033 caro
910 2014 943 2035 ex

155 2050 240 2070 carne
258 2052 265 2070 :
282 2044 330 2070 scd
346 2045 451 2071 duabus
478 2045 511 2072 de
533 2047 622 2074 causis
641 2047 706 2075 illud
731 2051 942 2083 pratertttissum

155 2089 184 2116 in
202 2089 316 2116 historia
329 2097 401 2123 esse,
414 2098 531 2124 quarum
544 2091 628 2118 altera
639 2097 691 2124 est,
716 2101 778 2120 cunt
795 2099 857 2122 ante
872 2101 943 2122 esset

156 2135 192 2162 de
207 2135 311 2161 Adamo
325 2135 503 2170 explicatum,
524 2137 671 2164 humanam
690 2143 816 2166 naturam
831 2148 863 2167 ex
878 2149 941 2168 cor-

996 1549 1049 1576 est,
1065 1552 1187 1580 meaeque
1214 1551 1256 1572 est
1278 1546 1386 1580 penitus
1419 1551 1525 1572 natura:
1554 1548 1690 1580 particeps
1708 1555 1714 1573 :
1734 1556 1785 1574 uua

995 1597 1096 1625 quippe
1119 1591 1269 1625 eademque
1291 1595 1388 1617 natura
1413 1596 1570 1618 constamus
1597 1599 1647 1626 ego
1666 1592 1782 1625 illaque.

996 1636 1128 1664 Catterum
1155 1636 1264 1664 duabus
1296 1636 1322 1663 id
1346 1636 1518 1664 orationibus
1538 1637 1642 1664 sciebat
1665 1639 1786 1665 Adatnus

996 1682 1070 1717 quod
1096 1682 1140 1709 ltic
1155 1683 1362 1717 pronuntiabat,
1377 1687 1405 1710 et
1426 1684 1524 1710 mentis
1549 1691 1605 1710 sua:
1617 1684 1785 1718 contempla-

996 1729 1070 1756 tione
1081 1736 1134 1763 qua
1150 1728 1289 1756 dormiens
1308 1729 1446 1760 cernebat,
1459 1733 1485 1756 et
1501 1729 1617 1764 Spiritus
1633 1730 1718 1756 sancti
1736 1729 1779 1756 be-

996 1774 1078 1810 nigna
1111 1773 1254 1801 efﬁcientia
1291 1782 1344 1809 qua
1371 1775 1463 1807 intus,
1494 1775 1696 1803 illustrabntur.
1729 1774 1782 1802 Sed

995 1818 1268 1846 animadvertendum
1280 1825 1321 1846 est
1330 1820 1463 1847 Adatnutu
1475 1828 1582 1855 quoque
1594 1828 1626 1846 ex
1640 1821 1701 1848 Eva:
1710 1829 1784 1848 cont-

996 1865 1120 1898 positura
1148 1872 1225 1892 suant
1257 1865 1343 1899 ipsius
1369 1866 1536 1893 intellexisse
1561 1869 1782 1901 agnovisseque:

996 1917 1058 1937 eum
1073 1910 1146 1937 ettittt
1164 1918 1211 1945 per
1228 1911 1312 1937 animi
1332 1911 1374 1938 sui
1388 1911 1646 1946 contentplationctn
1662 1912 1783 1938 intuere-

996 1960 1040 1982 tur
1050 1955 1207 1984 Creatorem
1226 1964 1288 1983 cum
1305 1957 1351 1991 qui
1377 1956 1458 1983 Evam
1481 1957 1614 1984 condebat
1637 1957 1783 1984 cﬂiciebat-

995 2009 1057 2036 que,
1073 2002 1239 2036 agnoscebat
1251 2003 1332 2029 simul
1349 2006 1376 2028 ct
1391 2010 1467 2029 suam
1485 2003 1542 2036 ipse
1556 2003 1741 2029 conditionem
1757 2009 1784 2030 ct

994 2053 1055 2073 eum
1071 2046 1117 2080 qui
1133 2053 1162 2073 se
1181 2046 1330 2074 oreavissct
1343 2046 1416 2081 (18):
1435 2047 1506 2074 sicut
1522 2047 1602 2073 etiam
1617 2047 1704 2080 angeli
1721 2055 1781 2074 cum

997 2092 1122 2120 viderent
1134 2093 1240 2120 animas
1247 2092 1346 2119 Adami
1356 2092 1450 2119 ctEva:
1464 2101 1478 2119 ιι
1491 2093 1520 2119 υ(
1529 2100 1545 2119 o
1558 2093 1643 2120 creari
1657 2093 1783 2127 pra'ditas

994 2138 1100 2164 ratione
1121 2143 1147 2164 et
1172 2138 1361 2173 intelligentia,
1392 2142 1420 2165 et
1449 2137 1630 2170 immortales,
1658 2137 1709 2165 itoc
1730 2143 1781 2168 cst.

155 2187 224 2216 pore
239 2185 266 2207 ct
281 2189 370 2209 anima
385 2183 413 2208 in
427 2182 512 2216 ipsius
525 2182 623 2210 faciem
639 2184 774 2212 ittsuﬂlata
803 2191 941 2220 constare,
957 2183 981 2211 D
995 2183 1046 2210 sibi
1061 2183 1181 2215 similes,
1204 2187 1269 2210 tunc
1296 2183 1406 2209 demum
1434 2183 1632 2217 llllcllisebamt
1654 2191 1707 2216 (1υᾶ
1730 2183 1781 2217 iPSi

157 2227 270 2254 minime
283 2233 341 2255 erat
352 2229 535 2256 necessarium
549 2227 619 2256 idem
632 2231 666 2257 de
677 2230 730 2258 Eva
744 2233 786 2259 ltic
802 2238 940 2267 repetere;

155 2273 251 2307 altera,
259 2273 322 2308 quia
331 2281 392 2301 cum
400 2278 503 2302 costam
512 2281 686 2309 temperasset
694 2277 764 2304 Deus
772 2278 851 2304 rebus
858 2278 944 2305 omni-

161 2318 214 2345 bus
227 2319 327 2353 quibus
340 2324 473 2354 opuserat
491 2320 745 2356 confortnasselque
761 2323 786 2349 in
799 2322 942 2356 feminam,

154 2364 267 2391 dubiuttt
284 2371 411 2392 essenon
432 2367 517 2400 potuit
532 2367 598 2401 quin
614 2367 697 2394 sitnul
721 2368 838 2394 animam
855 2369 882 2395 itt
899 2368 942 2403 ip-

155 2411 215 2437 sius
227 2409 322 2437 iacietn
352 2411 523 2445 inspirasset,
550 2412 630 2446 idque
646 2413 686 2440 vel
701 2414 763 2440 hinc
779 2415 940 2450 intelligitur

155 2455 229 2490 quod
249 2460 276 2482 et
287 2455 308 2482 si
320 2455 374 2483 alio
385 2457 465 2483 ntodo
473 2457 558 2484 Adam
573 2457 626 2484 alio
640 2458 693 2485 Eva
705 2460 755 2485 orti
768 2465 830 2486 sunt
840 2461 936 2495 (Adam

156 2501 231 2528 enim
246 2509 279 2528 ex
292 2501 348 2528 luto
359 2501 447 2530 factus
461 2507 512 2534 est,
527 2503 582 2529 Eva
599 2511 661 2530 vero
673 2512 704 2531 ex
712 2505 815 2533 Adanto
828 2507 942 2534 conciu-

152 2552 229 2578 ttata,
243 2553 325 2581 atque
333 2547 488 2579 Adam,non
497 2554 644 2583 generatus
650 2551 765 2584 exstitit;
777 2550 829 2578 Eva
838 2560 901 2580 vero
909 2560 942 2581 ex

153 2593 261 2619 Atlatno
279 2598 321 2619 est
329 2593 469 2628 producta)
483 2599 572 2621 tamen
583 2596 734 2623 consimilis
742 2604 853 2631 prorsus
861 2599 942 2627 autbo

151 2643 220 2668 aunt
230 2643 332 2666 naturae
346 2640 458 2675 parique
474 2641 669 2676 compositione
677 2644 792 2670 naturali
802 2649 939 2678 constant,

192 2709 215 2725 “
232 2708 242 2735 ι
257 2709 319 2737 Cor.
336 2718 380 2744 xv,
397 2711 441 2739 5'2.

191 2769 252 2810 (l8)_
265 2769 342 2798 Errat
364 2771 443 2806 plane
462 2771 513 2799 Bar
531 2772 633 2807 Ccplta,
649 2782 709 2801 nam
725 2775 880 2810 plenissima
898 2785 941 2804 re-

150 2811 216 2833 rum
245 2805 427 2834 humanarum
453 2805 756 2845 supernaturaliumqire
790 2813 943 2846 cognitione

993 2233 1086 2256 essent
1101 2229 1257 2255 conditione
1272 2232 1378 2255 naturae
1402 2229 1498 2261 creati,
1512 2233 1538 2255 ct
1567 2235 1581 2254 a
1597 2235 1651 2261 quo
1674 2229 1781 2262 notice.

994 2274 1143 2302 Possumus
1159 2274 1241 2301 etiam
1256 2275 1333 2301 aliter
1345 2274 1426 2301 verba
1445 2274 1508 2300 illa:
1524 2273 1581 2300 "ac
1596 2276 1648 2300 vice
1664 2282 1703 2306 οι,
1714 2279 1780 2305 etc.,

995 2319 1022 2347 itt
1038 2320 1201 2347 sententiam
1218 2320 1390 2355 interpretari
1406 2328 1413 2346 :
1428 2319 1483 2347 Hac
1498 2320 1633 2347 duntaxat
1649 2319 1708 2346 vice
1720 2327 1781 2346 tnu-

995 2366 1048 2392 lier
1064 2365 1101 2392 ita
1112 2365 1257 2398 formatur,
1273 2371 1302 2392 ut
1319 2366 1353 2393 sit
1365 2373 1396 2393 os
1407 2374 1440 2393 cx
1455 2366 1565 2393 ossibus
1577 2365 1644 2392 meis
1655 2384 1663 2397 ,
1677 2369 1704 2392 et
1718 2372 1782 2392 caro

995 2418 1029 2437 ex
1050 2417 1132 2437 carne
1154 2417 1236 2443 mea;
1251 2410 1277 2436 in
1299 2415 1439 2445 posterum
1452 2418 1517 2438 vero
1540 2418 1594 2437 non
1625 2410 1665 2437 sic
1680 2409 1782 2436 forma-

995 2455 1097 2482 buntur
1115 2455 1255 2487 mulieres,
1271 2456 1318 2483 sed
1335 2463 1383 2490 per
1404 2457 1489 2484 utaris
1509 2464 1571 2483 cum
1597 2455 1698 2483 femina
1715 2462 1779 2482 con-

995 2501 1108 2528 nubium
1124 2501 1349 2535 procreabuntur.
1365 2503 1428 2529 Haec
1445 2502 1582 2529 vocabitur
1597 2502 1703 2534 mulier,
1718 2501 1781 2536 quia

995 2553 1008 2572 ε
1027 2547 1082 2572 viro
1093 2551 1201 2580 accepta
1214 2552 1264 2573 est.
1279 2545 1393 2574 Videtur
1408 2547 1516 2582 quidem
1532 2547 1588 2574 haec
1604 2547 1692 2574 oratio
1708 2547 1780 2573 hunc

995 2599 1050 2627 pra:
1071 2600 1100 2619 se
1124 2592 1196 2620 ferre
1215 2600 1337 2624 sensum,
1366 2593 1440 2628 quod
1466 2593 1527 2620 ideo
1543 2593 1616 2620 dicta
1632 2593 1668 2620 sit
1682 2592 1780 2619 mulier

995 2639 1058 2674 quia
1075 2647 1107 2666 ex
1121 2640 1179 2666 viro
1192 2644 1301 2674 sumpta
1316 2645 1369 2673 est,
1399 2647 1461 2667 curn
1481 2645 1570 2667 tanten
1586 2644 1695 2675 propter
1715 2637 1780 2672 legi-

996 2776 1191 2814 quamiutbutus
1205 2776 1256 2804 fuit
1277 2778 1363 2805 Adam
1379 2783 1451 2805 recte
1466 2778 1598 2814 originem
1620 2785 1676 2805 sum
1693 2777 1778 2805 novit.

998 2814 1029 2839 5.
1043 2812 1174 2846 'l‘ltomas,
1191 2821 1198 2839 ι
1217 2818 1287 2848 part.
1301 2821 1329 2848 q.
1343 2814 1389 2847 99,
1401 2818 1453 2840 art.
1467 2814 1494 2840 5.
