2027 3077
259 124 311 155 547

902 122 1015 152 MOSIS
1039 123 1082 151 BA
1089 122 1112 150 li
1135 121 1255 150 CEPIH

1838 125 1890 155 5η

260 180 358 210 timum
371 187 432 206 cum
446 180 503 206 viro
515 179 670 213 coajngium
687 178 783 204 mulicr
795 177 1010 211 apl'utﬁlllr.NJlll
1022 177 1044 202 si
1059 178 1083 205 Α
1098 175 1198 200 divinis
1227 174 1437 201 revelationibns
1455 176 1658 209 pronuntiasse.
1679 177 1747 204 Nam
1763 178 1807 205 illa
1829 181 1888 214 ipsa

260 225 322 251 inde
339 225 411 259 quod
440 229 546 258 sumpta
574 224 609 250 sit
631 230 663 249 ex
682 223 751 253 viro.
777 222 828 248 hoc
849 222 967 248 nominis
985 229 1046 247 sor-

259 270 346 296 tiatur
364 269 442 304 plane
465 273 512 295 aut
526 273 637 295 cmleras
661 267 786 293 mulieres
815 273 911 293 omnes
932 274 964 293 ex
989 267 1046 293 suis

260 315 367 342 maritis
379 320 503 348 acceptas
520 313 597 340 fateri
609 313 755 346 oportebit,
769 317 815 339 aut
831 320 924 339 carum
944 312 1045 338 nullam

260 362 387 388 mulieris
399 360 508 387 nomine
520 360 627 394 dignam
639 367 707 385 esse.
723 359 798 391 Quod
811 365 901 385 autem
916 358 1048 385 \orahulo

259 406 377 432 fetniuas
404 411 593 438 nuncupemus
617 404 651 430 ob
677 405 814 438 legitimas
839 412 901 431 cum
928 404 1048 431 maribus

259 450 381 484 nuptias,
394 450 450 484 ipse
471 457 520 476 nos
540 458 606 476 usus
626 450 705 476 docet
718 458 770 484 quo
786 458 833 476 eas
856 451 1048 476 consuevimus

258 496 331 522 solas
359 495 399 521 sic
422 495 559 528 appellare
584 495 684 529 quibus
717 495 867 530 legitimum
896 496 1049 522 intercessit

257 549 320 567 cum
337 541 403 567 viris
420 541 637 567 matrimonium.
658 541 729 572 Quin
754 542 832 568 divus
853 540 954 567 Paulus
976 549 1050 574 quo-

259 594 312 621 que
329 587 373 612 ubi
392 586 524 621 virginem
540 586 657 612 secernit
673 594 687 612 a
704 587 830 619 muliere,
854 587 973 613 ostendit
988 594 1048 613 cam

258 641 319 667 quae
336 641 388 658 non
407 639 447 659 est
465 632 614 659 secundum
632 633 716 667 legem
735 638 817 663 nupta
836 633 892 659 \iro
905 634 1047 660 mulierem

257 679 347 706 vorari
368 687 420 705 non
446 684 570 712 oportere
599 679 634 709 ”,
665 679 712 706 sed
753 687 812 705 cam
841 687 902 713 quae
921 679 1049 713 legitimis

259 724 363 758 nuptiis
389 732 451 751 cum
480 724 538 750 viro
572 725 673 751 sociata
690 725 736 751 sit.
767 725 973 758 lnsuper.hanc
989 733 1049 752 esse

257 768 368 794 illorum
394 768 537 794 verborum
569 768 746 800 sententiam,
774 768 860 802 ipsius
877 769 970 794 Adami
990 776 1050 802 quae

258 814 465 848 subsrqnuntur
486 815 569 841 verba
603 819 740 848 arguunt:
761 814 904 849 Propterea
922 815 1048 849 relinquet

258 860 297 885 uir
306 863 407 893 patrem
420 867 496 885 suum
506 863 528 885 ct
541 865 662 890 matrem,
673 864 697 885 et
707 859 852 886 adhwrebit
865 860 970 886 mulieri
980 868 1045 886 sum.

256 905 326 932 Nam
352 905 405 932 nisi
431 905 552 939 legitimo
579 905 736 938 nuptiarum
765 905 874 932 vinculo
899 906 1046 940 conjuncta

257 951 353 978 fuisset
373 951 425 978 sibi
454 958 503 978 sua
530 951 641 982 femina.
658 951 738 986 plane
757 959 811 978 non
838 956 961 978 vocasset
987 959 1046 978 eam

258 1004 336 1024 suam
354 997 494 1024 mulierem
513 997 570 1024 sive
585 1005 709 1024 uxorem.
728 998 848 1032 Denique
860 1002 923 1024 sunt
937 998 1047 1032 quidam

257 1043 449 1077 interpretum,
480 1043 538 1078 qui,
566 1043 639 1076 ltta,
667 1043 718 1070 hoc
743 1049 796 1076 est,
822 1045 962 1071 mulierem
990 1045 1048 1071 sive

259 1096 372 1116 uxorem
387 1093 509 1116 vocatam
520 1089 629 1115 tradant
638 1089 709 1115 illam
722 1089 772 1116 hoc
781 1093 872 1124 etymo
884 1098 890 1120 ;
901 1090 977 1123 quasi
990 1089 1048 1123 ipsa

258 1137 291 1162 ad
310 1136 439 1161 maritum
455 1143 534 1161 suum
552 1135 670 1162 dixerit:
684 1137 749 1161 Atta
768 1135 806 1162 Ta
820 1135 915 1166 laedi,
932 1136 983 1162 hoc
996 1139 1048 1167 est,

259 1185 287 1206 tu
302 1180 393 1207 accede
408 1184 441 1206 ad
458 1189 508 1211 me,
521 1180 650 1206 nimirum
669 1181 689 1207 si
704 1181 771 1208 velis
785 1181 851 1207 mihi
873 1182 922 1207 rite
937 1181 1048 1213 sirciari,

258 1231 389 1260 paterque
405 1226 553 1253 liberorum
581 1226 637 1253 fieri
661 1227 841 1254 conservandi
864 1228 970 1261 generis
992 1227 1050 1254 hu-

259 1271 333 1297 mani
354 1271 450 1305 gratia.
474 1271 625 1298 Conficitur
653 1273 746 1306 itaque
768 1272 811 1299 his
835 1273 972 1304 omnibus,
988 1273 1049 1300 ideo

259 1316 345 1342 Evam
364 1316 463 1343 dictam
474 1323 534 1343 esse
548 1315 614 1350 lito,
629 1317 680 1344 hoc
695 1322 745 1349 est,
760 1317 900 1344 mulierem
914 1318 972 1345 sive
984 1327 1050 1346 uxo-

260 1369 330 1394 rem,
343 1361 405 1395 quia
418 1361 476 1396 lege
492 1361 549 1388 viro
564 1361 707 1396 conjuncta
719 1367 788 1394 erat,
801 1370 950 1397 omnesque
961 1371 993 1390 ac
1007 1371 1052 1390 so-

261 1406 302 1434 las
313 1407 429 1434 frminas
437 1408 488 1433 rite
498 1412 596 1442 nuptas
610 1408 656 1434 illo
673 1408 961 1442 nominedignasesse,
969 1413 1051 1444 atque

262 1453 291 1480 in
320 1462 379 1480 eam
406 1454 568 1480 srntenliam
593 1454 689 1480 Adami
714 1455 796 1481 verba
821 1455 866 1482 illa
887 1463 948 1483 esse
963 1456 1049 1490 expli-

261 1499 362 1530 canda,
387 1500 564 1533 quantumvis
587 1500 667 1526 aliam
692 1508 747 1534 pra:
763 1508 791 1527 se
819 1500 916 1528 ferant.
932 1501 1085 1540 Verum-C

258 1545 398 1571 enimvero
415 1550 479 1571 sunt
498 1545 544 1576 qui
559 1544 662 1577 dicant,
679 1547 732 1571 (luo
752 1545 803 1572 ista
822 1546 943 1577 nomina,
958 1546 1008 1572 viri
1024 1550 1050 1573 et

258 1591 393 1622 mulieris,
408 1591 480 1617 inter
491 1598 519 1617 se
529 1591 676 1617 convenire
691 1592 716 1618 in
727 1591 820 1626 lingua
832 1591 955 1623 Hebraea,
968 1600 1049 1626 quain

260 1637 338 1672 Syra,
355 1641 402 1663 aut
417 1636 522 1668 Graeca,
540 1642 585 1663 aut
613 1637 789 1669 Armeniaca,
803 1642 849 1664 aut
865 1637 982 1672 denique
998 1638 1050 1665 alia

260 1683 367 1717 quavis.
397 1681 426 1708 in
451 1683 496 1709 illa
523 1682 594 1709 cnim
621 1683 727 1715 \irumf.
748 1683 788 1715 Is;
814 1684 966 1716 mulierem,
991 1683 1051 1711 Issa

261 1728 411 1759 enuntiari,
426 1728 497 1761 quod
515 1729 626 1762 perinde
653 1734 695 1756 est
709 1737 741 1756 ac
759 1730 781 1756 si
799 1729 894 1764 Syrus,
909 1734 937 1756 ut
952 1729 1050 1761 virum,

262 1773 361 1804 Gabro,
371 1774 407 1801 ita
417 1774 556 1800 mulierem
569 1774 677 1801 Gabii-to
687 1780 763 1802 vocet
776 1775 881 1811 (19),dc
889 1783 942 1810 qua
954 1784 981 1802 rc
991 1784 1050 1809 nos,

262 1819 370 1846 volente
380 1819 444 1849 Dco.
455 1819 552 1846 dicturi
563 1828 659 1847 sumus
668 1821 694 1847 in
707 1829 738 1848 eo
748 1817 960 1853 Commentario,
970 1829 1050 1855 quem

261 1865 382 1892 Scribere
395 1865 588 1892 constituimus
606 1865 632 1892 in
649 1866 753 1901 reliqua
771 1866 831 1893 libri
848 1867 986 1894 Geni-suos
1005 1875 1050 1893 ca—

259 1911 327 1945 pita,
345 1910 366 1937 si
380 1911 434 1938 vita
447 1915 566 1946 superet,
582 1912 634 1938 erit
653 1912 725 1938 enim
746 1912 806 1946 ejus
821 1913 967 1939 tractandae
982 1919 1050 1939 con-

261 1964 346 1991 gruos
364 1957 442 1984 locus
460 1957 504 1983 ubi
519 1957 551 1983 ad
566 1957 611 1984 illa
632 1957 714 1984 verba
730 1961 889 1992 perventum
903 1958 983 1984 fuerit
997 1967 1002 1984 :
1016 1957 1051 1984 Et

260 2006 316 2028 erat
331 2002 415 2028 omnia
441 2007 511 2028 terra
526 2003 623 2036 lingua:
640 2003 719 2029 unius
731 2007 754 2028 et
776 2003 904 2028 sermonis
917 2002 1045 2036 ejusdem.

260 2047 326 2074 Ideo
347 2048 473 2082 relinquet
489 2049 528 2074 vir
549 2053 650 2082 patroni
665 2056 740 2074 suum
756 2052 780 2074 et
795 2052 903 2074 matrem
919 2056 1005 2080 suam,
1025 2053 1050 2075 et

260 2093 403 2120 adhterebit
414 2095 491 2120 uxori
512 2094 580 2127 (sive
592 2093 708 2124 mulieri)
724 2101 790 2120 sua’.
803 2092 861 2119 Jam
877 2093 1006 2127 diximus,
1017 2102 1049 2121 ex

260 2140 303 2166 his
317 2140 404 2167 verbis
422 2139 500 2166 facile
514 2139 638 2174 intelligi,
653 2141 776 2167 mulieris
787 2147 883 2166 nomen
896 2147 910 2166 a
929 2140 1048 2174 legitima

1096 217 1225 246 Christus
1242 218 1269 245 in
1288 219 1436 252 Evangelio
1445 219 1522 253 quasi
1539 227 1571 246 ex
1601 220 1647 247 Dei
1668 221 1757 248 Patris
1770 231 1888 256 pchona

1098 263 1169 289 dicta
1183 263 1285 296 profert
1302 263 1324 278 "
1339 272 1345 289 :
1357 264 1782 299 quand0quidenrprophrtarum
1795 269 1887 301 verba.

1099 308 1150 334 etsi
1173 316 1205 334 ex
1232 309 1354 342 ipsorum
1375 309 1471 335 oribus
1495 312 1672 344 emanarint,
1700 317 1789 340 tamen
1810 319 1840 341 ut
1855 316 1888 342 ab

1099 354 1158 387 ipso
1181 353 1234 380 Deo
1251 355 1425 387 pronuntiata
1449 355 1615 388 accipimus;
1646 356 1692 383 Dei
1713 360 1785 385 enim
1804 361 1890 393 ipsius

1100 406 1211 433 organa,
1232 400 1374 434 propheta:
1400 400 1516 427 habendi
1542 406 1616 428 sunt.
1642 402 1776 430 Cain-rum
1803 406 1888 438 quaeri

1099 449 1194 478 potest,
1212 453 1260 472 cur
1272 448 1304 472 de
1318 446 1376 472 viro
1387 446 1458 472 dicat
1474 447 1626 480 Scriptura,
1644 451 1714 482 quod
1732 450 1889 485 relinquere

1099 492 1194 518 debent
1228 498 1331 526 patrem
1355 497 1533 526 matremque,
1561 498 1587 519 et
1614 495 1754 522 adi-terere
1787 499 1887 524 uxori:

1100 537 1210 571 quando
1227 538 1291 572 ipsa:
1307 539 1397 572 potius
1417 539 1555 570 mulieres,
1572 545 1656 572 patre,
1676 549 1706 568 ac
1722 547 1809 569 matre
1821 564 1828 573 ,
1845 543 1890 569 fa-

1100 583 1229 617 miliaque
1241 602 1247 614 ,
1260 591 1291 610 ac
1304 584 1383 610 rebus
1391 584 1448 610 suis
1457 585 1584 611 otnnibus
1594 587 1704 617 relictis,
1718 589 1750 613 ad
1761 590 1832 615 viros
1842 597 1890 615 ac-

1100 629 1197 655 cedunt
1226 629 1346 663 ipxisque
1362 629 1513 659 adhaerent.
1535 630 1574 656 Ad
1599 631 1650 657 hoc
1670 635 1888 666 respondendum

1099 679 1150 706 est,
1168 674 1261 700 multis
1282 674 1308 700 id
1337 675 1489 700 rationibus
1511 674 1569 701 ﬁeri
1588 684 1595 701 :
1612 681 1638 702 et
1654 677 1717 710 quia
1738 678 1776 703 vir
1792 679 1889 705 mulie-

1101 720 1138 746 ris
1154 725 1236 753 caput
1250 724 1301 751 est,
1318 725 1344 746 et
1363 721 1426 754 quia
1447 721 1489 746 ille
1504 728 1551 755 per
1568 722 1724 756 conjugiuin
1741 723 1807 750 liber
1823 724 1882 758 pri-

1101 773 1174 790 mum
1202 765 1293 791 evadit
1316 766 1489 800 solvitnrque
1510 768 1595 800 patria
1612 772 1745 801 potvstate
1778 769 1805 795 in
1833 778 1889 803 qua

1102 812 1233 846 tantisper
1267 817 1327 839 erat
1357 813 1420 839 dum
1449 821 1561 839 uxorem
1594 814 1706 840 duceret
1728 821 1783 841 :ea
1815 818 1887 846 enini

1101 857 1183 884 ducta
1198 857 1255 891 ipse
1279 858 1307 884 iit
1326 858 1530 892 paterfamilias.
1550 858 1582 885 Et
1595 860 1657 893 quia
1679 868 1732 886 non
1749 867 1887 894 parentum

1099 910 1159 930 esse
1173 905 1220 929 sed
1234 911 1348 938 corpora
1364 905 1488 936 miscere,
1505 910 1626 939 tempore
1642 906 1717 940 prius
1728 911 1786 938 est;
1799 915 1889 941 neque

1099 947 1172 973 enim
1182 947 1245 981 quia
1261 953 1388 981 parentes
1407 952 1483 980 sunt,
1499 955 1598 975 venere
1617 955 1741 982 uluutnr,
1760 951 1806 977 sed
1824 959 1888 984 qu-a

1101 992 1150 1019 hac
1165 993 1207 1018 usi
1226 998 1290 1019 sunt
1318 997 1445 1026 parentes
1469 994 1547 1020 (inut.
1576 994 1644 1021 Nam
1668 995 1752 1022 Adam
1782 1001 1808 1023 et
1834 997 1854 1023 E
1873 1005 1889 1023 a

1102 1039 1260 1073 priusquam
1278 1039 1383 1064 mutuis
1411 1039 1581 1072 amplexibus
1605 1041 1756 1068 consociati
1784 1047 1886 1073 essent,

1100 1085 1310 1119 haudquaquam
1346 1089 1474 1118 parentes
1503 1086 1682 1119 dicebautur,
1715 1095 1808 1114 verum
1839 1093 1885 1114 ubi

1100 1131 1239 1157 connubio
1254 1131 1432 1158 coha'sissent
1461 1132 1585 1166 filiosque
1610 1139 1812 1167 procreasscnt,
1829 1139 1887 1161 tum

1100 1176 1208 1202 demum
1235 1180 1364 1210 parentes
1388 1181 1451 1204 sunt
1478 1177 1574 1204 merito
1591 1180 1784 1212 cognominati.
1804 1180 1856 1206 Por
1872 1187 1889 1205 ο

1101 1226 1276 1255 posteaquam
1313 1222 1346 1248 de
1365 1222 1474 1248 condita
1504 1222 1558 1248 Eva
1591 1223 1697 1251 locutus
1718 1230 1760 1251 est
1788 1225 1888 1256 Musas,

1100 1267 1222 1300 procedit
1237 1267 1270 1293 ad
1287 1268 1476 1301 explicandum
1501 1269 1637 1302 quomodo
1661 1271 1744 1296 vitam
1767 1272 1856 1305 agitur
1874 1283 1889 1292 -

1101 1312 1156 1338 rint
1174 1319 1251 1338 suam
1266 1313 1344 1346 primi
1357 1317 1483 1347 parentes
1496 1314 1538 1341 his
1551 1315 1640 1341 verbis
1652 1322 1659 1346 ;
1676 1314 1711 1340 Et
1723 1321 1797 1341 erant
1811 1316 1888 1342 ambo

1101 1358 1270 1390 nudi,Adam
1285 1364 1309 1386 et
1324 1367 1392 1386 uxor
1405 1360 1501 1394 ipsius,
1514 1369 1595 1395 neque
1606 1361 1719 1395 pudebat
1737 1363 1817 1396 ipsos.
1835 1363 1887 1389 Sed

1101 1410 1151 1429 cur
1160 1409 1213 1430 non
1226 1403 1358 1437 pudebat?
1372 1402 1430 1430 Non
1451 1404 1573 1438 proiecto
1592 1406 1656 1439 quia
1671 1407 1774 1440 pueruli
1787 1412 1888 1440 essent,

1101 1452 1149 1475 aut
1167 1449 1231 1482 quia
1253 1449 1355 1476 rustica
1379 1449 1553 1484 simplicitate
1577 1455 1658 1485 atque
1684 1451 1886 1486 imprudentia;

1102 1491 1178 1519 fuere
1190 1493 1261 1520 enim
1278 1501 1293 1520 a
1310 1494 1366 1521 Deo
1377 1494 1464 1521 eﬂ'ecti
1479 1499 1558 1521 aetate
1572 1494 1697 1528 juvenili,
1715 1504 1768 1522 non
1779 1497 1887 1530 puerili,

1101 1543 1129 1564 et
1143 1539 1297 1572 prudentes,
1313 1547 1367 1566 non
1382 1540 1473 1566 stolidi
1488 1545 1534 1567 aut
1549 1540 1694 1572 inurbani;
1707 1542 1753 1568 sed
1765 1542 1824 1568 ideo
1836 1550 1888 1576 pii-

1101 1584 1168 1611 dore
1184 1591 1239 1610 nou
1256 1584 1444 1612 adiciebantur
1457 1585 1490 1612 de
1506 1593 1556 1612 sua
1568 1587 1700 1619 nuditate,
1716 1589 1780 1622 quia
1798 1587 1888 1614 adhuc

1102 1635 1156 1655 non
1175 1634 1320 1662 peccaram
1335 1637 1424 1663 neque
1437 1629 1618 1664 deliquerant,
1634 1639 1721 1666 eoque
1739 1633 1810 1658 nulla
1828 1633 1888 1658 ani-

1103 1681 1177 1700 mum
1193 1675 1322 1709 cogitatio
1349 1676 1459 1702 subibat
1487 1684 1547 1703 esse
1576 1677 1695 1711 aliquam
1722 1678 1747 1704 in
1768 1679 1890 1706 nuditate

1102 1719 1220 1753 culpatn.
1246 1720 1379 1748 Praeterea
1404 1721 1494 1748 amicti
1519 1727 1597 1749 erant
1626 1723 1724 1758 gloria,
1748 1730 1829 1758 atque
1847 1725 1890 1751 id-

1103 1765 1177 1792 eirco
1205 1773 1259 1792 non
1286 1767 1539 1794 verccundabantnr
1569 1777 1575 1794 :
1602 1769 1672 1796 sicut
1706 1771 1778 1796 enim
1807 1770 1890 1798 Mosis

1102 1811 1201 1839 faciem
1231 1812 1316 1847 gloria
1345 1817 1497 1840 contectam
1528 1813 1629 1841 intueri
1661 1823 1713 1842 non
1741 1821 1889 1850 potuerunt

1102 1857 1232 1884 lsrarlita:
1241 1857 1275 1890 ”,
1284 1863 1311 1885 et
1320 1863 1348 1885 ut
1357 1859 1383 1884 in
1397 1859 1480 1886 solem
1490 1859 1556 1887 stola
1567 1861 1658 1894 gloriae
1668 1862 1794 1888 vcstitqu
1809 1869 1889 1888 mor—

1103 1903 1170 1930 tales
1182 1904 1323 1931 oculorum
1337 1905 1422 1932 aciem
1437 1906 1576 1933 intendere
1590 1912 1742 1940 nequeunt;
1759 1913 1889 1942 praeterea

1102 1954 1131 1976 ut
1150 1957 1250 1984 corpus
1269 1950 1376 1977 Domini
1405 1956 1563 1986 coopertum
1582 1953 1679 1986 gloria,
1696 1954 1780 1981 solent
1798 1954 1888 1989 ipsum

1102 1995 1208 2030 fulgore
1219 1996 1390 2031 candoreque
1402 1997 1548 2031 superabat
1560 2004 1620 2023 cum
1635 1999 1660 2024 in
1675 2003 1792 2025 montem
1805 2007 1834 2026 se
1846 2007 1889 2026 re-

1102 2042 1218 2076 cepissu
1240 2043 1298 2074 κιο,
1311 2044 1427 2075 denique
1440 2048 1470 2069 ut
1484 2044 1569 2077 ipsius
1582 2044 1732 2071 divinitatis
1745 2046 1890 2072 vestimen-

1103 2092 1157 2114 tum
1171 2088 1315 2122 spectabile
1332 2096 1385 2115 non
1401 2093 1441 2115 est
1455 2097 1463 2118 :
1479 2090 1515 2116 ita
1525 2089 1609 2116 Adam
1628 2090 1736 2124 Evaque
1745 2091 1807 2123 quia
1824 2099 1886 2118 ves-

1102 2132 1145 2159 titi
1157 2137 1235 2159 erant
1248 2133 1342 2167 gloria,
1352 2134 1692 2167 nihil,verecundabantur.
1703 2135 1768 2163 Nam
1780 2138 1888 2164 nuditas

264 2185 459 2220 conjunctione
470 2193 524 2220 qua
541 2185 599 2212 viro
615 2185 754 2217 sociatur,
773 2185 876 2212 dictum
896 2194 967 2213 esse.
983 2186 1049 2213 Nam
1067 2173 1088 2200 θ
1102 2184 1132 2204 ea
1147 2177 1180 2204 de
1196 2186 1250 2212 (ιυιι
1269 2179 1311 2205 hic
1343 2178 1432 2206 M0505
1448 2180 1514 2214 τιὲίιο
1531 2180 1563 2205 ad
1589 2184 1690 2207 νθεῑοη)
1706 2187 1810 2216 specu“
1834 2191 1887 2209 "0"

261 2238 295 2257 eo
311 2236 417 2264 spectat
428 2232 501 2265 quod
522 2231 565 2258 hic
592 2231 669 2263 dicit,
689 2231 776 2258 virum
802 2231 837 2257 ita
866 2231 974 2258 mulieri
991 2239 1054 2258 mu-

262 2281 339 2304 tuum
358 2278 497 2304 conterere
510 2277 620 2309 debere,
639 2282 669 2304 ut
685 2282 789 2311 patrem
806 2281 977 2312 matremque
997 2277 1048 2304 sibi

260 2330 317 2357 pm
341 2322 384 2348 illa
402 2322 569 2349 deserendas
597 2325 710 2349 statuat.
734 2317 770 2348 Et
787 2326 864 2348 erunt
886 2322 963 2348 ambo
986 2330 1048 2348 caro

259 2376 324 2395 una.
341 2367 433 2395 Multis
449 2368 537 2395 modis
551 2369 592 2395 vir
607 2372 634 2395 et
652 2375 721 2395 uxor
741 2376 793 2394 una
808 2375 872 2394 caro
883 2373 1045 2394 censentur:

258 2421 308 2448 per
321 2413 443 2448 conjugii
456 2413 698 2446 necessitudinem,
714 2419 762 2446 per
777 2412 901 2439 sobolem
913 2412 1047 2438 ambobus

259 2466 452 2491 communem;
467 2459 583 2492 denique
592 2465 624 2485 eo
634 2458 716 2485 etiam
731 2459 804 2493 quod
816 2458 935 2492 parentis
947 2458 1048 2493 filiique

258 2505 330 2532 ratio
346 2512 378 2532 cx
396 2504 455 2539 ipsa
481 2504 598 2531 muliere
617 2504 733 2539 pendeat
751 2508 833 2538 atque
845 2511 878 2531 ex
902 2511 931 2530 ca
946 2504 1050 2531 consti-

260 2554 363 2582 tuatur,
373 2555 506 2584 quantum
519 2550 553 2577 ad
571 2550 627 2585 ipsa
640 2557 754 2584 corpora
769 2557 829 2584 quae
839 2550 1048 2583 progignuntur,

259 2596 391 2630 pertinet.
408 2595 446 2623 Ex
463 2596 602 2623 connubio
619 2595 692 2622 enim
710 2595 761 2621 viri
785 2595 962 2629 mulierisque
978 2594 1006 2621 ﬁt
1021 2599 1048 2621 ut

261 2639 401 2673 concipiat
421 2640 566 2674 pariatque
593 2639 692 2666 mulier
709 2648 716 2665 :
731 2639 786 2673 jam
801 2647 865 2666 vero
889 2647 937 2673 per
952 2647 1048 2666 conce-

258 2689 334 2720 ptum
352 2691 517 2721 partumque
532 2690 660 2721 parentes
678 2691 705 2714 et
719 2685 765 2713 ﬁlii
785 2685 948 2713 etiiciuntur.
963 2685 1048 2713 Porro

257 2735 362 2757 certum
378 2735 431 2764 est,
447 2732 581 2758 Adamum
601 2732 658 2758 hare
671 2731 753 2759 verba
769 2739 816 2766 per
831 2731 989 2758 vaticinium
1011 2738 1044 2758 ex

294 2798 317 2813 ’⁷
331 2797 341 2823 l
354 2798 417 2825 Cor.
432 2807 480 2830 vn,
500 2799 512 2825 Ι
536 2806 613 2834 seqq.
650 2800 674 2816 ”
689 2799 784 2828 Matth.
799 2807 843 2827 ιη
857 2820 865 2832 ,
881 2799 908 2832 4,
926 2799 953 2826 5.

991 2800 1013 2815 "
1029 2799 1114 2826 Exod.
1135 2807 1224 2832 xxxtv,
1238 2800 1283 2827 29.

1102 2223 1166 2250 item
1187 2225 1220 2250 ad
1248 2225 1362 2259 gloriam
1388 2233 1440 2259 qua
1470 2225 1551 2252 etiam
1586 2230 1641 2251 tum
1662 2228 1779 2253 contecti
1797 2232 1885 2254 erant.

1102 2269 1215 2304 Insuper
1246 2275 1288 2296 est
1318 2271 1362 2296 ubi
1401 2271 1509 2297 nuditai
1545 2270 1656 2304 pudoris
1701 2278 1812 2298 sensum
1839 2281 1888 2306 ge-

1104 2320 1200 2347 neret;
1216 2320 1259 2342 cst
1284 2316 1367 2342 etiam
1393 2316 1439 2342 ubi
1466 2315 1541 2342 trulla
1566 2315 1737 2342 verecundia
1760 2317 1889 2351 cogitatio

1103 2361 1225 2387 animum
1243 2361 1278 2387 ob
1292 2362 1440 2388 nuditatem
1456 2363 1561 2389 subeat.
1577 2361 1651 2388 Illius
1671 2363 1823 2396 exemplum
1841 2363 1888 2389 ha-

1102 2406 1200 2433 bemus
1215 2407 1241 2432 in
1257 2407 1362 2434 Adamo
1383 2412 1464 2442 atque
1481 2407 1546 2439 Eva,
1557 2409 1602 2441 qui
1626 2412 1804 2442 posteaquam
1821 2409 1888 2435 dili-

1102 2453 1236 2487 quissent,
1249 2454 1442 2480 existimabant
1453 2462 1530 2481 suam
1543 2454 1595 2480 sibi
1625 2454 1773 2481 nuditatem
1790 2455 1888 2489 pudori

1103 2505 1163 2525 esse
1172 2498 1289 2531 debere;
1304 2499 1383 2534 hujus
1394 2507 1458 2526 vero
1472 2500 1497 2525 in
1515 2499 1646 2534 puerulis,
1656 2507 1724 2533 quos
1733 2499 1890 2533 uibilpudet

1102 2550 1163 2570 esse
1181 2544 1286 2576 nudos;
1307 2545 1376 2571 idem
1405 2544 1512 2576 accidit,
1544 2551 1606 2570 cum
1622 2551 1664 2570 res
1686 2545 1742 2577 ipsa
1758 2545 1889 2577 pudorm

1104 2588 1131 2615 in
1146 2597 1176 2616 se
1202 2589 1304 2616 nullum
1335 2590 1426 2622 habet,
1452 2589 1534 2616 Veluti
1554 2596 1616 2616 cum
1639 2589 1701 2623 quis
1723 2592 1839 2618 secreto.
1863 2593 1893 2614 et

1103 2636 1205 2670 absque
1231 2635 1355 2666 testibus.
1382 2643 1411 2662 se
1423 2634 1543 2661 vestibus
1558 2635 1631 2661 exuit
1650 2642 1657 2666 ;
1687 2633 1715 2660 tit
1738 2633 1788 2660 hoc
1807 2634 1889 2659 etiam

1102 2683 1182 2717 longa
1202 2683 1400 2710 consuetudine
1422 2681 1565 2716 magistra,
1589 2680 1660 2707 sicut
1680 2680 1713 2707 iis
1738 2679 1829 2706 evenit
1843 2678 1890 2713 qui

1104 2729 1214 2756 assidue
1232 2729 1258 2756 in
1273 2729 1378 2756 balneis
1394 2728 1458 2755 nudi
1483 2732 1637 2754 versantur.
1655 2725 1775 2760 Denique
1788 2724 1832 2751 ubi
1852 2727 1891 2754 rei

1334 2799 1380 2814 ""
1390 2799 1482 2826 Matth.
1500 2797 1587 2831 xvn,i
1607 2803 1685 2831 seqq.

299 2842 357 2875 (19)
371 2843 419 2873 Vel
433 2845 456 2874 si
472 2845 588 2873 Latinus
603 2846 695 2874 virum
716 2846 790 2876 dicat
813 2846 970 2878 hominem;
990 2846 1133 2873 mulierem
1151 2853 1226 2879 vero,
1243 2846 1394 2874 hominem.
