2027 3077
174 140 229 174 5ζ9

738 137 787 166 DE
809 135 997 166 PARADISO
1029 146 1061 151 —
1085 134 1180 162 l‘AiiS
1199 133 1221 161 Ι.

1745 129 1796 159 550

175 194 326 222 necessitas
344 193 465 228 qumdam
500 191 643 223 incumbit,
659 190 741 218 veluti
754 190 776 217 si
792 189 854 224 quis
873 189 962 216 ulcere

1026 205 1056 224 ex
1074 203 1155 227 esset.
1185 201 1265 231 atque
1294 194 1356 222 itide
1383 199 1490 229 captato
1503 193 1610 220 ῐ.;11;ιιι1ῐ
1639 200 1801 226 ινςιιιιιιτηισ

173 240 278 266 laboret
294 240 320 265 in
337 246 368 265 ea
384 238 508 272 corporis
525 241 602 271 parte
624 243 705 270 quam
731 235 832 269 alioqui
860 235 962 267 absque

176 280 281 321 pudore
296 292 350 311 non
364 289 465 318 relegat
476 292 484 316 ;
497 283 553 317 ipsa
569 288 657 309 tamen
667 281 827 308 necessitate
838 280 961 310 adactus,

175 339 235 358 eam
259 334 342 356 exuto
365 328 478 362 pudore,
501 327 604 354 medico
624 327 720 361 aperit.
741 325 813 351 Duas
833 324 913 358 igitur
928 323 963 349 ob

178 384 221 402 res
237 384 290 401 uoti
311 373 565 401 rerecuutlabantur
582 373 667 398 Adam
680 377 705 398 t-t
723 371 776 397 liva
791 378 853 396 cum
872 373 965 396 essent

176 421 256 454 nudi;
276 427 301 447 et
321 421 383 454 quia
408 419 498 446 amicti
526 424 603 445 erant
623 418 719 451 gloria,
744 421 771 443 et
785 417 848 450 quia
873 415 963 441 adhuc

175 475 230 494 non
246 467 428 501 deliquerant.
442 465 509 492 Nam
531 470 555 491 et
577 465 603 490 in
621 465 710 490 l'uturo
726 462 828 489 mundo
840 462 963 488 sublattts

177 513 229 539 crit
246 513 334 539 omnis
352 511 439 545 pudor
463 518 495 536 ex
521 509 687 541 hominibus,
712 508 758 542 qui
785 516 816 534 ex
840 508 964 533 nuditate

176 558 264 592 possit
277 557 368 591 gigni;
397 561 453 582 tum
469 555 532 589 quia
549 554 637 581 vestiti
668 559 747 580 erunt
776 554 862 586 gloria
889 553 962 586 qttali

176 609 234 631 erat
250 604 360 628 ittdutus
381 601 500 627 Atlamus
517 606 599 634 atque
629 599 715 634 ipsius
731 607 800 624 utor
818 598 871 624 Eia
894 598 964 624 inter

176 651 287 677 arbores
303 653 449 682 antequam
469 648 615 674 violassent
627 647 806 678 mandatum;
824 651 880 672 tttm
898 645 961 679 quia

179 696 236 730 ipsa
251 695 363 729 pudoris
387 701 479 723 causa.
497 697 636 727 peccatum
653 691 817 719 dissolutum
835 692 887 718 erit
902 691 963 717 irri-

177 745 297 774 tumque.
323 740 456 765 Cit-terum
485 739 563 765 divus
592 738 679 765 Moses
702 738 767 764 dum
794 740 961 772 perseverat,

176 786 308 812 Atlantqu
347 785 484 818 Erantque
517 785 585 811 nihil
614 784 744 818 puduisse
775 791 833 810 suae
855 783 964 810 nudita-

176 832 210 859 tis
229 831 283 866 (20)
300 830 422 858 :coniert
439 831 462 856 id
481 831 610 856 saeculum
626 837 679 864 quo
693 837 724 856 ea
739 829 886 861 scribebat,
900 837 962 856 cum

177 885 210 904 eo
221 885 274 911 qun
301 876 337 903 illi
354 876 428 903 fuere
445 877 577 910 procreati
591 883 607 902 a
624 875 689 906 Deo,
704 875 780 910 quasi
797 876 868 902 dicat
884 884 893 902 :
907 874 964 902 Non

179 929 209 951 ut
222 925 276 958 jam
295 923 390 950 ridetis
403 923 527 949 homines
541 922 577 948 ob
601 921 750 948 nuditatem
764 922 868 956 pudore
884 920 965 953 allici,

180 971 217 997 ita
234 970 339 996 Adamn
356 968 471 1002 Eratque
498 967 611 999 accidit;
632 975 719 1002 neque
745 968 818 996 enim
838 967 899 994 illos
917 975 968 1002 pu-

180 1015 238 1041 duit
253 1014 287 1040 olt
303 1013 371 1040 duas
389 1021 448 1047 qua:
464 1013 542 1039 dicta:
569 1013 625 1047 jam
644 1018 706 1039 sunt
735 1013 864 1040 ratiottes.
881 1012 967 1040 Porro

180 1060 302 1087 absoluto
317 1067 442 1086 serutonc
462 1059 495 1086 de
517 1063 609 1086 creato
632 1059 738 1086 Adamo
753 1058 875 1094 Evaque,
891 1064 918 1087 et
935 1053 968 1087 de

181 1106 241 1131 rita:
257 1105 377 1139 ipsarum
397 1105 531 1135 instituto,
547 1104 633 1138 pergit
649 1104 728 1131 divus
742 1104 830 1133 Moses
845 1113 967 1132 comme-

181 1156 288 1176 morare
303 1149 424 1175 fraudem
436 1156 489 1182 qua
505 1148 608 1175 seducti
623 1153 687 1175 sunt
705 1157 718 1174 a
735 1153 819 1179 recto,
836 1150 967 1176 nimirum

183 1200 211 1222 ut
225 1203 275 1222 nos
292 1195 387 1222 doct-at
400 1202 431 1221 ex
448 1199 550 1228 quanta
570 1194 694 1221 libertate
718 1194 743 1220 in
761 1202 842 1229 quam
859 1203 967 1230 gravem

180 1239 282 1273 delapsi
314 1243 470 1265 scrvuutctn
510 1246 557 1272 per
588 1243 740 1273 peccatum,
765 1239 914 1273 inquiens:
936 1241 969 1266 Iit

180 1292 286 1318 serpens
302 1285 416 1310 asttttior
440 1288 497 1310 erat
515 1285 586 1311 omni
612 1284 694 1311 bestia
711 1286 787 1319 agri,
807 1293 885 1319 quant
908 1286 971 1320 ρΙῙες

181 1335 252 1357 terat
273 1330 400 1356 Dominus
429 1329 511 1357 Deus.
535 1329 605 1357 Num
626 1331 659 1357 de
676 1336 821 1365 corporan
844 1337 970 1366 serpente

186 1376 229 1403 hic
245 1381 306 1409 agat
331 1377 411 1402 divus
428 1375 527 1406 Moses,
543 1382 576 1401 an
591 1382 655 1402 vero
669 1376 703 1402 de
730 1375 830 1402 Satana
852 1377 898 1410 qui
914 1384 972 1404 ser-

182 1422 258 1457 pettli
271 1421 369 1449 similis
380 1422 554 1456 apparuerit;
570 1427 608 1453 et,
624 1421 647 1448 si
662 1421 776 1447 Satanas
796 1422 823 1448 in
838 1424 971 1456 serpentis

182 1475 282 1502 corpus
295 1476 323 1494 se
338 1467 499 1500 insinuerat,
513 1467 592 1501 cujus
603 1466 709 1502 generis
722 1466 804 1494 fuerit
813 1467 836 1494 is
848 1474 970 1502 serpens;

1015 246 1150 272 adversus
1168 245 1254 277 ipsam
1283 241 1448 269 abuteretur.
1479 240 1532 267 Nos
1564 246 1644 274 porto
1664 243 1801 273 putamus.

1014 291 1149 324 cujusque
1183 290 1279 315 harum
1323 287 1438 313 duarum
1478 291 1612 313 sectarum
1641 283 1802 310 sententiam

1015 336 1117 361 vorsari
1133 335 1159 361 in
1177 334 1263 361 tribus
1276 334 1349 360 hisce
1362 332 1557 366 quaestionibus
1573 335 1678 357 :utrum
1693 330 1802 356 condita

1015 380 1050 408 sit
1070 379 1123 406 Eva
1138 379 1220 406 simul
1235 387 1296 406 cum
1323 379 1438 408 Adatno,
1452 385 1485 404 an
1502 382 1563 411 post
1579 386 1586 408 ;
1602 376 1708 407 deinde,
1724 383 1803 401 acet--

1016 426 1122 459 pct‘itne
1136 433 1189 451 una
1210 432 1273 451 cum
1289 424 1392 450 Adamo
1420 423 1576 449 mandatum
1604 422 1667 448 illud
1684 421 1718 447 ab
1744 422 1804 454 ίιεο

1016 470 1081 501 Deo,
1099 478 1133 497 an
1158 478 1222 496 vero
1246 474 1306 504 post
1331 469 1365 495 ab
1392 467 1648 500 Adamo:dcnique
1666 468 1736 493 sitne
1759 473 1804 498 per

1016 525 1108 543 vocent
1125 524 1185 550 qua:
1205 516 1230 542 in
1245 523 1355 542 sensum
1380 516 1500 545 caderet.
1521 515 1584 541 data
1598 515 1640 540 lex
1655 522 1685 540 ea
1710 521 1724 539 a
1740 513 1804 543 Deo,

1017 570 1050 588 an
1069 570 1132 588 vero
1150 562 1253 594 absque
1272 569 1337 587 voce
1362 561 1445 587 menti
1470 560 1613 594 impressa,
1631 559 1802 592 coguoscibi-

1017 608 1104 641 lisque
1122 607 1226 634 reddita
1245 616 1251 633 :
1268 614 1299 633 ac
1319 607 1432 640 proinde
1451 613 1596 633 censemus
1611 605 1659 631 has
1674 604 1804 639 quatstio-

1017 661 1065 680 nes
1079 659 1206 680 accurate
1231 652 1423 686 cxpendendas
1441 659 1501 678 esse
1519 643 1678 685 priusquam
1704 651 1737 677 de
1753 650 1805 676 illis

1017 699 1162 727 sententiis
1177 704 1248 726 recte
1267 699 1357 733 possis
1372 698 1539 725 existimare.

1053 743 1184 769 llistorirv
1201 742 1297 768 Adanti
1316 742 1390 768 ordo.
1403 757 1436 761 —
1449 741 1530 774 Igitur
1541 740 1670 767 Dominus
1687 740 1805 775 Ephrem

1016 792 1043 814 et
1057 788 1103 822 qui
1121 796 1184 814 Cllm
1203 788 1261 821 ipso
1279 788 1402 814 sentiunt
1419 787 1581 820 interpretes
1599 786 1644 812 alii
1670 785 1728 820 ipso
1744 785 1806 812 freti

1018 832 1165 867 Scriptura:
1176 838 1269 859 tenore
1283 833 1409 867 sericqtte
1424 832 1510 864 ducti,
1526 832 1619 858 dicunt
1632 831 1720 866 pritno
1735 831 1806 856 Atla-

1018 886 1091 904 mttm
1109 886 1170 905 esse
1184 878 1324 905 conditum
1338 883 1413 904 extra
1432 878 1600 912 paradisum,
1620 882 1646 903 et
1662 877 1759 903 deinde
1779 877 1806 903 in

1020 925 1179 958 paradisum
1197 924 1382 950 introductum
1400 924 1538 957 accepisse
1551 922 1631 948 abeo
1646 923 1806 949 mandatum

1017 977 1052 997 ne
1068 975 1222 996 vesceretur
1248 969 1347 996 arbore
1373 969 1559 1002 cognitionis,
1589 972 1649 1002 post
1676 967 1807 995 indidisse

1018 1015 1128 1042 nomina
1144 1015 1339 1046 animantibus,
1353 1022 1385 1041 ac
1400 1019 1463 1041 tunc
1478 1013 1585 1041 demum
1606 1012 1807 1040 coniozntatam

1018 1068 1079 1088 esse
1096 1059 1178 1086 Evazn
1202 1067 1235 1087 ex
1258 1061 1345 1094 ipsius
1365 1067 1488 1094 corpore,
1517 1064 1599 1092 atque
1616 1059 1649 1085 de
1675 1063 1809 1093 pra-cepto

1019 1106 1144 1134 edoctam
1158 1107 1191 1133 ab
1205 1106 1263 1140 ipso
1280 1104 1384 1131 Adamo
1397 1112 1463 1130 voce
1478 1103 1613 1138 ejustnodi
1639 1111 1698 1137 qui:
1720 1103 1808 1130 audiri

1019 1159 1120 1187 posset,
1135 1159 1250 1185 eamque
1269 1158 1361 1178 voccm
1383 1150 1529 1177 exaudisse
1551 1149 1679 1176 Satanam
1696 1157 1756 1176 cum
1774 1148 1808 1175 all

1020 1206 1132 1225 uxorem
1150 1198 1308 1232 loqueretur
1320 1197 1460 1227 Adatnus;
1483 1196 1572 1229 itaque
1589 1195 1717 1222 Satanam
1735 1203 1812 1221 man-

1020 1243 1075 1270 dati
1086 1243 1196 1269 tninimc
1207 1243 1344 1277 ignarum,
1357 1241 1403 1268 sed
1419 1241 1488 1268 bene
1499 1242 1639 1268 conscium
1653 1249 1809 1275 aggressum

1020 1297 1082 1316 esse
1102 1288 1196 1317 Evam.
1223 1295 1339 1322 eamque
1367 1292 1460 1321 pacate
1483 1289 1687 1321 interrogasse:
1714 1286 1810 1313 Verene

1021 1335 1088 1361 dixit
1107 1334 1174 1360 Dens
1194 1343 1202 1366 ;
1220 1333 1261 1360 Ne
1276 1334 1445 1360 comederetis
1460 1333 1492 1359 de
1509 1333 1647 1359 arboribus
1672 1333 1811 1367 paradisi!

1023 1381 1152 1407 nimirum
1167 1385 1195 1406 ttt
1210 1387 1241 1406 ca
1260 1379 1311 1406 szbi
1330 1379 1544 1413 interrogatione
1559 1378 1663 1405 aditum
1681 1378 1713 1404 ad
1727 1378 1812 1405 collo-

1023 1425 1119 1459 quium
1137 1428 1256 1458 pararet.
1267 1423 1428 1450 Theodorus
1448 1430 1511 1449 vero
1533 1427 1560 1448 et
1582 1423 1642 1456 ejus
1662 1427 1812 1449 sectatores

1025 1470 1111 1499 aiunt.
1129 1468 1211 1495 simul
1228 1468 1364 1494 Adamum
1379 1474 1440 1493 esse
1460 1467 1599 1493 conditum
1615 1471 1643 1493 et
1660 1466 1740 1493 Evam
1760 1467 1812 1501 ipsi

182 1519 313 1548 praeterea
329 1514 446 1547 pctlcsne
462 1513 587 1539 habuerit
600 1520 633 1539 au
651 1512 764 1540 minime
778 1512 821 1539 ille
841 1520 971 1548 serpens;
986 1526 1008 1554 ρ
1025 1515 1174 1542 detractam
1192 1514 1286 1540 eodem
1301 1520 1356 1546 qtto
1367 1518 1475 1539 creatus
1488 1516 1544 1538 crat
1559 1511 1629 1543 loco,
1646 1517 1726 1545 atque
1743 1513 1814 1539 hanc

183 1564 211 1586 et
228 1567 288 1593 qua:
309 1560 362 1585 huc
375 1563 499 1593 spectant
514 1559 578 1591 alia,
591 1558 695 1592 pridem
708 1561 772 1584 sunt
787 1566 802 1584 a
818 1558 897 1586 nobis
912 1559 973 1585 dili-

184 1610 278 1640 gcuter
291 1608 465 1638 pertractata.
476 1604 755 1631 Commemoravimus
764 1604 845 1630 etiam
858 1611 973 1631 cursor-

184 1657 292 1685 pcntem
308 1651 466 1678 astutiorem
484 1651 593 1682 dixerit,
612 1658 665 1676 tton
684 1650 887 1684 prudcnttorem
908 1658 973 1677 cun-

184 1698 236 1725 ctis
251 1697 344 1724 bestiis
369 1697 440 1731 agri.
469 1697 508 1724 De
529 1696 573 1723 his
594 1696 667 1723 enim
700 1696 828 1723 omnibus
848 1697 972 1731 egimus,

186 1750 246 1777 cap.
261 1743 305 1775 2-7,
321 1744 520 1778 quaestionibus
532 1744 624 1771 decem
638 1745 664 1770 in
684 1744 801 1771 medium
814 1745 973 1779 propositis.

221 1791 261 1814 An
275 1787 392 1815 Satanas
412 1789 540 1815 audiverit
557 1789 640 1815 Deum
661 1790 764 1816 Adamn
779 1791 973 1824 pra‘cipienlent

187 1842 218 1861 ne
234 1835 393 1862 commerci.
407 1849 442 1854 —
458 1834 491 1861 Et
510 1836 546 1861 ait
563 1843 667 1869 serpens
682 1836 716 1861 ad
734 1836 892 1863 mulierem:
912 1836 974 1864 Vere

187 1881 383 1913 dixitDeusme
399 1881 565 1909 comedenti:
579 1882 611 1908 de
638 1882 757 1908 omnibus
775 1882 911 1910 arboribus
926 1891 974 1917 pa-

189 1930 282 1957 radisi.
303 1930 424 1956 Dubitari
442 1934 540 1964 potest,
563 1937 597 1956 an
614 1930 733 1956 audierit
757 1930 881 1957 diabolus
897 1938 974 1957 inau-

187 1974 279 2002 datum
305 1975 453 2009 legemque.
470 1983 531 2009 quae
542 1974 613 2002 Deus
641 1975 745 2002 Adauto
770 1976 973 2009 imperaverat:

187 2028 305 2055 cumque
319 2021 430 2047 minime
446 2020 584 2054 ignoraret
599 2020 670 2054 quod
687 2028 730 2047 res
745 2026 814 2052 erat,
829 2022 928 2048 dixerit
940 2023 973 2049 ad

189 2065 318 2093 Ietninatn
337 2073 343 2091 :
369 2064 430 2091 Vere
456 2065 493 2091 ait
509 2065 576 2091 Deus
590 2085 597 2097 ,
615 2073 645 2091 ne
669 2066 845 2098 comederetis,
858 2073 922 2100 ete.,
939 2075 973 2094 an

189 2119 255 2139 vero
270 2111 412 2145 suspicans
425 2110 597 2145 modolegem
610 2111 647 2137 illi
659 2119 673 2138 a
684 2111 738 2138 Deo
748 2113 862 2146 positam
876 2112 973 2147 fuisse,

189 2157 368 2191 mulierisque
389 2156 510 2183 aniruum
535 2161 653 2189 tentans,
670 2158 714 2184 illa
733 2158 766 2184 ad
790 2158 875 2192 ipsam
892 2160 973 2186 verba

189 2204 286 2232 Iecerit
298 2204 440 2230 Dominus.
464 2203 593 2238 Ephrem,
611 2204 711 2237 aliique
727 2204 887 2238 interpretes
899 2214 974 2232 com-

190 2251 283 2286 plures
299 2254 412 2277 censent
428 2249 554 2276 Satanam
576 2250 712 2276 audivisse
729 2251 885 2277 tnatnlatum
903 2251 976 2285 quod

191 2295 297 2322 Adamo
311 2295 426 2322 dabatur
443 2303 450 2320 :
470 2295 583 2330 ejusque
600 2295 742 2322 conscium
769 2295 918 2323 accessisse
934 2297 977 2323 in-

191 2346 400 2376 terrogasseque
417 2341 545 2368 feminam
583 2341 636 2368 illis
660 2341 752 2368 verbis
780 2349 786 2368 :
813 2341 911 2368 Verene
938 2342 976 2368 ait

192 2387 275 2421 Deus,
294 2392 359 2420 etc.,
376 2395 431 2421 quo
446 2394 495 2421 per
508 2394 566 2413 eam
592 2387 834 2422 interrogationem
862 2387 912 2414 sibi
929 2395 977 2414 ca-

191 2437 281 2467 ptaret
293 2432 466 2466 colloquendi
479 2439 584 2458 ansam.
594 2431 760 2459 Pliiloxenus
777 2439 840 2458 vero
851 2436 878 2459 et
889 2431 979 2459 Theo-

193 2479 277 2506 dorus
292 2478 471 2505 Nestorianus
485 2478 614 2512 multique
627 2485 689 2504 cum
706 2477 749 2504 bis
760 2478 804 2504 alii
815 2477 905 2505 dicere
920 2485 979 2505 ma-

192 2524 264 2556 lunt,
276 2525 404 2551 Satanam
421 2529 474 2550 non
491 2522 610 2550 audiisse
626 2522 710 2556 legem
725 2522 788 2548 dum
805 2522 910 2549 Adamn
925 2524 975 2549 im~

195 2570 358 2603 ponebatur,
375 2569 422 2596 sed
445 2568 602 2602 conjectura
627 2572 709 2601 atque
725 2567 881 2602 suspicione
908 2577 978 2603 prae-

193 2616 301 2649 scriptre
313 2615 464 2649 cujuspiam
482 2614 552 2648 legis
563 2614 683 2644 ductum.
699 2614 840 2640 mulierem
850 2615 974 2641 adortum

194 2669 256 2690 esse
272 2667 301 2688 ut
315 2668 347 2688 ex
363 2668 395 2688 ea
421 2660 585 2693 interrogata
611 2659 727 2686 disceret
742 2660 894 2694 qualisnam
924 2661 977 2688 lata

232 2722 253 2737 "
266 2721 336 2748 Psal.
356 2727 375 2751 t,
393 2720 414 2745 l.

222 2767 279 2803 (ΞΟ)
300 2767 385 2794 Caute
407 2765 482 2803 lege,
498 2772 560 2803 nam
587 2763 671 2803 Adam
699 2771 751 2803 pop
774 2764 867 2803 habuit
881 2773 981 2803 corpus

197 2799 343 2838 glorior.qu
361 2806 389 2838 ut
414 2799 526 2838 beatinin
551 2800 636 2833 patria
661 2799 707 2838 sed
732 2799 980 2838 l'orsan_intelligito

197 2834 298 2866 Eanum
317 2836 380 2864 illud
396 2835 567 2869 splendidum
584 2838 673 2862 status
694 2834 865 2870 innocentiae,
881 2834 936 2872 quo
944 2844 974 2863 ex

1024 1568 1078 1587 una
1095 1561 1157 1587 inde
1174 1560 1200 1586 in
1223 1559 1377 1593 paradisum
1394 1565 1455 1584 cum
1483 1557 1528 1584 illo
1553 1564 1613 1583 esse
1638 1557 1811 1589 s:.bdottanr,

1026 1614 1134 1642 unaque
1148 1607 1234 1641 legem
1253 1605 1390 1639 accepisse
1412 1604 1446 1630 ab
1461 1604 1520 1638 ipso
1543 1602 1613 1635 Deo;
1633 1610 1684 1629 non
1701 1603 1809 1637 quidem

1024 1661 1090 1682 Voce
1110 1661 1170 1688 quae
1196 1651 1323 1679 audiendi
1353 1658 1464 1678 sensum
1495 1654 1626 1682 moveret,
1655 1650 1749 1683 latam,
1764 1652 1811 1678 sed

1024 1699 1109 1726 menti
1125 1699 1246 1733 ipsorum
1261 1698 1420 1730 impressam
1433 1696 1679 1730 consignatantque
1691 1697 1809 1731 quodam

1025 1743 1208 1781 cognoscendi
1227 1742 1318 1768 modo.
1342 1741 1409 1768 Nam
1426 1741 1506 1768 simul
1523 1742 1629 1776 uttiqtte
1648 1742 1731 1777 legem
1743 1742 1814 1769 hanc

1025 1791 1203 1826 imperavisse
1232 1789 1326 1821 Deum,
1343 1789 1384 1816 vel
1409 1789 1472 1816 inde
1495 1797 1524 1816 se
1545 1790 1723 1824 comprobare
1745 1791 1813 1817 satis

1024 1845 1105 1872 possc
1118 1841 1225 1872 putant,
1238 1836 1313 1870 quod
1331 1837 1463 1872 scriptum
1482 1837 1538 1863 sit:
1558 1836 1706 1863 Mmculum
1725 1843 1748 1863 et
1774 1838 1812 1871 fc-

1025 1884 1123 1911 mittam
1137 1884 1233 1910 crearit
1250 1891 1311 1916 eos;
1329 1883 1413 1910 item:
1426 1883 1605 1910 Dominamini
1622 1884 1740 1917 piscibus
1756 1893 1812 1909 nta-

1025 1931 1073 1964 ris,
1093 1936 1117 1958 et
1134 1930 1284 1957 volucribus
1298 1930 1365 1962 ca’li,
1385 1937 1447 1963 qua:
1474 1929 1571 1963 plurali
1602 1937 1714 1956 numero
1740 1929 1812 1956 dicta

1024 1981 1099 2005 sunt.
1116 1976 1260 2008 Prwterea,
1277 1975 1340 2010 quia
1354 1976 1407 2002 Eva
1424 1977 1459 2001 ob
1473 1974 1587 2001 fractam
1616 1975 1701 2009 legem
1727 1975 1813 2008 magis

1025 2024 1107 2050 etiam
1123 2023 1286 2056 culpabalttr
1299 2029 1381 2056 quam
1396 2019 1812 2054 Adam.Ncqtteveroabsutdum

1024 2075 1076 2102 est,
1089 2070 1112 2097 si
1132 2069 1190 2097 haec
1210 2074 1256 2096 aut
1270 2069 1313 2095 illa
1332 2075 1392 2102 qua:
1408 2067 1440 2094 ad
1457 2066 1590 2093 Adamutn
1613 2066 1692 2093 modo
1707 2066 1814 2092 loculus

1025 2115 1112 2142 videri
1126 2119 1215 2149 porest
1230 2114 1314 2146 Deus,
1327 2120 1358 2140 ea
1374 2112 1425 2140 sub
1440 2111 1503 2138 Athe
1516 2119 1630 2146 persona
1658 2111 1690 2138 ad
1708 2115 1814 2137 utrum-

1028 2168 1081 2195 que
1105 2161 1226 2194 ipsorum
1245 2159 1316 2186 dicta
1339 2163 1477 2192 putemus.
1504 2156 1570 2183 Nam
1591 2157 1662 2191 quod
1682 2159 1813 2191 scriptum

1028 2206 1110 2232 estin
1137 2205 1270 2232 Psalmo:
1295 2203 1391 2230 Beatus
1417 2203 1455 2229 vir
1473 2203 1517 2236 qui
1538 2210 1587 2228 non
1615 2201 1758 2227 ambulavit
1787 2202 1814 2227 in

1026 2250 1069 2277 ria
1085 2250 1227 2283 impiorum
1245 2249 1283 2282 ";
1301 2248 1423 2282 proiecto
1441 2247 1473 2273 atl
1491 2251 1637 2280 utrumque
1654 2254 1747 2273 setunt
1762 2247 1815 2274 sub

1027 2295 1115 2322 solius
1129 2294 1181 2320 viri
1195 2293 1306 2321 nomine
1321 2296 1439 2327 spectat.
1455 2291 1487 2318 Et
1502 2300 1561 2326 qua:
1576 2292 1603 2318 itt
1620 2291 1816 2319 ecclesiasticis

1028 2341 1152 2368 consiliis
1169 2339 1350 2373 canibusque,
1367 2339 1401 2366 de
1416 2338 1483 2365 viris
1505 2339 1690 2372 di5ceptauzus
1711 2337 1816 2364 consti-

1030 2386 1196 2419 tuimusque,
1213 2392 1278 2411 sane
1305 2384 1339 2410 ad
1365 2383 1481 2410 leminas
1507 2390 1540 2410 cx
1566 2390 1644 2416 :cquo
1669 2382 1818 2416 pertinent.

1029 2432 1162 2460 Caeterum
1190 2430 1263 2465 quod
1288 2437 1340 2456 non
1364 2437 1429 2456 voce
1455 2428 1577 2456 exaudiri
1605 2432 1711 2463 posset,
1736 2427 1816 2454 latam

1029 2486 1089 2505 esse
1109 2479 1194 2511 legent
1210 2477 1306 2508 aiunt;
1325 2476 1371 2502 sed
1390 2475 1508 2510 quodam
1538 2473 1711 2500 revelatiouis
1737 2473 1819 2500 modo

1031 2524 1182 2551 immissam
1198 2523 1225 2549 in
1247 2522 1366 2556 ipsorum
1396 2521 1514 2553 animos,
1544 2520 1635 2547 simile
1647 2527 1708 2547 esse
1724 2520 1819 2546 dicunt

1033 2571 1087 2598 illis
1101 2571 1166 2597 visis
1178 2577 1238 2604 qua:
1254 2569 1395 2604 prophetis
1408 2572 1551 2602 apparent.
1566 2565 1633 2593 Nam
1653 2565 1734 2594 simul
1748 2565 1820 2592 indi-

1034 2621 1088 2644 tam
1107 2616 1190 2643 iuisse
1205 2615 1314 2642 illorum
1334 2613 1472 2641 utentibus
1489 2612 1541 2638 vim
1555 2611 1700 2646 quamdam
1717 2609 1817 2637 intelli-

1034 2663 1152 2699 genuine
1160 2661 1242 2688 veluti
1250 2659 1371 2687 intuendi
1379 2663 1459 2692 atque
1469 2658 1504 2684 ita
1510 2663 1585 2684 certo
1593 2655 1776 2692 cognoscendi
1785 2655 1812 2682 id

1033 2769 1157 2796 nuditate
1176 2763 1442 2806 corporutnutullus
1459 2763 1602 2791 oriebatur
1617 2761 1718 2794 rubor,
1737 2758 1818 2795 quale

1032 2811 1143 2839 quoque
1159 2803 1252 2830 crit‘in
1269 2803 1366 2836 patria.
