2027 3077
222 123 272 156 5ῐ1

861 121 975 151 MOSIS
995 121 1068 150 ΒΑΗ
1089 120 1209 151 CEPIH

1791 121 1845 152 5’2

224 180 297 216 quod
311 180 490 215 jubebantur,
505 179 577 207 nulla
599 178 784 206 intercedente
802 184 867 204 voce
888 185 948 211 qua:
959 184 1008 203 au-
1020 177 1045 207 Α
1059 175 1193 203 Nimirum
1212 179 1240 202 ιιι
1262 176 1389 210 princeps
1405 176 1474 202 solet
1490 184 1543 203 non
1564 176 1644 203 facile
1662 180 1742 211 atque
1758 179 1847 206 amice

223 227 315 255 diendi
338 234 448 254 sensum
469 229 606 256 moveret;
627 232 689 252 cum
707 231 829 257 serpens,
848 222 956 257 quando
978 222 1011 248 de

223 274 282 308 lege
300 273 353 299 lata
382 272 574 305 interrogabat,
594 277 733 304 perperam
759 269 816 303 ipsa
834 268 900 303 legis
929 268 1010 295 verba

224 318 360 350 retulerit,
381 317 507 344 nimirum
519 316 582 350 quia
600 322 654 342 non
671 316 756 349 legem
773 314 858 348 ipsam
876 313 1010 346 auditam,

224 371 285 390 cum
303 364 427 393 ferretur,
456 362 574 393 tenebat,
588 361 634 387 sed
663 359 815 394 suspiciens
841 359 1012 394 conjectabat

225 410 318 440 modo,
334 413 365 436 ut
378 408 424 442 qui
438 415 499 434 cum
516 407 620 433 videret
640 406 786 432 animantia
802 406 901 439 passim
917 412 1013 440 capere

223 454 365 487 pabulum,
384 451 516 478 Adamum
528 458 592 477 vero
603 451 743 484 Evamque
758 450 807 476 etsi
819 457 932 484 corpore
947 457 1012 477 con-

222 503 327 524 starent
340 517 348 528 ,
365 497 486 524 nondum
503 501 593 523 tamen
604 496 688 527 vesci,
707 495 787 522 facile
801 496 906 522 venerit
923 496 948 522 in
965 503 1013 523 su-

223 542 383 576 Spicionem,
417 541 580 575 imperatam
599 540 642 567 his
659 547 719 566 esse
745 539 831 574 legem
854 541 1011 574 quampiam

223 594 276 621 qua
312 586 436 612 vescendi
472 586 569 612 modus
607 585 706 619 aliquis
729 589 801 612 esset
827 586 1010 620 prarseriptus.

225 631 273 657 His
287 638 352 664 ergo
366 630 533 657 inducuntur
550 630 594 656 isti
619 630 783 658 rationibus.
800 635 826 656 ut
840 635 934 664 putent
961 630 1013 657 dae—

224 683 333 703 monem
351 676 474 710 ignarum
493 675 626 706 mandati,
646 675 787 702 mulierem
803 675 846 702 illa
865 676 1013 710 interroga-

225 721 297 748 tione
309 729 370 748 csse
395 721 534 752 adortum,
553 721 624 755 quod
645 728 678 747 ex
697 721 755 753 ipsa
782 721 867 755 legem
885 721 1011 752 disceret,

225 774 312 801 caque
328 767 448 802 cognita,
469 770 496 793 et
516 766 549 793 iis
570 766 671 800 quibus
700 767 831 800 imperata
849 771 907 793 erat
923 771 949 793 et
961 767 1011 801 ipsi

224 813 370 847 lcgislatori
390 813 543 840 iusultaret.
568 812 632 840 Esto
654 818 745 840 autem
772 813 905 847 judicium
930 821 1011 847 penes

224 859 457 890 lectorem,utram
471 859 566 886 harum
579 859 695 886 duarum
706 859 860 894 opinionem
871 859 1012 894 approbet;

224 907 314 938 pet-st
325 904 396 930 enim
408 904 434 930 in
447 905 549 931 tttravis
562 905 746 939 acquiescere.
757 904 890 932 Caeterum
904 905 1012 932 Saturne

224 949 306 977 ve.ba
331 949 375 976 illa
397 950 423 976 in
444 949 503 984 ipso
529 950 620 977 statim
639 950 752 978 exordio
766 971 774 984 ,
797 951 843 978 Dei
860 951 949 978 verbis
967 951 1013 977 ad-

225 1001 387 1028 versantur;
408 996 550 1023 mandarat
565 998 636 1023 enitn
661 997 733 1023 Deus
748 997 812 1023 Adze
835 1002 917 1032 atqtte
935 996 1012 1024 uxori

225 1048 255 1070 ut
267 1043 300 1070 de
313 1043 442 1070 omnibus
457 1043 602 1071 arboribus
623 1044 742 1079 paradisi
759 1049 933 1072 vescerentur
945 1044 1013 1079 (2|),

225 1088 273 1115 sed
286 1088 319 1115 de
335 1089 392 1115 sola
410 1088 507 1116 arbore
520 1089 640 1116 scientia!
657 1089 719 1116 boni
735 1095 761 1116 et
775 1090 837 1116 ntali
855 1097 908 1116 non
922 1097 1015 1117 vesce-

225 1137 329 1161 rentur.
360 1134 394 1160 At
415 1134 460 1161 ille
477 1139 571 1161 contra
590 1143 598 1161 :
619 1133 682 1161 Vere
694 1135 804 1170 (inquit)
831 1135 897 1161 dixit
914 1134 982 1162 Delta
1000 1142 1008 1161 :

226 1177 269 1205 Ne
284 1179 316 1205 de
344 1179 482 1206 arboribus
515 1179 635 1214 paradisi
661 1181 906 1214 reiceremini,qua:
929 1181 1016 1207 oratio

229 1232 342 1260 prorsus
357 1233 418 1253 cum
441 1225 488 1252 Dei
504 1226 628 1253 oratione
644 1232 757 1261 pugnat.
776 1225 889 1253 Videtur
906 1234 970 1254 vero
986 1227 1014 1253 in

227 1271 288 1306 ipso
317 1271 453 1298 sermonis
480 1272 559 1298 initio
584 1272 690 1298 damnon
717 1273 776 1299 ideo
805 1272 887 1299 verba
910 1281 958 1300 sua
983 1273 1014 1300 ad

227 1317 330 1344 multas
360 1317 471 1344 arbores
502 1317 678 1349 extendisse,
705 1322 735 1344 ut
760 1318 933 1345 occasionem
963 1318 1015 1345 sibi

227 1366 400 1396 compararet
419 1361 444 1387 in
463 1368 610 1396 progressu
625 1369 706 1387 unatn
722 1361 794 1388 illam
809 1362 920 1389 vetitam
933 1363 1015 1389 arbo-

227 1414 284 1433 rcm
303 1406 500 1433 calumniandi.
518 1406 584 1433 Nam
604 1407 683 1441 cujus
698 1407 788 1434 studia
816 1407 841 1433 iu
859 1408 1015 1435 universum

227 1452 318 1479 omnia
339 1452 463 1486 improba
478 1457 542 1479 sunt
565 1457 649 1486 atque
667 1460 806 1486 pet-vena,
822 1453 893 1480 haud
915 1454 1014 1480 mirum

228 1504 270 1525 est
286 1499 307 1525 si
320 1499 354 1525 ab
370 1498 547 1532 improbitate
569 1499 728 1532 auspicetur
746 1507 752 1526 :
770 1499 802 1525 Et
823 1500 859 1526 ait
872 1500 965 1527 mulier
981 1500 1015 1526 ad

225 1550 369 1577 serpentem
387 1551 395 1570 :
410 1543 447 1570 De
462 1543 593 1578 fructibus
607 1543 731 1570 arborum
754 1545 877 1577 paradisi
897 1545 1014 1571 omnium

225 1590 397 1621 comedimus,
407 1590 437 1616 de
454 1589 585 1623 fructibus
602 1589 705 1616 arboris
729 1598 785 1624 qua:
814 1595 853 1617 est
887 1591 914 1616 in
935 1591 1016 1617 medi-

226 1633 303 1660 tullio
318 1633 441 1667 paradiai
456 1634 524 1659 dixit
543 1633 613 1660 Dens
631 1641 640 1660 :
660 1633 700 1661 Ne
717 1634 802 1661 edatis
823 1635 854 1662 de
874 1644 915 1668 ca,
935 1643 1015 1670 neque

228 1679 342 1712 tangatis
356 1686 425 1710 eam,
437 1686 467 1704 ne
482 1679 640 1705 moriamini.
655 1678 725 1712 Non,
740 1681 837 1715 inquit,
854 1688 870 1708 ο
884 1689 1006 1716 serpens,

227 1722 298 1756 jossi
313 1730 410 1749 sumus
425 1723 459 1748 ab
473 1723 600 1749 onmibus
616 1725 755 1751 abstinere
767 1726 923 1758 arboribus,
942 1731 971 1753 ut
987 1731 1015 1754 tu

229 1767 333 1798 dixisti,
360 1768 406 1794 sed
432 1767 466 1794 ab
478 1775 531 1794 una
556 1769 613 1795 sola
641 1777 702 1804 qua:
728 1770 755 1797 in
784 1772 901 1806 paradisi
925 1773 1017 1800 medio

230 1817 339 1845 exstat;
366 1812 612 1848 interminatusmte
639 1819 680 1842 est
702 1816 781 1843 nobis
807 1816 877 1844 Detts
894 1817 1015 1845 futurum

230 1862 261 1885 ut
275 1858 438 1891 moriamur,
456 1858 480 1885 si
498 1859 530 1886 de
549 1859 600 1886 hac
611 1860 758 1889 ederimus.
773 1862 905 1890 Cancrum
922 1864 1018 1890 existi-

231 1904 361 1931 mandum
382 1909 433 1937 est,
452 1905 594 1933 mulierem
611 1914 665 1933 non
679 1907 760 1934 modo
773 1909 898 1938 arborem
916 1909 941 1936 in
960 1917 1016 1937 me-

228 1949 274 1978 dio
302 1950 380 1978 sitam
410 1951 539 1986 paradiso
563 1952 634 1987 apud
665 1958 819 1987 serpentem
850 1954 1016 1988 nominasse,

231 1995 278 2023 sed
294 1996 432 2023 addidisse
446 1997 540 2029 etiam,
557 1998 676 2024 scientia:
690 1998 751 2025 ὑοιιί
774 2003 798 2025 et
823 2000 898 2032 mali,
913 2001 1019 2028 tametsi

230 2041 283 2067 hoc
299 2039 388 2069 Moses
408 2043 589 2076 praeterierit;
615 2043 745 2070 credibile
766 2045 838 2071 enim
854 2050 905 2078 est,
931 2046 1017 2080 ipsum

230 2085 352 2112 mandati
365 2087 447 2113 verba
463 2087 554 2114 omnia
570 2087 708 2121 recitasse,
722 2089 792 2115 inter
804 2097 864 2123 quae
880 2090 960 2116 etiam
974 2090 1018 2117 illa

231 2136 295 2159 sunt
310 2131 362 2159 :Et
376 2133 411 2158 ait
429 2140 536 2167 serpens
548 2133 582 2159 ad
599 2133 823 2160 mulieremu’t’ou
839 2140 947 2162 mortem
966 2144 1022 2162 mo~

230 2178 346 2208 riemiui,
356 2178 400 2204 sed
412 2178 482 2204 novit
492 2178 562 2205 Deus
571 2180 640 2213 quod
648 2187 698 2213 quo
707 2179 748 2206 die
756 2180 860 2207 eduritis
870 2180 900 2207 de
908 2190 949 2214 ea,
961 2190 1022 2216 ape-

231 2224 334 2250 rientur
343 2224 412 2250 oculi
426 2227 517 2258 uestri,
535 2230 560 2252 et
575 2226 649 2252 eritis
663 2226 730 2252 sicut
741 2226 779 2252 dii
792 2227 901 2253 scientes
921 2228 981 2255 boni
997 2233 1021 2254 et

232 2268 306 2295 mali.
322 2269 389 2295 Cum
409 2269 447 2296 ait
466 2277 593 2304 serpens;
604 2269 666 2296 Non
679 2275 760 2296 morte
775 2272 933 2305 moriemini,
945 2273 1025 2299 audet

233 2314 281 2342 Dei
294 2315 408 2342 verbum
425 2321 614 2349 contemnere,
633 2316 750 2351 falsique
766 2324 880 2352 arguere
895 2326 902 2344 :
919 2318 1024 2345 dixerat

232 2362 306 2389 enim
322 2361 367 2389 ille
383 2362 532 2391 morituros
547 2363 601 2390 nisi
619 2363 654 2390 ab
670 2363 716 2390 illa
730 2364 827 2391 arbore
844 2364 1020 2396 abstinerent,

231 2413 259 2435 et
283 2408 364 2435 simul
383 2408 527 2436 submovet
553 2413 656 2436 metum
676 2409 774 2436 mortis
794 2416 848 2443 quo
871 2409 906 2436 ab
922 2416 954 2436 ea
971 2417 1022 2444 gu-

232 2454 328 2481 standa
343 2453 383 2481 illi
402 2454 588 2491 abstinebant.
614 2454 720 2482 Caetera
745 2455 827 2481 verba
843 2462 875 2482 eo
890 2459 1022 2489 spectant,

232 2503 262 2526 ut
284 2500 448 2534 persuadeat
471 2501 556 2528 Deum
581 2509 630 2536 per
647 2501 781 2529 invidiam
796 2510 828 2529 ea
853 2502 907 2530 illis
926 2502 1024 2529 arbore

233 2546 425 2581 interdixisse;
441 2555 538 2582 nempe
550 2555 586 2576 ne
599 2547 636 2575 dii
651 2547 756 2581 tierent,
767 2548 856 2583 qualis
869 2548 927 2583 ipse
940 2551 1022 2575 esset.

269 2636 292 2652 "
309 2635 360 2664 Job
385 2644 404 2670 I,
426 2637 470 2671 Η,
493 2637 536 2665 Η.

271 2715 327 2750 (2|)
345 2714 480 2750 Superius
493 2720 589 2743 auctor
607 2715 690 2744 citat:
705 2715 747 2743 Ne
760 2716 792 2743 de
809 2717 930 2745 omnibus
947 2718 1026 2745 arbo-

234 2749 307 2810 Ειῗω
321 2749 451 2784 paradisi,
467 2755 534 2784 etc.,
549 2758 610 2779 eum
624 2750 702 2786 signo
721 2751 880 2785 universali,
900 2757 927 2780 ut
939 2757 980 2780 est
993 2752 1021 2780 in

260 2791 275 2810 c
285 2792 358 2812 meo.

271 2818 327 2854 (22)
351 2819 480 2853 Verbum,
499 2818 547 2847 Sat
573 2820 649 2856 Syris
672 2825 699 2851 et
719 2822 853 2850 Chaldaeis
876 2823 1022 2858 signiﬁcat,

1063 220 1134 248 ferre
1149 221 1268 255 aequales
1283 229 1349 248 suos
1362 221 1510 256 principes,
1526 222 1562 248 ita
1577 228 1666 255 neque
1683 220 1765 248 Deum
1780 221 1847 249 deos

1062 267 1117 302 pati
1131 267 1199 294 alios
1213 274 1312 301 posse;
1328 271 1458 301 praeterea
1473 270 1502 293 ut
1524 266 1619 293 incitet
1635 265 1666 292 ad
1680 267 1845 294 vescendum

1063 313 1146 340 vetito
1162 313 1262 344 fructu,
1283 313 1360 347 quasi
1377 312 1449 340 dicat
1466 321 1473 340 :
1490 312 1549 340 Non
1572 312 1653 339 modo
1669 320 1723 339 non
1749 314 1843 340 morie-

1063 359 1140 390 mini,
1163 366 1255 385 verum
1279 359 1360 385 etiam
1381 359 1527 392 plurimum
1546 358 1686 390 crescetis,
1705 358 1803 392 quippe
1820 359 1846 385 in

1063 403 1128 430 deos
1143 404 1251 431 evasuri
1275 404 1362 439 qualis
1386 404 1430 431 ille
1445 404 1570 432 conditor
1595 408 1688 431 vester
1711 410 1763 431 est.
1780 403 1846 431 Nam

1063 449 1090 476 in
1114 449 1173 484 ipso
1196 449 1296 482 fluctu,
1312 450 1437 484 interque
1451 457 1541 476 ramos
1564 450 1638 477 illius
1659 450 1766 477 arboris
1783 450 1848 477 latet

1067 494 1218 522 divinitatis
1243 495 1296 527 vis,
1314 495 1350 522 ita
1375 498 1404 521 ut
1427 494 1552 529 quisquis
1573 500 1708 527 vescatur,
1732 495 1776 522 ille
1798 502 1849 531 pro

1063 539 1114 566 deo
1128 540 1184 571 ﬂat,
1200 540 1318 574 bonique
1334 547 1365 567 ac
1380 540 1442 566 mali
1457 548 1567 574 gnarus.
1582 539 1634 566 Per
1648 541 1743 567 oculos
1757 546 1846 567 autem

1064 585 1235 618 aperiendos,
1260 585 1423 619 cognitionis
1448 593 1573 618 acumen,
1601 586 1848 620 perspicacitatem,

1064 635 1145 664 atque
1171 629 1235 657 b0ni
1263 630 1381 665 malique
1399 630 1593 664 experientiam
1619 630 1769 665 polliCetur.
1796 631 1848 658 De-

1063 678 1146 711 nique
1161 677 1232 711 quod
1257 677 1322 703 deos
1347 675 1416 709 fore,
1435 684 1548 703 numero
1572 676 1765 707 multitttdinis,
1784 684 1849 711 pro-

1063 721 1163 754 mittit;
1186 721 1240 748 huc
1264 721 1340 754 facit,
1357 726 1386 748 ut
1404 721 1525 756 ipsorum
1552 721 1650 749 animis
1667 722 1770 749 inserat
1787 723 1848 756 opi-

1065 768 1186 798 nionem.
1209 775 1262 794 non
1290 768 1438 794 maximum
1465 774 1566 794 numen
1592 774 1652 794 esse
1676 775 1738 794 cum
1763 767 1847 794 Deum

1065 814 1111 848 qui
1128 821 1161 840 ne
1179 813 1211 840 de
1229 813 1326 840 arbore
1344 813 1387 839 illa
1401 813 1522 844 ederent,
1539 812 1728 839 interminatus
1748 812 1847 845 fuerat,

1066 860 1112 887 sed
1128 867 1189 886 esse
1208 859 1289 886 etiam
1316 859 1381 886 deos
1400 859 1469 886 alios
1492 859 1530 885 illi
1555 866 1644 893 pares.
1670 858 1802 885 Praeterea
1820 863 1850 886 ut

1065 905 1216 940 improbam
1238 905 1312 931 illam
1337 904 1578 935 existimationem,
1601 912 1682 939 quam
1705 909 1778 931 esset
1799 905 1850 930 ali-

1066 952 1173 986 quando
1188 951 1314 986 gentibus
1333 958 1523 985 persuasurus,
1539 951 1692 985 complures
1707 951 1772 978 deos
1789 958 1850 978 esse

1067 998 1094 1023 in
1110 997 1194 1029 orbe;
1210 997 1242 1023 ab
1257 997 1316 1031 ipso
1328 996 1420 1024 statim
1437 996 1525 1028 initio,
1542 997 1692 1030 primorum
1707 1001 1848 1031 parentum

1067 1045 1178 1071 auribus
1192 1044 1346 1076 instillaret,
1358 1048 1438 1078 atque
1452 1043 1487 1070 ita
1502 1043 1535 1070 ad
1548 1050 1628 1070 omne
1653 1043 1752 1069 malum
1765 1051 1850 1077 genus

1067 1090 1216 1116 humanum
1242 1093 1386 1116 at'ettct‘et.
1413 1088 1583 1123 Quapropter
1609 1094 1680 1115 recte
1704 1088 1848 1115 admodum

1069 1135 1183 1162 Satanas
1209 1135 1254 1162 illo
1285 1135 1366 1161 etiam
1392 1134 1518 1161 diabolus
1543 1133 1599 1168 (22)
1622 1137 1663 1159 est
1687 1133 1850 1167 appellatus.

1069 1181 1186 1209 Satanas
1209 1181 1332 1215 quidem,
1354 1184 1380 1207 et
1404 1180 1466 1215 quia
1491 1180 1549 1214 ipse
1578 1187 1593 1206 a
1612 1178 1666 1206 Deo
1685 1181 1807 1210 recessit,
1823 1183 1850 1205 et

1067 1227 1130 1261 quia
1166 1226 1294 1253 mortales
1323 1225 1408 1253 aDeo
1431 1224 1542 1252 abdmit
1579 1229 1609 1251 ut
1637 1228 1774 1251 sectentur
1803 1231 1852 1250 eos

1067 1270 1114 1305 qui
1135 1271 1202 1297 iram
1228 1270 1354 1304 pariant;
1375 1270 1499 1297 diabolus
1521 1277 1596 1302 vero,
1614 1269 1665 1296 hoc
1678 1274 1729 1299 est,
1746 1269 1852 1296 calum-

1068 1316 1167 1347 niator,
1192 1316 1256 1350 quia
1279 1315 1364 1342 Deum
1382 1323 1429 1350 per
1448 1315 1612 1343 calumniam
1635 1315 1762 1349 culpabat
1779 1315 1851 1349 apud

1068 1360 1202 1387 Adamum
1215 1365 1242 1388 et
1257 1360 1350 1394 Evam,
1365 1361 1443 1396 quasi
1459 1368 1508 1395 per
1520 1368 1630 1388 causam
1643 1361 1751 1388 invidia:
1768 1361 1853 1388 inter-

1072 1406 1204 1432 minatutn
1237 1414 1271 1433 ne
1295 1406 1329 1433 de
1354 1406 1450 1433 arbore
1476 1406 1521 1433 illa
1555 1411 1712 1441 gustarem;
1736 1411 1763 1434 et
1789 1406 1852 1441 quia

1069 1453 1190 1479 vicissim
1219 1452 1343 1479 homines
1360 1452 1478 1479 traducit
1504 1452 1573 1487 apud
1600 1451 1694 1483 Deum,
1712 1456 1741 1478 ut
1755 1451 1788 1478 de
1802 1450 1853 1478 Job

1070 1497 1201 1531 scriptum
1216 1502 1314 1525 exstat.
1332 1498 1368 1524 De
1383 1498 1436 1524 hoc
1447 1497 1518 1524 enim
1534 1498 1573 1524 sic
1587 1498 1656 1532 apud
1674 1497 1758 1524 Deum
1773 1497 1853 1524 verba

1069 1544 1186 1570 faciebat
1201 1551 1207 1569 :
1224 1542 1344 1570 Extende
1362 1551 1470 1570 manum
1486 1547 1570 1576 tuam,
1595 1548 1619 1569 et
1644 1548 1721 1578 tange
1747 1551 1852 1570 carnem

1068 1590 1161 1624 ipsius,
1182 1597 1244 1615 num
1262 1590 1288 1616 in
1311 1589 1406 1624 [aciem
1429 1595 1501 1616 tuam
1523 1589 1663 1616 maledicat
1683 1589 1731 1615 tibi
1745 1589 1789 1616 "‘2
1804 1589 1855 1616 De-

1070 1635 1151 1670 nique
1163 1636 1226 1669 quia
1243 1635 1405 1670 persuadere
1419 1635 1580 1662 mortalibus
1596 1635 1700 1662 laborat
1715 1634 1767 1662 Deo
1780 1635 1854 1669 ipsas

1068 1687 1141 1707 cura:
1153 1688 1206 1706 non
1220 1687 1293 1706 esse.
1304 1679 1372 1707 Cum
1387 1680 1428 1706 lex
1442 1680 1532 1707 omnis
1545 1685 1592 1706 aut
1607 1681 1638 1706 ad
1653 1679 1854 1714 prohibendum

1069 1729 1221 1760 peccatum,
1234 1731 1280 1752 aut
1291 1725 1324 1752 ad
1337 1726 1546 1759 pt'mnovcndam
1558 1725 1690 1761 justitiam
1705 1726 1853 1759 pertineat;

1070 1776 1152 1806 atque
1175 1772 1216 1799 vel
1239 1772 1384 1798 formidine
1400 1779 1486 1807 paenae
1501 1780 1560 1807 qua:
1581 1772 1791 1803 rebellantibus,
1813 1771 1856 1798 vel

1070 1824 1117 1852 spe
1138 1816 1242 1850 praemii
1261 1817 1333 1850 quod
1352 1817 1510 1850 parentibus
1535 1816 1716 1850 prrestitutunt
1738 1820 1789 1848 est,
1807 1816 1856 1842 ob-

1069 1866 1206 1889 survetur.
1237 1862 1355 1895 Serpens
1374 1862 1435 1894 iste,
1459 1862 1509 1889 hoc
1523 1866 1564 1889 est
1580 1861 1714 1894 diabolus,
1732 1869 1765 1888 eo
1783 1861 1856 1895 quod

1068 1909 1105 1935 ait
1122 1917 1129 1935 :
1143 1907 1203 1934 Non
1219 1907 1365 1934 moriemini
1381 1907 1463 1934 etiam
1479 1908 1501 1933 si
1516 1907 1638 1939 ederitis,
1656 1915 1740 1941 paeane
1756 1912 1856 1934 metum

1070 1954 1232 1981 submovere
1248 1958 1373 1986 conatur,
1387 1960 1442 1988 quo
1458 1953 1494 1979 illi
1510 1953 1722 1988 prohibebantur
1736 1962 1750 1979 a
1767 1957 1856 1979 trans-

1073 1999 1220 2034 grediendo
1241 1999 1326 2033 legem
1352 1999 1409 2025 Dei.
1425 1999 1530 2026 ltursus
1554 2000 1618 2026 dum
1643 1999 1719 2026 addit
1739 2007 1747 2024 :
1773 1998 1857 2024 Erilis

1071 2045 1139 2072 sicut
1164 2045 1214 2077 dii,
1241 2046 1365 2072 maximae
1387 2044 1468 2071 etiam
1495 2044 1628 2071 mercedis
1645 2051 1691 2079 spe
1715 2044 1806 2076 lactat,
1833 2044 1857 2070 si

1073 2097 1215 2118 vescantur
1239 2087 1373 2118 fructibus
1390 2099 1404 2116 a
1422 2092 1476 2118 Deo
1493 2091 1593 2118 vetitis.
1611 2091 1659 2118 Est
1674 2098 1737 2117 vero
1760 2091 1858 2117 existi-

1072 2138 1199 2164 mandum
1217 2137 1300 2164 Evam
1316 2145 1403 2172 neque
1424 2137 1460 2164 ita
1475 2137 1614 2171 aCCcpisse
1628 2137 1708 2163 verba
1725 2136 1859 2170 serpentis

1040 2192 1060 2219 ο
1075 2182 1133 2208 sive
1147 2181 1262 2214 diaboli,
1278 2185 1407 2215 tanquatn
1426 2188 1486 2215 quae
1499 2181 1631 2215 disputari
1647 2185 1776 2214 possent;
1791 2180 1860 2206 alio-

1076 2227 1122 2261 qui
1137 2227 1210 2253 enint
1229 2226 1322 2253 multis
1334 2226 1370 2253 illi
1383 2227 1481 2258 modis,
1494 2231 1541 2252 aut
1556 2233 1611 2252 uno
1622 2226 1716 2252 saltem
1731 2226 1859 2260 quopiam

1078 2273 1300 2307 respondissent;
1315 2280 1403 2306 neque
1416 2280 1512 2300 rursus
1523 2280 1572 2299 ceu
1584 2271 1667 2298 dubia
1680 2276 1707 2298 et
1721 2272 1858 2306 ambigua,

1077 2325 1139 2344 nam
1155 2318 1191 2344 ita
1211 2325 1318 2352 quoque
1333 2325 1389 2344 non
1400 2318 1532 2346 defuisset
1548 2318 1599 2352 ipsi
1616 2318 1688 2351 quod
1710 2322 1804 2344 contra
1819 2318 1861 2344 di-

1076 2367 1166 2396 ceret;
1186 2363 1318 2397 potuisset
1334 2363 1406 2390 enim
1431 2363 1596 2398 respondere
1619 2371 1627 2390 :
1653 2355 1728 2389 U'ude
1744 2367 1772 2390 tu
1789 2363 1861 2391 nosti

1077 2407 1128 2435 hoc
1143 2408 1321 2442 mysterium?
1338 2408 1409 2435 Sane
1425 2409 1470 2442 qui
1484 2409 1608 2436 arborem
1625 2409 1757 2441 conserit,
1775 2408 1862 2444 major

1077 2459 1103 2482 te
1117 2459 1168 2483 est.
1185 2454 1329 2488 Praeterea,
1347 2455 1412 2489 quid
1429 2456 1481 2482 sibi
1503 2455 1561 2482 vult
1583 2456 1656 2490 quod
1672 2462 1746 2482 meos
1767 2455 1861 2483 oculos

1078 2505 1203 2536 apertum
1221 2501 1254 2527 iri
1271 2501 1311 2528 ais
1327 2506 1434 2536 gustato
1451 2501 1551 2533 fructu,
1568 2502 1677 2536 quando
1691 2502 1771 2528 etiam
1789 2509 1862 2528 nunc

1078 2555 1166 2582 neque
1181 2547 1306 2582 lippiunt,
1323 2555 1408 2582 neqttc
1423 2548 1508 2576 clausi
1525 2550 1609 2575 sunt?
1626 2547 1692 2574 Nam
1709 2547 1761 2574 nisi
1777 2548 1861 2580 aperti

1081 2718 1210 2750 recedere,
1226 2716 1370 2751 deﬂectere,
1395 2716 1467 2745 unde
1493 2716 1537 2744 hic
1557 2716 1667 2751 deducit
1693 2717 1800 2744 Satanae
1816 2724 1864 2743 no-

1077 2761 1151 2791 men,
1171 2746 1263 2791 Aquod
1278 2746 1371 2780 verius
1390 2753 1424 2791 ab
1441 2752 1554 2780 Hebraeo
1578 2746 1662 2779 Satau
1685 2753 1784 2791 venit._
1793 2751 1865 2791 Sane

1077 2786 1339 2849 §~y.g,t6)chalcat'zo,
1355 2787 1450 2816 eodem
1465 2792 1556 2826 etymg
1572 2791 1672 2823 vocant
1685 2793 1740 2821 quo
1764 2786 1863 2820 Graeci,

1096 2831 1121 2848 ια
1141 2829 1170 2848 Ol.
1187 2831 1212 2849 V.
