2027 3077
164 106 216 138 553

726 105 774 135 DE
798 101 998 135 PARADISO.
1019 113 1055 121 οι
1072 101 1171 131 PARS
1189 101 1212 130 Ι.

1730 102 1782 133 5ῑι

164 164 266 192 essent,
283 160 328 195 qui
349 167 455 195 possem
472 167 522 194 ego
540 164 565 186 te
584 159 718 194 aspicere,
744 163 951 193 serpentemque
965 157 988 185 A
1002 155 1128 189 simplicit
1145 163 1158 181 r
1175 154 1270 181 intuita
1290 153 1376 188 ipsam
1401 154 1506 187 fuerat;
1532 159 1558 181 ιιι
1576 159 1751 191 posteaquam
1767 165 1782 182 a

164 211 191 233 te
213 214 360 240 agnoscere
378 213 384 231 :
403 209 460 232 tum
479 205 560 235 illud.
579 205 651 238 quod
669 203 731 232 boni
756 203 874 237 maliqtte
899 209 947 237 pe-

164 251 230 278 ritus
253 249 311 277 fore
328 257 376 277 nos
398 257 551 283 asscveras,
570 250 621 276 nisi
644 256 695 282 ego
711 249 767 283 jam
792 255 864 275 nunc
883 248 948 282 quid

163 296 266 324 bonum
291 301 318 323 et
333 296 397 330 quid
417 296 517 322 nmium
532 296 568 323 sit
592 295 737 330 intelligam
751 314 758 326 ,
775 294 823 329 qui
848 293 948 329 possim

163 342 234 369 scire
248 342 392 368 consilium
409 346 485 368 tuum
500 349 560 368 esse
575 341 703 376 probum.
719 345 766 368 aut
780 339 949 367 divinitatem

164 387 262 414 bonam
274 407 282 419 ,
301 392 414 414 mortem
428 395 491 415 vero
508 387 630 414 malam?
646 387 686 413 Ad
704 387 771 419 hate,
788 386 852 412 illud
868 386 948 412 etiam

165 433 286 466 objicere
301 432 434 466 quivisset
449 440 457 459 :
475 431 502 458 Si
522 439 583 458 vera
600 439 706 464 narras,
721 431 765 458 abi
782 434 822 463 tu,
836 435 862 457 et
877 430 950 465 prior

164 479 242 505 aufer
260 478 294 505 de
309 479 405 505 arbore
429 478 473 504 illa
489 485 521 504 ac
537 485 657 510 vescere,
672 484 700 504 ut
723 477 881 510 aperiantur
901 475 948 502 tibi

164 524 236 553 oculi
256 524 358 558 iiasque
377 525 443 550 deus
458 523 548 550 sciens
563 523 625 549 boni
640 527 666 548 et
688 521 763 553 ntali,
780 526 835 547 ttttn
852 519 950 547 dcitule

163 577 213 603 ego
227 576 335 604 quoque
348 569 479 596 accedens
502 576 607 594 vescar.
624 569 655 595 At
679 575 741 594 cum
763 567 858 593 horum
883 566 949 593 nihil

164 615 203 642 illi
218 615 397 649 responderit.
413 615 479 642 satis
492 614 621 650 colligere
637 619 688 646 est,
707 621 794 648 tthue
811 618 838 639 ιιι
854 613 948 647 dispu-

163 661 256 688 tabiiia
283 665 416 694 nequeut
442 660 543 687 incerta
570 660 704 694 serpentis
730 659 810 686 verba
836 659 871 685 ab
896 659 948 684 lita

162 714 224 734 esse
247 711 355 740 accepta
384 714 391 732 :
416 713 503 740 neque
527 706 598 732 enim
624 714 678 740 prie
698 705 876 740 imprudentia
903 710 949 732 aut

161 751 287 784 infantia,
305 751 361 778 hate
385 751 488 784 tacuit;
512 751 612 785 quippe
628 759 688 785 quae
704 751 809 778 ratione
830 751 948 785 pruden-

162 797 254 832 tiaque
278 797 303 823 in
322 797 381 831 ipso
398 804 448 823 suo
465 801 525 823 ortu
546 797 658 831 praedita
684 796 781 829 fuerat,
805 801 831 824 et
856 797 878 823 si
899 804 946 831 pa-

162 852 274 878 rumper
288 844 420 870 adversus
435 843 510 870 illtttn
525 848 715 878 argumentum
732 843 838 874 fuisset,
852 843 947 869 victrix

161 890 295 918 evasisset
311 898 318 917 :
334 890 382 917 sed
400 889 434 916 ita
450 889 523 916 illitis
547 888 628 915 verba
654 888 801 922 accepisse,
817 894 946 922 tanquam

161 944 223 971 qua:
242 937 336 971 procul
352 937 434 963 dubio
450 944 512 962 vera
538 941 639 962 essent.
655 934 722 961 Nam
748 943 795 968 per
819 935 948 962 timuimus

162 982 310 1017 nequitiam
337 981 417 1009 simul
434 989 494 1009 cum
518 981 571 1008 illis
587 981 676 1008 verbis
699 989 706 1007 :
729 980 762 1006 Et
786 980 858 1006 erilis
881 981 949 1006 sicut

162 1029 211 1060 dii,
227 1029 355 1063 iuit-etum
372 1033 412 1055 est
427 1029 476 1062 ipsi
492 1027 658 1054 desiderium
677 1026 783 1054 arboris
798 1026 948 1060 gustandas,

163 1074 331 1105 incensaque
356 1079 397 1101 est
423 1073 548 1107 cupidine
581 1072 745 1099 divinitatis.
776 1071 850 1098 Soict
876 1071 948 1097 enim

163 1124 316 1154 peccatum,
345 1123 461 1145 tuentem
477 1125 571 1145 eorum
587 1117 634 1152 qui
650 1117 708 1151 ejus
731 1121 796 1144 sunt
819 1116 948 1148 studiosi,

164 1164 300 1198 captivam
321 1163 371 1190 sibi
393 1162 561 1197 n.aucipare.

198 1209 233 1236 D.
262 1209 358 1236 Maria:
374 1213 398 1235 et
425 1208 486 1235 Era:
506 1209 678 1243 comparatio.
695 1221 731 1228 -ι
748 1208 788 1235 Tu
813 1216 887 1240 vero,
909 1209 948 1234 le-

163 1259 231 1286 ctor,
256 1255 299 1281 hic
319 1254 385 1280 mihi
409 1253 520 1280 Mariam
546 1253 615 1288 apud
640 1259 714 1280 tuum
735 1253 856 1280 animum
881 1259 948 1279 eou-

164 1300 267 1326 tendite
293 1299 430 1334 paulisper
456 1307 518 1326 cum
540 1299 611 1332 Eva;
640 1303 721 1333 atque
746 1299 820 1326 illius
837 1298 948 1333 quidem

165 1345 361 1378 fortitudinem,
386 1345 467 1378 hujus
492 1353 556 1372 vero
581 1346 732 1372 socordiam
757 1353 789 1372 ac
814 1345 947 1379 ignaviam

164 1392 383 1419 animadvertito.
401 1391 486 1419 Maria
501 1392 573 1418 enim
587 1399 648 1426 quat
664 1391 813 1425 sa'pissime
827 1390 950 1417 audierat

164 1439 327 1473 promissum
351 1446 413 1467 esse
432 1447 447 1466 a
470 1438 524 1466 Deo
539 1438 671 1472 patribus,
688 1438 854 1464 nasciturum
870 1437 950 1464 Chri-

164 1489 246 1515 stum.
265 1492 351 1519 neque
372 1485 514 1519 ignorabat
532 1491 593 1519 quae
612 1484 645 1510 de
669 1491 701 1510 ea
721 1491 750 1510 re
773 1486 862 1510 essent
882 1483 948 1510 vati-

165 1530 248 1557 cinati
269 1531 415 1564 prophetat,
431 1538 493 1557 cum
519 1531 578 1564 ejus
599 1530 686 1556 nuntii
703 1529 787 1563 gratia
813 1529 846 1556 ad
864 1529 948 1563 ipsan-

165 1576 283 1603 venisset
298 1576 411 1610 angelus
426 1576 516 1610 specie
531 1577 660 1608 humana,
678 1576 867 1609 dixissetque:
883 1574 951 1602 Con-

164 1622 244 1655 cipies
269 1625 293 1648 et
318 1621 406 1655 paries
422 1622 462 1652 ⁵³;
485 1629 654 1656 nequaquam
673 1621 762 1648 subito
781 1622 858 1648 iidem
880 1620 952 1647 illius

165 1667 258 1694 verbis
277 1667 410 1698 adhibuit,
436 1674 469 1694 eo
495 1666 567 1702 quod
595 1667 746 1693 inauditum
766 1670 844 1693 antea
868 1670 950 1697 esset,

164 1713 298 1748 virginem
325 1713 484 1748 peperisse;
513 1713 560 1740 sed
585 1721 644 1739 cum
673 1712 749 1747 ipso,
777 1711 952 1746 disceptando

165 1767 223 1786 rent
247 1761 398 1792 expendere
420 1758 555 1792 occmpit,
582 1758 675 1784 dict-ns
701 1766 708 1785 :
733 1757 869 1789 Quomodo
895 1756 952 1790 ﬁeri

165 1808 250 1838 palen
265 1808 291 1830 ut
306 1803 354 1830 Itoc
367 1804 478 1836 eueniat,
491 1802 596 1838 quando
610 1803 648 1830 vir
661 1803 725 1829 mihi
739 1806 816 1829 notus
829 1810 881 1828 non
895 1802 952 1829 est?

166 1850 234 1883 sive,
249 1851 334 1877 uirum
351 1858 402 1876 non
420 1858 546 1884 cognosco
558 1850 604 1876 ".9
627 1854 655 1876 ut
671 1849 722 1876 alia
748 1849 848 1876 habent
861 1856 952 1876 exem-

168 1898 265 1932 plaria.
291 1898 332 1925 Ad
360 1897 420 1929 hoc,
446 1897 513 1925 abiit
537 1897 625 1925 visum
652 1897 731 1924 etiam
758 1896 822 1924 illud
846 1897 952 1930 signum

166 1944 239 1978 quod
265 1942 378 1976 angelus
397 1944 518 1976 dederat,
542 1950 597 1978 quo
615 1943 648 1970 dc
668 1943 753 1976 ipsius
781 1942 871 1969 verbis
891 1941 953 1968 inde

167 1990 268 2017 certior
284 1990 375 2023 ﬁeret;
391 1989 529 2024 gravidam
547 1989 647 2015 scilicet
664 1988 859 2019 Eiisabetlmn,
874 1987 953 2013 steri-

167 2035 220 2062 lem
238 2035 338 2069 aiioqui
356 2042 448 2061 anum.
466 2034 500 2061 At
518 2033 571 2060 Eva
587 2041 648 2068 qua:
666 2041 803 2067 nunquam
819 2033 953 2063 audierat,

169 2080 252 2108 Deum
272 2080 374 2107 invidia
392 2079 527 2111 laborare,
542 2083 589 2105 aut
604 2087 633 2105 se
647 2078 700 2106 diis
718 2086 795 2112 pares
811 2077 917 2105 futuros
932 2077 952 2104 si

168 2126 203 2153 de
215 2125 296 2152 vetita
309 2125 407 2151 arbore
420 2127 580 2159 gustarem,
598 2123 678 2150 simul
694 2128 776 2156 atque
792 2122 955 2156 loquebatur

1000 206 1125 235 serpente
1140 201 1253 234 decepta
1277 205 1327 233 est,
1344 205 1422 234 atque
1437 201 1470 227 ad
1488 201 1565 228 [idem
1591 202 1672 236 hujus
1694 204 1783 230 verbis

1000 246 1149 273 habendam
1168 246 1289 275 inducta.
1305 250 1362 272 tum
1377 246 1485 273 demum
1501 247 1568 274 vidit
1581 248 1706 275 arborem
1722 256 1783 276 esse

999 292 1140 326 pulchram
1161 291 1195 318 ad
1219 292 1393 324 vescendum,
1412 297 1439 319 et
1458 298 1578 327 spertatu
1597 294 1782 328 expctibilem,

1000 338 1100 373 quippe
1117 337 1297 365 immoderato
1318 338 1506 373 dissolutoque
1525 341 1644 374 appetitu
1660 346 1726 368 tunc
1741 349 1784 368 ar.

999 384 1093 411 borcm
1118 389 1279 418 aspexerat;
1304 384 1374 411 solet
1399 385 1472 411 enim
1499 385 1685 419 hujuscemodi
1709 387 1781 422 cupi-

999 430 1070 457 dinis
1088 430 1292 463 immoderatio,
1307 431 1329 458 si
1348 430 1459 465 quando
1482 432 1603 458 animum
1628 433 1738 466 invasit,
1753 441 1785 460 ea

1000 475 1026 502 in
1044 483 1104 510 qllZB
1121 475 1283 508 intenditur,
1310 477 1433 503 omnium
1453 477 1637 511 pulcherrima
1654 479 1786 512 gravissi-

1001 529 1098 556 maque
1125 522 1248 553 ducere;
1277 523 1358 549 sicuti
1390 524 1500 550 evenire
1531 524 1656 551 videmus
1683 525 1716 551 iis
1741 526 1786 560 qui

1001 567 1123 602 improbo
1150 567 1258 595 femina:
1284 568 1401 602 alicujus
1430 577 1524 596 amore
1551 569 1729 603 detinentur;
1756 579 1787 598 ea

999 615 1082 646 enim,
1093 615 1174 641 etiam
1188 615 1210 642 si
1224 623 1294 649 saepe
1305 615 1339 642 sit
1353 614 1503 644 fmdissima
1519 615 1787 651 defortnissiataque.

1001 664 1090 688 tamen
1107 661 1176 688 bene
1199 661 1312 696 pulchra
1332 669 1364 688 ac
1387 667 1502 689 venusta
1526 663 1552 689 in
1577 663 1684 690 illorum
1702 664 1788 690 oculis

1001 706 1125 739 habetur,
1143 707 1211 734 adeo
1237 711 1266 733 ut
1289 707 1395 734 illornut
1423 708 1532 735 etecitas
1554 709 1587 736 iis
1610 709 1646 736 sit
1668 710 1787 736 ostentui

1000 752 1045 786 qui
1060 752 1093 778 ab
1107 760 1138 779 ea
1155 753 1326 787 permotione
1335 753 1428 780 animi
1453 754 1585 781 adversus
1611 754 1684 781 illam
1710 755 1789 782 fetui-

1002 806 1063 824 nam
1081 798 1157 825 vacui
1174 803 1248 825 sunt.
1274 798 1360 833 Igitur
1378 800 1441 833 quia
1461 801 1581 832 mulieri.
1597 801 1696 835 cupido
1718 801 1789 828 illius

965 836 986 865 Β
1001 843 1107 870 arboris
1125 851 1173 878 per
1190 845 1324 878 serpentis
1341 844 1463 871 fraudem
1479 845 1535 880 jam
1552 846 1650 880 injecta
1668 852 1737 880 erat,
1753 847 1790 874 ait

1002 890 1100 921 Moses.
1121 891 1206 924 ipsum
1230 892 1325 918 ridixae
1348 892 1469 918 arborem
1495 893 1565 927 quod
1589 893 1699 927 pulo/ira
1725 901 1790 923 esset

1001 935 1035 961 ad
1054 936 1218 967 vescendum.
1246 942 1296 964 etc.
1326 937 1378 964 Sed
1407 943 1435 964 ιιι
1453 946 1496 965 res
1522 939 1608 974 magis
1629 940 1789 973 illustretur,

1001 981 1129 1013 dicimus,
1157 983 1245 1009 tribus
1269 984 1381 1009 omnino
1421 984 1524 1011 vicibus
1550 985 1604 1011 aiio
1627 991 1708 1021 atque
1737 987 1791 1014 alio

1002 1027 1084 1054 modo
1103 1027 1185 1053 Evam
1202 1028 1303 1054 vidisse
1320 1029 1391 1055 illam
1408 1029 1543 1057 arborem.
1560 1029 1651 1057 Primo
1666 1032 1788 1066 quidem,

1001 1073 1110 1108 quando
1125 1073 1184 1106 lege
1197 1081 1256 1100 eam
1274 1073 1381 1100 velabat
1395 1073 1484 1107 Deus;
1502 1075 1600 1102 iterum
1616 1084 1631 1103 a
1647 1076 1746 1104 Satana
1763 1078 1789 1104 In

1002 1119 1125 1146 iraudem
1152 1119 1316 1146 illicicbatnr
1335 1120 1409 1155 ipsa;
1431 1121 1511 1148 tertio
1538 1129 1681 1157 postquam
1697 1124 1730 1152 de
1745 1125 1790 1152 illa

1001 1165 1112 1192 edisset.
1131 1165 1163 1191 Et
1186 1166 1274 1200 primo
1287 1167 1396 1200 quidem
1412 1167 1573 1201 simpliciter
1588 1169 1713 1196 intuitam
1729 1179 1791 1198 esse.

1001 1216 1030 1238 ut
1049 1217 1208 1238 emerarum
1229 1211 1356 1237 arborum
1379 1219 1460 1238 unam
1481 1214 1641 1247 quamlibet.
1663 1216 1790 1242 Secundo

1000 1265 1066 1284 vero
1085 1265 1138 1284 non
1157 1257 1319 1292 simpliciter
1337 1259 1487 1292 aspexisse,
1506 1259 1552 1286 sed
1573 1268 1635 1286 cum
1659 1261 1789 1294 cupidine

1001 1310 1053 1338 qua
1072 1303 1128 1338 jam
1149 1308 1204 1329 ιιιιιι
1226 1304 1378 1334 tenebatur,
1395 1311 1502 1338 quaque
1523 1305 1652 1332 censebat
1666 1306 1788 1333 omnium

1001 1349 1214 1384 pulcherrimam
1243 1356 1324 1380 esse;
1346 1344 1423 1376 sicut
1442 1349 1563 1377 Thamar
1590 1351 1790 1380 formosissima

1001 1395 1144 1422 videbatur
1165 1395 1191 1421 in
1207 1395 1294 1422 oculis
1312 1395 1452 1423 Ammonis
1469 1404 1562 1424 amore
1578 1397 1637 1430 ejus
1656 1397 1789 1433 impediti.

1003 1441 1095 1468 Tertio
1112 1442 1240 1476 denique.
1261 1441 1340 1468 simul
1365 1446 1446 1475 atque
1471 1447 1618 1476 gustasset,
1644 1448 1700 1470 tum
1726 1451 1791 1471 vero

1003 1487 1111 1514 demum
1130 1494 1178 1521 pro
1196 1487 1272 1513 valde
1291 1486 1362 1513 fteda
1390 1487 1503 1520 diraque
1524 1487 1653 1515 habuisse
1677 1497 1683 1515 :
1709 1489 1790 1516 sicuti

1003 1533 1086 1559 etiam
1107 1532 1223 1558 Ammon
1251 1539 1372 1558 sororem
1398 1539 1475 1558 suam
1501 1533 1630 1564 Thamar,
1659 1538 1688 1560 ut
1705 1535 1792 1561 viola-

1003 1581 1089 1609 verat,
1106 1576 1222 1604 invisam
1239 1577 1369 1608 habebat;
1387 1578 1510 1610 quamvis
1524 1578 1595 1604 enim
1612 1585 1664 1605 una
1679 1579 1790 1606 eadem-

1003 1630 1057 1658 que
1082 1623 1209 1650 manebat
1233 1622 1321 1656 ipsius
1347 1621 1467 1649 Thamar
1486 1622 1571 1649 forma
1596 1629 1657 1650 ante
1681 1628 1709 1650 et
1732 1629 1792 1658 post

1003 1669 1152 1696 admissum
1177 1673 1312 1702 stuprum,
1338 1672 1429 1699 tamen
1455 1676 1535 1703 quam
1564 1669 1640 1703 prius
1658 1669 1740 1696 frater
1757 1670 1792 1697 ob

1003 1719 1172 1741 venustatem
1185 1714 1334 1746 adamarat,
1350 1719 1493 1749 postquam
1507 1722 1554 1748 per
1566 1719 1707 1749 peccatum
1721 1721 1792 1743 esset

1004 1760 1117 1791 abusus,
1143 1759 1206 1786 odio
1230 1760 1446 1794 prosequebatur
1460 1759 1493 1786 ".
1519 1759 1612 1794 Itaque
1635 1761 1719 1786 arbor
1746 1760 1791 1786 illa

1004 1812 1064 1840 quae
1082 1805 1138 1840 pari
1164 1804 1364 1839 pulchritudine
1387 1804 1438 1832 fuit
1459 1813 1520 1832 eum
1537 1805 1570 1831 de
1593 1806 1650 1840 ipsa
1674 1805 1792 1832 ferretur

1005 1851 1046 1878 lux
1064 1854 1091 1878 et
1115 1858 1177 1876 eum
1203 1855 1275 1877 esset
1294 1850 1410 1877 dtemoni
1431 1850 1536 1877 fraudis
1556 1851 1681 1880 materia.
1697 1859 1729 1878 ac
1745 1852 1792 1877 de-

1005 1897 1087 1931 nique
1110 1900 1171 1931 post
1191 1896 1348 1930 decerptum
1367 1900 1562 1930 gustatumque
1577 1903 1592 1922 a
1609 1896 1723 1923 muliere
1737 1896 1795 1923 fru-

1005 1947 1099 1975 ctum;
1120 1948 1208 1969 tamen
1235 1943 1323 1976 prium
1349 1949 1438 1976 neque
1465 1941 1579 1975 pulchra
1606 1949 1694 1976 neque
1720 1941 1793 1968 {teda

1005 1989 1062 2016 visa
1079 1988 1174 2023 primis
1200 1987 1302 2014 nostris
1326 1987 1487 2021 parentibus
1510 1991 1562 2018 esl,
1578 1994 1639 2013 mox
1656 1993 1720 2013 vero
1736 1986 1795 2021 pul-

1005 2034 1163 2065 cherrima.
1192 2033 1238 2061 sed
1273 2037 1412 2067 postremo
1445 2033 1525 2067 plane
1558 2033 1726 2059 detestabilis
1753 2036 1796 2059 est

1006 2080 1098 2107 babita
1118 2085 1262 2114 postquam
1290 2083 1431 2113 peccatum
1459 2086 1507 2113 pur
1536 2078 1621 2113 ipsam
1650 2079 1794 2106 admisere.

1007 2125 1080 2152 Vidit
1105 2125 1186 2160 igitur
1205 2124 1277 2159 quod
1304 2124 1415 2158 pulchra
1440 2124 1638 2158 commodaque
1662 2129 1736 2151 esset
1761 2123 1794 2150 ad

168 2178 231 2198 cum
250 2171 318 2204 ἱρειι.
333 2177 385 2196 ιιοη
399 2170 454 2204 iam
471 2169 589 2196 humara
603 2167 701 2202 aliquis
716 2167 805 2202 specie
818 2174 952 2201 apparens
970 2169 990 2196 D
1008 2172 1169 2199 vescendum
1187 2179 1241 2207 prae
1259 2171 1363 2198 caeteris
1384 2170 1499 2205 paradisi
1524 2170 1694 2204 quibuslibet
1716 2170 1796 2196 arbo-

168 2218 215 2244 sed
236 2223 359 2250 serpens,
378 2214 446 2242 nihil
465 2215 586 2249 disputat
604 2213 638 2241 de
661 2213 768 2245 arbore,
785 2213 830 2239 sed
857 2211 955 2238 divini-

169 2263 233 2289 tatis
252 2262 400 2288 ambitione
423 2261 589 2292 incenditur,
606 2258 801 2294 vilipenditque
817 2257 864 2284 Dei
881 2265 956 2284 man—

169 2308 276 2338 datum,
293 2314 378 2341 quare
394 2312 577 2334 consentance
589 2306 622 2333 de
638 2313 668 2332 ea
685 2305 788 2332 dictum
805 2309 847 2331 est
863 2311 878 2330 a
893 2303 956 2329 divo

169 2353 244 2380 Mose
265 2361 272 2380 :
294 2352 326 2379 Et
343 2353 405 2379 vidit
421 2352 518 2379 mulier
535 2352 604 2386 quod
619 2351 729 2386 pulchra
745 2354 811 2376 esset
827 2349 906 2376 arbor
920 2348 954 2375 ad

171 2399 336 2431 vescendum,
353 2403 378 2425 et
394 2399 540 2432 erpelt'bilis
558 2398 650 2430 oculis,
675 2401 754 2432 atque
772 2395 953 2423 desiderabilis

170 2450 299 2480 spectata.
328 2443 437 2472 Viderat
463 2445 571 2479 quidem
600 2443 700 2470 femina
730 2442 854 2469 arborem
880 2441 953 2468 illam

170 2492 251 2519 etiam
275 2491 351 2524 prius
371 2498 452 2526 quam
477 2490 549 2516 illam
576 2497 689 2523 serpens
713 2489 845 2521 adiisset,
867 2495 955 2522 neque

171 2538 244 2564 enim
271 2541 386 2572 poterat.
405 2536 462 2570 lege
489 2535 604 2562 inhiberi
631 2534 681 2568 ipsi
709 2534 791 2560 arbor
817 2541 870 2560 non
888 2533 954 2560 visa.

171 2583 249 2616 Quod
269 2590 334 2609 vero
357 2581 447 2609 Moses
469 2581 524 2616 jam
547 2581 596 2612 ait,
617 2580 710 2606 vidisse
729 2579 863 2607 mulierem
887 2580 956 2614 quod

171 2622 282 2665 puli-Ihm
295 2633 361 2655 esset
377 2628 456 2654 arbor
467 2628 500 2653 ad
514 2627 677 2659 vescendum,
691 2631 718 2653 et
732 2634 792 2660 quin
805 2631 958 2661 sequuntur

173 2675 238 2705 alia.
263 2674 382 2701 ostendit
406 2673 460 2700 alio
487 2672 567 2699 modo
589 2677 651 2698 ante
667 2671 798 2699 dtemonis
814 2678 955 2698 accessum

173 2721 260 2749 visam
278 2720 313 2747 ab
328 2720 372 2747 illa
389 2719 473 2746 fuisse
487 2719 625 2751 arborem,
641 2718 695 2746 alio
711 2722 784 2752 post.
799 2717 870 2744 Ante
884 2716 956 2744 enim

208 2810 231 2825 "
246 2809 302 2838 an
340 2818 358 2839 t.
380 2809 425 2835 5i.

352 2859 486 2889 PATROL.
512 2859 568 2887 (in.
593 2857 671 2887 CXI.

1008 2218 1096 2249 ribus,
1117 2225 1206 2253 eoque
1228 2219 1332 2245 acriore
1356 2218 1382 2244 in
1405 2217 1490 2251 ipsam
1513 2217 1633 2251 appetitu
1654 2220 1730 2250 rapta
1754 2221 1797 2243 est

1009 2270 1090 2296 quam
1105 2262 1132 2289 in
1145 2267 1304 2290 cazterarum
1318 2262 1456 2298 aliquam;
1474 2269 1527 2289 non
1544 2262 1615 2296 quod
1631 2261 1713 2288 arbor
1726 2262 1794 2296 ipsa.

1009 2308 1057 2335 sed
1070 2308 1133 2342 quia
1147 2308 1253 2335 feminae
1264 2308 1372 2335 animus
1383 2312 1455 2335 esset
1468 2311 1589 2334 mutatus
1603 2312 1650 2342 per
1661 2306 1796 2341 serpentis

1009 2354 1151 2386 fraudem,
1183 2355 1229 2389 qui
1255 2354 1378 2381 muliebri
1407 2354 1568 2381 crudelitate
1594 2357 1674 2387 atque
1701 2352 1794 2379 cirreni

1010 2399 1121 2426 libidine
1137 2399 1223 2433 ipsam
1241 2399 1337 2434 agebat
1354 2398 1520 2433 prtecipitem
1534 2399 1566 2424 ad
1582 2405 1641 2425 eam
1657 2397 1796 2424 arborem.

1009 2443 1142 2471 Caeterum
1161 2443 1251 2478 aptior
1267 2444 1354 2470 videri
1377 2444 1462 2479 possit
1482 2443 1626 2470 verborum
1646 2446 1796 2472 structura.

1010 2492 1032 2517 si
1053 2490 1093 2517 sic
1109 2489 1215 2524 legatur
1235 2499 1242 2517 :
1263 2489 1297 2516 Et
1317 2490 1382 2516 vidit
1400 2489 1493 2516 mulier
1511 2489 1580 2523 quod
1604 2488 1714 2522 pulchra
1731 2493 1798 2514 esset

1011 2535 1091 2562 arbor
1112 2535 1208 2566 acutis,
1221 2540 1244 2562 et
1260 2535 1405 2569 expetibilt‘s
1429 2535 1464 2561 ad
1484 2534 1655 2566 vescendum;
1674 2533 1798 2568 pulchri-

1012 2582 1077 2608 tudo
1097 2583 1169 2609 enim
1185 2582 1218 2610 ad
1234 2583 1373 2617 spectandi
1390 2589 1500 2609 sensum
1527 2582 1653 2616 pertinet,
1670 2586 1700 2608 ut
1714 2588 1798 2615 appe-

1012 2628 1080 2654 titus
1097 2627 1130 2654 ad
1148 2627 1251 2654 cibum.
1269 2626 1320 2654 Sed
1343 2627 1395 2654 boc
1410 2627 1474 2654 alibi
1490 2626 1545 2661 jam
1561 2633 1576 2652 a
1592 2626 1672 2653 nobis
1687 2631 1729 2654 est
1743 2630 1799 2653 tra-

1013 2676 1126 2700 ctatum.
1144 2672 1195 2700 Est
1211 2679 1275 2699 vero
1291 2677 1318 2699 et
1335 2672 1386 2698 hoc
1406 2671 1676 2699 animadvertendum
1693 2679 1727 2699 ex
1743 2671 1799 2699 illis

1014 2718 1103 2746 verbis
1124 2727 1131 2746 :
1153 2718 1186 2744 Et
1207 2718 1269 2745 vidit
1297 2718 1402 2752 mulier,
1430 2722 1495 2750 etc.,
1519 2717 1608 2752 colligi
1633 2717 1719 2752 ipsam
1744 2724 1798 2745 non

463 2808 484 2823 "
503 2808 568 2835 liiiil.
595 2808 639 2834 ει.
676 2809 699 2824 ⁵³
715 2807 735 2835 li
754 2807 819 2844 Rvg.
838 2816 897 2840 xm,
917 2807 928 2834 1
946 2814 1022 2842 seqq.

1586 2851 1622 2884 ιδ
1776 2866 1828 2897 με
