2027 3077
159 2279 166 2343 i

255 88 306 119 εδδ
890 83 1004 113 nosrs
1025 82 1099 112 BAR
1120 83 1243 113 CEPHA
1821 87 1876 116 5:6

256 146 347 174 subito
367 152 398 172 ac
416 151 531 180 propere
555 146 587 172 de
609 144 704 171 arbore
729 148 862 179 gustasse,
887 143 934 170 sed
953 143 1037 169 multa
1053 144 1075 172 Α
1089 146 1241 176 acceperat,
1259 142 1382 169 futurum
1399 146 1427 168 ut
1442 148 1495 168 non
1512 142 1599 168 solum
1620 149 1673 169 non
1691 149 1876 176 morerentur,

257 191 332 224 prius
358 197 450 216 secum
477 189 632 216 meditatam
653 193 756 222 :atque
780 196 841 214 cum
861 188 944 220 illam,
965 188 1041 221 juxta

257 235 387 262 insistens
411 234 447 261 ob
473 235 567 261 oculos
595 233 703 260 haberet
730 241 738 260 :
762 238 965 267 aspectantem,
989 232 1040 259 alia

258 286 340 315 atque
360 280 411 307 alia
433 280 524 306 animo
539 279 656 307 voluisse
672 287 680 306 :
697 277 730 304 Et
746 279 844 313 accepit
860 278 892 305 de
914 278 1042 312 fructibus

258 325 341 359 ipsius
357 329 381 351 et
396 324 461 350 edit.

293 370 346 397 Cur
372 368 427 396 Eva
452 373 511 396 ante
539 373 658 395 uocatum
684 369 817 395 Adamum
841 370 984 404 gustaverit
1010 370 1042 396 de

259 415 350 442 arbore
365 415 489 443 scientia’.
503 429 538 434 —
551 414 659 447 Quaerat
676 415 786 448 aliquis,
801 422 850 442 cur
867 423 920 442 non
938 416 1042 442 vocarit

259 461 412 492 Adamum,
437 463 465 486 ut
487 460 511 486 is
531 460 605 493 prior
627 460 735 486 ederet!
758 459 886 486 nimirum
907 459 1038 486 transfor-

260 506 328 533 mari
347 505 404 539 ipsa
421 506 494 539 prior
509 505 636 539 cupiebat
654 505 680 532 in
696 505 787 538 deum,
800 506 944 540 virumque
961 513 1041 532 suum

258 551 400 579 divinitate
424 551 580 578 antevenire.
604 551 650 586 qui
676 558 705 578 se
731 551 900 578 humanitate
924 559 1042 586 praeces-

258 601 342 629 serat,
369 603 424 630 quo
448 596 500 623 hac
524 596 631 623 ratione
657 595 921 623 administrationem
949 603 1041 623 rerum

260 648 315 675 pra:
333 640 380 668 illo
403 645 484 675 atque
511 641 654 674 imperium
678 639 813 667 obtineret
836 648 844 666 :
869 640 1043 667 existimabat

257 686 330 713 enim
355 686 437 713 simul
456 690 538 720 atque
557 689 691 720 gustaret,
711 685 844 720 evestigio
868 686 895 713 in
919 686 996 713 deam
1014 694 1043 713 se

259 732 483 759 transformatum
504 731 537 758 iri
557 738 607 765 pro
631 731 735 759 fallacis
760 731 894 765 serpentis
917 731 1041 759 consilio.

259 778 378 805 Rursum
394 778 479 813 quaeri
494 781 595 812 potest,
611 777 789 812 quamobrem
807 785 860 804 non
877 782 940 804 sunt
957 778 1042 812 aperti

258 824 381 850 mulieris
399 824 481 857 oeuli,
500 824 696 858 agnoveritque
715 831 792 850 suam
813 824 870 858 ipsa
892 823 1042 850 nuditatem

261 876 322 896 mox
342 868 388 896 ubi
404 869 506 896 edisset
525 877 586 896 eum
604 869 736 902 fructum,
755 869 824 895 sicut
844 869 943 895 accidit
977 869 1044 895 utri-

258 922 312 946 que
327 919 470 948 postquam
486 914 605 942 cdissent
629 915 719 942 ambo.
739 913 827 948 Hujus
842 915 880 940 rei
899 914 956 941 haec
981 914 1043 941 red-

259 959 347 986 denda
363 963 404 986 est
425 959 495 986 ratio
511 968 517 986 :
534 959 556 985 si
575 959 618 986 illa
639 960 721 986 simul
745 965 825 995 atque
844 962 917 996 prior
932 961 1042 995 edisset,

259 1003 429 1030 verecundia:
445 1011 527 1031 sensu
544 1003 642 1031 fuisset
659 1005 795 1038 perculsa,
813 1006 954 1033 metuisset
971 1006 1044 1033 Adae

260 1056 320 1076 mus
351 1053 434 1083 atque
465 1048 662 1081 abstinuisset,
696 1057 785 1084 neque
819 1055 908 1077 tamen
937 1058 968 1077 ca
992 1051 1043 1079 sibi

259 1096 422 1123 abstinentia
448 1095 560 1130 justitia:
585 1095 692 1123 laudem
718 1096 799 1123 ullam
826 1097 987 1129 meruisset,
1014 1102 1044 1123 ut

260 1142 306 1176 qui
323 1150 376 1168 non
390 1141 490 1168 divina:
505 1141 572 1176 legis
587 1142 738 1169 reverentia
753 1145 779 1168 et
794 1147 916 1176 respectu
933 1142 980 1170 sed
996 1150 1044 1178 per

260 1187 354 1213 uxoris
378 1187 506 1220 pudorem
532 1185 628 1213 fuisset
653 1187 801 1213 cohibitus.
826 1186 912 1220 igitur
933 1187 1044 1221 quando

260 1236 396 1259 certamen
413 1240 445 1258 ex
462 1239 539 1266 arquo
556 1231 590 1258 ad
610 1236 755 1266 utrutuque
775 1232 925 1266 spectabat,
943 1231 1043 1259 facien-

261 1279 380 1312 dumque
395 1282 454 1304 erat
478 1277 627 1312 periculum
644 1278 677 1304 de
694 1277 835 1311 utriusque
858 1278 938 1304 simul
955 1278 1045 1305 indole

262 1333 294 1351 ac
307 1325 462 1356 voluntate;
480 1322 587 1350 distulit
602 1322 673 1349 Deus
688 1322 748 1349 Eva:
763 1323 967 1357 verecundiam,
981 1323 1044 1350 effe-

261 1371 353 1404 citque
375 1377 408 1396 ne
424 1369 509 1404 ipsam
525 1368 606 1396 simul
621 1376 681 1395 cum
695 1373 803 1403 gustato
825 1368 915 1396 fructu
933 1369 1045 1404 puderet

261 1415 403 1442 nuditatis.
418 1413 452 1440 Et
464 1413 534 1440 dedit
548 1414 627 1439 etimit
640 1414 693 1439 tn'ro
707 1421 754 1440 suo
769 1421 867 1447 secum,
882 1419 906 1440 et
921 1414 1043 1440 comedit.

261 1460 514 1486 Existimamlumne
529 1463 571 1485 est
587 1459 630 1485 hic
647 1459 786 1485 mulierem
809 1459 971 1494 simpliciter
986 1459 1045 1486 viro

261 1505 431 1539 porrexisse,
459 1505 546 1531 virum
575 1511 637 1530 vero
662 1504 762 1535 edisse,
789 1512 850 1531 cum
888 1512 975 1539 neque
1001 1504 1046 1531 illa

261 1551 371 1578 verbum
388 1551 473 1577 ullum
490 1549 522 1576 ad
544 1550 631 1584 ipsqu
647 1548 758 1581 faceret,
774 1557 861 1584 neque
877 1550 934 1584 ipse
949 1557 1046 1578 rursus

261 1596 332 1629 apud
355 1595 428 1622 illaut
451 1595 485 1621 de
499 1601 531 1621 eo
550 1594 612 1620 cibo
627 1593 810 1628 disquireret?
829 1594 900 1621 Sane
914 1601 963 1622 nos
977 1602 1045 1622 cen-

263 1648 355 1667 semus
368 1645 395 1667 et
408 1641 496 1666 virum
517 1639 550 1666 de
566 1639 627 1666 cibo
648 1639 847 1673 disquisivisse,
862 1643 888 1667 et
905 1639 1045 1666 mulierem

263 1685 314 1719 ipsi
334 1690 390 1711 tum
413 1692 445 1711 ea
468 1684 548 1710 verba
569 1683 696 1710 retulisse
713 1683 785 1718 quod
807 1691 920 1717 serpens
940 1683 1045 1710 daemon

264 1731 316 1758 sibi
340 1730 460 1762 dixerat,
487 1734 542 1756 tum
571 1729 625 1756 alia
651 1733 780 1763 przelerea
805 1736 838 1756 ex
865 1736 915 1756 suo
938 1729 1047 1763 ingenio

264 1777 398 1810 adjecisse
417 1783 477 1810 qme
501 1776 533 1802 ad
559 1776 776 1810 persuadendum
800 1775 933 1802 Adamum
958 1774 1048 1802 facere

265 1825 373 1855 putaret
397 1828 406 1848 z
423 1820 504 1855 idque
524 1820 567 1847 his
587 1819 738 1847 rationibus
760 1819 940 1846 demonstrari
966 1826 1048 1854 posse

263 1868 464 1895 existimamus.
481 1866 572 1893 Primo
595 1866 667 1892 enim
692 1873 753 1893 cuiu
778 1870 840 1892 ante
859 1865 986 1892 violatam
1007 1865 1046 1891 le-

263 1921 336 1947 gem,
356 1920 458 1947 magna:
478 1919 550 1939 cura:
564 1911 647 1938 ftterit
661 1911 767 1945 utrique
784 1919 817 1938 ne
831 1911 896 1946 quid
914 1911 1047 1937 adversus

265 1958 309 1985 Dei
328 1958 406 1991 jussa
428 1957 642 1987 committerent,
665 1963 718 1982 non
739 1956 829 1990 potuit
855 1955 976 1989 profecto
991 1954 1046 1982 Era

262 2003 426 2038 porrigenda
451 2002 532 2029 modo
558 2001 648 2028 cibum
679 2001 792 2028 vetitum
820 2007 907 2034 neque
933 2000 1046 2028 verbum

263 2050 347 2076 ullum
370 2049 492 2075 addendo
512 2048 640 2074 inducere
658 2046 793 2073 Adamum
817 2046 850 2073 ad
869 2046 1047 2078 vescendum,

263 2095 330 2121 nihil
347 2101 459 2128 prorsus
481 2092 515 2120 de
529 2099 562 2119 eo
583 2091 655 2127 quod
672 2091 872 2126 porrigebatur,
890 2091 1045 2125 disquiren-

1092 194 1185 213 verum
1209 187 1290 214 etiam
1319 187 1432 214 deorum
1459 187 1563 214 similes
1587 188 1749 220 maderent,
1773 194 1800 215 et
1824 190 1879 216 alia

1092 234 1204 267 insuper
1220 233 1357 260 aliinxisse
1377 233 1476 267 quibus
1500 233 1627 259 maritum
1654 233 1687 260 ad
1713 234 1878 261 vescendum

1093 279 1240 314 pclliceret,
1266 283 1348 313 atque
1371 279 1407 306 ita
1427 284 1573 313 utrumque
1593 279 1692 309 edisse,
1717 279 1880 314 facinusque

1091 325 1239 359 pessimum
1258 332 1272 351 a
1285 325 1410 352 lmisisse.
1427 324 1496 357 Quin
1515 324 1642 351 dominus
1670 325 1787 359 Ephrem
1809 325 1878 352 scri-

1092 370 1142 401 bit,
1166 369 1247 396 Evam
1265 370 1349 397 multa
1374 370 1568 404 pollicitatione
1591 370 1753 398 sollicitasse
1775 372 1880 404 virum,

1093 419 1173 450 atque
1196 416 1229 443 ad
1254 416 1418 443 vescendum
1439 417 1590 449 imluxissr,
1619 421 1746 443 caeterum
1773 417 1879 450 Mosen,

1093 462 1193 496 quibus
1219 469 1266 489 usa
1291 462 1349 496 ipsa
1375 462 1410 489 sit
1428 462 1536 494 verbis,
1565 462 1791 496 praetermisisse,
1816 471 1878 491 cum

1094 511 1165 534 esset
1180 512 1326 534 contentus
1340 508 1466 535 dot-uisse
1482 515 1532 535 nos
1549 508 1675 535 feminam
1693 509 1753 535 vim
1769 517 1879 536 causam

1094 552 1225 579 violanda:
1244 553 1310 588 legis
1330 553 1423 586 fuisse,
1445 561 1476 580 eo
1492 554 1564 587 quod
1584 554 1680 581 vetitos
1703 553 1809 582 fructus
1828 555 1878 590 ipsi

1093 598 1212 625 edendos
1233 598 1469 630 subministrarit,
1497 603 1524 625 et
1545 599 1627 625 simul
1652 599 1758 626 animos
1783 599 1880 626 edendi

1094 642 1228 670 addiderit
1247 652 1254 670 :
1270 644 1404 678 serpentis
1421 651 1485 670 vero
1502 645 1582 670 verba
1599 645 1697 671 litteris
1714 645 1878 679 prodidisse.

1095 692 1124 714 ut
1146 695 1207 714 eum
1230 688 1444 722 intelligeremus
1467 688 1554 721 ipsum
1579 696 1639 716 esse
1662 690 1770 723 generis
1793 691 1879 717 nostri

1096 740 1268 760 communem
1291 734 1408 764 hostem,
1425 741 1513 768 eoque
1532 734 1644 761 insidias
1670 735 1883 769 improbitatem-

1095 786 1148 814 que
1175 779 1271 814 ipsius,
1297 779 1437 810 evitandi,
1466 779 1553 814 major
1578 781 1655 807 nobis
1681 782 1772 808 cautio
1796 787 1879 810 esset.

1097 823 1181 851 Porro
1201 831 1260 858 quae
1287 823 1369 852 fuerit
1389 825 1469 852 arbor
1485 827 1518 852 de
1541 833 1594 860 qua
1607 826 1720 854 ederunt
1745 827 1830 855 Adam
1853 834 1881 856 et

1096 869 1162 901 Eva,
1183 874 1210 897 et
1231 878 1375 906 quemnam
1403 870 1520 898 fructum
1539 872 1692 906 gustarint,
1711 881 1793 908 supra
1808 878 1849 901 est
1865 882 1880 901 a

1097 915 1175 943 nobis
1201 920 1404 950 pertractatum.
1432 916 1471 943 Ad
1503 916 1560 943 haec
1591 917 1655 944 illud
1681 918 1764 945 etiam
1789 927 1880 954 operte

1096 961 1214 996 pretium
1233 961 1314 988 fuerit
1333 961 1559 989 animadvertisse
1584 970 1592 989 :
1617 970 1678 990 cum
1704 963 1829 999 quisquis
1852 973 1881 991 re

1097 1006 1186 1042 aliqua
1209 1007 1339 1039 vescitur,
1361 1012 1408 1034 aut
1429 1006 1508 1033 famis
1525 1008 1688 1035 necessitate
1704 1009 1815 1043 impelli,
1834 1016 1881 1037 aut

1097 1054 1136 1081 rei
1152 1053 1210 1087 ejus
1231 1053 1344 1080 libidine
1363 1052 1547 1087 eﬁ'renataque
1565 1053 1730 1088 cupiditate;
1747 1055 1881 1082 Adamum

1097 1099 1170 1125 nulla
1189 1098 1260 1125 fame
1275 1102 1399 1132 cogente,
1422 1097 1469 1125 sed
1492 1098 1603 1125 libidine
1626 1099 1767 1131 suadente,
1783 1101 1816 1128 de
1834 1102 1879 1128 il'a

1098 1144 1195 1170 arbore
1210 1144 1310 1176 edisse,
1331 1151 1362 1170 ac
1384 1144 1496 1177 proinde
1509 1145 1533 1172 ei
1549 1146 1778 1180 concupiscentia:
1791 1149 1882 1174 colu-,-

1098 1191 1167 1217 sisse
1183 1194 1335 1223 peceatum.
1354 1189 1420 1216 Nam
1438 1194 1467 1216 ut
1483 1191 1671 1225 apostolorum
1694 1192 1803 1226 quidam
1819 1193 1857 1220 ait
1872 1202 1880 1220 :

1097 1235 1314 1269 Concupiscentia
1344 1236 1457 1266 concipit
1482 1241 1506 1262 ct
1531 1237 1603 1270 parit
1635 1242 1769 1271 peccatum
1789 1238 1823 1264 ".
1851 1239 1879 1266 Si

1097 1282 1170 1308 enim
1184 1288 1236 1308 non
1248 1288 1294 1316 per
1308 1280 1459 1312 libidinem,
1476 1281 1522 1307 Sed
1538 1286 1567 1308 ut
1580 1282 1624 1316 qui
1635 1283 1801 1310 nutrimento
1813 1292 1881 1318 opus

1098 1327 1219 1357 haberet,
1242 1325 1351 1357 edisset,
1370 1326 1404 1352 de
1419 1327 1525 1355 caeteris
1544 1327 1644 1354 edisset
1666 1329 1811 1357 arboribus
1828 1331 1880 1357 sibi

1099 1371 1125 1398 in
1142 1376 1247 1406 pastum
1273 1373 1424 1406 permissis,
1445 1379 1499 1399 non
1521 1373 1555 1399 de
1576 1381 1607 1400 ea
1631 1378 1721 1400 autem
1745 1383 1805 1409 qua:
1821 1376 1880 1402 sola

1098 1418 1148 1445 sibi
1164 1417 1253 1444 fuerat
1264 1418 1345 1444 vetita
1358 1426 1365 1444 :
1380 1418 1469 1452 itaque
1483 1418 1571 1446 fames
1582 1424 1657 1446 extra
1673 1427 1772 1447 noxam
1790 1420 1882 1447 futura

1098 1466 1172 1494 erat,
1189 1469 1251 1488 cum
1275 1462 1495 1496 concupiscentia
1517 1471 1578 1490 cum
1601 1469 1713 1498 peccato
1734 1466 1879 1500 conjuncta

1098 1507 1151 1540 sit;
1168 1507 1267 1542 quippe
1286 1507 1353 1534 banc
1374 1507 1496 1534 ciborum
1520 1508 1641 1536 luxuries
1661 1509 1814 1541 comitatur,
1833 1511 1880 1544 qui

1097 1558 1161 1578 Vero
1177 1551 1306 1587 ingluviei
1327 1552 1477 1587 indulgent,
1496 1554 1529 1580 ad
1553 1561 1678 1580 venerem
1700 1555 1777 1589 proni
1801 1556 1879 1588 fiunt,

1099 1601 1192 1632 utpote
1211 1597 1310 1632 gulosi,
1336 1599 1423 1625 ventri
1448 1598 1608 1632 mancipati,
1626 1599 1739 1633 projerti
1763 1600 1879 1634 denique

1097 1643 1131 1669 ad
1156 1642 1360 1675 ebriositatem,
1384 1651 1444 1678 qua:
1467 1644 1530 1670 vitia
1554 1649 1635 1678 atque
1662 1645 1779 1671 maxima
1807 1649 1880 1672 sunt.

1100 1685 1213 1714 Veneris
1238 1694 1321 1720 porro
1345 1687 1460 1714 comites
1485 1692 1549 1714 sunt
1574 1688 1699 1719 scortari,
1723 1690 1881 1721 adulterari,

1097 1739 1159 1758 cum
1185 1732 1306 1759 maribus
1328 1739 1427 1766 corpus
1450 1733 1630 1760 commiscere
1656 1743 1663 1760 :
1689 1742 1750 1769 quae.
1772 1740 1799 1762 et
1821 1735 1880 1769 ipsa

1097 1775 1198 1810 ﬂagitia
1213 1781 1287 1803 sunt.
1302 1775 1336 1802 Et
1351 1778 1436 1810 aperti
1451 1782 1511 1803 sunt
1527 1777 1595 1804 oculi
1610 1779 1757 1805 amborum.

1133 1821 1215 1849 Musis
1234 1827 1258 1848 et
1282 1823 1408 1856 serpentis
1427 1823 1499 1849 dicta
1519 1823 1552 1850 de
1575 1824 1720 1858 aperiendi:
1737 1824 1882 1857 primorum

1096 1873 1234 1902 parentum
1253 1869 1346 1894 oculis.
1361 1883 1396 1887 —-
1411 1868 1480 1895 Sunt
1500 1869 1546 1903 qui
1571 1874 1671 1896 temere
1695 1874 1777 1904 atque
1799 1870 1882 1897 etiam

1098 1913 1269 1947 impudenter
1290 1913 1391 1946 dicant,
1415 1913 1469 1947 jam
1494 1921 1566 1940 nunc
1590 1914 1655 1941 illud
1679 1916 1787 1941 evenire
1809 1916 1881 1949 quod

1097 1966 1210 1994 serpens
1226 1961 1293 1994 (hoc
1311 1964 1353 1986 est
1374 1960 1499 1993 Satanas)
1514 1959 1572 1986 fore
1595 1961 1770 1994 praedixerat;
1787 1969 1882 1994 nempe

1098 2004 1121 2032 si
1143 2004 1227 2030 Adam
1250 2003 1360 2039 Eraque
1385 2005 1498 2031 ederent
1514 2005 1549 2032 de
1571 2005 1616 2032 illa
1631 2007 1737 2037 arbore,
1755 2010 1880 2040 apertum

1097 2050 1130 2077 iri
1147 2050 1269 2084 ipsorum
1284 2050 1379 2078 oculos
1397 2057 1404 2077 :
1422 2050 1446 2077 id
1461 2051 1535 2077 enim
1551 2050 1595 2078 hic
1609 2056 1701 2078 narrat
1715 2050 1803 2077 Moses
1820 2056 1880 2084 past

1097 2101 1234 2130 gustatum
1264 2096 1357 2123 cibum
1383 2096 1496 2123 vetitum
1526 2097 1591 2130 ipsis
1609 2098 1751 2124 accidisse.
1780 2096 1879 2123 Verum

262 2145 314 2166 tum
329 2149 336 2166 :
349 2139 445 2167 deinde
457 2138 478 2165 si
491 2137 651 2172 simpliciter
667 2142 808 2171 acceptum
822 2136 915 2164 cibum
931 2137 1044 2169 edisset,
1061 2147 1083 2176 ι)
1097 2147 1147 2167 nos
1170 2139 1376 2174 respondemus,
1394 2139 1472 2166 aliter
1494 2139 1599 2173 Mosen,
1622 2141 1702 2167 aliter
1726 2145 1880 2174 serpentem

264 2193 374 2220 ignarus
395 2184 540 2219 caeteroqui
564 2183 742 2218 quamobrem
768 2184 870 2216 ederet,
885 2191 899 2210 a
915 2190 970 2217 quo
984 2188 1047 2210 ante

261 2232 354 2266 jussus
375 2230 464 2257 fuerat
478 2229 630 2262 abstinere,
653 2229 725 2256 nulla
745 2229 890 2256 meruisset
904 2229 982 2263 culpa
999 2235 1048 2256 no-

264 2277 314 2304 tari
327 2276 363 2304 ob
377 2276 402 2303 id
416 2275 490 2311 quod
505 2274 664 2309 simpliciter
683 2279 764 2309 atque
788 2274 933 2302 inscienter
950 2274 1048 2301 incon-

262 2324 433 2357 sideratequc
453 2321 587 2349 fecisset:
610 2328 672 2348 cum
689 2327 756 2348 vero
777 2321 915 2356 culpatum
940 2324 1048 2347 constet

264 2373 405 2404 propterea
427 2367 500 2402 quod
523 2367 640 2400 edisset,
667 2365 746 2393 facile
783 2366 959 2400 intelligimus
988 2373 1045 2392 rem

264 2414 351 2448 ipsam
376 2417 439 2440 ante
461 2412 495 2438 ab
521 2411 579 2446 ipso
606 2416 689 2444 atque
707 2417 791 2438 uxore
818 2410 902 2438 fuisse
919 2414 1046 2437 accurate

263 2465 422 2493 expensam.
442 2456 583 2484 Postremo
597 2455 618 2482 si
635 2454 688 2482 Eva
710 2455 808 2482 mulier
828 2462 877 2482 usa
899 2460 940 2482 est
955 2455 1046 2482 verbis

264 2505 396 2532 adversus
417 2507 581 2537 serpentem,
605 2501 734 2536 dixitque.
753 2509 760 2527 :
778 2500 844 2536 Lege
868 2500 914 2527 Dei
936 2500 1046 2527 interdi-

263 2555 334 2577 ctum
349 2550 421 2576 nobis
442 2554 479 2575 est
494 2556 525 2575 ea
541 2548 644 2579 arbore,
669 2552 772 2581 quanto
787 2548 873 2581 magis
889 2547 1048 2574 existiman-

263 2596 328 2622 dum
353 2599 395 2622 cst
419 2595 553 2622 Adamum
577 2593 684 2620 curiose
708 2593 784 2627 prius
809 2592 843 2620 de
875 2592 937 2619 cibo
965 2599 1045 2627 quem

265 2648 333 2667 uxor
366 2640 522 2674 porrigebat
554 2637 745 2673 iuquisivisse,
771 2644 853 2672 quam
889 2641 1011 2671 gustaret
1039 2645 1046 2663 :

264 2693 375 2712 uxorem
407 2693 471 2712 vero
493 2689 520 2712 et
543 2691 573 2712 ea
605 2683 780 2718 respondisse
801 2690 860 2718 quae
884 2690 899 2710 a
922 2687 1047 2719 serpente

297 2775 319 2789 ¹⁶
334 2774 392 2800 Jac.
410 2781 430 2806 ι,
449 2773 491 2801 15.

1097 2185 1130 2212 de
1149 2184 1304 2220 aperiendis
1329 2184 1416 2211 oculis
1439 2191 1501 2211 esse
1526 2183 1641 2212 locutos.
1668 2184 1785 2219 Serpens
1806 2186 1879 2212 enim

1096 2229 1203 2257 volebat
1224 2229 1365 2256 oculorum
1386 2234 1513 2264 apertura
1538 2229 1692 2262 signiﬁcare
1710 2230 1834 2257 futurum
1850 2236 1879 2258 ut

1096 2275 1151 2302 acri
1167 2279 1248 2309 atque
1263 2274 1414 2308 perspicaci
1433 2279 1524 2301 essent
1539 2274 1657 2308 ingenio,
1676 2275 1832 2309 bonumque
1847 2283 1879 2303 ac

1097 2322 1197 2348 malum
1215 2321 1326 2355 perinde
1340 2328 1372 2348 ac
1385 2320 1421 2348 dii
1436 2324 1545 2354 possent
1559 2321 1736 2354 dignoscere;
1750 2325 1777 2347 at
1793 2320 1879 2349 Moses

1098 2366 1199 2400 apertis
1223 2365 1310 2394 oculis
1334 2366 1402 2392 nihil
1425 2366 1498 2392 aliud
1523 2365 1597 2397 vult,
1621 2373 1701 2400 quam
1726 2373 1783 2394 sui:
1807 2367 1880 2400 ipsos

1099 2411 1230 2439 ttuditatis
1246 2411 1297 2438 sibi
1313 2412 1437 2439 conscios
1450 2419 1510 2438 esse
1525 2412 1627 2440 factos:
1644 2412 1696 2438 hoc
1708 2416 1761 2443 est,
1775 2412 1879 2445 pudore

1100 2457 1317 2492 wrecundiaqne
1340 2456 1459 2484 aﬂ'ectos.
1485 2456 1519 2483 Et
1544 2461 1715 2491 cognorerunt
1731 2457 1800 2490 quod
1816 2457 1879 2484 nudi

1099 2507 1182 2529 essent
1197 2510 1207 2528 :
1225 2502 1276 2530 hoc
1298 2506 1350 2534 est,
1369 2501 1465 2535 puduit
1483 2502 1556 2536 ipsos
1579 2509 1635 2528 suae
1655 2501 1796 2528 nuditatis.
1811 2502 1878 2528 Cum

1099 2548 1171 2575 enim
1189 2551 1328 2582 peccatum
1344 2547 1503 2574 detraxisset
1515 2546 1581 2581 ipsis
1595 2553 1695 2574 vestem
1711 2547 1805 2581 gloria:
1825 2555 1880 2582 qua

1099 2593 1187 2620 adhuc
1204 2593 1312 2621 fuerant
1335 2593 1438 2625 amicti,
1458 2593 1586 2620 deuudati
1613 2598 1675 2619 sunt
1689 2613 1696 2626 ,
1729 2592 1878 2628 puduitque

1098 2639 1160 2666 illos
1180 2638 1286 2677 violata:
1307 2639 1384 2674 legis,
1402 2642 1484 2672 atque
1502 2638 1601 2665 amissa
1619 2638 1692 2665 onmi
1710 2638 1809 2665 fiducia
1824 2645 1877 2672 qua

1099 2689 1163 2712 ante
1189 2684 1324 2719 pollebant
1353 2688 1518 2720 peccatoque
1547 2683 1603 2718 jam
1629 2691 1728 2718 corpus
1756 2683 1876 2718 ipsorum
