2027 3077
158 197 201 225 557

710 195 756 223 DE
779 186 976 223 l’AltADiS'i.
997 205 1032 210 -
1052 193 1148 223 mus
1167 194 1192 223 I.

1715 190 1766 222 55's

158 259 303 286 occupanti;
315 270 323 283 ,
349 255 490 285 creperum
515 250 675 277 erubescere
701 251 736 276 ob
762 250 912 276 nuditatem
926 269 933 281 ,
949 254 971 282 Α
988 249 1077 284 potius
1092 249 1162 281 auri,
1190 257 1250 283 qnze
1274 249 1409 283 serpentis
1423 249 1569 276 consilium
1585 249 1767 279 ausrultavit;

159 304 280 334 metuque
302 299 410 325 e0ncuti
437 305 467 325 ac
485 305 591 333 pavere.
617 297 684 324 Nam
700 303 763 324 ante
784 297 933 324 admissutn

158 345 258 376 set-lus,
286 348 475 378 gustatamque
499 343 643 373 arborem,
671 342 745 368 uttlla
773 341 934 368 verecundia

159 390 315 416 tenebantur
330 389 365 415 ob
380 388 540 418 nuditatem.
557 387 641 422 idqtte
654 387 759 414 duabus
773 386 808 413 de
822 386 934 413 causis:

159 439 182 461 ct
195 435 257 469 quia
274 434 364 460 amicti
380 439 458 460 erant.
480 433 576 468 gloria,
598 436 624 459 et
643 433 706 466 quia
730 432 802 458 nulla
826 431 936 465 pudoris

159 481 282 515 cogitatio
305 481 411 506 animos
432 479 553 514 ipsorttm
570 479 679 505 subibat
701 478 858 512 priusquam
874 484 937 512 pec-

158 530 269 552 cassent.
294 525 329 551 At
357 530 496 558 postquam
528 524 633 550 facinus
659 524 838 554 commisere,
864 522 935 549 Deus

159 570 227 604 ipsos
250 571 335 604 gleiia
361 569 405 595 illa
427 569 511 598 exuit.
535 572 561 595 et
584 568 665 594 simul
690 568 800 600 pudoris
825 574 934 594 sensum

158 615 250 642 indidit
275 620 303 641 ut
328 622 360 641 eo
384 614 613 648 pet-stringeretur
641 617 800 647 peccatum,
824 612 937 646 ejusque

158 662 269 694 impetus
284 669 315 687 ac
332 660 421 686 fervor
443 660 665 694 restringeretur.
683 659 766 694 igitur
788 659 859 692 quod
876 659 913 684 ait
928 667 935 684 :

157 706 345 740 Cuguoveruut,
361 706 472 740 perinde
485 709 527 732 est
545 713 576 731 ac
589 706 610 732 si
628 705 714 731 dirat:
732 704 835 731 Pudore
851 704 937 738 affecti

156 757 222 778 sunt.
240 753 327 778 Porro
342 751 363 777 si
379 756 483 786 quaerat
500 751 610 784 aliquis,
626 750 657 776 ad
677 757 801 784 quaenam
817 750 937 783 corporis

157 798 274 824 membra
289 797 459 830 potissimum
473 796 635 830 spectaverit
649 795 698 822 iste
710 795 806 829 pudor.
820 795 938 821 dicimus

156 843 187 869 ad
210 843 335 876 genitalia
362 842 503 873 ntembra;
532 841 610 874 idque
632 841 701 867 banc
724 841 758 867 ob
776 847 852 871 rem,
875 841 938 874 quia

156 895 213 914 cum
227 888 314 914 acrior
327 887 568 920 veltementiorque
580 886 615 912 sit
629 887 679 912 iste
691 885 797 912 caeteris
811 885 938 912 omnibus

156 932 293 960 alit-ctibus
304 931 415 966 (quippe
427 932 473 965 qui
486 931 513 958 in
525 931 710 958 animantibus
724 932 835 958 rationis
846 939 940 966 exper-

157 977 224 1004 tibus
241 985 349 1011 quoque
366 976 533 1011 dominetur)
553 976 638 1003 voluit
658 984 746 1003 rerum
763 977 851 1010 opifex
870 976 941 1004 Deus

156 1023 271 1057 primum
289 1023 392 1057 pudore
416 1022 544 1049 eii‘renem
570 1022 644 1049 illum
671 1027 752 1056 atque
778 1022 938 1048 indomitum

157 1066 287 1094 fervorem
313 1067 449 1094 cohibere.
481 1067 594 1100 Insuper
620 1067 644 1094 id
665 1075 772 1101 quoque
796 1067 940 1094 observatu

156 1112 264 1146 dignum
277 1117 329 1143 est,
342 1113 445 1147 primos
457 1117 583 1147 parentes
595 1118 738 1147 antequam
752 1113 776 1139 (il
786 1113 939 1147 liquisseut,

157 1161 183 1184 et
197 1158 316 1184 animum
333 1158 444 1192 ingenio
459 1163 485 1184 et
498 1165 596 1192 corpus
613 1158 697 1191 gloria
717 1158 852 1184 excultum
868 1167 942 1185 cout-

158 1205 284 1235 ptumque
305 1202 443 1234 habuisse,
458 1207 551 1236 postea
571 1209 633 1228 vero
650 1210 729 1236 quam
753 1207 940 1237 pccravtrant.

157 1253 254 1275 exutos
268 1249 376 1282 quidem
391 1256 452 1276 esse
466 1248 588 1282 corporis
603 1249 700 1283 gloria,
715 1255 840 1276 ceterum
857 1249 940 1276 animi

157 1293 358 1328 intelligentiam
385 1294 530 1320 retinuisse
555 1302 562 1320 :
583 1293 711 1320 nimirun
740 1298 768 1320 ut
796 1302 844 1328 per
871 1294 941 1320 hanc

157 1343 334 1372 agnoscerent
361 1347 441 1366 suum
477 1344 637 1372 peccatum,
672 1344 752 1373 atque
786 1339 941 1373 poenitentia

141 1384 338 1423 ducerentur;
366 1385 429 1413 hinc
457 1386 529 1411 enim
552 1385 662 1416 evenit,
693 1389 723 1411 ut
753 1384 833 1411 simul
861 1389 942 1420 atque

158 1429 263 1457 facinus
293 1430 440 1462 fecissent,
470 1431 628 1464 agnon-rint
663 1437 740 1456 suam
774 1430 941 1462 nuditatem,

157 1475 387 1510 crubuerintque,
421 1483 453 1502 ac
480 1477 593 1502 horrore
624 1480 795 1509 tremoreqtte
825 1475 942 1509 correpti

159 1524 270 1546 mortem
287 1520 454 1553 expaverint,
472 1526 534 1547 ante
549 1520 598 1547 sibi
621 1528 667 1552 per
691 1520 777 1546 minas
798 1520 943 1546 denuntia-

159 1570 225 1592 tam.
244 1565 320 1592 [inde
334 1570 360 1592 et
378 1565 497 1592 Jacobus
520 1567 682 1599 Sarugensis
696 1565 728 1592 ad
747 1566 818 1592 buuc
834 1568 943 1592 modum

158 1610 252 1636 scribit
271 1619 278 1637 :
296 1610 440 1638 Peccatum
460 1612 537 1638 initio
559 1619 641 1646 supra
664 1611 774 1638 modum
796 1611 901 1645 placet;
918 1615 945 1638 at

159 1657 186 1682 in
212 1655 264 1682 line
291 1656 394 1682 luctum
422 1656 492 1691 parit
517 1657 644 1690 patranti.
669 1656 738 1683 Cum
765 1656 837 1683 cnim
865 1656 944 1691 primi

158 1707 282 1734 parentes
298 1702 443 1735 cupiditate
460 1702 595 1729 ferrentur
618 1703 645 1729 in
669 1701 741 1728 illam
760 1701 897 1733 arborem,
913 1700 946 1727 de

159 1746 215 1780 ipsa
239 1747 352 1780 edendi;
377 1752 404 1774 et
428 1747 512 1774 Deum
536 1747 626 1782 ipsum
651 1751 677 1774 et
694 1747 796 1782 legem,
823 1754 877 1781 prta
902 1745 946 1772 illa

160 1791 235 1824 parvi
254 1791 408 1825 pendebant
425 1800 432 1818 :
449 1791 493 1818 ubi
509 1792 639 1823 odissent,
656 1791 804 1826 nudatique
821 1790 947 1817 erubuis-

160 1841 232 1868 sent,
247 1837 309 1863 odio
322 1837 408 1871 ipsum
424 1842 486 1864 sunt
501 1837 654 1872 prosecuti;
670 1844 860 1871 memoresque
874 1836 946 1862 illius

160 1883 304 1916 pratccpti:
323 1882 431 1914 Quodie
448 1883 554 1909 ederitir
572 1889 653 1909 morte
670 1882 829 1912 moriemini,
847 1888 947 1916 pavore

160 1928 360 1961 expallucrnnt.
392 1927 426 1954 Et
451 1928 695 1962 coitglulinatterunt
723 1928 788 1962 folia
813 1927 945 1961 ﬁculnea,

160 1974 326 2008 feceruntque
349 1974 399 2000 sibi
423 1973 600 2008 subligaculo.
626 1973 760 2000 Nimirum
789 1973 853 2000 folia
877 1972 948 1999 fuitis

161 2019 362 2052 cousociautes,
384 2019 466 2046 cincti
485 2020 600 2046 formam
628 2019 772 2054 quamdam
801 2019 949 2046 concinna-

162 2065 245 2096 bant;
272 2066 357 2091 vestis
382 2072 469 2099 genus
503 2072 597 2098 parum
631 2065 729 2092 decens
762 2069 843 2098 atque
873 2063 950 2090 infir-

161 2117 237 2135 ntum
260 2109 352 2140 etiam,
378 2113 470 2143 utpote
493 2109 565 2143 quod
587 2109 653 2136 sotis
688 2109 713 2136 vi
749 2108 898 2135 arefactum
908 2107 948 2134 fa-

162 2154 215 2180 cile
242 2158 391 2181 enm‘ceret
414 2153 642 2188 dilabereturque,
667 2158 693 2180 et
709 2161 763 2188 quo
778 2161 866 2188 neque
883 2153 949 2180 satis

162 2205 214 2233 pro
232 2199 370 2224 voluntate
393 2203 419 2225 et
436 2199 579 2226 cmnmode
604 2205 691 2233 neque
711 2198 757 2225 diu
779 2198 950 2232 multumque

163 2244 204 2270 uti
230 2249 353 2278 possent.
379 2244 512 2271 Credibile
536 2248 578 2271 est
600 2250 690 2271 autent
710 2244 792 2271 Evam
815 2243 948 2278 ejusmodi

163 2290 363 2323 subbgacnlum
389 2290 506 2324 priorem
523 2289 633 2321 fecisse,
655 2296 757 2323 suaque
772 2297 805 2316 eo
824 2289 948 2323 pudenda

163 2336 278 2364 velasse.
295 2339 387 2369 ttlpote
400 2343 460 2370 qua
473 2335 547 2369 prior
561 2335 646 2369 legem
661 2335 817 2365 violaverat,
831 2334 949 2362 Adamo-

164 2388 220 2415 que
237 2381 366 2407 nutlitatis
385 2388 466 2408 causa
483 2374 591 2413 fuerat;
612 2384 670 2407 tum
686 2380 768 2407 etiam
794 2380 867 2407 illius
885 2388 950 2406 con-

166 2427 231 2454 silio
259 2427 360 2453 factum
389 2434 449 2453 esse
476 2432 506 2452 Ill
536 2427 587 2453 iste
618 2426 683 2453 folia
712 2426 857 2458 indueret,
887 2427 950 2460 quia

167 2473 267 2499 marito
280 2480 330 2499 suo
344 2477 446 2499 vestem
463 2472 527 2498 olim
548 2473 605 2506 ipsa
621 2477 782 2499 contextura
798 2477 879 2499 esset.
898 2472 950 2498 Sed

166 2527 218 2546 cur
244 2526 296 2545 non
325 2523 450 2553 aptarunt
479 2518 535 2545 suis
564 2517 650 2544 oculis
684 2518 805 2545 velamen
835 2525 867 2544 ex
885 2517 951 2544 'illis

166 2564 251 2595 falsis,
267 2568 314 2590 aut
337 2564 459 2590 manicas
484 2563 622 2596 manibus,
647 2563 688 2590 vel
718 2563 819 2597 caligas
837 2563 952 2597 pedibus

168 2610 311 2644 tegendis?
335 2613 382 2635 ant
404 2609 521 2642 denique
547 2616 596 2636 cur
625 2616 678 2635 non
705 2608 757 2635 alio
794 2609 874 2636 modo
900 2610 952 2636 alia

167 2656 295 2689 corporis
311 2655 432 2682 membra
449 2654 608 2687 affecerunt,
626 2654 672 2681 sed
698 2655 764 2681 solis
789 2655 952 2688 genitalibus

169 2701 348 2734 contegendis
380 2700 548 2734 subligacula
585 2700 799 2734 compararunt?
825 2701 866 2727 Ad
902 2701 953 2727 hoc

170 2747 262 2774 facilis
286 2751 328 2773 est
349 2746 501 2780 responsio.
525 2746 592 2778 Quia
620 2746 810 2773 verecundiam
835 2747 952 2781 primum

170 2794 215 2820 bis
233 2792 356 2827 partibus
372 2792 469 2818 indidit
485 2793 567 2824 Deus,
586 2791 646 2818 ideo
660 2799 874 2819 consentaneum
894 2797 954 2818 erat

170 2838 301 2873 utprima
324 2837 422 2864 cinrtis
446 2837 564 2864 obducta
588 2840 807 2872 contegerentur.
829 2836 881 2864 Sed
905 2845 954 2865 cur

167 2884 332 2912 verecundia
355 2884 398 2911 bis
418 2883 541 2918 partibus
558 2890 573 2910 a
588 2883 643 2910 Deo
658 2887 714 2922 rest
737 2882 828 2916 insita,
844 2890 874 2911 ac
899 2891 952 2911 non

955 920 975 946 Β

986 295 1138 326 ttutoculo,
1159 295 1206 329 qui
1228 295 1334 321 arboris
1355 294 1568 328 pulchritudine,
1593 294 1680 320 victus
1705 299 1767 325 est;

986 345 1034 367 aut
1049 341 1184 372 manibus.
1199 349 1259 375 qum.
1276 340 1381 367 fructus
1393 341 1568 375 decerpscre;
1586 345 1632 366 attt
1645 340 1685 366 ori
1695 340 1768 374 quod

988 386 1111 417 voratit.
1141 390 1189 412 aut
1214 386 1332 420 denique
1357 386 1461 417 ventri,
1488 386 1534 420 qui
1565 385 1692 420 excepit?
1721 384 1770 411 llic

987 430 1202 463 respondemus;
1227 437 1289 456 cum
1316 430 1339 456 is
1355 429 1467 456 allectus
1491 429 1536 462 qui
1555 429 1626 455 circa
1649 429 1770 456 membra

989 475 1117 509 genitalia
1147 480 1294 508 versatur,
1325 475 1490 509 pertinacior
1516 473 1704 509 difficiliorqne
1734 475 1770 501 sit

988 521 1094 547 caeteris
1119 521 1247 548 omnibtts
1268 521 1351 548 animi
1379 520 1631 555 perturbationibus
1656 528 1715 555 qu:e
1743 521 1770 548 in

988 566 1067 593 nobis
1095 570 1170 599 sunt,
1189 574 1257 601 opus
1275 571 1334 593 erat
1358 565 1522 593 verecundia
1549 570 1677 600 tanquam
1695 564 1773 593 freno

989 610 1090 645 injecto
1109 619 1163 645 quo
1180 616 1321 646 peccatum
1335 618 1366 637 ea
1392 611 1418 637 in
1434 614 1509 645 parte
1532 611 1705 638 cohiberelur
1723 620 1730 637 :
1747 615 1774 636 et

989 656 1072 684 simul
1100 662 1130 683 ut
1151 664 1201 684 nos
1228 657 1277 691 ipsi
1303 657 1336 683 ad
1366 656 1520 682 habendum
1548 656 1610 682 odio
1631 661 1773 690 peccatum

989 702 1193 734 inducercmur,
1208 707 1238 729 ut
1259 709 1292 728 ex
1308 709 1363 736 quo
1390 701 1537 728 illiusmodi
1555 702 1717 728 verecundia
1745 702 1773 728 ir.

989 748 1069 776 nobis
1086 753 1148 775 nata
1165 748 1210 775 sit.
1225 748 1258 774 Et
1274 755 1339 774 vero
1355 755 1416 774 cum
1438 748 1542 774 arbitrii
1558 749 1643 775 nostri
1663 749 1776 776 libertas

989 801 1043 820 non
1074 794 1139 821 satis
1163 794 1265 821 valeret
1297 794 1355 821 sola
1385 794 1458 820 ltunc
1482 794 1609 821 affectum
1640 794 1774 827 domare,

990 843 1072 873 atque
1084 839 1117 865 ad
1130 846 1160 866 se
1174 839 1348 866 referendum
1372 839 1501 874 adigere;
1519 839 1644 874 adjunxit
1661 840 1684 867 ei
1704 839 1776 867 Deus

990 884 1203 916 veremtntliam,
1237 892 1291 919 qtto
1328 884 1424 911 saltem
1459 884 1595 911 communi
1633 885 1776 919 utriusque.

992 937 1075 964 opera
1096 929 1282 962 cohiberetur,
1304 930 1551 965 excindereturqne
1568 940 1574 957 :
1591 931 1696 958 arbitrii
1714 932 1776 966 qui-

993 975 1054 1002 dem
1082 975 1160 1002 liberi
1185 975 1300 1009 judicio,
1330 976 1356 1002 itt
1379 976 1488 1009 anima;
1516 977 1684 1004 verecundia:
1713 985 1778 1004 veto

993 1020 1087 1052 frenis,
1106 1021 1133 1047 in
1149 1028 1273 1055 corpore.
1291 1021 1395 1056 Quippe
1417 1023 1520 1050 multos
1543 1024 1673 1051 mortales
1691 1024 1778 1058 pudor

994 1070 1074 1100 atque
1101 1066 1264 1094 verecundia
1294 1067 1383 1101 magis
1410 1067 1527 1095 deterret
1553 1069 1734 1104 prohibetque
1763 1078 1777 1095 a

992 1111 1127 1145 patrando
1145 1119 1177 1139 co
1191 1113 1263 1147 quod
1282 1113 1434 1147 improbum
1459 1119 1510 1144 est.
1531 1122 1612 1149 quam
1638 1115 1707 1148 legis
1731 1121 1780 1142 aut

991 1157 1086 1191 judicii
1104 1157 1237 1184 subeundi
1256 1163 1366 1190 metus;
1389 1164 1485 1193 estque
1501 1160 1561 1194 ejus
1575 1161 1614 1187 rei
1631 1168 1779 1195 argumen-

995 1205 1062 1233 tum,
1091 1201 1164 1235 quod
1191 1202 1270 1228 bruta
1297 1203 1446 1229 animantia
1473 1210 1535 1238 qua:
1572 1205 1646 1231 otnni
1677 1205 1780 1239 pudore

993 1251 1102 1278 vacant,
1120 1253 1232 1281 prorsus
1253 1255 1306 1274 non
1324 1248 1463 1275 refreuaut
1480 1249 1601 1276 libidinis
1622 1258 1678 1281 sua;
1693 1251 1780 1285 impe-

994 1295 1049 1319 tum
1067 1299 1122 1326 quo
1147 1292 1174 1318 itt
1204 1292 1320 1320 feminas
1343 1294 1488 1328 rapiuntur
1513 1295 1584 1322 victa
1601 1296 1635 1322 ah
1661 1296 1778 1331 ingenita

993 1344 1049 1365 sua:
1063 1338 1186 1372 ipsorunt
1205 1344 1317 1371 naturm,
1332 1341 1491 1374 cupiditate.
1511 1341 1544 1368 At
1559 1341 1684 1369 homines
1696 1343 1778 1369 etiam

994 1384 1016 1410 si
1043 1391 1095 1409 non
1119 1384 1224 1410 minore
1245 1389 1326 1418 atque
1350 1384 1394 1411 illa
1418 1385 1540 1413 libidinis
1563 1386 1589 1413 vi
1620 1393 1780 1422 urgeantur.

994 1432 1086 1456 tamen
1108 1429 1142 1456 ab
1173 1437 1204 1456 ea
1232 1430 1376 1464 explenda,
1406 1431 1511 1466 pudore
1538 1439 1592 1465 quo
1613 1433 1685 1466 apud
1712 1433 1781 1460 alios

995 1473 1122 1501 homines
1142 1476 1373 1505 verecundantur.
1404 1477 1526 1502 revocari
1552 1476 1691 1509 videmus,
1713 1478 1781 1503 adeo

997 1523 1026 1545 ut
1043 1519 1209 1553 nelegitimo
1223 1521 1332 1554 quidem
1347 1521 1487 1547 connubio
1510 1522 1647 1555 propalam
1669 1527 1782 1549 utantur

959 1580 981 1609 ο
998 1566 1070 1591 sicut
1094 1565 1156 1591 aliis
1174 1564 1266 1596 rebus,
1284 1566 1332 1592 sed
1349 1566 1465 1592 latentes
1487 1566 1616 1600 tectique.
1632 1567 1783 1594 Conficitur

998 1609 1101 1644 itaque,
1117 1610 1287 1637 verecundia:
1308 1609 1434 1637 affectum
1452 1611 1513 1637 ideo
1528 1611 1562 1638 ab
1577 1619 1667 1639 rerum
1686 1613 1783 1646 opifice
1829 1634 1835 1640 .

1000 1656 1053 1682 Deo
1085 1655 1201 1682 inditum
1233 1663 1294 1683 esse
1323 1656 1487 1691 genitalibus
1516 1657 1658 1684 hominum
1692 1659 1782 1693 potius

997 1708 1078 1735 quam
1096 1701 1158 1727 aliis
1174 1700 1315 1734 membris,
1333 1706 1362 1728 ut
1378 1706 1521 1736 peccatum
1539 1702 1565 1728 in
1587 1702 1641 1729 ill‘s
1659 1703 1783 1737 partibus

999 1745 1174 1778 moderetur;
1206 1746 1343 1781 simulque
1381 1746 1407 1773 id
1432 1747 1512 1773 nobis
1539 1747 1658 1775 invisum
1689 1748 1782 1782 faciat,

999 1798 1104 1825 nosqtte
1137 1791 1171 1817 ab
1200 1791 1259 1825 ipso
1297 1791 1464 1819 admittendo
1497 1792 1648 1825 d-tcrrcat;
1687 1798 1717 1820 ut
1748 1801 1782 1821 cx

999 1843 1053 1870 quo
1068 1836 1126 1870 ipsa
1141 1835 1303 1862 verecundia
1322 1836 1349 1863 in
1367 1836 1468 1863 nostris
1484 1836 1582 1864 animis
1597 1841 1668 1864 orta.

1035 1880 1090 1908 Cur
1109 1880 1179 1907 Deus
1196 1881 1286 1907 siverit
1309 1881 1442 1908 Adamum
1465 1890 1582 1916 peccare.
1610 1882 1720 1909 Arbitrii
1744 1883 1784 1909 li—

1000 1927 1099 1954 bertas.
1115 1941 1149 1947 -ι
1173 1925 1243 1953 Sunt
1273 1927 1320 1961 qui
1347 1927 1392 1954 hic
1421 1927 1605 1962 interrogent.
1639 1935 1688 1954 cur
1712 1927 1785 1955 Deus

999 1973 1134 1999 Adamum
1159 1980 1172 1999 a
1191 1973 1329 2006 peccando
1353 1980 1406 1999 non
1432 1972 1636 2000 absterrueiit?
1659 1973 1714 2000 Nos
1741 1982 1784 2000 re-

1000 2017 1164 2052 spondemus
1176 2017 1201 2044 id
1214 2024 1386 2052 nequaquam
1412 2025 1445 2045 eo
1455 2017 1556 2044 factum
1569 2025 1631 2045 esse
1640 2018 1712 2053 quod
1725 2019 1785 2053 ejus

1001 2062 1119 2090 faciundi
1133 2063 1246 2091 facultas
1264 2063 1318 2091 Deo
1332 2063 1460 2096 defuerit,
1480 2065 1527 2091 scd
1544 2072 1578 2091 ne
1600 2064 1654 2091 vim
1676 2064 1785 2092 all‘errct

1000 2109 1119 2136 libertati
1146 2110 1251 2136 arbitrii
1274 2110 1349 2142 Adae,
1366 2117 1462 2138 eamve
1487 2111 1663 2145 opprimeret.
1681 2111 1785 2138 Deinde

1002 2154 1103 2180 frustra
1116 2153 1203 2188 legem
1219 2154 1258 2181 illi
1273 2155 1489 2189 praescripsisset
1512 2157 1535 2182 si
1560 2156 1672 2190 insuper
1686 2164 1700 2182 a
1718 2164 1784 2191 pec-

1002 2198 1088 2225 cando
1104 2199 1280 2230 coercuisset,
1300 2199 1384 2226 veluti
1407 2207 1488 2226 manu
1512 2200 1623 2234 injecta.
1651 2199 1784 2227 Praeterea

967 2243 1066 2271 Dideo
1096 2243 1180 2270 etiam
1217 2244 1304 2270 noluit
1332 2244 1407 2271 illum
1440 2252 1456 2271 a
1486 2245 1589 2279 flagitio
1618 2246 1786 2273 admittendo

1003 2295 1108 2320 arcere,
1139 2293 1169 2315 ut
1194 2291 1311 2324 gratiam
1327 2290 1527 2324 praemiumque
1545 2291 1678 2317 demereri
1695 2296 1787 2324 posset

1003 2338 1130 2368 [utiquam
1150 2335 1196 2368 qui
1214 2342 1263 2361 sua
1279 2335 1336 2369 ipse
1348 2335 1488 2362 voluntate
1502 2344 1516 2362 a
1537 2337 1640 2364 seelere
1654 2338 1786 2372 patrando

1002 2385 1075 2407 esset
1090 2384 1222 2412 retenkts.
1243 2388 1298 2407 non
1320 2385 1411 2408 autent
1426 2389 1474 2413 per
1493 2381 1546 2407 vim
1572 2382 1728 2416 impeditus.
1746 2383 1786 2409 Ad

1003 2425 1061 2452 haec
1081 2433 1137 2459 quo
1162 2426 1374 2453 imbecillitatem
1404 2434 1480 2453 suam
1504 2433 1684 2460 agnoscerent
1708 2429 1786 2462 primi

1003 2472 1090 2498 nostri
1115 2477 1253 2506 parentes,
1281 2480 1368 2507 neque
1390 2480 1436 2506 per
1461 2481 1556 2499 vanam
1584 2473 1699 2508 gloriam
1723 2474 1788 2501 elati

970 2517 1156 2557 Lprmcipites
1183 2523 1312 2551 ruerent,
1349 2518 1421 2545 sicut
1454 2519 1582 2546 Satanas.
1614 2518 1683 2545 Nam
1713 2522 1787 2554 quod

1001 2564 1121 2590 scientes
1142 2568 1312 2596 peccassent,
1338 2564 1466 2591 conscios
1491 2563 1608 2591 reddidit
1634 2572 1691 2591 suae
1714 2565 1788 2600 ipsos

1004 2610 1184 2642 infirmitatis,
1212 2615 1295 2644 atque
1318 2614 1347 2636 ut
1370 2610 1511 2637 humiliter
1525 2611 1559 2636 de
1583 2617 1613 2637 se
1633 2610 1685 2645 ipsi
1701 2612 1788 2638 scuti-

1004 2659 1075 2687 rent,
1096 2654 1195 2682 eﬂecit.
1216 2654 1337 2689 Denique
1358 2660 1388 2682 ut
1404 2662 1465 2681 cum
1489 2659 1585 2689 suapte
1609 2660 1706 2689 sponte
1721 2656 1787 2683 deli-

1005 2702 1144 2735 quissent,
1172 2705 1253 2736 atque
1280 2708 1296 2728 ο
1319 2700 1450 2735 paradiso
1472 2701 1641 2728 excidissent
1662 2702 1689 2728 in
1715 2702 1788 2728 hunc

1004 2747 1140 2773 mundum
1173 2747 1256 2774 rebus
1282 2747 1404 2774 adversis
1440 2747 1617 2781 molestisque
1640 2746 1787 2775 refertissi-

1004 2798 1091 2823 mum,
1115 2791 1187 2819 facta
1211 2793 1354 2827 utriusque
1375 2792 1471 2819 mundi
1491 2792 1563 2820 inter
1586 2799 1615 2820 se
1633 2793 1787 2824 collatione.

1005 2837 1081 2864 illum
1096 2837 1223 2865 omnibus
1238 2838 1317 2865 bonis
1339 2843 1366 2865 et
1382 2838 1481 2875 gaudio
1496 2838 1606 2872 plenum
1622 2840 1693 2873 apttd
1712 2847 1787 2866 men-

1007 2888 1059 2911 tem
1079 2891 1156 2911 snam
1175 2892 1281 2920 semper
1298 2889 1438 2912 versarent
1454 2894 1460 2912 :
1477 2893 1538 2912 nam
1553 2885 1604 2913 nisi
1622 2885 1785 2916 experientia
