2027 3077
267 157 319 187 559
329 169 337 171 λ

907 155 1023 185 MOSIS
1042 154 1118 185 ΒΑΗ
1137 155 1261 185 CEPHA

1835 157 1888 186 ξω

268 213 407 249 cognitum
426 212 500 240 hunc
519 212 633 239 alterunt
658 210 827 241 habuissent,
851 217 989 244 nttnquam
1010 209 1055 237 ille
1070 213 1092 241 Α
1109 210 1244 237 duntaxat
1266 217 1353 244 potine
1374 209 1501 243 absolvit,
1520 209 1571 237 hoc
1595 214 1647 242 est,
1664 217 1698 237 ne
1723 217 1755 237 eo
1774 210 1833 245 ipso
1845 212 1889 238 die

268 263 399 292 quantum
424 257 488 284 huic
509 261 627 291 praestet,
652 261 744 283 exacte
770 255 976 282 intellexissent.
1000 255 1052 282 Po-

268 310 379 332 stremo,
403 307 432 329 ut
448 302 511 328 dum
529 302 645 328 subinde
669 308 684 327 a
701 305 811 335 peccato
831 300 1053 335 interpellaretur

269 349 365 375 Adami
382 347 497 381 Evatqtte
519 347 659 378 voluntas,
677 346 850 373 erudirentur
871 346 922 380 ipsi
939 346 972 372 ad
988 353 1052 380 pec-

270 394 323 420 cati
345 393 436 419 odium
462 396 542 426 atque
571 391 673 426 fugam,
706 395 835 425 tanquam
866 391 926 424 ejus
953 397 968 417 a
998 397 1052 425 quo

269 440 391 473 ingentes
403 437 572 471 accepissent
586 436 773 468 calamitates;
789 440 871 470 atque
884 443 915 462 ca
928 435 1052 464 doctrina

269 484 302 510 ab
320 483 372 509 illis
394 482 428 508 ad
456 489 506 508 nos
532 488 620 516 usque
635 486 841 516 propagaretur.
869 481 946 515 quasi
969 488 1052 507 manu

268 526 376 554 tradita.
398 526 544 553 Enimvero
568 527 677 560 quoties
704 526 834 560 peccandi
858 526 968 553 occasio
992 533 1053 553 sese

267 572 346 599 nobis
361 571 450 604 offert,
470 576 569 606 pra-sto
583 572 684 599 adsunt
705 572 786 599 nobis
805 572 878 605 leges
892 579 961 606 quas
979 571 1052 598 Deus

266 618 345 645 nobis
373 618 517 651 imperavit
538 621 568 644 ut
595 617 662 651 ipsis
683 624 859 644 coerceamur
882 624 896 642 a
919 618 1052 650 patrando

267 667 390 698 peccato.
409 663 480 696 Quin
498 663 603 697 legibus
622 663 689 697 ipsis
706 663 788 689 etiam
804 662 956 689 subsidium
977 662 1052 689 addi-

266 709 306 736 ttit
329 717 387 736 eattt
413 716 472 743 qua:
490 709 632 735 doctorum
656 707 748 735 verbis
765 708 793 734 fit
820 707 1051 741 rcdargtttionem,

265 754 333 780 utsi
362 754 470 788 quando
498 753 629 788 ﬂagitium
657 753 870 785 adntiserimus,
905 758 960 779 tttttt
990 753 1051 780 latis

264 800 383 834 legibus.
409 805 465 826 tum
490 806 522 826 ea
547 799 629 826 etiam
658 799 846 833 increpatione
863 806 916 832 qua
940 804 1050 832 peccata

268 845 357 872 verbis
374 845 605 879 perstringuntur,
628 845 782 871 indicantur
804 845 836 870 ad
853 844 1051 879 paenitentiam,

266 892 395 926 digitique
411 891 556 918 reddantur
569 891 669 925 quibus
685 890 732 917 ﬁat
749 890 932 918 admissurum
952 891 1050 924 gratia.
1067 881 1088 908 Β

267 937 341 963 Sicut
354 935 456 962 Paulus
473 943 553 962 suttm
571 935 745 962 Timotheum
762 935 865 967 scripto
881 936 1009 962 ltortatur
1023 940 1052 962 ut

266 981 349 1009 simul
361 989 423 1008 cum
441 981 545 1015 legibus
558 980 613 1014 jam
629 986 685 1007 tum
703 981 798 1015 positis
811 980 955 1014 redargnat
969 982 1051 1007 etiam

265 1032 347 1061 atque
378 1026 558 1060 reprehendat
583 1030 752 1060 peccatores,
783 1032 838 1059 quo
868 1032 917 1051 sua
941 1030 1051 1059 peccata

265 1078 414 1107 agnoscant
443 1076 469 1098 et
498 1071 670 1105 pmnitudine
692 1070 876 1098 ducantur".
906 1071 946 1097 Ad
978 1071 1052 1097 hunc

267 1120 348 1144 etiam
374 1118 483 1144 tnodttttt
508 1124 570 1143 cuttt
589 1117 685 1150 printis
704 1117 864 1151 parentibus
887 1121 978 1143 actum
999 1122 1050 1143 est.

265 1163 333 1189 Cum
355 1164 426 1189 enim
450 1162 517 1197 ipsis
541 1163 711 1197 obrepsisset
731 1167 884 1196 peccatum,
902 1163 958 1196 ipse
979 1161 1051 1190 Deus

265 1216 314 1235 eos
327 1209 421 1235 verbis
445 1208 637 1242 reprehendit;
667 1215 784 1241 cumque
802 1207 936 1241 pint-itere
957 1214 987 1234 se
1003 1207 1052 1233 ad-

265 1253 343 1280 tnissi
361 1253 460 1288 ﬂagitii
485 1254 678 1283 ostenderent.
713 1253 904 1288 quadantenus
926 1253 1050 1288 ignovit;

267 1298 377 1333 quando
403 1305 456 1325 tton
486 1306 540 1333 quo
567 1299 612 1326 die
635 1298 751 1325 ederunt
777 1299 810 1324 de
834 1298 914 1325 vetita
940 1298 1050 1332 arbore,

267 1343 362 1369 eodem
377 1348 404 1369 et
423 1343 476 1370 vita
493 1343 616 1370 defuncti
634 1348 710 1375 sunt,
728 1343 800 1370 sicut
821 1351 868 1378 per
884 1344 972 1371 minas
984 1343 1052 1379 ipsis

259 1391 459 1418 obnutttiatum
482 1390 582 1417 fuerat.
605 1390 658 1417 Sed
677 1391 733 1425 jam
761 1391 815 1418 alia
834 1390 960 1418 oboritur
976 1398 1051 1426 (μω-

268 1437 340 1469 stio;
375 1445 424 1463 cur
439 1444 494 1463 non
522 1436 557 1463 sit
581 1441 708 1463 mortuus
731 1436 813 1462 Adam
838 1443 894 1470 quo
918 1436 963 1463 die
995 1435 1052 1463 edit

216 1492 222 1502 ι
267 1483 385 1510 fructuttt
413 1483 527 1508 vetitum
562 1482 631 1509 sicut
663 1482 857 1508 interminatus
885 1481 935 1516 ipsi
964 1482 1052 1509 fuerat

1102 259 1290 293 morerentur;
1305 256 1452 290 ceteroqui
1477 263 1530 282 non
1546 255 1658 282 Sllallliil
1672 262 1788 289 prorsus
1810 262 1888 282 mor-

1104 303 1167 326 tem.
1193 298 1250 327 Non
1271 304 1313 327 est
1336 299 1428 334 itaque
1453 299 1512 326 falsi
1530 299 1733 326 ittsintulandus
1756 299 1826 326 Deus
1841 300 1888 333 qtti

1103 351 1151 378 per
1166 344 1238 371 illam
1253 344 1470 372 miscricordiam
1487 345 1564 371 venia
1581 344 1708 378 dignatus
1724 348 1766 371 est
1778 349 1889 371 nostros

1104 390 1207 424 primos
1230 394 1368 428 parentes‘
1384 390 1565 424 meritamque
1588 397 1697 424 pinnam
1721 391 1819 424 partim
1836 397 1888 416 re-

1104 435 1190 466 misit,
1225 443 1312 470 neqne
1340 443 1372 463 eo
1402 435 1461 470 ipso
1483 443 1538 469 quo
1558 436 1664 462 dixerat
1692 434 1736 462 die
1761 435 1889 470 peremit.

1105 479 1176 507 Sunt
1196 481 1305 515 quidem
1321 481 1366 515 qui
1381 480 1428 507 Dei
1443 481 1524 507 verba
1544 481 1585 507 sic
1603 484 1726 507 tutentur
1741 485 1770 507 ut
1783 480 1889 508 obiisse

1104 531 1221 552 mortem
1239 526 1301 553 illos
1315 527 1482 553 contendant
1495 534 1549 561 quo
1564 527 1608 554 die
1621 528 1814 561 deliquerunt:
1832 535 1887 554 non

1103 571 1212 604 quidem
1236 572 1359 606 Corporis
1377 576 1491 598 mortem
1515 572 1563 599 sed
1586 572 1682 604 animi,
1698 580 1759 608 qua:
1775 581 1808 600 ex
1823 580 1887 606 pec-

1105 619 1166 642 cato
1191 620 1333 642 nascatur.
1350 615 1450 643 Verum
1473 616 1574 643 frustra
1590 622 1633 644 est
1653 617 1710 644 haec
1735 619 1888 650 excusatio.

1103 661 1213 695 quando
1225 669 1277 688 tton
1297 667 1412 689 mortem
1425 663 1523 689 anima:
1541 662 1587 689 sed
1603 663 1738 697 corporis,
1761 665 1812 690 hoc
1832 669 1886 696 est.

1103 715 1165 742 qua:
1180 708 1267 742 ipsam
1290 708 1410 735 animam
1436 716 1450 734 a
1475 716 1590 742 corpore
1605 709 1767 736 dissociaret
1779 730 1787 743 ,
1803 709 1888 737 inter-

1105 753 1225 780 minatus
1250 753 1302 780 illis
1328 753 1416 780 fuerat
1433 753 1514 780 Deus.
1539 752 1599 779 Jant
1626 761 1691 780 vero
1711 754 1776 780 illttd
1803 759 1887 781 restat

1103 799 1205 831 dicere,
1220 807 1268 825 cur
1284 806 1337 825 non
1353 799 1451 825 obierit
1467 799 1551 825 Adam
1568 806 1621 833 quo
1640 799 1683 826 dic
1696 800 1752 826 cdit
1766 799 1886 826 fructum

1105 845 1164 880 lege
1184 845 1362 879 prohibitum,
1387 849 1416 870 ttt
1436 845 1516 871 mina:
1537 844 1659 871 futurum
1677 845 1886 875 denuntiarunt.

1106 890 1152 917 sed
1169 890 1321 916 extettderit
1339 895 1431 924 postea
1450 891 1532 916 vitam
1552 889 1630 917 suitm
1649 891 1681 916 ad
1709 890 1804 917 novies
1821 898 1888 916 cen-

1107 935 1236 962 lL‘Simltm
1255 941 1281 962 et
1306 935 1474 962 tricesimum
1499 943 1612 962 annum.
1633 935 1718 970 Ilojus
1742 937 1780 964 rei
1805 937 1888 963 variae

1104 985 1166 1008 aunt
1194 988 1295 1008 causae.
1326 980 1418 1008 Potuit
1446 981 1518 1008 ettim
1545 981 1616 1008 Deus
1643 981 1718 1009 illius
1743 981 1885 1012 misereri.

1104 1026 1349 1061 routmetitamque
1365 1033 1482 1060 pmnam.
1508 1026 1531 1053 si
1551 1033 1605 1053 non
1629 1033 1749 1058 omnem,
1776 1031 1803 1053 at
1826 1035 1889 1060 par-

1105 1072 1152 1098 titn
1176 1073 1272 1098 saltem
1287 1072 1444 1104 rentittere;
1463 1073 1511 1106 qui
1528 1080 1624 1107 magna
1639 1073 1748 1107 quidem
1763 1072 1887 1106 duraque

1105 1117 1216 1145 minari.
1234 1122 1262 1144 at
1285 1117 1391 1144 minora
1418 1118 1596 1152 mollioraque
1621 1118 1741 1152 infligere
1769 1118 1839 1145 solet
1856 1121 1886 1143 ut

1104 1163 1185 1190 nobis
1199 1163 1323 1190 Ninivitte
1351 1164 1475 1198 exemplo
1498 1163 1584 1190 fuere.
1603 1163 1703 1190 Deinde
1721 1163 1743 1190 si
1765 1163 1802 1189 illi
1822 1170 1886 1190 mox

1103 1217 1167 1236 cum
1183 1209 1305 1236 admisso
1320 1214 1430 1243 peccato
1448 1210 1502 1236 vita
1524 1209 1644 1236 defuncti
1664 1209 1790 1239 fuissent.
1808 1210 1883 1236 nulla

1105 1254 1311 1288 relinquebatur
1338 1254 1503 1289 propagandi
1531 1255 1639 1290 generis
1658 1255 1770 1281 ltttmatti
1793 1255 1881 1288 origo.

1103 1299 1236 1328 Praeterea
1259 1300 1304 1328 illa
1322 1300 1368 1327 Dei
1385 1300 1536 1327 benedictio
1554 1309 1562 1327 :
1577 1301 1692 1327 Crescite
1706 1305 1730 1326 ct
1755 1300 1886 1333 multipfi~

1103 1347 1219 1379 camini,
1244 1352 1421 1382 praecesserat
1442 1348 1516 1374 diras
1541 1348 1608 1374 istas
1634 1347 1722 1374 minas
1741 1346 1822 1379 :Qno
1845 1346 1886 1372 die

1103 1392 1231 1425 ederitis,
1266 1397 1377 1419 mortem
1406 1393 1564 1420 moriemini.
1595 1393 1709 1427 Insuper
1734 1394 1817 1420 dilata
1844 1398 1886 1420 est

1104 1445 1178 1465 mors
1195 1438 1333 1472 peccantis
1357 1438 1433 1470 Ada’,
1458 1445 1492 1465 ne
1511 1438 1616 1472 sijttsto
1633 1439 1712 1465 initio
1734 1446 1809 1465 mors
1835 1439 1887 1465 im-

1103 1483 1209 1518 perium
1227 1491 1307 1510 suum
1329 1483 1470 1517 auspicata
1488 1488 1561 1511 esset
1577 1484 1603 1510 in
1621 1490 1706 1517 genus
1723 1483 1885 1514 humanum.

265 1528 357 1556 Deus?
384 1528 436 1555 Sed
468 1529 629 1562 priusquam
656 1528 690 1554 atl
724 1527 795 1554 hanc
824 1527 1085 1570 respondeamus,c
1103 1535 1216 1563 prorsus
1244 1528 1296 1555 hoc
1330 1528 1523 1556 iudissolubile
1556 1528 1686 1563 deinceps
1711 1529 1885 1556 obtinuisset.

265 1581 354 1608 opera:
376 1573 493 1607 pra-tium
520 1572 602 1599 fuerit
625 1572 733 1599 illatum
753 1572 895 1599 hominum
924 1573 1046 1607 argutias

265 1621 412 1647 dissolvere
427 1621 473 1654 qui
498 1620 548 1647 hoc
575 1620 634 1645 loco
660 1619 738 1645 aiunt
762 1618 896 1652 serpentis
913 1618 977 1652 (hoc
993 1623 1047 1651 est,

266 1666 384 1700 Satattze)
406 1666 485 1692 verba
510 1670 567 1692 rata
590 1666 658 1696 fieri,
685 1665 785 1698 quibus
810 1664 973 1698 prtedixerat
994 1672 1048 1691 non

266 1712 415 1738 morituros
442 1710 550 1737 etiamsi
576 1715 754 1737 vescerentur
782 1710 928 1744 proltibitis
951 1709 1049 1737 fructi-

268 1760 320 1786 bus
335 1768 342 1786 :
360 1758 406 1785 Dei
433 1765 497 1784 vero
513 1758 590 1784 irrita
606 1758 728 1792 falsaque
744 1759 791 1792 qtti
811 1759 905 1786 eodem
921 1765 983 1786 cum
998 1766 1049 1793 pa-

267 1809 339 1831 trato
354 1803 475 1830 facinore
489 1803 531 1830 die
548 1803 694 1830 morituros
710 1803 830 1831 minatus
844 1803 943 1831 fuerat.
967 1803 1049 1838 Atqui

263 1849 479 1884 haudquaquam
497 1849 628 1876 mentitos
650 1853 691 1875 est
708 1849 789 1881 Deus,
806 1849 852 1875 scd
869 1849 1048 1884 prtestitutam

266 1903 374 1930 pinnam
409 1894 596 1921 misericordia
623 1894 766 1929 mitigavit.
795 1893 871 1921 Solet
901 1894 975 1921 enim
1003 1894 1048 1921 ille

265 1941 383 1968 maxima
407 1940 624 1974 gravissintaque
651 1940 784 1974 supplicia
810 1939 920 1972 minari,
940 1943 970 1966 ut
995 1939 1051 1966 sibi

264 1991 377 2013 «aveant
401 1985 539 2016 mortales,
568 1992 662 2011 verum
700 1984 798 2011 deinde
829 1983 873 2010 illa
898 1991 946 2018 per
970 1991 1048 2011 sttam

265 2031 481 2058 miscricordiam
500 2030 649 2062 moderari,
667 2029 827 2064 lenioraque
843 2036 962 2056 sumere.
980 2029 1048 2057 Nam

265 2083 292 2105 ct
317 2078 445 2105 Ninivitis
471 2085 533 2104 rum
563 2077 756 2103 intertninatus
781 2080 853 2103 esset
868 2076 993 2108 exitium,
1009 2076 1047 2103 illi

264 2133 328 2151 vero
344 2126 378 2150 ab
398 2123 524 2157 iutaeptis
547 2122 668 2150 revocati
689 2122 870 2157 poeniterent,
885 2122 958 2148 nulla
974 2121 1048 2156 ipsos

265 2171 350 2197 tnulta
368 2169 460 2196 affecit
469 2169 504 2195 “.
527 2167 651 2195 Ezechiae
671 2175 779 2202 quoque
795 2174 858 2194 cum
883 2168 1046 2194 moriturum

264 2224 352 2250 neque
367 2215 502 2242 victurum
518 2214 734 2248 pronuntiasset,
747 2219 866 2246 eumque
883 2210 987 2245 peccati
1004 2211 1047 2237 sui
1065 2201 1086 2228 θ

264 2261 446 2296 pmnituisset,
461 2259 628 2294 impendenti
641 2265 729 2294 pinna:
741 2258 796 2292 jam
811 2257 920 2284 addicto
933 2256 1048 2290 gratiam

264 2307 381 2338 fecit";
400 2312 426 2334 et
448 2310 539 2333 tamen
566 2312 656 2335 nemo.
677 2303 712 2330 ob
730 2303 789 2330 haec
812 2303 947 2330 mendacii
961 2301 1048 2329 Deum

263 2353 446 2380 accusaverit.
471 2350 516 2378 Sic
541 2350 624 2384 igitur
639 2349 721 2376 etiam
739 2355 801 2375 cum
826 2348 930 2383 Adamn
947 2351 974 2374 et
992 2347 1048 2373 Eva

263 2399 328 2434 ιεεὶι.
347 2397 518 2424 Ρηιηηοηυίι
533 2396 606 2422 enim
631 2403 665 2421 ne
688 2394 722 2421 de
742 2393 786 2420 illa
813 2394 911 2420 arbore
927 2393 1048 2424 ederent,

264 2445 401 2479 simulque
427 2443 514 2469 mittas
544 2440 649 2468 addidit
681 2440 738 2466 fore
768 2443 797 2465 ttt
826 2439 879 2466 nisi
905 2443 1048 2473 parerent,

264 2493 358 2519 eodem
384 2491 427 2517 die
454 2493 569 2516 mortem
593 2492 775 2522 oppeterent:
793 2494 854 2513 cum
875 2493 958 2521 porro
992 2485 1047 2519 jam

263 2541 429 2572 pta-ceptum
451 2535 601 2562 violassent
621 2537 703 2567 atque
719 2536 891 2567 peccassent,
905 2531 1050 2558 miseratus

264 2585 337 2617 ipsos
351 2587 393 2610 est
409 2581 573 2616 culpamque
587 2578 706 2609 remisit,
721 2582 748 2604 et
772 2577 936 2612 supplicium
956 2577 992 2602 ita
1008 2581 1050 2602 est

264 2628 422 2656 moderatus
439 2631 469 2653 ut
482 2633 515 2653 eo
530 2625 590 2660 ipso
601 2624 645 2651 die
661 2627 776 2650 mortem
795 2630 847 2648 non
859 2621 978 2649 obierint
992 2628 1047 2656 quo

263 2673 419 2708 tmpositant
447 2671 499 2699 sibi
518 2671 604 2706 legem
622 2669 770 2703 fregerant.
788 2667 845 2694 luto
860 2674 924 2694 vero
950 2666 1047 2693 adver-

263 2727 311 2747 sus
327 2718 464 2746 Nittiritas
491 2720 577 2743 totutn
595 2714 708 2742 omnino
733 2713 899 2748 supplicium
929 2711 1046 2739 reddidit

264 2765 388 2797 irritum;
409 2766 437 2790 at
450 2762 552 2797 primos
579 2761 663 2788 hosce
686 2764 796 2787 nostros
814 2762 942 2793 parentes
969 2762 1046 2792 parte

297 2840 341 2867 ’Ἰ
357 2839 428 2867 Τίηι.
445 2847 465 2872 I,
479 2838 496 2864 3
512 2845 588 2873 seqq.
632 2837 654 2854 "
665 2836 740 2865 Jonzc
756 2844 794 2869 ut,
810 2834 827 2861 Ξ
841 2842 917 2869 seqq.

955 2834 976 2851 ”
991 2832 1105 2868 lV_ltcg.
1127 2841 1172 2866 xx,
1191 2832 1198 2858 l
1217 2840 1244 2860 se
1257 2840 1294 2864 :q.

1101 1574 1209 1601 Justum
1221 1579 1312 1601 autem
1329 1573 1427 1601 fttisset
1454 1574 1551 1602 mortis
1575 1574 1683 1608 imperii
1705 1574 1884 1608 principium.

1101 1619 1123 1646 si
1139 1619 1236 1652 Adam,
1255 1619 1301 1653 qui
1317 1619 1416 1646 violata
1433 1620 1490 1654 lege
1504 1619 1666 1653 deliquerat,
1683 1620 1787 1654 prituus
1799 1623 1886 1646 ntorte

1101 1664 1285 1696 concidisset;
1308 1669 1336 1691 at
1365 1666 1439 1692 ettim
1458 1670 1636 1699 posteaquam
1655 1665 1699 1691 ille
1715 1665 1820 1699 primus
1844 1670 1887 1692 est

1102 1713 1190 1736 morte
1210 1709 1363 1736 exstinctus
1380 1710 1426 1744 qui
1451 1717 1506 1744 prie
1523 1710 1629 1736 caeteris
1653 1709 1814 1737 mortalibus
1831 1709 1885 1736 Deo

1105 1753 1230 1787 placebat
1260 1759 1286 1781 et
1316 1756 1431 1782 omnino
1455 1760 1543 1782 morte
1567 1755 1693 1790 indignus
1715 1760 1785 1788 erat,
1805 1760 1885 1790 atque

1101 1800 1137 1827 ita
1154 1800 1280 1834 improbo
1293 1801 1428 1836 principio
1445 1809 1521 1829 mors
1539 1810 1616 1830 suam
1633 1803 1740 1837 occepit
1762 1803 1886 1838 tyranni-

1100 1845 1180 1878 detn;
1198 1850 1297 1873 ntertto
1314 1855 1345 1874 ea
1365 1848 1487 1882 tyrannis
1500 1847 1566 1875 olim
1582 1848 1755 1876 dissolvenda
1771 1848 1824 1876 fuit
1836 1856 1884 1883 per

1100 1890 1238 1918 Christum
1263 1891 1309 1926 qui
1331 1899 1382 1919 suo
1403 1893 1475 1919 illam
1502 1893 1618 1920 adventu
1643 1894 1746 1921 viribus
1777 1901 1884 1922 cassam

1087 1931 1228 1962 ’reddidit.
1258 1934 1328 1962 ﬂint:
1367 1935 1495 1964 dominus
1528 1936 1646 1971 Ephrem
1675 1937 1702 1964 in
1741 1937 1806 1964 illttd
1839 1937 1885 1964 Dei

1100 1979 1202 2007 dictum
1220 1989 1226 2006 :
1242 1979 1358 2016 Sanguis
1380 1981 1443 2008 Abel
1466 1982 1566 2008 clamat
1588 1983 1623 2008 ad
1653 1990 1692 2009 me
1715 1990 1747 2008 ea:
1767 1987 1837 2009 terra
1848 1983 1883 2014 ",

1100 2026 1172 2054 sicut
1188 2028 1319 2061 scriptum
1338 2027 1448 2062 reliquit
1463 2036 1470 2054 :
1490 2027 1579 2054 Ululat
1601 2035 1676 2055 tttors
1698 2028 1724 2054 in
1739 2035 1789 2055 suo
1806 2028 1884 2055 initio

1100 2073 1248 2100 ostendens
1277 2073 1362 2107 fquem
1394 2073 1430 2100 sit
1468 2072 1593 2100 habitura
1626 2073 1718 2100 finem.
1750 2073 1883 2100 Preterca

1099 2123 1180 2144 ettam
1205 2118 1227 2145 si
1252 2126 1307 2145 non
1340 2118 1413 2145 illico
1438 2123 1595 2153 peccantem
1624 2119 1758 2146 Adamum
1794 2124 1883 2145 ntorte

1101 2164 1257 2192 multaverit
1281 2164 1364 2196 Deus.
1388 2168 1478 2192 tamen
1508 2165 1648 2192 mortalem
1671 2172 1743 2197 essm
1763 2170 1790 2191 et
1815 2172 1830 2191 a
1854 2171 1883 2191 se

1101 2209 1165 2236 olim
1189 2210 1376 2244 perimendum
1393 2209 1449 2244 jam
1479 2214 1535 2237 tum
1559 2211 1676 2238 ostendit
1702 2210 1745 2238 itis
1768 2211 1881 2237 verbis:

1099 2254 1190 2282 Putris
1209 2264 1246 2287 es,
1266 2260 1290 2282 et
1313 2257 1340 2282 in
1358 2256 1491 2290 pulverem
1513 2257 1660 2283 reverteris.
1677 2257 1798 2291 Denique
1819 2264 1880 2283 ctmt

1100 2301 1144 2327 ille
1168 2306 1275 2336 gustata
1298 2301 1397 2328 arbore
1415 2301 1508 2333 vetita,
1535 2309 1614 2336 poena
1635 2301 1770 2329 obnoxius
1795 2301 1883 2329 factus

1099 2352 1187 2378 esset,
1220 2346 1313 2374 habuit
1343 2347 1431 2381 ipsttm
1461 2346 1532 2374 Dens
1555 2354 1604 2382 pro
1629 2350 1749 2379 mortuo,
1774 2347 1882 2374 etiamsi

1100 2393 1178 2419 vivus
1203 2399 1264 2419 esse
1284 2392 1433 2420 tideretur.
1461 2392 1489 2420 Si
1508 2393 1580 2420 enim
1596 2393 1675 2420 divus
1691 2392 1794 2419 Paulus
1815 2399 1882 2427 apo-

1101 2438 1189 2466 stolus
1202 2445 1251 2465 eos
1268 2438 1314 2472 qtti
1330 2439 1428 2465 mortui
1445 2443 1520 2470 sunt,
1532 2443 1607 2466 recte
1624 2443 1704 2466 vocat
1715 2439 1882 2465 dormientes

1100 2491 1210 2520 propter
1233 2485 1412 2514 certissimam
1430 2485 1640 2513 resurrectionis
1654 2492 1741 2519 spem.
1755 2492 1805 2512 cur
1828 2492 1882 2511 nor

1100 2531 1221 2557 Adantus
1247 2535 1424 2564 posteaquam
1454 2535 1566 2565 peccato
1594 2533 1766 2565 mancipatus
1801 2534 1883 2564 atque

1102 2583 1178 2603 noxre
1190 2575 1298 2602 deditus
1311 2580 1393 2606 esset.
1413 2576 1524 2610 perinde
1540 2581 1622 2611 atque
1636 2577 1672 2604 ob
1692 2583 1790 2603 noxam
1809 2582 1884 2602 mor-

1100 2625 1163 2647 tuus
1180 2619 1269 2646 vocari
1285 2619 1396 2646 debuit?

1135 2665 1220 2691 Adam
1238 2667 1366 2699 quomodo
1391 2670 1511 2692 mortuus
1535 2674 1565 2692 eo
1593 2666 1637 2692 die
1663 2673 1714 2700 quo
1733 2665 1766 2692 de
1789 2664 1884 2691 arbore

1099 2711 1216 2736 scientia:
1236 2710 1364 2744 gustavit.
1377 2725 1412 2729 —
1427 2710 1496 2737 lline
1511 2716 1551 2738 est
1567 2713 1638 2745 qttod
1654 2711 1782 2738 dominus
1793 2710 1884 2737 Julius

1099 2756 1300 2784 Commentario
1329 2763 1380 2783 suo
1401 2756 1427 2783 itt
1457 2756 1634 2791 Evangelittnt
1660 2756 1795 2789 Joannis.
1823 2757 1882 2783 ait:

1340 2833 1364 2849 τ’
1375 2832 1395 2859 G
1407 2841 1442 2860 ιιι.
1461 2841 1497 2862 tt'.
1513 2833 1555 2861 10.
