2027 3077
187 169 238 197 561

749 168 798 198 DE
818 167 1020 201 PARANSO.

1060 182 1073 188 -
1093 170 1137 200 PA
1143 171 1188 200 RS
1209 171 1232 201 Ι.
1752 172 1805 204 562

189 224 274 251 Adam
301 221 394 256 itaque
418 228 451 248 eo
473 221 517 248 die
543 226 658 249 mortem
684 221 762 253 obiit,
787 229 843 257 quo
867 222 911 249 die
939 222 1009 252 (MA
1025 223 1189 258 detraheret,
1207 225 1358 253 secundum
1380 227 1540 255 sententiam
1559 235 1640 263 quam
1661 226 1803 255 dominum

189 269 288 296 arbore
309 267 443 303 prohibita
463 267 529 300 edit,
544 276 577 294 eo
594 276 649 303 quo
671 268 711 296 sic
726 268 838 295 haberet
859 273 971 295 senteu-

190 315 225 342 tia
241 323 248 341 ε
266 314 324 346 Quo
345 313 388 340 die
409 314 554 340 comederis
566 314 598 340 de
616 314 720 345 arbore,
737 314 866 340 moriaris.
889 313 971 349 Atqui

149 383 153 386 ι
190 358 298 385 \ivebat
312 358 393 384 etiam
418 361 489 385 tum.
511 357 562 390 Qui
576 365 640 392 ergo
658 358 746 392 potuit
762 362 884 384 mortuus
899 365 970 390 esse,

189 410 255 430 sane
279 410 327 437 per
351 403 514 429 sententiam
546 403 631 437 ipsam
655 408 735 437 atque
761 410 817 437 pcr‘
834 407 969 436 patratum

189 449 308 479 facinus,
325 448 382 481 jam
401 453 457 474 tum
473 453 597 475 mortuus
609 452 678 475 erat.
699 447 766 474 Nam
792 447 873 474 simul
889 454 971 483 atquc

189 503 219 521 se
238 494 300 528 quis
318 493 471 527 subjectum
488 494 573 528 culpa:
592 493 670 526 fecit,
687 493 818 528 supplicia
836 494 970 528 quodam-

190 546 234 565 mo
245 540 271 565 lo
294 539 407 573 patitur,
431 539 539 565 tatnetsi
564 539 652 566 adhuc
668 547 720 566 non
749 539 839 574 reipsa
859 539 969 572 ductus,

189 584 237 612 sed
263 592 310 618 per
333 584 417 610 solam
438 585 640 618 pronuntiatam
654 585 817 612 sententiam
830 585 970 619 judicatus

187 635 240 656 est.
280 629 313 656 Et
345 629 472 656 dominus
505 630 622 663 Ephrem
658 630 703 657 ubi
738 630 836 657 iterum
871 634 971 657 tractat

189 675 278 702 locum
306 675 380 702 illum
400 675 434 702 de
458 674 563 702 Adamo
585 680 711 702 vescente
734 675 839 703 fructus
861 676 969 708 vetitos,

188 721 375 755 morienteque
389 728 422 748 eo
441 721 501 756 ipso
518 721 572 753 die,
586 721 718 755 scriptum
734 722 844 756 reliquit
861 722 887 748 in
902 722 971 748 hanc

188 767 352 793 sententiam
381 776 387 793 :
419 766 496 794 Sir-ut
526 767 573 801 qui
602 774 685 794 sanus
719 771 780 799 est,
811 767 970 802 priusquam

186 811 290 838 incidat
314 811 341 838 in
365 812 502 843 morbum,
521 811 592 838 bona
612 811 714 838 {ruitur
733 812 887 839 valetudine
911 821 971 847 qua:

188 857 284 883 morbo
308 857 397 891 potior
418 861 460 883 est
477 865 484 883 :
503 864 597 884 verum
622 857 666 883 ubi
681 857 788 884 lcthalis
804 865 867 884 eum
893 858 971 885 inivit

189 903 333 937 (egritudo,
358 902 414 937 jam
438 901 466 929 in
493 903 589 930 mortis
611 907 743 937 potestate
765 910 825 929 esse
846 892 1010 931 censeturB

189 948 296 975 etiamsi
322 947 477 981 complures
505 947 564 975 dies
590 952 708 982 aegrotus
738 948 872 983 transigat
898 949 973 983 prius

190 1001 272 1028 quam
289 993 421 1020 moriatur
437 1001 444 1019 :
463 993 499 1020 ita
517 998 543 1020 et
559 993 643 1020 Adam
665 993 770 1021 felicem
790 1000 873 1028 atque
897 995 968 1021 inco-

189 1039 292 1066 lumem
316 1040 400 1066 vitam
441 1039 561 1073 agitabat
594 1039 621 1066 in
658 1040 786 1074 paradiso
814 1041 972 1075 priusquam

190 1088 325 1120 peccaret,
345 1089 371 1111 at
387 1084 430 1112 ubi
442 1083 598 1111 admisisset
611 1089 760 1119 peceatum,
775 1085 916 1112 sententia:
925 1084 974 1111 ob-

191 1131 290 1158 noxius
302 1130 390 1157 factus
405 1135 456 1162 est,
470 1136 498 1158 et
510 1130 623 1166 proinde
641 1138 689 1164 pro
703 1138 736 1157 eo
751 1130 902 1157 aestimatus
925 1131 972 1164 qui

191 1177 288 1204 mortis
311 1177 492 1204 exsecrationi
521 1176 692 1211 imperioque
721 1176 861 1210 subjectus
888 1181 971 1204 esset.

192 1223 286 1256 llaque
306 1222 400 1250 multis
416 1230 527 1257 pressus
548 1222 676 1252 miseriis.
693 1226 822 1256 tanquam
846 1226 974 1256 perpetuo

193 1269 318 1296 lethalem
335 1269 474 1296 sustinens
487 1267 624 1300 morbum,
641 1267 674 1294 ad
692 1268 776 1302 ipsam
795 1275 882 1302 usque
899 1275 974 1294 mor-

192 1321 245 1342 tem
261 1315 390 1350 perrexit.
406 1314 511 1341 Rursus
527 1314 606 1340 sicuti
625 1313 647 1340 si
660 1314 722 1348 quis
735 1314 817 1340 alium
834 1313 975 1341 mortifero

191 1361 302 1387 vulnere
325 1360 440 1392 sanciet,
466 1359 644 1394 quantumvis
670 1359 716 1386 ille
747 1364 809 1393 post
834 1364 974 1394 acceptam

192 1408 298 1441 pingant
334 1406 436 1432 multos
467 1409 606 1438 superstes
643 1409 751 1431 maneat
778 1404 856 1437 dies,
884 1409 974 1432 tamen

192 1452 305 1486 perinde
319 1459 351 1478 ac
368 1452 389 1478 si
415 1458 477 1478 mox
499 1452 547 1478 ubi
572 1457 720 1485 percussus
740 1450 832 1477 fuerat
851 1450 974 1483 obiisset,

192 1498 234 1524 sic
263 1497 403 1524 vindicant
425 1496 533 1530 judices
562 1503 621 1522 eam
645 1495 745 1522 caedem
762 1504 768 1522 :
787 1496 822 1522 ita
851 1502 904 1530 quo
933 1496 976 1523 die

193 1542 292 1569 vulnus
306 1542 413 1575 excepit
437 1541 534 1572 Adam,
555 1541 588 1567 ab
609 1547 642 1567 eo
662 1540 705 1567 die
725 1544 851 1568 censetur
868 1540 976 1574 judica-

194 1592 239 1614 tus
259 1587 373 1617 obiissc,
396 1590 426 1613 ut
450 1586 497 1620 qui
515 1585 578 1612 inde
610 1593 698 1620 usque
725 1585 789 1612 dum
816 1590 974 1619 moreretur,

196 1632 286 1658 letbali
307 1631 402 1658 mOrbo
417 1636 443 1658 et
461 1631 623 1665 aegritudine
642 1630 724 1657 fuerit
745 1630 906 1665 implicitus.
926 1631 976 1666 lgi-

196 1682 241 1704 tur
257 1677 308 1704 etsi
329 1677 420 1712 reipsa
447 1684 503 1704 non
527 1675 692 1711 oppetiverit
714 1681 827 1702 mortem
855 1676 977 1704 Adamus

196 1723 278 1750 simul
296 1727 324 1750 ut
341 1719 458 1750 fructum
480 1723 545 1756 edit,
566 1728 658 1749 tamen
673 1730 722 1757 pro
745 1727 851 1749 mortuo
867 1723 978 1750 habitus

198 1773 288 1796 esteo
305 1769 377 1804 quod
394 1769 503 1804 capitali
525 1768 605 1803 culpa
626 1775 656 1794 se
671 1767 876 1800 obstrinxisset,
896 1773 978 1803 atque

196 1814 251 1848 jam
271 1819 327 1841 tum
345 1821 391 1848 per
406 1813 570 1841 sententiam
588 1820 665 1839 noxa:
690 1812 797 1840 deditus
817 1819 898 1840 esset.
925 1814 977 1841 Sed

199 1859 274 1887 dices
296 1860 374 1886 :Cur
402 1867 456 1886 non
477 1866 591 1894 prorsus
615 1859 734 1886 abolevit
764 1859 834 1886 Deus
862 1864 976 1886 mortem

197 1914 280 1940 quam
298 1913 346 1940 pro
364 1906 483 1933 maxima
500 1913 547 1933 sua
568 1905 759 1932 misericordia
784 1914 836 1933 non
852 1907 979 1935 intulerat

198 1961 230 1978 co
254 1953 298 1978 die
324 1959 378 1986 quo
403 1956 563 1986 peccaverat
587 1952 725 1980 Adamus?
750 1952 830 1987 Atqui
856 1953 915 1988 ejus
940 1954 979 1980 rei

199 2007 214 2022 ιι
227 1997 288 2024 uiue
307 2002 421 2031 possunt
433 1997 507 2024 reddi
525 2005 630 2025 causae.
651 1998 757 2025 Abolita
772 1999 843 2024 enim
869 2006 980 2033 prorsus

199 2049 305 2074 tttnrte,
330 2043 413 2078 hujus
439 2050 549 2077 quoque
573 2044 665 2070 mundi
691 2044 854 2078 compositio
878 2044 979 2072 frustra

199 2089 306 2119 fuisset,
330 2088 385 2115 imo
403 2088 533 2116 saeculum
562 2089 643 2115 etiam
661 2089 733 2123 quod
753 2089 874 2116 futurum
899 2097 980 2116 voca-

200 2144 272 2162 mus.
300 2135 338 2161 Ad
371 2135 438 2168 hoc,
475 2135 582 2162 sublata
611 2141 685 2161 mors
718 2134 799 2161 simul
824 2135 981 2162 sustulisset

199 2181 342 2207 adventum
368 2179 429 2207 Filii
450 2180 509 2207 Dei.
533 2180 666 2207 Prteterca
681 2183 821 2213 peccatum
837 2179 933 2206 Adami
953 2183 980 2207 et

200 2227 263 2253 Eva:
276 2230 357 2261 atque
376 2227 466 2253 omnis
490 2225 667 2260 posteritatis,
684 2225 839 2252 immortale
856 2225 979 2252 futurum

202 2272 310 2302 fuisset,
337 2277 365 2298 ut
393 2276 435 2299 est
463 2276 603 2306 peccatum
632 2271 743 2298 diaboli.
774 2270 893 2306 Denique
919 2271 980 2299 ideo

203 2317 306 2352 reliqua
325 2325 397 2345 mors
412 2316 474 2349 fuit,
500 2323 529 2344 ut
545 2316 624 2350 primi
641 2321 766 2350 parentes
788 2316 909 2343 animum
931 2317 981 2343 ad-

200 2367 336 2390 verterent
364 2364 395 2389 ad
437 2370 515 2389 suum
549 2362 670 2397 ipsorum
695 2361 812 2394 facinus,
845 2366 871 2389 et
896 2361 980 2388 animi

201 2410 369 2444 paenitudine
397 2409 568 2436 adicerentur
585 2415 695 2442 :nequc
718 2408 815 2435 mortis
841 2407 927 2434 securi
955 2410 982 2434 et

205 2454 262 2480 suis
290 2453 395 2481 seducti
421 2453 561 2480 erroribus
592 2457 700 2487 peccata
731 2452 799 2479 levia
832 2451 981 2483 ducerent,

201 2504 282 2533 atque
296 2499 332 2525 ita
348 2498 475 2525 omnibus
489 2497 600 2532 ﬂagitiis
615 2498 802 2524 advestcreut.
818 2495 894 2523 Hanc
908 2496 981 2523 enim

202 2545 236 2571 ob
250 2552 306 2572 rem
324 2543 394 2571 Deus
406 2551 459 2571 non
472 2543 633 2577 simpliciter
645 2543 679 2569 ad
695 2543 829 2570 Adamum
846 2542 982 2577 Evamque

202 2591 348 2617 accedebat
369 2590 396 2616 in
414 2590 553 2624 paradiso,
575 2589 622 2616 sed
642 2588 762 2615 maximo
787 2596 849 2615 cum
867 2592 981 2619 terrore,

203 2641 233 2662 ut
263 2636 300 2662 ait
322 2635 411 2662 Moses
427 2644 435 2663 :
454 2634 487 2661 Et
517 2634 672 2661 audiverunt
694 2642 779 2660 vocem
800 2633 905 2660 Domini
935 2633 983 2660 Dei

203 2681 348 2715 gradientis
359 2681 386 2707 in
401 2680 538 2714 paradiso,
555 2679 698 2706 inclinante
711 2680 764 2706 die.
782 2679 858 2713 Saepe
870 2678 982 2713 quidem

203 2727 271 2754 alias
297 2730 461 2761 apparuerat
485 2725 555 2753 Deus
578 2725 641 2752 Adae
661 2730 689 2752 et
706 2724 767 2751 Eva:
786 2733 793 2752 :
813 2724 901 2759 primo
920 2732 982 2751 cum

205 2773 339 2800 Adamum
366 2771 517 2804 conderet,
548 2771 754 2801 conformaret.
787 2775 983 2805 componeret,

203 2817 336 2851 erigeret;
360 2816 492 2850 secundo,
519 2824 581 2844 cum
602 2816 658 2850 lege
679 2817 810 2850 imperata
827 2820 927 2842 vetaret
950 2823 984 2842 ne

205 2865 239 2891 de
255 2863 351 2891 arbore
366 2862 528 2896 cognitionis
547 2862 654 2894 ederet;
672 2862 751 2889 tertio
766 2869 827 2889 eum
843 2861 925 2888 Evam
946 2861 983 2888 illi

1028 268 1143 303 Ephrem
1167 275 1195 297 et
1228 271 1274 304 qui
1301 272 1372 299 hunc
1395 277 1557 307 sequuntur,
1582 281 1631 308 pro
1659 272 1806 308 Scriptura;

1026 319 1119 342 tenore
1130 315 1269 350 amplexos
1283 324 1343 344 esse
1357 325 1439 352 supra
1451 318 1706 346 demonstravimus.
1721 318 1805 345 Porro

1024 361 1083 388 sive
1113 369 1160 395 per
1188 363 1443 397 contemplationem
1477 364 1621 398 quamdam
1650 363 1806 398 apparuerit

1025 411 1088 433 tunc
1102 406 1165 437 illis,
1183 410 1212 433 ut
1232 406 1412 435 Philoxenum
1427 409 1584 436 existimare
1598 408 1726 441 diximus,
1748 408 1805 436 sive

1026 453 1061 479 ita
1075 457 1104 479 ut
1120 453 1192 487 ipsos
1207 460 1301 480 eorum
1319 461 1415 481 sensus
1428 453 1514 481 forma
1529 461 1659 488 corporea
1673 457 1803 486 moveret,

1026 503 1054 524 ut
1078 498 1115 524 illi
1136 498 1251 530 volunt;
1281 506 1346 526 sane
1366 499 1555 534 cujuscunque
1578 501 1635 526 haec
1662 499 1734 526 modi
1763 506 1805 526 res

1026 542 1117 575 fuerit,
1148 548 1244 577 pacate
1268 551 1300 570 ac
1324 543 1421 571 blande
1451 544 1504 571 illis
1520 543 1625 570 vicibus
1645 547 1808 577 apparuerat

1025 587 1111 622 ipsis;
1127 588 1222 623 atjam
1243 589 1278 616 ita
1296 588 1374 622 plane
1391 596 1420 616 se
1439 593 1625 624 repraesentat.
1647 592 1676 615 ut
1695 588 1753 615 suis
1768 587 1806 614 illi

1025 635 1152 662 sensibus
1175 636 1334 671 percipiant,
1352 636 1479 663 nimirum
1503 637 1620 663 humana
1647 636 1737 670 specie
1750 635 1807 662 for.

1024 681 1173 713 midabilis,
1194 681 1329 714 turbidus,
1347 681 1475 714 dillicilis,
1495 686 1522 708 et
1539 681 1615 716 quasi
1631 688 1743 716 peregre
1758 680 1807 707 ad-

1025 725 1148 757 veniens,
1169 726 1266 760 iraque
1281 731 1399 758 tumens,
1417 726 1576 762 furensque,
1592 731 1618 753 et
1634 733 1683 753 suo
1699 726 1808 753 incessu

1024 771 1182 799 concutiens
1194 773 1396 807 terram,jatque
1405 772 1472 800 adeo
1483 773 1557 807 ipsas
1566 772 1685 808 paradisi
1695 771 1807 799 arbores

1026 818 1127 850 pressis
1142 817 1262 852 vestigiis
1273 818 1462 845 tremefaciens
1475 825 1483 845 :
1498 818 1666 852 hujusmodi,
1681 817 1805 851 inquam.

1027 861 1120 890 habitu
1149 863 1194 889 hic
1219 870 1293 890 nunc
1325 863 1432 890 videtur
1458 863 1492 890 ab
1518 863 1585 896 illis;
1611 862 1738 889 nimirum
1779 867 1809 889 ut

1025 907 1114 942 pavidi
1129 907 1314 935 conﬁteantur
1328 915 1377 935 sua
1391 908 1501 940 delicta,
1517 912 1599 942 atque
1614 907 1687 934 illius
1702 907 1810 934 miseri-

1024 953 1144 979 cordiam
1173 952 1334 988 veniamque
1359 953 1502 987 implorent
1522 954 1592 987 που]
1605 952 1677 980 enim
1704 956 1808 986 spectat

1024 997 1096 1031 quod
1118 997 1281 1025 ambulantis
1298 1005 1390 1025 \ocem
1407 998 1527 1026 audiisse
1549 999 1688 1026 dicuntur.
1704 998 1810 1032 Quippe

1024 1042 1109 1068 voluit
1126 1043 1214 1069 audiri
1228 1044 1262 1070 ab
1277 1043 1343 1076 ipsis
1368 1051 1447 1070 suum
1462 1043 1610 1076 incessum,
1631 1047 1659 1070 et
1683 1043 1740 1078 ipse
1759 1050 1820 1069 ceu.

1024 1094 1187 1122 corporatus
1210 1089 1326 1123 spectari
1351 1089 1469 1116 humana
1483 1088 1583 1123 forma,
1609 1093 1639 1116 ut
1655 1096 1709 1123 pra:
1732 1092 1807 1115 motu

1025 1132 1186 1160 festinarent
1199 1133 1233 1160 ad
1253 1134 1311 1168 ejus
1335 1134 1448 1167 gratiam
1474 1133 1808 1169 ignoscentiamque.Ca:-

1025 1182 1113 1205 terum
1129 1178 1182 1205 diei
1210 1178 1414 1206 inclinationem
1433 1184 1510 1206 vocat
1535 1179 1675 1215 Scriptura
1702 1184 1808 1214 tempus

1024 1223 1090 1250 illud
1115 1224 1167 1250 diei
1184 1224 1256 1258 quod
1283 1224 1392 1252 circiter
1408 1225 1473 1252 liora
1492 1233 1564 1252 nona
1587 1229 1629 1252 est
1646 1229 1705 1258 post
1723 1225 1807 1252 tueri-

1024 1269 1108 1301 diem,
1125 1269 1182 1296 sole
1207 1270 1240 1296 ad
1255 1277 1383 1297 occasum
1408 1275 1559 1304 spectante.
1579 1270 1632 1297 Sed
1658 1270 1730 1297 enim
1754 1269 1807 1297 lle-

1025 1316 1115 1343 brmos
1131 1317 1218 1348 alunt,
1238 1324 1287 1351 pro
1303 1316 1478 1344 inclinatione
1500 1317 1553 1344 diei
1573 1316 1663 1343 dicere
1679 1316 1808 1350 spiritum

1025 1362 1083 1388 sive
1102 1365 1211 1388 ventum
1232 1362 1296 1389 diei.
1320 1362 1455 1390 Ceterum
1481 1362 1554 1397 quod
1582 1364 1614 1389 ad
1645 1362 1807 1389 inclinatum

1025 1415 1111 1441 usque
1135 1407 1206 1434 diem
1235 1407 1341 1434 distulit
1369 1415 1398 1435 se
1418 1407 1557 1438 exhibere,
1585 1407 1612 1434 id
1636 1415 1669 1434 eo
1689 1407 1754 1434 fecit
1780 1411 1810 1434 ut

1026 1452 1144 1486 spatium
1160 1452 1293 1479 haberent
1314 1453 1428 1484 interea,
1447 1457 1579 1487 quantum
1594 1456 1751 1486 palrasscut
1769 1452 1810 1479 fa-

1026 1499 1104 1525 cinus
1126 1498 1216 1524 animo
1240 1505 1333 1524 secum
1357 1498 1487 1532 agitandi.
1515 1498 1568 1525 Sed
1592 1503 1620 1525 et
1642 1498 1693 1526 hoc
1720 1498 1811 1526 disce-

990 1555 1012 1584 α
1029 1542 1158 1576 ptaudum
1174 1545 1225 1573 est,
1240 1543 1273 1568 de
1289 1549 1344 1575 quo
1364 1542 1407 1568 hic
1423 1542 1467 1568 die
1484 1547 1546 1576 agat
1559 1541 1656 1569 Moses.

1063 1586 1120 1619 Quo
1131 1586 1174 1613 die
1186 1586 1254 1613 Deus
1266 1587 1365 1620 primos
1377 1590 1499 1620 parentes
1523 1586 1648 1621 paradiso
1661 1586 1811 1614 eliminave-

1035 1633 1083 1658 rit.
1098 1646 1133 1651 —
1149 1631 1219 1658 Sunt
1240 1637 1328 1658 autem
1349 1631 1395 1666 qui
1411 1631 1511 1664 dicant,
1534 1631 1579 1659 die
1598 1639 1631 1659 eo
1646 1639 1699 1667 quo
1711 1632 1810 1659 conditi

1032 1676 1110 1704 fuere
1133 1676 1212 1710 primi
1235 1681 1378 1710 parentes;
1404 1677 1450 1703 illo
1475 1677 1519 1704 die
1542 1677 1613 1703 enim
1631 1682 1657 1704 et
1681 1684 1810 1711 peccasse

1029 1722 1103 1756 ipsos
1123 1722 1180 1756 lege
1199 1721 1308 1753 violata,
1323 1721 1368 1756 qni
1383 1721 1442 1749 dies
1457 1725 1515 1749 erat
1532 1726 1636 1750 sextus.
1652 1721 1808 1749 Secundum

1029 1769 1089 1800 hos.
1106 1776 1161 1796 uno
1177 1769 1326 1803 eodemque
1344 1769 1388 1796 die
1400 1773 1507 1796 creatus
1526 1774 1567 1796 est
1589 1768 1675 1794 Adam
1698 1770 1725 1793 et
1742 1774 1809 1794 con-

1029 1813 1145 1840 formata
1168 1812 1234 1845 Eva,
1251 1813 1360 1847 lataque
1387 1813 1430 1840 lex
1453 1817 1479 1839 et
1493 1812 1603 1844 violata,
1627 1816 1708 1846 atque
1729 1810 1810 1845 primi

1030 1862 1157 1892 parentes
1173 1858 1207 1884 ob
1221 1858 1272 1884 hoc
1287 1862 1391 1884 tantum
1416 1857 1520 1885 facinus
1535 1857 1671 1891 objurgati
1686 1860 1712 1883 ct
1730 1863 1811 1889 para-

1030 1904 1089 1931 diso
1105 1904 1247 1931 eliminati.
1268 1903 1319 1930 Sed
1335 1904 1450 1930 aliorum
1469 1903 1603 1930 sententia
1623 1906 1674 1932 est.
1699 1902 1753 1929 alio
1768 1902 1811 1929 die

1030 1955 1138 1978 creatos
1160 1950 1220 1977 illos
1244 1956 1314 1981 esse.
1342 1949 1395 1975 alio
1418 1956 1555 1983 peccasse,
1571 1948 1614 1975 hic
1630 1955 1704 1980 vero,
1720 1947 1753 1974 de
1778 1954 1810 1974 eo

1029 1997 1104 2031 loqui
1125 1995 1231 2027 Mosen,
1245 2003 1299 2030 quo
1318 1998 1476 2029 peccarunt.
1502 1993 1604 2020 Praeter
1624 1993 1675 2020 hos
1693 1991 1738 2018 alii
1762 1999 1809 2026 pus

1031 2046 1100 2072 tant,
1114 2041 1186 2067 hunc
1204 2041 1274 2067 diem
1295 2046 1382 2074 neque
1404 2047 1466 2066 eum
1483 2038 1569 2066 fuisse
1594 2038 1620 2064 in
1636 2044 1689 2072 quo
1705 2036 1812 2064 fuerant

1032 2085 1140 2113 formati
1156 2086 1241 2113 Adam
1262 2090 1289 2112 et
1311 2086 1377 2118 Eva,
1398 2092 1487 2119 neque
1512 2091 1574 2110 eum
1599 2083 1627 2110 in
1642 2090 1696 2117 quo
1715 2088 1811 2116 pecca-

1031 2135 1138 2163 verunt,
1164 2131 1210 2158 sed
1227 2136 1288 2165 post
1313 2131 1385 2162 illos,
1408 2129 1507 2162 alium;
1535 2135 1624 2163 neque
1649 2127 1722 2154 enim
1743 2126 1812 2154 satis

1031 2181 1242 2204 consentaneam
1259 2183 1321 2203 esse
1334 2180 1363 2202 ut
1380 2175 1437 2202 haec
1451 2179 1525 2202 tanta
1541 2181 1595 2200 uno
1615 2172 1746 2200 accidisse
1759 2171 1804 2198 die

993 2217 1020 2246 D
1033 2223 1234 2250 existimentur.
1252 2222 1305 2249 Sed
1321 2229 1371 2250 nos
1395 2222 1453 2248 hzec.
1473 2220 1598 2253 inferius,
1617 2219 1671 2246 Deo
1695 2218 1812 2249 volente,

1032 2268 1228 2303 explicabimus
1249 2268 1404 2295 dilucidius.
1428 2267 1462 2294 Et
1486 2266 1669 2293 occultabatur
1687 2264 1772 2291 Adam
1789 2268 1813 2290 et

1032 2321 1101 2341 uxor
1120 2314 1202 2347 ipsius
1228 2322 1243 2340 a
1267 2317 1404 2347 conspectu
1427 2312 1533 2339 Domini
1553 2310 1601 2337 Dei
1622 2311 1691 2336 inter
1708 2309 1813 2335 arborea

1031 2357 1163 2394 paradisi.
1187 2357 1338 2392 Fugiebant
1359 2357 1439 2392 igitur
1465 2361 1522 2384 tum
1538 2363 1552 2382 a
1581 2355 1636 2381 Deo
1657 2354 1704 2389 qui
1720 2361 1813 2381 vocem

1034 2405 1158 2432 incessus
1177 2404 1230 2434 sui,
1249 2403 1370 2438 ipsorum
1387 2402 1501 2429 attribus
1523 2402 1686 2436 ingesserat;
1706 2403 1762 2426 tum
1780 2399 1814 2426 ab

1033 2450 1130 2476 arbore
1157 2449 1191 2476 de
1215 2455 1270 2482 qua
1293 2447 1417 2482 improbe
1437 2447 1561 2478 ederant,
1591 2450 1672 2479 atque
1698 2444 1725 2471 iu
1746 2444 1814 2471 locis

1034 2495 1127 2522 densis
1163 2494 1406 2528 frequentibusque
1440 2492 1526 2519 multa
1560 2491 1689 2525 variaque
1720 2490 1814 2516 arbore

1034 2541 1236 2568 abscondebant
1268 2546 1307 2570 se,
1336 2538 1466 2564 nimirum
1491 2537 1554 2572 quia
1580 2539 1607 2563 et
1636 2535 1738 2570 peccati
1762 2534 1813 2562 sibi

1034 2586 1139 2613 conscii
1165 2589 1241 2612 erant
1268 2589 1295 2611 et
1322 2584 1398 2614 nudi,
1431 2583 1482 2610 hoc
1505 2587 1557 2614 est,
1579 2581 1643 2616 quia
1668 2580 1814 2608 horrebant

1035 2637 1207 2667 cnnspectum
1224 2631 1281 2661 Dei.
1294 2634 1320 2657 et
1337 2630 1400 2665 quia
1417 2628 1682 2656 verecundabantur.
1696 2626 1728 2653 Et
1739 2634 1812 2653 vora-

1036 2680 1079 2705 bat
1113 2678 1238 2704 Dominus
1269 2676 1338 2703 Deus
1365 2675 1498 2702 Adamum
1523 2678 1548 2700 et
1563 2673 1666 2700 dicebat
1690 2672 1713 2700 ei
1732 2681 1742 2699 :
1766 2671 1815 2698 Ub!

1034 2732 1061 2751 es
1083 2723 1186 2750 Adam?
1204 2722 1263 2749 Jam
1281 2721 1402 2748 diximus
1421 2723 1566 2754 corporata
1590 2723 1671 2753 atque
1698 2717 1815 2744 humana

1035 2769 1120 2803 ﬁgura
1144 2768 1227 2794 Deum
1256 2767 1299 2794 bie
1322 2765 1481 2799 apparuisse
1509 2764 1606 2800 primis
1636 2762 1815 2798 parentibus,

1037 2814 1164 2849 ipsosque
1197 2819 1263 2839 voce
1287 2818 1348 2846 quin
1374 2809 1501 2837 audiendi
1528 2816 1639 2836 sensum
1671 2807 1815 2839 movebat,

1036 2858 1224 2894 compellassc.
1251 2857 1324 2885 Solet
1348 2861 1440 2883 autem
1467 2855 1569 2883 dictum
1597 2854 1688 2881 illud:
1709 2851 1758 2880 Ubi
1779 2860 1806 2879 ea
