2027 3077
230 146 282 177 563

863 149 978 179 MOSIS
997 149 1072 179 BAB
1091 149 1214 181 CEPHA

1801 146 1855 178 565

231 199 324 226 multis
344 201 471 235 nsm'pari
489 202 591 235 modis;
603 210 677 240 _nam
698 206 750 233 est,
764 203 874 236 quando
887 203 933 236 qui
959 210 1010 229 ne-
1026 206 1048 232 Α
1063 203 1112 235 sis,
1133 211 1167 229 an
1187 202 1239 230 sub
1255 201 1369 236 imperio
1386 208 1416 228 es
1442 200 1514 235 quod
1534 200 1581 227 ille
1595 200 1644 228 tibi
1662 200 1772 228 minime
1784 209 1854 236 pne-

229 244 282 274 scit
297 245 342 273 ubi
361 245 384 273 is
401 247 437 274 sit
452 255 534 281 quem
548 252 627 274 vocat
641 247 716 277 dicit.
737 247 787 274 Ubi
804 248 852 274 es?
867 248 914 274 Est
930 247 1011 275 etiam

231 299 293 317 eum
315 291 362 329 qui
387 291 504 321 alterntu
520 292 690 326 interrogat:
718 292 767 319 Ubi
781 294 830 320 es!
850 291 908 319 Non
927 294 1014 320 nescit

231 337 276 363 ubi
301 338 422 365 locorum
449 338 503 371 sit;
533 338 615 365 veluti
643 346 704 365 ctnn
738 340 856 374 aliquem
881 339 976 373 procul
998 346 1013 366 a

231 383 311 411 nobis
329 388 464 419 agentem.
487 384 567 419 cujus
589 392 670 419 opera
689 384 854 418 indigemus,
875 385 914 411 sic
929 385 1014 411 inter-

230 429 384 463 pellamus:
402 428 452 456 Ubi
462 430 512 456 es?
529 430 652 464 Denique
674 430 777 457 utimur
793 438 903 465 quoque
920 438 951 457 ea
974 430 1015 457 in-

232 474 414 509 terrogatinne
438 482 501 502 cum
530 475 647 510 cuipiam
668 483 746 502 suum
765 484 885 502 errorem
907 476 933 502 in
957 483 1014 503 me-

229 521 344 548 moriam
366 520 502 547 adducere
529 521 673 554 volumus;
695 529 756 547 nam
779 520 867 548 illud:
890 521 939 547 Ubi
965 522 1016 548 ea?

229 566 341 601 perinde
359 571 421 593 tunc
435 565 508 593 valet
523 574 554 593 ac
570 567 593 594 si
608 567 732 594 dicamus
747 566 832 594 :Vide
849 575 906 601 quo
920 567 1015 601 impie-

230 609 293 636 tatis
310 609 457 636 recideris!
477 610 621 637 Postremo
641 611 748 638 animos
769 612 868 638 addere
885 612 1013 646 cuipiam,

229 657 314 688 atque
342 662 452 681 manum
481 655 514 682 ad
538 656 692 682 audendum
717 658 857 692 porrigere
880 659 1013 691 volentes,

228 699 367 726 dicimus:
387 699 436 726 Ubi
449 708 475 728 es
486 701 547 728 ?Ad
565 702 622 728 lucc
636 701 669 728 de
684 709 713 729 re
727 703 828 729 amissa
844 711 926 737 qualn
943 711 1016 738 qua,

230 745 327 776 rimus,
349 753 512 780 usurpamus
527 755 638 782 quoque
655 748 705 776 hoc
720 748 832 777 dictum.
849 749 935 783 Igitur
949 750 1014 776 dum

231 789 302 817 Deus
324 789 459 818 Adamum
489 791 681 827 interrogaret,
714 793 824 820 ubinam
851 799 935 826 esset,
961 802 1014 821 non

229 833 339 868 quidem
358 835 382 861 id
398 835 559 869 ignorabat;
578 841 606 864 ut
625 845 713 871 neque
730 846 791 865 cttrn
808 845 841 865 ex
859 838 926 865 Cain
939 847 1014 873 qua:-

230 885 301 908 reret
318 889 325 908 '.
345 880 394 908 Ubi
407 867 446 909 est
458 867 621 916 frater-titus
632 867 676 908 “‘i
691 882 783 917 Neque
798 890 859 910 cum
875 891 906 910 ex
922 867 1012 911 Riese:
1028 867 1052 897 B

230 927 301 958 Quid
322 927 370 954 hac
383 933 421 954 est
436 928 505 962 quod
522 936 602 954 manu
621 933 691 955 tenes
705 928 744 955 οη
758 929 812 956 Aut
827 937 858 956 ex
875 928 1013 957 Ieremia:

230 971 302 1003 Quid
327 972 448 999 vides“?
469 979 514 1002 ant
536 973 654 1008 denique
675 981 707 1000 ex
731 973 831 1001 Sat-ana
849 981 856 1003 :
876 973 949 1002 Unde
972 983 1014 1001 ve-

229 1017 270 1043 nis
281 1017 324 1043 “1'
345 1017 390 1044 sed
418 1017 516 1045 habent
538 1018 685 1046 illiusmodi
710 1018 936 1053 irterrogationcs
951 1027 1014 1047 suas

229 1069 338 1095 causas,
365 1063 435 1090 sicut
458 1067 484 1090 ct
507 1063 560 1090 illae
584 1061 644 1090 Filii
673 1064 699 1090 in
730 1063 806 1091 Novo
827 1064 1013 1098 Testamento,

229 1107 294 1135 dum
329 1108 368 1134 ait
397 1108 431 1135 ad
460 1109 609 1143 discipulos
635 1116 702 1137 suos
727 1118 734 1136 :
758 1110 829 1141 Quot
851 1118 933 1143 panes
965 1111 1013 1137 ha-

229 1153 345 1179 betis“?
373 1157 400 1181 et
429 1161 526 1181 rursus
551 1161 558 1181 :
582 1155 664 1187 Quem
692 1155 784 1181 dicunt
812 1155 930 1182 homines
959 1163 1017 1183 esse

231 1197 331 1225 Filium
360 1199 530 1226 hominis“?
554 1205 581 1226 et
609 1209 615 1226 :
638 1199 752 1234 Simon,
784 1209 856 1235 reges
892 1205 970 1228 terra:
999 1209 1016 1228 α

230 1250 281 1277 quo
311 1244 420 1276 cupiunt
453 1244 583 1271 tributum
606 1249 632 1270 et
662 1246 823 1273 censitor”?
852 1251 879 1274 et
900 1247 932 1273 ad
965 1247 1016 1274 Lc—

231 1286 337 1319 sionem
362 1296 369 1313 :
394 1287 464 1319 Quid
493 1293 531 1315 est
558 1297 651 1316 nomen
683 1291 813 1318 tuum“?
842 1292 959 1327 denique
981 1293 1015 1320 ad

229 1331 342 1358 Juda-os
357 1341 363 1358 :
381 1331 432 1361 Ubi
452 1334 566 1366 posuisti
584 1334 659 1362 illum
671 1335 713 1361 "‘9
739 1335 872 1364 Lazarum
898 1339 1014 1366 scilicet.

230 1376 293 1403 llzec
319 1378 390 1404 enim
415 1384 441 1405 et
468 1378 548 1412 liu,'us
570 1381 679 1414 generis
704 1381 756 1408 alia
784 1390 844 1417 qua:
863 1383 1015 1419 interroga—

230 1422 268 1448 vit
283 1422 420 1454 Christus,
435 1431 488 1450 non
503 1424 613 1458 ignarus
628 1427 772 1461 sedprobe
788 1429 915 1456 conscius
933 1430 1017 1457 inter—

230 1467 343 1500 rogavit,
363 1471 454 1501 utpote
480 1468 549 1495 Deus
563 1470 609 1504 qui
639 1471 731 1498 omnia
760 1472 832 1499 videt
861 1474 1015 1509 novitque:

1066 248 1216 276 dixit?Ubi
1233 249 1283 276 es?
1306 255 1437 283 magunne
1462 246 1562 274 ﬁducia
1586 247 1702 282 pollens,
1730 253 1853 282 apertam

1067 294 1181 322 frontem
1210 294 1340 324 sustollis,
1370 301 1403 320 an
1434 293 1539 327 pudore
1569 292 1717 320 confusum
1748 294 1853 321 vultum

1065 339 1181 373 dejicis?
1200 339 1251 367 libi
1269 339 1320 366 es?
1336 346 1383 366 cur
1396 346 1440 365 me
1463 345 1529 370 on,
1551 340 1580 363 ut
1605 337 1687 369 soles,
1708 339 1855 372 aperlein-

1066 387 1162 418 tueris,
1188 386 1234 413 sed
1253 385 1279 412 in
1296 385 1414 412 latebras
1430 388 1457 411 te
1482 391 1496 410 a
1514 391 1556 410 me
1571 384 1719 410 subducis?
1751 384 1854 411 Deinde

1068 435 1097 458 ut
1113 431 1172 465 ipsa
1190 431 1402 464 interrogatione
1417 430 1538 456 animum
1556 429 1594 455 illi
1607 429 1732 456 redderet
1749 429 1781 456 ad
1794 430 1852 456 col-

1066 477 1243 511 loqueudum,
1259 482 1340 510 atque
1356 475 1389 502 ad
1406 474 1594 509 paenitentiam
1604 474 1748 507 invitaret;
1764 475 1858 502 adhoc

1066 521 1257 549 utostendcret
1272 529 1301 548 se
1311 521 1347 548 ita
1356 520 1489 547 Adamum
1499 527 1633 554 quaerere,
1643 525 1674 546 ut
1686 524 1761 555 pater
1772 521 1857 546 amis-

1065 574 1125 595 sum
1139 567 1234 599 lilium,
1244 566 1357 593 sollicite
1369 566 1622 600 investigat.Atque
1633 565 1690 592 haec
1705 565 1854 600 posteriora

1065 613 1120 639 duo
1136 612 1198 638 inde
1207 611 1429 646 comprobantur,
1442 611 1513 646 quod
1530 618 1584 637 non
1597 611 1676 645 quasi
1692 611 1856 644 supplicium

1066 657 1100 684 de
1116 657 1170 684 illis
1188 661 1350 691 sumpturus
1360 664 1389 683 se
1400 657 1456 690 jam
1482 656 1548 691 ipsis
1557 656 1713 683 exhibuerit
1727 656 1754 682 in
1766 655 1856 690 primo

1067 703 1118 730 hoc
1135 710 1295 737 congressu,
1321 702 1424 736 alioqui
1446 702 1518 729 enim
1534 709 1588 728 non
1605 706 1660 728 tam
1678 701 1778 728 blande
1804 709 1857 728 suo

1066 748 1141 775 illum
1155 748 1264 775 nomine
1278 752 1472 782 nuncupasset.
1484 747 1530 774 Est
1538 748 1610 774 enim
1620 747 1677 774 lnec
1689 747 1725 774 illi
1736 746 1857 774 Paulinae

1067 795 1165 822 similis
1184 795 1367 828 interpellatio
1383 802 1390 820 :
1405 793 1497 826 Saule,
1525 801 1573 820 cur
1586 801 1626 819 me
1639 793 1800 827 persequeris
1812 793 1856 819 ὀἵ

1067 848 1117 868 cur
1132 848 1186 868 non
1199 840 1329 875 perdendi
1343 840 1429 874 ipsius
1446 847 1528 867 causa
1545 847 1576 866 se
1588 840 1626 866 illi
1643 838 1852 870 oll‘crretlesus,

1067 887 1232 921 nomineque
1247 886 1433 920 compellaret,
1450 885 1497 913 sed
1522 889 1552 912 ut
1569 885 1602 912 ad
1622 893 1779 912 sermonem
1806 893 1855 912 cx-

1066 933 1293 967 Cusationemqne
1306 936 1477 966 provocarct.
1494 932 1564 958 Tum
1578 931 1660 958 etiam
1677 931 1700 958 si
1720 939 1768 965 per
1787 938 1855 958 cau-

1066 986 1125 1006 sam
1139 977 1268 1013 perdendi
1283 978 1336 1004 illis
1351 977 1535 1012 apparuisset,
1555 977 1649 1010 utique
1672 976 1854 1008 perdidisset;

1066 1024 1108 1051 vel
1125 1024 1212 1058 aquis,
1230 1027 1259 1050 ut
1280 1023 1367 1057 prisca
1396 1022 1454 1049 Noe
1478 1022 1577 1049 sarcula
1606 1021 1639 1054 “,
1667 1021 1709 1048 vel
1734 1021 1804 1055 igne,
1828 1025 1859 1048 ut

1068 1069 1229 1096 Sodomitas
1247 1069 1279 1098 ⁷¹,
1312 1067 1353 1094 vel
1376 1072 1447 1094 terra
1465 1067 1632 1098 dehiscente,
1650 1070 1680 1092 ut
1706 1065 1857 1092 Dathanam

1066 1121 1094 1143 et
1110 1116 1259 1143 Abironem
1277 1114 1298 1130 "
1313 1122 1319 1146 ;
1343 1117 1422 1141 erant
1435 1113 1509 1140 enim
1524 1113 1657 1147 ejusmodi
1675 1112 1761 1138 exitio
1774 1111 1856 1146 primi

1068 1167 1194 1196 parentes
1217 1168 1327 1195 quoque
1344 1160 1400 1194 jam
1427 1164 1483 1186 tum
1505 1158 1592 1193 digni,
1609 1158 1710 1192 quippe
1724 1158 1769 1192 qui
1784 1157 1857 1184 salu-

1069 1207 1120 1233 tari
1135 1206 1259 1233 doctrina
1283 1205 1395 1240 reiecta,
1412 1204 1592 1239 perniciosam
1608 1202 1856 1237 inerantamplexl,

1067 1256 1096 1279 et
1112 1259 1171 1278 eam
1184 1259 1243 1285 quae
1259 1259 1321 1278 cum
1337 1250 1383 1277 Dei
1402 1250 1485 1278 verbo
1499 1256 1624 1284 prorsum
1640 1248 1789 1282 pugnabat.
1808 1248 1857 1274 Di-

1068 1300 1142 1324 xerat
1162 1296 1234 1323 enirn
1246 1295 1317 1322 Deus
1338 1304 1345 1322 :
1374 1295 1459 1322 Morte
1488 1294 1638 1321 moriemini
1660 1301 1714 1328 qua
1732 1294 1774 1319 die
1797 1293 1859 1320 ede—

1067 1343 1127 1370 ritic
1152 1343 1184 1369 de
1206 1341 1317 1374 arbore;
1342 1341 1385 1367 illc
1405 1348 1469 1367 vero
1498 1340 1585 1367 alter:
1615 1337 1677 1365 Non
1698 1338 1858 1364 moriemini.

1105 1386 1154 1415 Dei
1181 1385 1405 1419 eapostulatioues
1442 1391 1501 1410 cum
1527 1383 1620 1418 primis
1644 1381 1860 1417 parentibus.—

1068 1432 1160 1466 Neque
1189 1438 1253 1458 vero
1269 1430 1354 1457 multa
1383 1429 1437 1456 Deo
1455 1429 1606 1457 defuissent
1635 1434 1696 1462 qure
1722 1426 1856 1454 adversus

1069 1478 1130 1506 illos
1145 1477 1278 1512 potuisset
1292 1476 1394 1506 dicere,
1411 1475 1433 1502 si
1449 1474 1626 1509 expostulare
1645 1477 1775 1506 tauquam
1790 1479 1853 1499 cum

229 1518 324 1538 verum
337 1512 418 1545 justis
432 1513 466 1540 de
491 1515 593 1547 causis,
611 1515 684 1543 hisee
697 1520 723 1542 et
741 1516 804 1543 aliis
822 1517 1012 1554 interrogatio-
1029 1528 1051 1557 c
1070 1523 1195 1552 hostibus
1209 1522 1335 1549 libuisset
1352 1539 1361 1552 ,
1385 1520 1464 1555 quale
1481 1527 1523 1547 est
1540 1519 1627 1546 illud:
1645 1518 1686 1544 Αιι
1712 1525 1765 1544 ιιοη
1794 1524 1857 1551 θεον

230 1557 388 1584 nibususus
417 1562 460 1586 est
478 1568 486 1588 :
516 1559 595 1587 l’ater
608 1562 731 1596 quidem,
750 1562 777 1588 in
794 1562 905 1598 Veteri;
928 1565 1014 1595 Filius

232 1610 296 1630 vero
311 1603 338 1629 in
352 1603 428 1630 Novo
444 1605 627 1634 Testamento.
644 1607 775 1639 Quamvis
795 1610 867 1636 enim
886 1611 1014 1640 dominus

233 1647 361 1678 Severus.
384 1654 410 1675 ct
433 1649 599 1678 Philoxenus
626 1653 718 1681 multis
735 1654 761 1680 in
789 1655 857 1682 locis
880 1655 1016 1684 afﬁrmant

230 1692 328 1719 Filium
343 1692 427 1720 fuisse
441 1695 486 1728 qui
508 1700 535 1722 et
549 1696 576 1722 in
594 1696 683 1725 Veteri
709 1703 735 1725 et
751 1699 825 1727 Novo
843 1700 1015 1730 Testamento

232 1737 394 1763 mortalibus
410 1740 536 1772 apparuit
550 1748 633 1774 seque
648 1742 772 1770 exhibuit
790 1745 1014 1779 conspiciendum

231 1781 361 1813 (Seierus
373 1783 456 1814 enim,
474 1785 500 1810 in
527 1792 558 1811 co
572 1793 698 1814 sermone
712 1795 792 1821 quem
817 1790 850 1816 de
879 1790 1016 1819 Geuitrice

229 1826 279 1857 Dei
293 1829 456 1862 composuit,
472 1830 525 1856 ait:
552 1830 669 1859 Verbum
695 1834 766 1860 enim
783 1834 828 1861 Dei
846 1835 934 1864 Patris
958 1843 1016 1865 erat

230 1872 303 1906 quod
324 1880 405 1907 super
426 1874 570 1903 sublimem
589 1882 708 1904 montem
725 1878 801 1906 Sinai
822 1881 1014 1916 descendebat,

234 1923 263 1944 ut
275 1918 356 1946 l'erret
371 1919 456 1954 legem
474 1921 587 1955 mundo,
609 1927 681 1956 ctc.;
702 1924 749 1953 alii
779 1929 867 1952 tamen
896 1928 1015 1961 probata:

230 1965 360 1993 doctrinae
376 1967 499 2000 magistri
509 1967 664 1995 existimare
678 1970 792 2002 malunt,
806 1970 889 1998 Deum
906 1971 1014 2001 Patrem

231 2011 257 2036 in
275 2009 365 2037 Veteri
383 2012 449 2046 (23),
461 2012 560 2040 Filium
573 2021 636 2041 vero
648 2015 674 2042 in
688 2014 764 2043 Novo
782 2019 951 2050 apparuisse.
963 2019 1015 2050 Sed

231 2060 277 2082 tua
296 2060 366 2088 esto,
383 2056 477 2089 lcttor,
494 2058 670 2090 existimatio.
687 2064 778 2088 utrum
809 2062 907 2089 borum
924 2065 1015 2092 verius

230 2101 267 2129 sit
283 2101 411 2136 quodque
428 2103 514 2137 magis
531 2103 699 2138 probaveris,
717 2106 742 2132 id
759 2107 934 2142 amplectitur
948 2111 1014 2137 reti-

231 2151 346 2181 netoque
368 2147 477 2181 quando
493 2150 626 2178 utrumvis
640 2151 778 2185 probabile
795 2157 837 2180 est
864 2154 1012 2182 credibile:

1067 1569 1190 1604 improbe
1205 1568 1318 1600 Adame,
1340 1571 1364 1594 te
1375 1566 1482 1594 condidi
1496 1573 1528 1594 ex
1547 1570 1618 1592 terra
1645 1564 1677 1590 ad
1691 1571 1777 1590 meam
1787 1563 1858 1590 ima-

1070 1616 1160 1651 ginem
1175 1619 1202 1642 et
1224 1613 1446 1644 similitudinem,
1462 1611 1586 1645 meisque
1602 1614 1628 1637 te
1647 1609 1773 1635 manibus
1785 1615 1855 1635 cott-

1067 1660 1194 1690 formavi.
1213 1664 1239 1686 ct
1251 1666 1362 1685 uxorem
1375 1657 1436 1685 dedi
1457 1657 1518 1684 vim
1541 1660 1594 1685 tuae
1616 1654 1788 1683 subsidium?
1802 1661 1855 1680 an-

1068 1715 1122 1734 non
1140 1707 1166 1733 in
1184 1705 1311 1740 paradiso
1337 1709 1362 1731 te
1386 1702 1518 1731 collocavi
1533 1702 1661 1729 omnibus
1684 1700 1789 1728 deliciis
1814 1707 1858 1726 rc-

1067 1751 1162 1779 ferto’!
1178 1758 1268 1777 annon
1282 1754 1364 1783 caput
1381 1749 1631 1783 imperatoremque
1647 1751 1672 1774 te
1686 1754 1779 1774 rerum
1795 1753 1855 1772 om-

1068 1798 1143 1824 nium
1159 1803 1219 1830 qua:
1241 1795 1269 1822 in
1292 1795 1370 1821 terris
1393 1799 1466 1826 sunt,
1484 1793 1640 1821 constitui?
1653 1792 1719 1826 quid
1732 1795 1775 1819 est
1789 1798 1855 1826 ergo

1068 1851 1117 1870 cur
1130 1850 1172 1869 tne
1184 1841 1383 1871 criminareris.
1404 1839 1652 1872 columuiatorique
1677 1845 1759 1865 aures
1788 1844 1858 1872 prae-

1067 1887 1167 1917 beres?
1182 1886 1281 1913 Verum
1301 1893 1412 1920 prorsus
1428 1893 1480 1912 non
1495 1884 1647 1915 infremuit,
1663 1883 1710 1910 sed
1731 1882 1854 1910 suaviter

1067 1941 1100 1962 ae
1115 1933 1211 1962 blande
1226 1932 1363 1966 appellans
1378 1941 1384 1958 :
1409 1931 1520 1963 Adame,
1538 1930 1636 1964 inquit.
1665 1929 1707 1955 ubi
1730 1936 1756 1955 es
1780 1928 1792 1954 1’
1809 1925 1856 1954 ni-

1067 1979 1168 2006 mirum
1183 1983 1212 2004 ut
1227 1976 1397 2011 colloquendi
1414 1977 1540 2004 ﬁduciam
1556 1975 1605 2010 ipsi
1623 1974 1724 2001 iaceret
1741 1982 1747 2000 :
1764 1978 1857 2000 osten-

1067 2024 1197 2058 deretque
1214 2030 1244 2051 se
1266 2023 1341 2050 illum
1357 2029 1411 2048 non
1424 2021 1479 2056 jam
1495 2021 1603 2048 insolito
1623 2024 1732 2053 aspectu
1747 2025 1854 2044 vocare.

1067 2069 1237 2104 Quapropter
1266 2067 1326 2102 ipsa
1344 2067 1425 2093 etiam
1440 2073 1504 2092 voce
1519 2066 1655 2092 animatus
1677 2064 1797 2090 Adamus
1814 2069 1858 2089 re-

1068 2116 1179 2150 spondit
1191 2115 1284 2142 dicens
1307 2122 1314 2141 :
1337 2113 1427 2140 Vocem
1443 2118 1515 2139 tuam
1527 2112 1614 2138 audivi
1631 2112 1656 2137 in
1681 2110 1816 2144 paradiso,
1832 2114 1856 2136 et

1067 2162 1120 2188 vidi
1136 2163 1206 2196 quod
1224 2161 1308 2187 nudus
1323 2167 1417 2191 errem,
1445 2162 1521 2192 atque
1552 2157 1680 2183 occultavi
1709 2164 1760 2182 me.
1783 2155 1856 2182 Duas

232 2199 284 2219 una
298 2196 340 2220 est
366 2192 438 2220 enim
456 2193 605 2227 eademque
618 2194 716 2228 Patris,
730 2200 756 2222 et
772 2195 832 2223 Filii
848 2202 875 2224 et
894 2198 1015 2233 Spiritus
1032 2191 1054 2222 ί)
1069 2191 1156 2235 καριίί
1172 2206 1293 2233 Adamn;
1319 2213 1348 2233 se
1381 2191 1532 2232 occultandi
1561 2202 1701 2229 rationes:
1729 2201 1854 2231 alteram,

230 2238 319 2267 sancti
343 2243 451 2270 natura,
468 2247 500 2267 ac
517 2240 643 2266 voluntas
665 2249 729 2272 una,
746 2250 853 2277 unaque
872 2246 1014 2279 operatio;

230 2283 276 2310 scd
301 2287 356 2311 tres
384 2291 505 2318 persona:
524 2284 667 2313 distinctae.
688 2286 772 2321 Igitur
790 2293 820 2314 ut
841 2297 874 2316 eo
890 2291 961 2318 unde
975 2292 1015 2319 di-

231 2329 316 2362 gressi
333 2337 439 2360 smnus,
455 2330 547 2357 redeat
562 2331 662 2364 oratio,
701 2340 753 2360 non
775 2339 883 2368 propter
908 2337 1015 2371 ignora-

231 2375 344 2406 tionem,
358 2375 404 2402 sed
425 2375 494 2403 alias
516 2376 551 2403 ob
577 2384 675 2404 causas
693 2379 831 2412 quaerebat
850 2388 882 2407 ex
911 2383 1014 2410 Adamn

231 2420 312 2453 Deus,
331 2420 441 2448 ubinam
460 2427 550 2454 esset;
569 2423 698 2450 nimirum
717 2428 745 2451 ut
762 2425 814 2458 ipsi
833 2434 912 2453 suum
941 2436 1014 2455 erro-

229 2474 287 2493 rem
306 2467 341 2493 ob
363 2468 457 2495 oculos
480 2474 602 2503 poneret.
636 2470 747 2504 petinle
774 2479 806 2498 ac
834 2474 857 2500 si
887 2474 1013 2502 diceret:

230 2512 373 2544 Quomodo
394 2513 464 2547 agis,
479 2514 603 2541 Atlante?
616 2521 761 2549 apertosnc
772 2518 866 2546 oculos
879 2519 973 2552 habes,
986 2525 1014 2548 ut

230 2563 257 2586 te
272 2559 427 2588 habiturum
444 2560 568 2595 promisit
587 2562 718 2595 serpens?
737 2570 770 2589 au
787 2563 868 2591 etiam
886 2573 950 2593 nutu
963 2575 1015 2595 ca:-

230 2612 278 2632 cns
301 2612 331 2632 es
356 2610 452 2633 contra
478 2609 559 2640 atque
578 2606 623 2633 ille
649 2612 690 2634 est
718 2608 935 2643 pollicitus?ubi
962 2614 1014 2640 es?

229 2650 330 2678 Deinde
347 2659 353 2677 :
371 2650 470 2678 Locum
483 2651 538 2686 jam
557 2651 663 2679 obtines
689 2660 738 2686 pro
754 2655 885 2689 serpentis
900 2658 1013 2691 promis-

273 2705 373 2744 fﬂGep.
393 2714 430 2739 tv,
451 2707 477 2734 9.
502 2708 540 2744 ff
554 2706 644 2744 Esod.
660 2715 698 2739 tv,
711 2707 738 2735 2.
778 2710 910 2739 “Ji-ri-m.
933 2720 952 2744 ι,
971 2714 1014 2740 13.

231 2740 251 2755 ¹⁷
274 2741 369 2776 hlatth.
399 2749 471 2776 aut,
499 2742 544 2769 24.
584 2742 698 2770 “Marc.
720 2751 745 2776 ν,
763 2745 789 2772 9.

230 2775 322 2811 25,25.
358 2776 381 2791 ⁷³
398 2775 478 2804 Num.
506 2785 560 2809 xvr,
591 2778 600 2803 Ι
625 2785 700 2811 seqq.

256 2806 323 2843 ’(⁸25)
355 2810 492 2837 Christum
515 2806 631 2839 Ab'ralirc
660 2806 748 2839 iisum
781 2816 808 2839 ct
837 2813 1013 2843 collocutum.

231 2845 298 2872 (Jun.
315 2851 363 2871 aut
382 2844 498 2879 disputat
514 2846 636 2874 Justinus
653 2853 755 2881 martyr
768 2848 793 2874 in
810 2847 942 2882 colloquio
958 2856 1018 2876 cum

827 2747 848 2763 ⁸⁵
860 2747 938 2775 Joan.
963 2757 1000 2782 ιιι,
1015 2748 1059 2776 54.

1065 2253 1129 2287 quia
1142 2252 1261 2279 titnucrit
1273 2260 1280 2278 :
1291 2252 1341 2278 hoc
1355 2251 1427 2277 enim
1437 2250 1487 2276 sibi
1503 2249 1559 2275 vult
1569 2255 1653 2274 vocem
1669 2251 1751 2278 luant,
1762 2246 1787 2272 id
1802 2250 1854 2277 est,

1065 2298 1206 2332 strepitum
1222 2297 1346 2325 incessus
1362 2295 1411 2327 tui,
1430 2295 1519 2322 audivi
1537 2294 1562 2320 iu
1581 2291 1724 2327 paradiso;
1741 2291 1863 2323 alteram,

1065 2344 1128 2378 quia
1155 2343 1281 2377 puduerit
1302 2342 1376 2369 illum
1395 2341 1537 2368 nuditatis.
1558 2338 1610 2366 Sed
1628 2338 1685 2364 lucc
1705 2337 1768 2364 Ade:
1786 2344 1853 2371 apo-

1064 2389 1135 2424 logia
1153 2388 1328 2415 excusatione
1343 2387 1421 2421 plane
1438 2386 1588 2420 improbata
1609 2387 1660 2415 est,
1678 2390 1740 2409 eum
1757 2385 1784 2408 et
1797 2389 1854 2408 mc-

1071 2439 1114 2462 tns
1133 2434 1178 2461 ille
1193 2439 1219 2460 et
1234 2433 1291 2467 ipsa
1306 2433 1413 2459 nuditas
1427 2431 1461 2458 ob
1477 2431 1603 2457 violatam
1621 2437 1635 2456 a
1648 2436 1677 2455 se
1691 2429 1775 2462 legem
1789 2433 1853 2454 eve-

1069 2479 1170 2507 nerint.
1185 2478 1218 2507 Et
1232 2479 1271 2504 ait
1287 2478 1320 2503 ad
1335 2477 1409 2503 illum
1427 2476 1555 2502 Dominus
1571 2481 1580 2500 :
1602 2473 1667 2506 Qui:
1685 2472 1796 2501 ostendit
1807 2472 1854 2497 tibi

1067 2525 1136 2559 quod
1151 2523 1237 2551 nudus
1257 2523 1317 2550 sis?
1344 2522 1436 2556 Neque
1450 2521 1502 2548 hoc
1522 2520 1669 2554 interrogat
1687 2522 1716 2544 ut
1733 2517 1852 2552 ignarus,

1068 2569 1115 2597 sed
1132 2574 1162 2596 ut.
1180 2577 1226 2603 per
1241 2569 1323 2602 rulpe
1339 2567 1538 2595 confessionem
1554 2565 1628 2591 illum
1642 2563 1751 2590 inducat
1763 2562 1796 2588 ad
1809 2569 1852 2588 re-

1069 2615 1274 2650 prehensionem
1307 2614 1421 2641 libenter
1445 2611 1619 2645 suaviterque
1645 2607 1850 2636 admittendam.

1067 2659 1150 2691 Quasi
1169 2659 1242 2686 dicat
1258 2668 1264 2686 :
1283 2657 1367 2684 Fuisti
1395 2656 1503 2690 quidem
1519 2661 1627 2688 semper
1646 2653 1745 2686 nudus.
1765 2658 1853 2686 neque

1069 2713 1151 2740 “Job
1177 2722 1196 2745 ι,
1215 2713 1240 2740 7.
1279 2713 1406 2739 “Matth.
1426 2720 1470 2743 xv,
1490 2710 1534 2737 δι.
1590 2709 1614 2726 ⁶⁶
1625 2707 1792 2745 Matth._xrt,
1807 2707 1849 2734 15.

1104 2749 1126 2764 ⁷³
1148 2742 1209 2775 Aci.
1232 2756 1270 2779 ix,
1295 2748 1321 2774 4.
1359 2748 1381 2763 ⁷¹
1396 2742 1468 2774 Gen,
1486 2747 1512 2776 'l,
1532 2744 1542 2770 l
1563 2751 1639 2779 seqq.
1680 2742 1850 2772 "Gemxnt.

1069 2812 1227 2847 Tryphoni);
1245 2812 1343 2839 Euseb.
1362 2812 1462 2838 Errles.
1485 2812 1567 2839 Ilist..
1587 2821 1624 2844 xt,
1644 2812 1690 2840 lib.
1709 2820 1726 2838 ll
1741 2811 1775 2838 dc
1790 2811 1853 2839 V-ila

1072 2848 1243 2876 Constantini
1258 2856 1263 2879 ;
1286 2847 1331 2875 lib.
1349 2855 1389 2874 III.
1406 2847 1440 2874 50
1461 2853 1487 2874 et
1507 2848 1551 2880 5|,
1568 2853 1594 2875 et
1621 2847 1742 2882 plcriquc
1759 2847 1815 2874 alii.
