2027 3077
139 204 187 234 £65

703 201 752 230 DE
773 199 975 231 PARADISO.
997 209 1032 216 ἠ
1051 199 1148 230 PARS
1168 200 1194 230 Ι.

1704 196 1760 227 566

140 262 226 283 tamen
239 259 264 283 te
281 255 341 291 ejus
360 254 455 290 puduit
472 259 534 283 ante
547 254 610 288 hac,
631 255 696 289 quid
714 259 754 282 cst
767 261 832 289 ergo
847 254 918 289 quod
935 257 957 284 Δ
1005 254 1060 282 Cur
1075 255 1145 282 Deus
1155 258 1299 289 serpentem
1309 262 1362 282 non
1378 251 1702 288 interrogarerit.—Nulla
1716 251 1766 286 igi-

141 309 208 329 mmc
222 301 290 328 adeo
302 301 460 333 erubescas,
473 305 553 335 atque
567 300 682 328 timeas?
698 299 770 326 Num
781 300 813 327 de
830 300 924 326 arbore

141 349 169 374 de
184 355 236 382 qua
258 347 391 382 jusserunt
422 355 453 373 ne
481 346 580 377 edens,
609 345 714 372 edisti?
738 345 825 372 Etiam
852 351 925 371 nunc

143 393 224 426 pergit
253 397 348 426 pacate
367 400 428 419 cum
451 392 497 418 illo
512 391 642 426 colloqui,
665 390 743 425 quasi
766 390 924 426 conjectura

143 439 266 472 quapiam
284 439 364 465 modo
384 437 469 465 fretus
485 437 547 464 illud
573 437 645 463 dicat
661 444 668 462 :
682 435 751 463 Num
776 436 806 462 de
822 436 924 466 arbore,

143 487 191 510 etc.
217 481 265 509 Est
280 487 368 508 autem
386 481 431 508 hic
453 480 722 508 animadvertendum
738 489 770 508 ex
790 480 926 514 ascriptis,

143 533 187 556 aut
201 529 308 556 duobus
320 528 468 562 punetulis,
493 532 540 554 aut
566 535 619 555 uno
643 527 711 559 solo,
731 527 764 554 ad
782 527 867 554 illud:
887 526 928 553 Ne

143 575 239 606 ederea,
272 574 423 601 orationem
450 573 520 600 hanc
548 573 589 600 \‘el
623 572 792 604 alIitmative,
816 580 864 607 per
891 573 933 599 in-

145 619 352 654 terrogationem
368 619 456 646 efferri
476 627 565 653 posse.
586 618 721 646 Cancrum
746 619 874 646 dominus
891 619 927 645 E-

145 666 237 699 phrem
261 669 287 692 et
304 665 349 699 qui
377 672 438 691 cum
467 664 526 699 ipso
541 664 672 696 sentiunt,
689 671 721 691 ex
753 664 794 691 his
807 668 834 691 et
854 663 931 690 simi-

144 711 213 737 libus
229 711 321 737 verbis
337 710 513 744 singulariter
535 710 568 736 ad
583 710 716 736 Adamum
732 709 811 736 factis
834 709 931 737 confici

148 761 249 790 putant,
268 756 317 783 soli
333 756 437 782 Adamo
460 756 619 789 imperatam
637 763 651 782 a
677 755 731 783 Deo
758 755 843 790 legem
860 763 932 787 esse,

146 809 260 836 eantque
273 802 361 836 ipsutn
381 801 478 828 deinde
491 801 554 828 Evat
568 801 645 827 uxori
673 800 799 827 retulisse
813 809 821 833 ;
839 807 933 827 verntn

146 849 189 875 alii
213 848 388 882 respondent,
407 847 491 874 Deum
519 847 570 874 sub
593 846 659 874 Adae
672 853 786 880 persona
803 853 863 873 cum
879 845 933 873 Eva

149 900 257 928 quoque
273 893 401 927 colloqui,
419 900 467 927 pro
485 892 631 927 Scriptum
660 899 735 919 more
751 901 758 918 ι
772 891 869 918 Beatus
896 891 937 917 vir

148 939 246 973 (inquit
268 938 363 972 David)
389 939 433 972 qui
457 946 507 964 non
524 937 666 964 ambulavit
692 945 738 971 per
752 937 821 963 viam
837 937 937 969 impro-

148 987 239 1013 borum
249 985 282 1012 7‘.
296 984 361 1017 Quis
376 991 439 1010 vero
452 991 504 1010 non
523 983 566 1011 hic
576 990 634 1010 eam
648 983 841 1010 beatitudinem
860 990 938 1017 aeque

150 1030 182 1058 ad
200 1029 327 1056 mulieres
341 1033 464 1063 spectare
483 1028 554 1054 dicat
565 1027 577 1054 Υ
590 1027 719 1054 nimirum
738 1027 799 1054 ideo
815 1027 864 1054 viri
880 1035 941 1061 per-

154 1083 220 1103 sona
240 1075 367 1102 libentius
391 1074 473 1100 tttitur
489 1073 642 1108 Scriptura,
669 1074 741 1107 quod
757 1074 796 1100 vir
816 1073 941 1100 mulieris

150 1124 232 1155 caput
250 1120 307 1147 sit:
326 1119 358 1145 Et
374 1119 411 1145 ait
426 1118 513 1145 Adam
534 1125 543 1144 :
573 1117 670 1144 Mulier
694 1125 773 1152 quam
794 1118 941 1144 attribuisti

151 1166 284 1200 niiltiipsn
299 1165 370 1192 dedit
386 1165 451 1190 mihi
469 1164 501 1191 de
516 1164 620 1195 arbore,
639 1168 664 1191 et
682 1164 792 1191 comedi.
825 1164 942 1191 Prorsus

152 1219 221 1238 vana
232 1216 308 1238 estet
322 1211 412 1238 inanis
422 1211 501 1237 etiam
511 1210 568 1236 haec
582 1209 678 1236 Adami
692 1209 814 1237 defensio
826 1219 833 1242 ;
843 1210 943 1244 quippe

153 1267 206 1293 qua
219 1258 331 1285 minime
346 1265 402 1292 prae
424 1264 453 1284 se
467 1257 518 1283 fert
537 1256 685 1283 demissum
715 1255 943 1290 liumiliatutnqtle

154 1305 286 1335 animum,
300 1303 346 1330 sed
365 1303 392 1330 in
410 1303 498 1337 ipsum
516 1302 716 1336 quodammodo
734 1301 819 1329 Deum
835 1302 942 1336 culpam

154 1349 260 1382 avertit,
277 1349 355 1383 quasi
371 1349 443 1376 dicat
457 1357 464 1375 :
487 1348 585 1375 Mulier
599 1355 679 1382 quam
697 1351 725 1374 tu
740 1347 810 1381 apud
829 1355 871 1374 tne
883 1354 944 1374 esse

157 1395 274 1426 voluisti,
288 1402 320 1421 ea
341 1394 406 1420 mihi
417 1401 499 1421 causa
517 1393 566 1420 fuit
581 1392 753 1420 transiliendi
771 1393 866 1426 legem,
881 1392 943 1419 illa-

157 1449 210 1475 que
226 1441 322 1467 arbore
339 1439 477 1466 vescendi.
494 1438 547 1465 Sed
577 1439 708 1464 adversus
734 1437 801 1470 haec,
818 1437 902 1464 multa
929 1445 944 1464 a

161 1485 214 1512 Deo
231 1485 263 1512 ad
282 1485 357 1512 illum
387 1484 556 1518 arguendum
585 1483 638 1510 dici
660 1482 833 1517 potuissentj;
870 1482 944 1509 verbi

157 1530 242 1564 gratia
257 1538 264 1556 :
282 1529 339 1555 Non
358 1529 421 1563 quia
443 1528 583 1555 mulierem
599 1527 711 1562 egotibi
733 1526 855 1561 adiunxi,
872 1527 945 1561 justa

981 306 1023 328 tur
1040 301 1110 335 apud
1128 305 1291 335 serpentem,
1303 301 1354 327 hoc
1363 304 1414 332 est,
1431 299 1573 330 Satanam,
1587 298 1672 326 utitur
1683 298 1766 325 ἰιιιιτ-

980 347 1133 382 regalione,
1151 354 1203 381 qua
1227 347 1261 374 ad
1278 353 1307 374 se
1323 345 1508 374 excusandum
1533 345 1578 372 ille
1596 348 1764 379 pt‘0\0Ct'lur,

982 402 1014 422 ac
1029 395 1065 421 ita
1095 394 1203 421 tandem
1234 394 1373 428 judicetur
1401 393 1660 426 condemneturque,
1687 390 1766 418 sicuti

980 439 1049 475 apud
1079 439 1213 468 Adamntn
1245 443 1272 466 et
1311 438 1393 466 Erant
1436 445 1502 465 usus
1544 437 1641 464 fuerat.
1681 437 1766 471 Cujus

984 487 1054 514 hanc
1070 490 1198 521 putamus
1209 485 1284 512 reddi
1303 492 1385 519 posse
1411 484 1544 511 ratio‘nem
1559 491 1567 516 ;
1587 483 1649 517 quia
1666 482 1768 509 Adamn

985 532 1117 566 uxorique
1138 532 1215 559 locus
1240 535 1300 558 erat
1319 530 1497 565 pmnitentiaz,
1523 536 1555 556 ac
1580 528 1608 555 in
1638 528 1771 562 serpentis

985 578 1170 612 dmmoiiisque
1184 577 1298 604 arbitrio
1313 583 1368 603 non
1395 580 1455 603 erat
1475 579 1505 602 ut
1523 573 1653 609 pmnitere
1669 577 1771 606 posset.

987 625 1071 652 Porro
1089 623 1173 651 multa
1196 624 1240 650 hic
1259 623 1343 657 quaeri
1373 622 1473 654 solent,
1497 620 1652 655 cujusmodi
1683 623 1772 647 sunt:

987 671 1152 698 Prmditusne
1180 669 1252 696 fandi
1272 669 1401 696 facultate
1429 676 1445 694 a
1468 667 1533 698 Deo,
1557 673 1668 699 serpens
1696 665 1772 691 locu-

988 721 1031 745 tus
1047 717 1093 748 sit,
1111 723 1145 742 an
1165 715 1281 742 Satanas
1299 715 1369 741 intra
1396 716 1549 748 serpentem
1575 712 1675 742 latens.
1708 718 1770 737 cum

989 764 1032 791 ille
1057 763 1129 790 hunc
1146 766 1243 796 suopte
1258 761 1377 788 arbitrio
1394 759 1583 793 subterfugere
1600 757 1735 792 nequiret,
1749 761 1777 782 ut

989 816 1043 836 non
1061 808 1111 843 ipsi
1126 815 1174 842 pro
1194 807 1375 834 instrutnento
1395 809 1476 832 esset.
1493 803 1533 830 Ad
1550 803 1613 833 hoc.
1642 809 1692 828 cur
1722 809 1775 828 non

990 859 1145 881 exsecratus
1158 853 1194 880 sit
1208 852 1279 879 Deus
1294 853 1433 883 Satanam,
1449 855 1476 877 ut
1488 852 1653 883 serpentem.
1663 845 1777 873 Pmtcr-

989 907 1032 931 ea.
1057 907 1107 926 cur
1129 898 1229 931 Moses,
1254 905 1315 925 eum
1333 898 1405 924 hunc
1419 896 1517 923 librum
1541 894 1636 921 multis
1649 897 1709 928 post
1726 899 1778 919 sa:-

991 945 1060 972 cttlis
1076 943 1281 978 censcripserit,
1293 943 1405 977 quando
1419 942 1475 976 jam
1496 945 1552 968 tum
1570 938 1637 967 satis
1653 937 1779 972 cognitus

992 995 1051 1018 erat
1065 989 1227 1017 mortalibus
1240 987 1367 1020 Satanas,
1385 995 1439 1014 non
1449 986 1523 1014 clare
1536 983 1637 1013 dixerit
1650 983 1778 1010 Satanam

993 1036 1078 1063 fuisse
1095 1035 1140 1070 qui
1152 1035 1222 1062 intra
1231 1037 1385 1068 serpentem
1399 1029 1585 1067 loquebatur?
1599 1029 1645 1057 sed
1663 1036 1717 1055 non
1730 1027 1780 1055 has

993 1085 1020 1109 et
1033 1081 1114 1116 hujus
1133 1080 1241 1115 generis
1263 1079 1330 1106 alias
1347 1078 1512 1112 quiestiones
1527 1076 1609 1103 altius
1635 1073 1780 1107 investiga-

994 1131 1037 1154 tas
1060 1126 1238 1154 dissolvimus
1256 1125 1328 1160 (cap.
1346 1124 1404 1158 27).
1422 1122 1524 1150 Verum
1540 1120 1649 1157 quando
1660 1118 1781 1154 suntqui

994 1172 1083 1198 illam:
1095 1171 1152 1198 Cur
1170 1178 1222 1198 non
1238 1173 1398 1196 exsecratus
1415 1168 1451 1196 sit
1468 1167 1538 1194 Deus
1555 1166 1685 1194 Satanam
1701 1163 1782 1191 sicuti

993 1221 1159 1252 serpentem,
1177 1217 1274 1244 iterum
1290 1219 1374 1248 atque
1399 1214 1497 1240 iterum
1520 1216 1627 1248 urgent,
1647 1218 1696 1238 nos
1715 1217 1783 1244 prai-

994 1270 1068 1292 terea
1084 1271 1145 1298 qua:
1165 1267 1227 1290 ante
1244 1260 1435 1296 respondimus
1453 1260 1504 1286 hoc
1519 1259 1601 1285 etiam
1621 1257 1720 1284 addere
1738 1255 1783 1282 hic

994 1310 1140 1342 voluimus,
1167 1309 1250 1336 Deum
1270 1315 1326 1334 non
1355 1306 1447 1333 minus
1472 1303 1646 1331 maledixisse
1671 1301 1781 1329 Satanas

995 1364 1048 1384 non
1065 1354 1222 1390 aspectabili
1237 1361 1319 1389 quam
1335 1351 1454 1386 serpenti
1474 1350 1520 1385 qui
1544 1348 1630 1377 oculis
1645 1347 1784 1375 cerneba-

996 1406 1048 1433 tur,
1060 1405 1139 1435 atque
1154 1398 1266 1433 perinde
1281 1396 1424 1424 inhaesisse
1437 1393 1656 1422 exsecrationem
1669 1391 1785 1426 mystico

996 1453 1151 1480 arcanoque
1168 1444 1259 1476 modo,
1285 1442 1323 1470 illi
1343 1446 1372 1468 ut
1387 1441 1450 1468 huic
1469 1444 1560 1474 aperte
1574 1443 1602 1466 et
1619 1438 1645 1464 in
1659 1437 1719 1472 ipso
1728 1443 1787 1464 cor-

997 1499 1078 1526 pore;
1104 1490 1174 1524 quod
1191 1487 1345 1523 eujnsmodi
1360 1486 1397 1513 sit
1411 1485 1492 1512 velim
1512 1488 1537 1511 te
1551 1483 1622 1518 apud
1635 1487 1710 1509 tuutn
1724 1481 1785 1508 ani-

998 1544 1071 1564 mum
1085 1535 1230 1570 pensitare.
1254 1533 1376 1560 llabehat
1390 1531 1462 1558 enim
1484 1530 1555 1556 Deus
1570 1532 1724 1562 serpentem
1740 1535 1786 1554 ve—

158 1576 208 1603 tibl
228 1575 296 1601 ratio
312 1579 370 1601 erat
386 1578 415 1600 ut
433 1574 456 1600 ei
477 1573 645 1605 auscultans,
661 1580 718 1600 mea
732 1573 808 1607 jussa
817 1573 943 1600 violares.
960 1581 982 1611 ε
999 1583 1047 1610 tu“
1067 1581 1185 1608 medium
1214 1581 1284 1607 mm-
1316 1578 1444 1605 snmnam
1475 1576 1634 1611 primosque
1659 1577 1787 1607 parentes

161 1621 231 1648 Tum
250 1620 271 1647 si
288 1627 332 1646 me
346 1627 457 1646 accusas
475 1619 535 1653 quia
553 1626 665 1646 uxorem
677 1619 725 1645 tibi
737 1619 809 1650 dedi,
826 1626 874 1645 cur
893 1626 946 1646 non

159 1666 256 1697 etiam,
271 1665 334 1700 quia
349 1670 374 1692 te
387 1665 520 1691 condidi?
539 1665 591 1692 nisi
607 1665 678 1691 enim
697 1668 724 1691 te
739 1671 877 1691 creassem
892 1672 946 1691 non

163 1718 316 1746 peccasses,
341 1711 404 1745 quia
427 1710 476 1742 tibi
492 1711 587 1737 oculos
604 1710 687 1736 indidi
704 1710 763 1737 sine
778 1709 876 1744 quibus
895 1717 947 1736 non

163 1765 226 1785 eras
243 1759 366 1785 arborem
383 1758 516 1786 visurus?
538 1758 601 1793 quia
626 1765 723 1785 manus
743 1758 791 1784 tibi
824 1757 948 1792 apposui,

166 1803 224 1830 sine
239 1802 338 1837 quibus
356 1811 410 1830 non
428 1803 611 1838 decerpsisses
626 1803 721 1830 vetitos
744 1802 870 1829 fruetus?
886 1801 949 1836 quia

165 1856 197 1874 os
215 1848 261 1874 tibi
276 1849 347 1880 dedi,
363 1849 422 1876 sine
440 1856 493 1883 quo
519 1856 572 1875 non
599 1848 725 1875 odisses?
747 1847 848 1875 frustra
869 1847 951 1881 igitur

165 1894 211 1920 illa
224 1902 348 1926 excusas,
362 1902 422 1921 cum
441 1902 501 1921 eam
517 1894 658 1920 mulierem
681 1900 762 1928 quam
784 1893 831 1920 tibi
848 1893 950 1920 sociam

166 1939 238 1971 dedi,
252 1938 290 1966 ita
302 1939 517 1973 comparaverim
535 1943 564 1966 ut
575 1938 621 1965 tibi
636 1943 708 1965 esset
721 1938 748 1964 in
763 1946 856 1970 manu,
872 1942 952 1972 atque

167 1985 290 2019 sujecta;
305 1992 358 2011 non
379 1989 468 2011 autem
488 1989 515 2011 ut
525 1989 550 2011 te
567 1989 682 2017 tuasque
696 1983 819 2011 actiones
835 1989 952 2018 regeret,

169 2031 396 2065 gubernaretque.
414 2029 472 2062 llis,
491 2029 612 2063 inquam.
627 2033 708 2061 atque
722 2029 879 2063 huiusmodi
894 2029 954 2056 aliis

168 2076 259 2103 verbis
270 2075 442 2108 expostulare
466 2083 528 2102 cum
556 2075 602 2101 illo
626 2075 773 2108 potuisssel
785 2075 848 2109 jure
861 2075 952 2102 Deus:

170 2129 263 2149 verum
279 2121 406 2148 omnibus
419 2121 560 2152 abstinuit,
573 2121 638 2155 quia
657 2128 709 2147 non
735 2121 955 2148 accusationibus

171 2172 322 2204 pet-terrere
336 2167 484 2201 hominem,
494 2168 539 2194 sed
554 2168 650 2202 patrati
662 2167 790 2194 facinoris
799 2168 956 2202 prenitentia

171 2219 300 2239 revocare
309 2211 455 2246 cupiebat;
476 2219 562 2246 quare
583 2219 643 2238 mox
657 2212 832 2245 qtncstionem
849 2212 882 2238 ad
897 2219 957 2238 titti-

171 2259 266 2285 licrcm
292 2258 442 2290 convertit;
462 2259 502 2285 sic
519 2258 590 2285 enim
614 2258 758 2292 sequitur:
789 2257 822 2284 Et
840 2258 877 2284 ait
903 2257 957 2284 Do—
970 2245 997 2274 D

172 2305 257 2331 minus
265 2304 298 2331 ad
309 2304 442 2330 mulierem
455 2303 542 2336 :Quid
552 2304 599 2330 ltoc
609 2308 646 2330 est
656 2303 725 2338 quod
735 2303 820 2337 fecisti
830 2304 842 2330 ?
853 2304 958 2331 Rursus

172 2357 234 2376 cuin
251 2349 323 2376 mnlii
333 2357 362 2376 rc
375 2356 482 2384 quoque
495 2357 549 2376 non
561 2349 658 2376 acerbe
672 2353 752 2383 atque
764 2349 958 2381 iracunde,sed

173 2396 264 2422 sedate
280 2399 307 2422 ct
323 2395 418 2422 blande
438 2396 559 2431 loquitur
589 2397 669 2427 Deus,
697 2403 729 2422 ac
755 2396 833 2429 quasi
851 2396 959 2423 nescius

174 2441 366 2477 interrogatob
380 2443 487 2468 easdem
502 2442 623 2469 rationes
631 2450 699 2476 quas
712 2450 800 2476 nuper
813 2443 846 2470 de
856 2443 959 2470 Adatno

176 2488 342 2522 interrogato
357 2487 518 2522 protulimus
531 2495 538 2513 :
553 2486 587 2513 Et
599 2488 636 2514 ait
652 2487 748 2514 mulier
761 2495 770 2513 :
785 2488 896 2522 Serpens
912 2489 958 2515 de-

176 2533 241 2569 repit
259 2540 307 2564 me,
323 2536 347 2559 et
362 2533 470 2558 comedi.
486 2532 581 2559 Mulier
594 2533 665 2559 enim
683 2532 773 2559 omnia
786 2534 903 2567 serpenti
917 2542 961 2562 as-

176 2578 266 2608 cribit.
282 2585 334 2604 non
361 2577 477 2608 Satanae.
492 2585 524 2604 eo
538 2578 609 2612 quod
622 2583 773 2612 serpentem
790 2579 898 2613 quidem
914 2581 961 2614 qui

178 2630 207 2648 se
223 2622 449 2656 interpellaverat,
466 2627 600 2654 nosceret,
621 2627 648 2650 at
662 2623 790 2650 Satanam
806 2624 876 2652 intra
904 2633 962 2652 ser-

179 2671 287 2700 pentem
306 2667 481 2699 occultatum,
500 2675 514 2693 a
534 2675 589 2701 qtto
616 2668 706 2695 omnis
726 2668 874 2702 impostura
899 2678 961 2704 pro-

179 2717 309 2742 cesserat.
330 2712 476 2746 ignoraret,
492 2712 523 2739 Et
541 2714 579 2739 ait
596 2713 720 2740 Dominus
734 2715 768 2741 ad
796 2721 938 2749 serpentem
953 2724 963 2743 :

179 2757 250 2789 Quia
263 2757 348 2791 fecisti
362 2757 420 2788 lioc,
429 2757 584 2784 muledictus
595 2766 621 2784 es
633 2765 688 2792 pra:
701 2760 772 2786 omni
787 2761 930 2792 animante,
940 2765 963 2788 ct

180 2809 236 2835 pra:
252 2802 322 2828 omni
349 2801 429 2829 bestia
445 2803 513 2837 agri.

216 2898 241 2915 "
263 2898 335 2925 Psal.
356 2907 374 2930 ι,
401 2899 424 2926 l.
463 2898 484 2913 ⁷⁵
506 2897 603 2925 Ειουιι.
629 2905 658 2931 It,
684 2897 726 2926 (5.

999 1626 1221 1656 intervenientem
1238 1633 1246 1656 ;
1263 1631 1325 1651 nam
1344 1622 1424 1650 sicuti
1450 1622 1476 1648 hi
1501 1628 1547 1655 per
1567 1622 1721 1654 serpentem
1745 1625 1788 1645 εει

999 1673 1073 1701 ducti
1103 1676 1178 1704 sunt,
1212 1671 1247 1698 ita
1273 1669 1317 1697 ille
1344 1676 1391 1703 per
1419 1670 1572 1702 serpentem
1597 1663 1786 1692 exsecratione

999 1719 1161 1755 perstrictus
1170 1722 1226 1751 est;
1238 1721 1264 1744 et
1273 1721 1301 1743 ut
1314 1722 1427 1750 serpens
1440 1714 1491 1742 fuit
1506 1712 1612 1740 Satana:
1623 1711 1790 1738 instrumen-

1001 1773 1057 1795 tum
1075 1764 1204 1793 illieiendi
1225 1763 1327 1798 primos
1354 1766 1478 1797 parentes
1504 1759 1536 1787 ad
1556 1757 1733 1794 peccandum,
1751 1756 1788 1783 ita

1000 1819 1146 1848 personam
1171 1817 1279 1846 quoque
1298 1809 1382 1843 gessit
1409 1808 1460 1836 sub
1475 1813 1529 1841 qua
1558 1805 1627 1832 Deus
1656 1803 1786 1830 Satanam

1001 1863 1044 1886 est
1056 1858 1218 1884 detestatus.
1236 1855 1349 1889 Utrique
1359 1854 1450 1888 igitur,
1465 1857 1492 1879 et
1509 1850 1625 1878 Satanas
1635 1853 1662 1875 et
1677 1855 1790 1882 serpens

1002 1902 1122 1930 divinam
1141 1899 1357 1927 exsecrationem
1376 1901 1440 1924 sunt
1458 1895 1541 1930 passi.
1558 1894 1624 1921 Nam
1642 1898 1672 1919 ut
1687 1893 1718 1918 ad
1733 1899 1791 1918 ser-

1004 1953 1110 1984 pentem
1127 1947 1229 1974 dictttm
1244 1949 1303 1972 est:
1322 1943 1481 1970 Malediclur
1498 1949 1524 1968 es
1547 1947 1601 1975 pra:
1619 1938 1689 1966 eunti
1710 1937 1792 1964 bestia

1003 1999 1028 2022 et
1052 1995 1196 2024 animante,
1214 1999 1246 2018 ea:
1261 1998 1372 2025 quantm
1388 1995 1495 2016 numero
1520 1991 1547 2013 ιιι
1564 1994 1601 2018 es,
1615 1986 1650 2012 ita
1662 1984 1794 2010 adversus

1005 2041 1133 2068 Satanam
1158 2037 1362 2073 pronuntiatum
1394 2042 1454 2062 esse
1486 2031 1696 2060 existimandum
1727 2032 1792 2056 est:

1006 2086 1164 2114 llaledictus
1178 2092 1207 2112 es
1215 2090 1268 2118 pra}
1277 2082 1404 2110 omnibus
1414 2081 1499 2115 copiis
1515 2077 1702 2114 spirituaiibus
1712 2080 1795 2110 atque

1008 2131 1138 2166 angelicis
1153 2137 1185 2157 ex
1201 2136 1315 2164 quarum
1333 2134 1431 2162 genere
1444 2130 1473 2153 tu
1488 2133 1529 2152 es.
1539 2123 1702 2151 Animaliutn
1721 2122 1793 2148 enim

1009 2178 1117 2205 nomine
1134 2175 1224 2203 vocari
1243 2175 1269 2201 in
1288 2173 1430 2208 Scriptura
1447 2178 1524 2199 sacra
1539 2170 1633 2204 copias
1647 2168 1794 2203 angelicas,

1012 2227 1102 2257 aperte
1127 2223 1248 2255 aignunt
1258 2226 1289 2245 ea
1305 2217 1432 2245 animalia
1448 2223 1508 2251 qua:
1524 2215 1589 2243 vidit
1604 2213 1729 2240 Ezechiel
1740 2212 1797 2238 7'ct.

1011 2275 1080 2302 schc
1097 2267 1158 2293 alibi
1170 2265 1298 2292 Satanam
1315 2262 1416 2290 animal
1427 2261 1589 2296 appellatum
1599 2266 1661 2286 esse
1675 2259 1701 2284 in
1712 2257 1797 2284 sacris

1009 2313 1119 2340 Litteris
1131 2316 1224 2339 notutn
1235 2315 1285 2337 est.
1296 2309 1348 2336 Sed
1360 2317 1410 2336 cur
1424 2303 1797 2342 auspicatusestexsecratio-

1011 2368 1071 2387 nem
1083 2358 1153 2386 Deus
1163 2365 1177 2384 a
1187 2356 1303 2384 Salaria?
1312 2355 1440 2382 nimirum
1449 2353 1512 2387 quia
1526 2353 1569 2380 ille
1579 2353 1682 2387 primtts
1690 2348 1799 2376 admisit

1013 2410 1156 2441 peccatum
1177 2403 1262 2438 prima
1279 2406 1321 2429 est
1333 2401 1430 2428 merito
1444 2398 1623 2426 detestatione
1639 2402 1797 2431 percussus.

1012 2440 1146 2478 Ctelcrum
1167 2452 1319 2482 serpentem
1336 2453 1368 2472 ex
1398 2444 1552 2471 animarum
1573 2450 1671 2477 genere
1701 2440 1798 2471 fuisse,

1014 2503 1068 2523 non
1085 2499 1176 2521 autem
1206 2491 1341 2526 reptilium
1365 2489 1460 2525 (quod
1479 2488 1587 2524 quidem
1612 2491 1799 2516 autumavere,

1013 2548 1074 2567 enm
1088 2540 1160 2566 dicat
1173 2547 1179 2566 :
1198 2537 1358 2564 Maledicta:
1369 2543 1423 2570 pro:
1436 2543 1508 2561 omut
1519 2534 1655 2560 animante
1666 2538 1800 2559 memora-

1015 2587 1103 2614 vimus
1111 2586 1190 2612 etiatn
1202 2592 1263 2619 cap.
1275 2591 1345 2610 xxn.
1357 2582 1388 2608 Et
1399 2590 1477 2616 super
1487 2586 1600 2608 uentrem
1613 2586 1683 2606 tuum
1692 2578 1800 2613 gradie-

1014 2633 1062 2659 ris.
1072 2631 1156 2664 Quasi
1170 2630 1242 2658 dicat
1255 2639 1262 2657 :
1278 2628 1436 2656 Amissurus
1448 2635 1479 2655 es
1493 2627 1570 2662 pedes
1586 2631 1645 2653 tuos
1656 2624 1755 2659 quibus
1766 2623 1799 2650 ad

1015 2678 1175 2714 pravitatem
1189 2674 1348 2707 cucurristi,
1364 2674 1571 2707 ambulabisqne
1580 2679 1612 2700 ae
1630 2678 1707 2705 rcpes
1719 2677 1801 2703 super

1016 2727 1136 2750 ventrem
1153 2727 1240 2754 tuum,
1260 2722 1324 2755 quia
1348 2724 1469 2748 ventrem
1491 2719 1639 2753 primorum
1657 2721 1799 2751 parentum

1016 2767 1153 2795 inescasti.
1165 2767 1282 2794 Pedibus
1294 2766 1375 2800 igitur
1384 2772 1496 2800 serpens
1507 2768 1569 2791 ante
1585 2761 1799 2790 exsecrationem

1019 2811 1170 2842 incedebat,
1191 2814 1219 2837 ut
1233 2815 1328 2837 caetera
1343 2808 1522 2836 animantium
1534 2815 1642 2842 genera,
1655 2810 1713 2840 post
1724 2811 1801 2836 vero,
