2027 3077
268 196 319 227 561

905 198 1020 227 MOSIS
1039 198 1114 228 ΒΑΗ
1135 199 1256 228 CEPIIA

1837 194 1892 226 568

269 251 324 278 illis
340 251 458 284 amissis,
476 260 634 288 proseipt-rc
649 253 728 287 cmpit
743 261 774 280 ac
788 257 879 280 ventre
891 252 1054 287 promoveri.
1069 256 1093 284 Α
1108 259 1229 281 ventrem
1247 257 1365 287 serpant,
1379 259 1465 286 neque
1476 259 1504 279 se
1516 251 1655 287 subrigere
1665 251 1729 278 dum
1739 251 1892 284 caeduntur,

271 296 302 322 Et
321 296 379 324 lure
395 297 500 331 quidem
515 302 607 331 aperte
630 298 662 324 ad
680 299 768 332 ipsum
792 302 914 332 spectant
945 305 1054 332 scrpen-

270 347 336 372 tem,
352 347 476 369 caterum
494 342 599 370 Satanae
614 343 653 370 sic
663 343 884 371 accommodetur
895 343 988 370 eadem
1003 343 1054 370 ista

270 388 440 414 rXsccratio:
460 388 592 420 Quoniam
611 389 752 423 spirituale
768 397 868 416 munus
892 394 980 422 tuum,
999 397 1053 424 quo

269 432 423 466 fungebaris
452 433 478 460 in
496 433 564 461 caelo
579 442 631 461 una
652 443 712 461 cum
731 435 843 468 reliquis
859 435 946 470 copiis
971 443 1054 468 ange-

265 479 300 505 lfc
313 486 326 505 s
339 487 399 513 qua:
414 479 440 505 in
453 479 561 506 sublimi
575 485 727 512 versantur,
742 481 883 508 deseruisti
898 486 978 516 atque
990 481 1055 507 ami-

267 522 335 555 sisti,
353 523 440 550 adhoc
457 523 559 558 primos
571 530 695 558 parentes
708 525 851 557 seduxisti,
867 534 919 552 non
935 525 989 552 erit
1005 525 1052 551 tibi

266 568 291 594 in
303 567 372 595 ωεῐο
388 573 417 595 ut
442 573 504 596 ante
518 570 649 605 habitatio
667 571 712 597 sed
731 571 805 597 humi
825 570 945 600 incedes,
961 578 1054 604 prore-

264 621 376 649 pesque,
393 615 471 641 malis
485 615 581 642 studiis
594 616 734 643 addiltus:
751 615 782 642 Et
795 617 924 649 pulverem
936 615 1052 642 comede:

264 660 384 686 omnibus
396 659 485 687 diebus
501 661 560 688 vita:
579 666 642 688 tua'.
659 661 768 695 Nempe,
785 662 811 688 in
824 662 960 693 pulverem
976 662 1054 688 rede-

263 706 325 741 gisti
345 706 445 740 primos
473 711 611 741 palentes,
631 708 740 742 pulvere
757 708 839 742 igitur
856 708 973 735 vesceris
997 712 1052 734 tota

263 752 328 777 vita.
347 751 485 784 Objiciunt
501 752 622 786 quidam,
641 753 686 786 qui
705 753 789 786 possit
807 753 871 779 illud
888 753 1049 785 consistere,

264 797 336 830 quod
351 797 389 823 ait
409 805 416 824 :
435 797 569 824 Puleerem
583 799 711 831 comedu;
733 799 841 833 quando
855 799 977 826 videmus
998 807 1053 826 ser-

264 847 358 876 pentes
377 843 532 871 vcrnxiculis
563 845 588 871 in
605 852 674 878 aqua
697 845 855 878 degentibus
871 846 954 878 pasci,
973 850 1054 879 atque

266 889 440 921 passerculcs
457 897 577 923 quoque.
593 890 797 924 columbaSque,
811 896 837 917 et
853 891 934 924 hujus
946 891 1053 925 generis

1107 301 1228 334 aliasque
1236 299 1390 334 superiores
1400 298 1523 333 corporis
1531 303 1620 333 partes
1630 298 1755 325 invadere
1764 302 1891 332 possunt.

1107 348 1165 381 ipsa
1181 345 1307 373 calcauea
1324 345 1473 372 lancinant.
1491 344 1543 371 Sed
1557 344 1589 371 de
1605 343 1704 371 Satana
1716 343 1890 378 interpretari

1107 397 1220 428 possunt
1238 392 1317 419 verba
1336 392 1370 418 ad
1402 392 1474 417 hunc
1506 392 1635 418 modum:
1663 389 1794 417 Homines
1823 390 1889 417 dum

1107 447 1153 473 per
1171 439 1284 465 virtutes
1297 437 1378 464 vitam
1392 441 1484 471 agant.
1494 436 1574 463 facile
1583 436 1734 463 discutiunt
1745 436 1891 470 irritosque

1105 484 1223 511 reddunt
1242 483 1334 510 vuftos
1360 487 1422 509 tuos
1439 487 1562 512 conatus,
1584 489 1654 515 quos
1685 486 1713 508 tu
1745 481 1891 516 primarios

1105 534 1186 564 atque
1199 529 1394 563 insuperabiles
1405 535 1466 554 esse
1482 527 1605 561 putabas.
1615 526 1779 554 Observabis
1791 531 1818 554 tu
1829 527 1891 561 qui-

1105 577 1166 603 dem
1183 576 1289 602 illorum
1307 575 1404 606 calces,
1428 577 1457 600 ut
1474 574 1549 607 ipsos
1575 573 1734 600 subvertere
1749 578 1830 608 atque
1862 573 1889 599 in

1105 626 1215 656 peccata
1237 620 1405 655 praecipitare
1437 620 1548 653 possis:
1578 626 1671 645 verum
1692 618 1759 644 nihil
1778 618 1889 649 cllicies,

1105 667 1157 694 nisi
1173 674 1221 693 sua
1242 666 1291 700 ipsi
1308 669 1404 700 sponte
1430 669 1511 699 atque
1528 669 1623 698 suapte
1650 664 1788 691 voluntate
1801 671 1830 691 se
1841 664 1889 691 tihi
1903 684 1907 687 .

1105 713 1230 747 prodant.
1240 713 1290 740 Sed
1302 716 1328 738 et
1341 711 1390 738 boc
1400 719 1481 739 sensu
1491 715 1563 738 recte
1578 710 1745 744 accipiantur
1753 718 1783 737 ea
1791 710 1889 737 verba:

1104 761 1156 791 Tu,
1173 760 1290 790 dannon,
1311 759 1439 786 observas
1452 759 1578 786 calcanea
1596 758 1749 789 hominum,
1768 759 1819 785 hoc
1832 762 1888 790 est,

1105 806 1226 840 ipsorum
1238 805 1308 831 dicta
1322 804 1457 839 factaque,
1475 808 1503 830 ut
1516 804 1541 830 in
1553 808 1662 838 peccata
1669 803 1797 837 dejicere,
1808 808 1891 838 atque

1105 859 1120 878 a
1139 850 1193 877 Deo
1206 850 1300 884 procul
1317 851 1391 884 ipsos
1407 849 1647 884 abducerequeas;
1661 857 1755 876 verum
1765 848 1891 876 Christus

1107 897 1151 924 ubi
1167 896 1287 928 advenit,
1314 895 1392 922 nobis
1408 895 1507 922 exemit
1521 895 1593 922 hunc
1610 895 1648 921 tui
1664 900 1778 926 metum,
1790 902 1891 922 secun-

263 932 315 958 ulia
329 940 436 960 vorale.
451 933 501 959 Sed
517 934 596 960 etiam
608 935 630 961 si
640 935 696 961 lure
705 943 814 969 quoque
827 935 969 967 devorant,
985 936 1048 963 inte-

1107 942 1171 970 dum
1189 942 1234 969 illa
1250 941 1336 976 ipsius
1350 941 1431 968 verba
1448 950 1456 968 :
1474 940 1541 967 Dedi
1567 941 1638 968 vobis
1653 945 1807 974 potestatem
1832 940 1891 967 cal-

264 978 315 1004 rim
342 978 445 1012 absque
466 979 575 1013 pulvere
589 980 671 1006 vitam
687 985 842 1008 sustentare
856 986 1002 1016 nequeunt.
1020 981 1052 1009 Et

263 1031 329 1051 vero
345 1024 520 1052 licctAdamo
531 1026 632 1053 dictum
647 1027 683 1053 sit
696 1035 702 1053 :
713 1027 847 1054 Insudore
857 1028 935 1062 {aciei
945 1033 997 1055 tute
1007 1037 1051 1055 co-

263 1071 350 1097 medcs
365 1079 458 1105 panem
475 1077 560 1105 tuum,
580 1078 668 1100 tamen
684 1081 766 1100 carne
783 1074 902 1101 vescitur
915 1074 1008 1107 etiam,
1024 1078 1050 1101 rt

262 1122 341 1144 terra:
356 1117 490 1154 frugibus,
503 1119 689 1154 fructibusque
699 1121 769 1148 aliis.
785 1120 838 1148 Sed
849 1121 903 1148 haec
913 1122 946 1148 ad
961 1123 1048 1156 ipsum

261 1170 415 1198 serpcntem
440 1165 586 1198 pertinent,
616 1166 765 1200 eademque
795 1174 859 1193 vero
877 1172 992 1200 possunt
1018 1168 1050 1194 ad

262 1208 390 1236 Satanam
403 1211 428 1236 in
441 1210 510 1238 hanc
520 1213 682 1238 sententiam
693 1213 763 1239 dicta
774 1213 859 1240 videri
870 1221 878 1240 :
888 1213 1050 1247 Priusquam

262 1255 397 1281 delabere:
405 1256 436 1287 is,
446 1256 543 1284 divinis
550 1257 721 1284 oblcctabare
730 1259 961 1290 meditationibus,
970 1264 1051 1294 atque

261 1301 482 1332 cculeslibus,sed
489 1307 631 1336 postquam
649 1307 674 1329 te
685 1303 848 1337 prazcipitem
860 1305 957 1332 dedisti
970 1310 1051 1340 atque

262 1346 437 1378 descendisti,
447 1351 520 1375 totus
531 1348 646 1375 terrenis
656 1348 858 1384 humilibusque
869 1351 965 1378 studiis
975 1351 1051 1378 dedi-

261 1397 306 1420 tus
319 1392 383 1425 eris,
404 1397 485 1428 atque
497 1394 529 1420 ad
546 1394 735 1428 perﬁciendam
753 1395 901 1430 nequitiam
920 1401 1049 1424 tuamco-

261 1438 405 1473 gitationes
426 1443 485 1466 tuas
501 1447 595 1467 ornnes
610 1441 762 1469 exercebis.
773 1441 806 1467 Et
832 1442 986 1469 inimicitias
1001 1451 1048 1476 po-

260 1477 322 1510 nam
339 1483 406 1510 inter
417 1488 441 1510 te
457 1489 481 1510 el
502 1485 646 1517 mulierem,
660 1490 684 1512 el
702 1487 771 1512 inter
787 1495 871 1513 semen
885 1492 958 1514 tuum
969 1492 994 1514 et
1009 1496 1050 1514 se-

260 1538 318 1557 men
333 1532 398 1564 ejus.
413 1531 558 1563 Quoniam,
570 1532 668 1566 inquit,
680 1533 810 1560 adversus
826 1534 964 1560 mulierem
974 1534 1048 1562 luisti

259 1577 365 1603 amicus
378 1577 578 1610 fraudulentus,
589 1582 669 1612 atque
679 1578 834 1606 inimicitias
850 1580 941 1606 sevisti
954 1581 977 1606 ci
986 1588 1046 1607 cum

261 1621 326 1653 Deo,
340 1629 389 1655 ego
406 1622 474 1648 inter
493 1627 518 1649 te
535 1627 559 1649 cl
577 1623 674 1656 ipsam,
690 1624 814 1658 interque
827 1629 901 1651 lllllm
915 1632 1006 1652 semen
1021 1631 1048 1652 et
1062 1617 1085 1648 (ἶ

261 1667 348 1700 ipsius
357 1674 458 1696 semen.
470 1667 618 1694 inimicitia:
627 1676 736 1702 quoque
750 1674 778 1696 ut
787 1675 913 1697 constent
923 1671 1047 1698 cﬁiclam.

302 1708 454 1742 Serpentum
466 1710 612 1737 inimicitia:
624 1719 682 1737 cum
695 1712 843 1740 hominibus
857 1714 964 1747 ntystiie
973 1714 1047 1748 quid.

262 1767 297 1772 —
323 1753 402 1780 Certe
421 1754 506 1781 iactos
523 1763 537 1781 a
564 1755 618 1782 Deo
638 1757 715 1783 nobis
749 1757 873 1785 inimicos
898 1765 1047 1792 serpentes,

265 1804 308 1823 res
323 1797 381 1831 ipsa
394 1797 468 1824 docet
481 1807 488 1831 ;
501 1806 588 1832 neque
601 1801 673 1826 enim
694 1808 810 1835 anguem
829 1803 913 1829 ullum
927 1804 1049 1838 aspicere

263 1843 442 1875 sustinemus,
465 1849 493 1871 ut
516 1844 596 1872 nobis
615 1853 667 1872 non
684 1854 828 1875 caveamus
855 1849 889 1875 ab
903 1849 972 1883 ipso,
999 1858 1046 1876 seu

263 1890 340 1916 hoste
357 1894 465 1922 nostro;
485 1898 588 1925 nosque
605 1899 658 1918 non
679 1900 867 1928 comparemus
878 1895 910 1921 ad
929 1903 1046 1929 pugnant

263 1940 290 1961 ut
308 1935 383 1962 illum
400 1937 575 1970 prriinamus,
594 1941 721 1971 tanquam
738 1947 800 1966 eum
823 1940 869 1973 qui
886 1947 935 1967 nos
951 1941 1048 1968 lardere

261 1981 360 2015 cupiat.
379 1980 439 2008 Haec
452 1982 544 2008 eadem
557 1983 589 2009 ad
611 1982 738 2010 Satanam
753 1984 793 2010 sic
821 1985 1022 2012 transferantur
1037 1994 1045 2012 :

260 2025 308 2058 Te,
329 2027 440 2060 Satana,
456 2027 545 2055 adhuc
556 2036 587 2055 ea
605 2036 667 2055 cura
688 2030 864 2064 studiumque
879 2032 1047 2063 exercuit,ut

260 2073 362 2107 primos
379 2079 504 2107 parentes
518 2081 571 2101 una
587 2081 648 2101 eum
667 2075 788 2109 ipsorutn
806 2076 964 2109 posteritate
977 2077 1047 2104 ami-

259 2126 306 2146 «οε
321 2119 409 2146 facere
423 2123 451 2146 tu
467 2120 514 2146 tibi
534 2128 628 2155 posses
647 2129 653 2147 :
670 2128 720 2155 ego
736 2129 801 2148 vrro
821 2122 876 2156 jam
902 2122 997 2155 cilicio,
1017 2128 1047 2150 ut

259 2169 389 2199 perpetuo
416 2165 524 2193 hostilia
547 2166 637 2192 omnia
659 2167 713 2194 sint
745 2167 815 2194 inter
836 2171 862 2194 te
879 2169 1044 2203 atqueillos.

259 2210 292 2236 Ει
310 2211 394 2242 ipsum
414 2215 527 2239 conteret
543 2218 620 2245 caput
638 2217 722 2240 tuum.
739 2214 809 2246 Quia
825 2222 874 2248 per
890 2216 1045 2250 superbiam

258 2255 358 2282 elatum
375 2255 425 2282 fuit
438 2261 519 2290 caput
533 2262 620 2289 tuum,
634 2262 660 2284 et
674 2258 793 2292 improba
807 2259 926 2286 locutum
939 2264 989 2292 est,
1004 2268 1045 2287 se-

260 2308 321 2327 men
339 2301 446 2328 l'ctnina:
460 2302 528 2336 (hoc
543 2307 593 2334 cst,
611 2303 656 2337 qui
669 2302 702 2330 'ex
723 2312 754 2331 ea
771 2304 915 2339 nascetur)
933 2306 1046 2332 concul-

257 2346 330 2375 cabit
344 2352 425 2381 caput
441 2352 528 2378 tuum.
551 2353 629 2383 teque
643 2349 746 2383 perdet.
777 2349 909 2377 Praeterea
926 2351 990 2385 quia
1015 2357 1042 2379 tu

257 2393 391 2419 Adainum
403 2399 484 2427 atque
492 2393 574 2420 Evam
587 2394 620 2421 de
631 2394 716 2428 gradu
726 2395 864 2429 dignitatis
875 2404 955 2430 quem
966 2397 1042 2430 quasi

258 2439 393 2473 principes
412 2439 582 2472 obtinebant,
611 2439 753 2474 dejecistl:
771 2447 864 2468 semen
890 2443 1049 2475 posteritas-

256 2491 309 2518 que
321 2483 453 2518 ipsorum,
480 2488 556 2511 tuum
574 2489 653 2518 caput
672 2485 792 2513 vicissim
820 2487 1002 2520 conculcabit,
1019 2493 1044 2515 et

259 2535 285 2555 te
304 2529 461 2558 interﬁciet.
493 2530 546 2557 Sed
577 2537 627 2557 cur
655 2536 737 2565 caput
761 2531 834 2559 illius
863 2540 918 2566 pra:
935 2533 1046 2567 reliquis

259 2575 388 2611 membris
403 2576 527 2603 attritum
544 2577 575 2603 iri
594 2577 682 2604 dicit?
701 2577 834 2605 Nimirum
851 2579 914 2613 quia
927 2581 1044 2607 contrito

258 2626 420 2656 mortuoque
435 2623 521 2657 capite
533 2623 559 2649 in
573 2623 701 2654 anguium
718 2631 824 2657 genere,
843 2629 928 2651 totum
945 2633 1044 2660 corpus

257 2668 422 2696 exstinctum
438 2674 488 2696 est.
506 2668 540 2694 Et
563 2674 591 2695 tu
609 2669 677 2695 illud
694 2670 773 2703 feries
798 2671 826 2698 in
851 2671 920 2699 calce
947 2673 1040 2705 ipsius.

256 2712 324 2745 Quia
341 2714 462 2740 calcibus
483 2714 540 2741 suis
560 2719 740 2749 properarunt
760 2715 839 2749 primi
865 2723 990 2751 parentes
1008 2719 1041 2745 ad

255 2759 381 2785 arborem
405 2760 580 2794 prohibitam,
608 2765 635 2787 tu
669 2762 782 2789 seminis
806 2762 926 2797 ipsorntn
953 2765 1042 2792 calces

257 2804 348 2830 feries.
381 2804 432 2831 Sed
467 2810 494 2832 et
532 2806 592 2833 ititO
640 2807 706 2834 dicit
733 2816 834 2842 angues
863 2818 1039 2844 pcrcussuros

256 2848 345 2876 calces
374 2849 525 2882 hominum,
549 2851 612 2885 quia
637 2859 698 2878 cum
723 2853 835 2886 pedibus
863 2860 982 2889 t'arcaut,
1014 2861 1041 2884 et

293 2906 314 2924 ⁷⁴
328 2909 393 2935 huc.
425 2915 451 2939 χ,
470 2907 510 2935 tt).
551 2909 572 2927 ⁷-⁷
592 2907 668 2936 lena.
698 2917 750 2941 xvi,
767 2911 810 2938 2t.

1105 990 1182 1017 catuli
1196 993 1337 1023 serpentes,
1356 993 1378 1014 et
1396 987 1556 1022 scarpiones,
1567 995 1692 1022 omneque
1708 987 1788 1014 robur
1798 987 1892 1014 adver-

1104 1036 1205 1063 sarium
1218 1034 1252 1063 ".
1268 1034 1401 1061 Craterum
1424 1041 1457 1060 ex
1483 1033 1524 1060 his
1549 1033 1639 1060 verbis
1662 1033 1812 1067 intelligere
1835 1037 1890 1065 est,

1105 1089 1158 1108 non
1173 1081 1206 1108 ad
1222 1080 1310 1108 solum
1326 1083 1500 1113 corporalum
1518 1083 1684 1113 serpentem,
1700 1085 1794 1105 verum
1806 1077 1889 1105 etiam

1104 1129 1138 1156 ad
1155 1127 1284 1154 Satanam
1315 1126 1480 1160 pertinuisse
1501 1125 1621 1152 divinam
1652 1124 1889 1157 exsecrationem;

1104 1174 1214 1208 quando
1228 1180 1281 1200 non
1312 1171 1370 1198 sola
1399 1171 1485 1206 capita
1509 1175 1664 1205 serpentum
1690 1170 1813 1201 terimus:
1824 1170 1889 1197 dum

1104 1220 1237 1254 perimere
1273 1218 1347 1252 ipsos
1381 1217 1519 1249 volumus,
1548 1216 1595 1243 sed
1632 1215 1766 1250 reliquum
1807 1216 1889 1242 etiam

1104 1273 1203 1300 corpus
1215 1273 1222 1296 ;
1236 1272 1323 1298 neque
1337 1271 1432 1290 rursus
1449 1263 1545 1297 anguis
1562 1262 1634 1289 solos
1645 1262 1734 1289 calces
1747 1262 1888 1289 hominum

1104 1310 1231 1346 percutit,
1241 1310 1288 1337 sed
1308 1309 1376 1336 alias
1389 1309 1470 1335 etiam
1479 1315 1547 1342 quas
1555 1311 1642 1342 potest
1651 1307 1773 1340 corporis
1786 1311 1887 1341 partes.

1140 1364 1210 1391 Deus
1226 1363 1335 1390 Sulamz
1353 1362 1433 1390 simul
1446 1366 1472 1388 et
1492 1361 1605 1395 serpenti
1629 1360 1779 1388 maledixit.
1797 1374 1832 1382 —
1858 1359 1888 1387 Si

1103 1417 1169 1438 vero
1183 1410 1245 1444 quis
1265 1409 1381 1443 denique
1396 1412 1510 1443 quaerat,
1526 1415 1576 1435 cur
1589 1407 1660 1434 Deus
1672 1406 1790 1441 serpenti
1804 1405 1888 1433 simul

1103 1460 1129 1482 ct
1153 1455 1260 1481 Salante
1277 1453 1459 1485 maledixerit,
1471 1452 1718 1487 respondebimus:
1733 1451 1797 1483 quia
1814 1455 1890 1478 uter-

1103 1508 1156 1535 que
1175 1500 1365 1527 exsecratione
1380 1499 1478 1533 dignus
1495 1502 1564 1530 erat,
1591 1505 1640 1532 pro
1658 1497 1787 1529 maxime,
1813 1496 1889 1531 quod

1102 1548 1243 1579 patrarant
1255 1543 1344 1573 ambo,
1369 1543 1521 1575 maleﬁcio;
1539 1542 1637 1569 deinde
1652 1546 1682 1569 ut
1695 1541 1775 1576 primi
1791 1548 1887 1575 paren-

1103 1595 1154 1621 tes,
1174 1590 1266 1618 audita
1283 1597 1314 1618 ca
1343 1593 1398 1616 tam
1415 1588 1483 1616 dura
1516 1587 1695 1615 detestatione
1722 1586 1825 1618 divina,
1851 1586 1886 1613 ad

1102 1636 1299 1671 paenitudinem
1322 1638 1531 1666 revocarentur;
1551 1641 1614 1660 nam
1642 1632 1665 1660 si
1696 1632 1888 1668 paenituissent

1102 1683 1264 1716 veniamque
1276 1681 1475 1715 implorassent,
1495 1680 1557 1706 licet
1568 1687 1599 1706 ea
1615 1686 1644 1706 re
1669 1686 1754 1713 neque
1770 1682 1886 1705 mortem

1102 1728 1262 1761 eﬁ'ugissent
1288 1734 1376 1760 neque
1399 1726 1555 1761 paradisum
1583 1723 1770 1755 retinuissent,
1796 1727 1886 1750 tamen

1102 1773 1176 1800 diras
1191 1773 1252 1800 illas
1279 1772 1323 1799 Dei
1344 1771 1492 1799 evitassent
1522 1778 1590 1804 quas
1617 1773 1750 1797 memorat
1775 1768 1885 1795 Moses:

1103 1819 1154 1845 Per
1174 1818 1276 1845 dolores
1288 1823 1366 1852 atque
1380 1825 1490 1851 angores
1503 1816 1623 1849 parietis,
1652 1823 1699 1850 per
1727 1814 1831 1841 dolores
1860 1817 1886 1840 et

1101 1864 1210 1892 sudores
1238 1863 1317 1896 faciei
1348 1870 1428 1896 panes
1458 1862 1608 1889 comedetis.
1638 1860 1784 1894 Postquam
1821 1866 1887 1886 vero

1098 1907 1154 1942 jam
1170 1912 1322 1942 serpentem
1346 1911 1374 1934 et
1389 1906 1518 1934 Satanam
1541 1905 1697 1933 maledictio
1713 1903 1884 1939 perstrinxit,

1103 1954 1172 1979 Deus
1190 1952 1323 1979 convertit
1345 1959 1498 1979 sermonem
1509 1951 1542 1978 ad
1561 1950 1701 1977 mulierem
1715 1949 1756 1976 his
1772 1949 1883 1977 verbis:

1101 1999 1133 2026 Et
1147 1999 1181 2026 ad
1197 1999 1332 2025 mulierem
1345 1998 1383 2024 ait
1400 2005 1410 2024 .'
1426 1996 1628 2031 Multiplic/mdo
1641 1993 1821 2028 multiplicabo
1837 1994 1887 2020 da-

1100 2047 1167 2073 Iores
1183 2050 1251 2077 luas,
1268 2050 1293 2071 et
1308 2048 1444 2078 conreptus
1462 2048 1531 2074 luas,
1543 2047 1567 2069 et
1581 2043 1608 2069 in
1623 2040 1766 2076 angoribus
1794 2039 1884 2074 paries

1099 2090 1179 2122 ﬁlios.
1199 2089 1258 2116 Non
1277 2089 1333 2124 jam
1348 2088 1424 2118 dicit.
1447 2095 1496 2115 eos
1511 2086 1580 2114 fetus
1600 2093 1670 2120 quos
1683 2089 1731 2112 aut
1746 2083 1886 2118 concipiet

1098 2141 1145 2163 aut
1166 2136 1228 2163 edet
1236 2134 1343 2166 mulier,
1358 2133 1416 2160 fore
1430 2132 1597 2160 maledictos.
1616 2130 1683 2157 Nam
1695 2130 1798 2166 pridem
1814 2129 1885 2156 bene

1097 2185 1223 2216 precatus
1236 2180 1290 2207 illis
1308 2179 1405 2211 fuerat,
1419 2178 1597 2212 dixeratque:
1619 2176 1735 2204 Crescite
1750 2180 1774 2202 et
1792 2173 1884 2201 multi-

1096 2225 1233 2260 plicamini
1243 2233 1252 2252 :
1261 2224 1313 2251 Sed
1325 2224 1406 2255 feres,
1416 2223 1513 2257 inquit,
1526 2228 1631 2249 uterum
1642 2229 1694 2248 non
1706 2221 1765 2248 sine
1778 2220 1882 2252 dolore,

1099 2271 1285 2305 produccsque
1299 2269 1373 2304 ipsos
1393 2273 1454 2296 tuos
1467 2269 1537 2295 l'etus
1553 2275 1600 2303 per
1620 2274 1766 2294 aerumnas.
1783 2265 1884 2293 Videre

1098 2321 1140 2343 est
1163 2316 1236 2343 enim
1267 2315 1383 2342 feminas
1401 2314 1484 2341 variis
1513 2314 1656 2341 doloribus
1676 2312 1748 2339 afﬁci
1772 2310 1883 2346 quando

1099 2366 1205 2388 uterum
1221 2368 1329 2394 gerunt,
1346 2365 1373 2386 et
1391 2367 1487 2386 rursus
1504 2358 1580 2386 duris
1597 2358 1717 2392 torqueri
1734 2356 1884 2391 angoribus

1099 2408 1162 2434 dum
1179 2407 1306 2441 pariunt;
1333 2405 1358 2432 id
1377 2405 1449 2439 quod
1479 2404 1561 2431 etiam
1593 2407 1725 2430 memorat
1751 2402 1884 2429 Dominus

1102 2457 1205 2483 noster,
1221 2452 1315 2479 dicens
1335 2460 1342 2478 :
1355 2451 1450 2478 Mulier
1461 2458 1520 2477 cum
1534 2450 1615 2484 parit,
1629 2449 1744 2475 dolerent
1761 2447 1838 2474 habet
1849 2447 1884 2474 ".

1100 2499 1194 2534 Neque
1208 2498 1280 2524 cnim
1302 2497 1446 2532 quisquam
1465 2495 1619 2522 mortalium
1637 2494 1704 2521 satis
1725 2493 1886 2520 existimare

1099 2550 1197 2580 potest,
1213 2552 1294 2580 quam
1321 2543 1447 2571 difﬁciles
1467 2542 1604 2575 durosque
1624 2540 1755 2567 sustineat
1786 2538 1884 2565 mulier

1099 2590 1208 2617 dolores
1228 2595 1308 2624 atque
1331 2595 1468 2616 aerumnas
1482 2587 1507 2613 in
1523 2590 1612 2621 partu,
1631 2589 1729 2619 prater
1753 2584 1826 2618 ipsas
1842 2583 1885 2610 fe-

1098 2635 1195 2662 :ninas.
1226 2633 1260 2660 Et
1279 2634 1387 2668 quidem
1415 2631 1506 2659 audivi
1521 2631 1662 2657 mulierem
1683 2636 1745 2656 cum
1768 2629 1884 2660 diceret,

1098 2688 1191 2707 earum
1208 2688 1268 2714 quae
1285 2680 1405 2714 pariunt,
1431 2678 1546 2713 pupillas
1564 2676 1705 2703 oculorum
1727 2682 1783 2709 prte
1799 2674 1885 2700 nimio

1098 2726 1200 2753 doloris
1215 2733 1296 2752 sensu
1315 2725 1382 2751 adeo
1396 2724 1545 2754 obfuscari,
1573 2726 1603 2749 ut
1619 2721 1687 2748 nihil
1703 2724 1826 2748 cernant.
1849 2719 1884 2746 Et

1098 2772 1154 2798 haec
1169 2771 1277 2805 quidem
1295 2771 1328 2797 de
1345 2778 1375 2797 ea
1397 2769 1572 2796 anxictudinc
1586 2774 1668 2802 quam
1682 2765 1747 2792 dum
1772 2769 1882 2792 uterum

1096 2822 1204 2850 gerunt,
1228 2817 1348 2850 dumque
1377 2815 1496 2850 pariunt.
1525 2813 1642 2841 tulerant
1664 2810 1788 2842 femina),
1807 2810 1882 2837 dicta

1096 2866 1175 2889 sunt:
1193 2861 1264 2896 quod
1276 2862 1296 2888 si
1313 2869 1376 2889 vero
1394 2860 1550 2888 universum
1570 2857 1635 2886 illud
1650 2861 1758 2891 tempus
1772 2860 1882 2897 reputes
