2027 3077
203 187 255 219 £69

761 194 809 223 DE
832 194 1034 226 PARADISO.
1055 208 1090 215 —
1108 197 1203 227 PARS
1225 198 1247 228 Ι.

1768 204 1822 236 570

201 245 273 279 qttod
287 253 301 271 ει
313 251 443 280 concepto
457 245 510 273 fetu
525 247 556 273 ad
570 247 730 277 mOrientem
748 258 834 285 usque
848 252 985 278 hominem
998 251 1024 281 Δ
1039 252 1084 279 ltic
1101 261 1149 288 pro
1167 254 1199 281 iis
1212 262 1272 289 qua:
1285 263 1316 282 ex
1331 260 1401 283 terra
1415 260 1575 289 nascuntur,
1590 262 1729 292 acceptum
1740 266 1820 286 esse:

201 292 373 324 extenditur;
387 298 442 320 tum
459 302 524 322 sane
551 295 696 330 intelligas,
719 297 859 324 mulierem
889 299 984 326 mu‘tis

201 336 412 370 diﬂicultatibus,
436 332 586 371 doloribus.
615 342 744 369 aarttutuis
759 342 907 376 subjectam
923 349 985 370 esse

201 391 249 416 pro
265 383 321 418 ipsa
345 385 389 412 Dei
411 388 614 420 exsecratione;
637 395 701 414 nam
725 388 828 414 editum
854 388 984 415 infantem

201 428 414 457 laboriosissima
437 439 501 458 cura
531 433 641 467 excipit,
660 432 758 459 deinde
780 440 827 466 per
849 440 984 460 sutttmam

201 475 354 502 molestiam
381 482 462 511 atque
490 485 619 512 angorem
642 479 750 509 educat,
766 479 798 506 ad
816 484 984 514 postremum

200 520 282 560 anxio
302 520 403 547 ululatu
430 521 588 547 morientem
624 521 712 548 deflet.
739 521 820 556 Igitur
845 523 908 556 quia
935 530 984 549 tto-

201 565 286 597 luisti,
308 567 405 600 inquit,
426 574 442 592 ο
461 567 568 598 mulier,
586 566 612 593 itt
636 567 762 600 paradiso
778 567 878 595 liberos
889 575 983 602 parere

201 612 367 639 immortales
385 613 487 647 absque
500 612 574 638 outni
592 613 697 645 dolore,
709 614 764 647 jam
776 614 850 648 ipsos
866 614 984 649 paritura

199 666 229 685 es
255 667 301 693 per
320 660 451 685 maximos
466 660 607 687 cruciatus
624 665 706 694 atque
725 660 863 692 miserias,
879 665 985 695 postea-

198 711 279 737 quam
299 710 438 737 peccatum
454 705 601 732 admisisti.
629 705 662 731 Et
677 706 740 740 quia
758 706 849 732 divino
865 706 983 740 quodam

198 751 278 794 [H.0th
291 749 355 775 deos
371 750 450 776 c-lerc
459 750 585 783 cupivisti
598 751 702 784 abSque
712 751 766 777 ullo
775 751 878 777 doloris
891 759 983 783 sensu,

197 797 332 829 s'rprntis
346 797 503 823 auscultans
518 797 626 828 verbis;
642 797 697 831 jam
717 797 838 824 humano
849 805 925 824 more
937 799 985 824 Ito-

200 841 286 867 mines
309 842 466 875 procreabis
485 849 532 876 per
551 842 761 870 acerbissimum
788 843 922 870 dolorem.
952 842 984 869 Et

198 887 232 912 ad
258 887 341 913 uirum
357 892 431 913 tuum
447 889 580 922 respicies.

232 932 371 966 Respectus
387 934 506 960 mulieris
526 937 560 960 ad
573 934 656 960 virum
667 949 703 954 -—
714 935 796 967 Quasi
813 935 902 969 dicati:
916 935 985 968 Quia

196 978 320 1012 cupivlsti
330 983 357 1005 ut
369 979 407 1005 vir
417 984 479 1006 tuus
490 983 515 1006 te
524 979 768 1013 observaretatutue
778 988 811 1007 ex
822 985 846 1007 te
857 982 986 1015 penderet

197 1024 308 1057 perinde
321 1031 354 1050 ac
370 1024 392 1050 si
414 1025 439 1050 in
457 1029 500 1051 tua
518 1032 600 1051 manu
618 1025 705 1059 posita
718 1030 809 1052 essent
822 1027 921 1060 quibus
937 1027 984 1053 ille

196 1067 230 1094 a-l
246 1068 307 1095 vita:
327 1077 405 1096 usum
422 1076 491 1103 opus
506 1070 628 1101 haberet,
643 1077 730 1104 eoque
754 1071 829 1104 illum
846 1071 872 1097 in
887 1071 974 1097 fructu

198 1112 332 1146 gustando
349 1113 529 1145 antevettisti,
556 1113 616 1140 ideo
645 1117 672 1140 tu
694 1113 744 1139 viri
772 1113 810 1139 ttti
836 1114 984 1140 observans

197 1157 262 1187 rvis.
281 1162 309 1183 nt
327 1157 380 1184 tuis
405 1157 461 1191 ipse
477 1157 728 1184 necessitudinibus
755 1156 836 1184 faciat
852 1157 929 1184 satis.
949 1157 983 1184 Et

196 1203 252 1236 ipse
264 1203 445 1230 dominabitur
461 1204 499 1229 tui
517 1211 525 1229 :
540 1203 672 1237 Optavisti
689 1203 798 1237 quidem
819 1209 900 1238 caput
925 1211 984 1231 esse

198 1249 247 1275 viri
269 1249 318 1281 tui,
333 1249 501 1282 imperioque
517 1248 543 1275 itt
568 1248 643 1275 illum
661 1249 752 1283 potiri,
778 1255 858 1283 atque
875 1250 935 1276 ideo
951 1250 984 1276 de

196 1295 293 1320 arﬁore
309 1302 358 1327 pro
382 1295 515 1328 serpentis
530 1294 645 1321 consilio
664 1295 760 1327 edisti;
786 1299 813 1321 at
827 1295 870 1321 ille
889 1300 982 1322 contra

197 1338 223 1364 in
242 1344 266 1364 te
289 1339 433 1371 imperium
459 1339 608 1369 excrcobil,
630 1339 732 1373 tibique
753 1347 800 1373 pro
817 1339 904 1373 capite
919 1340 981 1367 erit.

199 1384 232 1410 Et
249 1385 283 1411 ad
295 1385 377 1410 Adam
389 1385 458 1411 dixit
473 1393 482 1412 :
502 1384 572 1417 Quia
584 1385 741 1412 auscultavi
755 1385 811 1411 voci
827 1387 917 1412 uxori:
930 1390 983 1412 tua:

196 1434 220 1455 et
242 1430 364 1456 edistitle
391 1430 485 1456 arbore
512 1430 544 1456 de
573 1439 624 1464 qua
645 1430 717 1463 justi
743 1430 791 1456 tibi
813 1430 921 1464 dixique
952 1439 983 1457 ne

196 1475 304 1507 ederae;
320 1475 462 1502 tttulerlt'cta
473 1481 542 1502 terra
553 1480 700 1509 propter-Ie.
719 1474 850 1501 Dominus
865 1475 981 1509 Ephrem

197 1527 259 1546 cum
289 1521 345 1547 suis
363 1521 420 1547 vult
447 1521 547 1547 idcirco
571 1522 655 1556 legem
680 1521 785 1547 Adamo
801 1521 920 1547 revocari
938 1521 983 1548 hic

198 1565 225 1591 ιιι
244 1566 414 1598 memoriam,
431 1566 494 1600 quia
507 1566 530 1593 ei
548 1567 594 1593 uni
607 1575 623 1593 a
639 1566 692 1593 Deo
709 1566 797 1593 fuerat
812 1567 981 1601 prtescripta‘;

197 1611 232 1637 ab
245 1611 302 1645 ipso
315 1619 378 1638 vero
391 1611 499 1643 deinde,
512 1611 589 1638 uxori
606 1612 741 1645 exposita.
761 1610 874 1644 Verum,
890 1611 981 1646 tttjattt

197 1656 342 1690 aliquoties
370 1656 592 1688 memoravimus,
624 1656 668 1682 alii
694 1655 849 1683 existimare
879 1656 984 1683 malunt

196 1703 248 1730 sub
266 1702 330 1729 Adzc
342 1709 456 1735 persona
470 1702 504 1729 ad
521 1701 603 1728 Evam
616 1709 724 1737 quoque
737 1701 804 1736 legis
817 1701 898 1729 verba
913 1702 981 1729 fieri.

197 1748 281 1783 Igitur
299 1749 378 1783 quia,
411 1749 511 1783 inquit,
531 1756 584 1775 non
614 1755 680 1775 mea:
706 1747 766 1775 voci
796 1748 843 1775 sed
874 1747 982 1776 feminae

197 1794 375 1827 auscultasti;
393 1794 535 1821 maledicta
551 1799 621 1821 terra
641 1799 751 1829 propter
763 1799 797 1822 te.

231 1839 286 1866 Cur
300 1839 368 1866 Deus
383 1844 493 1873 terram,
506 1848 557 1866 non
567 1845 655 1867 autem
668 1840 798 1867 Adamum
812 1841 847 1866 sit
860 1848 983 1868 exsecra-

199 1891 252 1914 tus.
263 1901 298 1906 —
310 1885 445 1913 Nimirum
462 1893 514 1912 tton
529 1891 571 1913 est
586 1891 744 1913 exsecratus
760 1886 831 1913 Deus
846 1886 981 1913 Adamum

197 1932 300 1966 ipsum.
319 1938 374 1966 quo
399 1939 455 1958 suae
478 1931 535 1966 ipse
552 1932 664 1965 imagini
692 1934 821 1960 honorem
837 1940 983 1960 conserva-

201 1983 260 2006 l‘t‘l:
278 1983 334 2005 tum
362 1978 444 2004 etiam
469 1978 534 2011 quia
562 1985 596 2004 cx
626 1977 730 2005 Adamo
751 1979 881 2006 nascituri
907 1984 985 2007 erant

203 2023 280 2049 multi
296 2023 425 2049 mortales
445 2022 522 2056 probi
536 2021 674 2056 jnstiquc,
699 2028 729 2050 ut
745 2024 882 2058 propheta:
903 2029 985 2058 atque

198 2068 324 2102 apostoli,
339 2076 372 2095 ne
387 2075 435 2102 per
450 2068 526 2094 illum
540 2067 568 2094 hi
583 2075 691 2102 quoque
705 2069 888 2096 exsecrabilcs
900 2073 983 2104 atque

199 2113 375 2140 detestabiles
394 2113 560 2139 haberentur
576 2120 583 2139 :
601 2113 647 2138 sed
668 2112 806 2139 maledixit
819 2118 904 2146 terra:
920 2121 984 2148 pro-

201 2164 259 2192 pter
275 2158 363 2191 illum,
379 2158 478 2192 quippe
504 2165 536 2184 ex
553 2165 606 2192 qua
636 2157 694 2192 ipse
717 2162 790 2185 esset
813 2164 982 2192 procreatus.

200 2204 294 2239 Itaque
310 2209 472 2230 consetvata
488 2207 528 2230 cst
541 2203 657 2229 humano
673 2203 765 2238 generi
782 2203 886 2230 illibata
903 2212 936 2231 ex
952 2212 982 2231 ea

201 2249 352 2277 benedicth
365 2257 426 2283 qua:
443 2252 506 2275 ante
517 2253 658 2283 peccatum
677 2248 746 2275 facta
757 2248 984 2283 fuerat,quamvis

200 2296 309 2323 dolores
336 2300 417 2330 atque
446 2294 620 2321 calatttilates
649 2294 772 2328 plurimae
805 2295 982 2322 necesserint.

200 2342 251 2369 Per
263 2342 366 2369 dolores
386 2341 502 2368 comede:
523 2349 581 2367 eam
601 2340 720 2367 omnibus
736 2341 826 2368 Δὶυὺιιε
845 2342 903 2368 υὶιω
918 2345 980 2369 tute.

199 2388 266 2420 Quia
283 2386 443 2414 existimasti
458 2391 483 2413 te
496 2386 611 2413 deorum
633 2394 708 2413 more
733 2386 760 2412 itt
777 2390 848 2412 terra
866 2393 980 2412 mansu-

198 2441 270 2464 rum,
284 2440 385 2467 perque
405 2433 523 2467 quietem
548 2437 574 2459 et
586 2433 670 2459 otium
688 2432 769 2458 vitattt
786 2432 952 2466 agitaturum
974 2441 982 2459 :

207 2483 234 2505 tu
249 2482 354 2510 contra,
369 2485 416 2511 per
433 2477 552 2509 dolores,
562 2478 670 2505 labores
682 2482 709 2504 et
720 2486 867 2511 aavumttas,
884 2488 986 2514 perque

200 2523 332 2550 cultttram
356 2522 491 2549 difficilem
512 2522 632 2549 vesceris
658 2523 782 2557 frugibus
805 2528 894 2551 terrae.
911 2525 979 2552 Nam

202 2576 236 2595 ne
255 2575 334 2602 reges
350 2567 461 2602 quidem
473 2568 576 2602 absque
589 2568 713 2595 molestia
729 2574 754 2595 et
770 2569 888 2602 cultura,
905 2574 984 2598 terra:

200 2613 359 2640 muneribus
377 2612 428 2640 frui
443 2617 557 2647 possunt
571 2622 577 2640 :
591 2617 671 2647 atque
691 2613 743 2640 hoc
757 2614 844 2648 ipsttttt
860 2619 901 2642 est
911 2615 981 2650 quod

201 2657 379 2684 Ecclesiastes
405 2657 443 2684 ait
460 2666 467 2683 :
483 2656 539 2684 Rea:
555 2666 650 2691 agrum
667 2658 729 2684 colit
744 2659 802 2692 (24)
820 2668 827 2685 :
845 2661 944 2694 quippe
961 2661 982 2688 si

201 2711 253 2730 non
272 2703 340 2735 suis,
354 2708 380 2732 at
394 2703 509 2731 aliorunt
526 2709 599 2732 certe
616 2703 744 2730 manibus
760 2712 841 2738 agros
854 2706 984 2740 subigunt

199 2755 288 2782 reges.
316 2748 523 2776 Observandum
551 2756 631 2783 porro
655 2752 697 2775 est
714 2753 792 2776 terra;
817 2751 980 2779 vocabulum

235 2804 291 2843 (ξι)
307 2804 395 2843 Eccle.
410 2813 436 2837 ν,
458 2813 528 2833 vers.
543 2806 568 2836 8,
583 2805 673 2843 estlatl
692 2805 803 2843 verbum
818 2816 824 2832 :
841 2807 894 2833 Rex
915 2817 978 2843 agro

197 2840 288 2879 servit,
298 2840 373 2879 _sive,
387 2848 450 2879 agro
462 2849 553 2879 servus
566 2846 602 2879 est
621 2840 706 2879 [dctus
723 2847 732 2866 :
753 2841 862 2879 Vulgata
887 2840 975 2871 lauit-tt

199 2874 281 2900 editio
298 2874 376 2908 longe
393 2876 445 2901 alio
454 2882 535 2902 sensu
549 2875 627 2909 legit:
642 2875 747 2906 insuper
761 2874 887 2903 universa-
901 2882 976 2904 (ενι-ιιι

201 2917 246 2936 rca‘
264 2909 373 2943 imperat
390 2910 511 2937 servienti
523 2931 529 2943 ,
554 2909 625 2944 quod
653 2909 704 2936 nisi
722 2909 755 2937 de
772 2910 862 2937 divitia
887 2914 976 2946 proti-

1037 298 1134 332 Spiuas
1151 304 1175 326 et
1187 300 1298 327 carduoa
1313 302 1424 336 proferet
1449 301 1498 328 tibi
1513 308 1524 328 .'
1542 310 1621 337 quos,
1650 303 1700 330 nisi
1717 308 1744 330 ιιι
1760 312 1822 338 pec-

1037 353 1140 376 casses.
1159 346 1205 373 illa
1222 347 1389 381 productura
1405 356 1458 375 tton
1475 347 1576 375 fuerat.
1591 348 1740 376 Conficitur
1754 356 1821 382 ergo

1037 391 1094 418 hmc
1112 395 1174 426 post
1191 392 1399 420 detestationem
1416 398 1474 420 orta
1492 400 1564 426 esse,
1579 394 1619 420 vel
1633 394 1748 421 fortasse
1761 395 1818 428 spi-

1036 444 1084 464 nas
1108 442 1134 464 et
1159 438 1275 465 carduos
1301 444 1379 466 vocat
1394 439 1561 466 laboriosum
1593 443 1671 466 terrae
1698 440 1815 469 cultum.

1008 508 1010 510 τ
1036 490 1116 516 quem
1143 483 1200 517 ipsa
1218 483 1339 519 flagitat;
1359 485 1437 519 quasi
1455 484 1548 512 dicat:
1566 485 1669 519 Magnis
1691 486 1822 520 dttrisqnc

1002 927 1022 954 Β

1036 528 1176 556 laboribus
1194 530 1359 557 constabunt
1391 531 1437 557 tibi
1463 532 1552 563 terrm:
1567 530 1683 558 fructus.
1702 531 1747 558 Vel
1771 532 1822 558 hoc

1036 574 1112 606 dicit,
1129 582 1200 609 stepe
1218 580 1380 602 eventurum
1401 581 1429 603 ttt
1446 584 1499 603 non
1516 584 1546 603 ea
1563 584 1622 612 quae
1648 577 1754 611 excepit
1777 585 1822 604 sc-

1036 620 1120 651 minaI
1149 620 1263 652 reddat,
1289 621 1335 648 sed
1364 629 1412 655 pro
1435 621 1488 648 illis
1520 626 1613 649 sentes
1641 622 1820 656 tribulosque.

1035 665 1070 691 Et
1083 665 1199 691 conlades
1216 665 1309 692 herbas
1335 666 1406 700 agri.
1430 665 1484 693 Pro
1501 666 1666 700 gratissimis
1686 666 1819 693 arborum

1035 711 1153 744 paradisi
1175 710 1311 738 fructibus
1328 719 1398 745 qttos
1411 712 1458 738 tibi
1486 711 1607 739 edendos
1619 719 1822 742 concesseram.

1035 757 1154 783 vesceris
1172 757 1264 784 herbis
1282 758 1416 790 pecudum
1436 766 1523 790 more,
1553 766 1586 785 eo
1599 759 1671 792 quod
1689 758 1822 785 adversus

1036 801 1122 835 legem
1141 809 1228 829 nteant
1247 802 1344 830 feceris
1365 811 1372 830 :
1386 803 1418 829 Et
1435 811 1494 829 rum
1509 803 1604 830 sudore
1617 803 1695 838 faciei
1710 810 1763 830 tute
1776 812 1822 830 co-

1037 847 1121 873 mede:
1137 855 1241 882 partem.
1264 848 1304 874 Tu
1325 848 1371 883 qui
1389 848 1456 875 deus
1467 857 1529 875 esse
1547 848 1670 880 voluisti,
1683 849 1819 882 serpentis

1037 893 1153 920 consilio
1180 894 1351 925 auscultans,
1375 901 1438 920 cum
1467 894 1566 921 sudore
1594 894 1670 921 faciei
1689 899 1751 925 tuae,
1770 894 1822 921 hoc

1037 942 1089 971 est,
1107 946 1204 973 aspero
1220 944 1245 966 et
1256 939 1358 966 difficili
1373 940 1465 966 labore
1481 940 1604 974 duraque
1618 940 1724 968 cultura
1743 948 1820 974 quat-

1037 991 1080 1010 rcs
1101 984 1212 1011 victunt.
1239 983 1296 1011 Etsi
1323 985 1395 1011 ettittt
1422 985 1483 1019 quis
1515 993 1560 1011 rex
1590 984 1627 1012 sit
1644 991 1693 1012 aut
1719 985 1820 1019 alioqui

1035 1029 1134 1063 opibus
1168 1030 1274 1063 magnis
1303 1030 1420 1064 pollens,
1452 1030 1516 1057 dum
1551 1030 1619 1057 alios
1655 1030 1680 1056 itt
1713 1031 1820 1057 cultura

1035 1078 1153 1106 ext-teet,
1178 1074 1236 1109 ipse
1254 1083 1363 1109 quoque
1392 1084 1445 1102 non
1474 1076 1532 1102 sine
1548 1076 1650 1102 sudore
1669 1075 1746 1102 faciei
1766 1084 1822 1102 sum

1035 1120 1155 1146 vescitur
1177 1127 1256 1154 parte.
1281 1120 1369 1147 Donec
1396 1125 1526 1147 revertare
1542 1121 1569 1146 in
1596 1125 1692 1147 terram
1716 1128 1747 1147 ea:
1771 1128 1822 1155 qua

1035 1168 1155 1197 acceptus
1168 1172 1203 1193 ea.
1224 1165 1286 1198 quia
1299 1165 1383 1198 pulvis
1402 1173 1440 1197 es,
1462 1170 1486 1192 et
1509 1166 1536 1192 in
1560 1165 1692 1200 pulverem
1710 1166 1820 1192 redibis.

1034 1209 1120 1242 Quasi
1149 1209 1223 1236 dicat
1243 1220 1248 1236 :
1267 1211 1414 1245 Postquam
1434 1218 1614 1237 mrumuosam
1639 1211 1821 1238 laboriosam-

1033 1265 1087 1291 qttc
1111 1257 1272 1284 toleraveris
1298 1257 1392 1288 vitam,
1419 1256 1490 1283 sicut
1516 1256 1639 1290 praulixi,
1671 1256 1822 1283 moriturus

1033 1302 1131 1329 deinde
1141 1310 1181 1333 es,
1195 1308 1275 1337 atque
1289 1302 1314 1328 itt
1332 1302 1356 1328 id
1376 1301 1533 1328 dissolveris
1547 1301 1618 1335 quod
1635 1305 1698 1328 ante
1719 1301 1821 1328 fueras.

1032 1347 1308 1375 Animadvertendum
1327 1347 1371 1373 hic
1391 1351 1432 1374 est
1451 1346 1584 1373 Adantttm
1602 1351 1664 1373 ante
1682 1346 1734 1373 hoc
1756 1354 1822 1373 ora-

1033 1394 1123 1421 culum
1143 1402 1149 1420 :
1167 1394 1236 1426 Quia
1261 1393 1345 1427 pulvis
1365 1401 1404 1424 es,
1429 1392 1589 1423 ttcscivisse,
1606 1400 1638 1418 ex
1663 1393 1774 1426 pulvere
1791 1399 1822 1420 se

1033 1447 1095 1466 csse
1120 1439 1320 1466 conformatum
1335 1457 1342 1470 ,
1361 1445 1500 1473 genusque
1527 1446 1607 1465 suttnt
1629 1438 1700 1465 unde
1728 1443 1820 1471 esset.

1033 1485 1182 1520 ignOrasse.
1213 1485 1387 1520 lgiturhisce
1423 1484 1513 1511 verbis
1544 1485 1693 1512 multarunt
1727 1493 1819 1512 rcruttt

1034 1530 1243 1557 commonefacit
1260 1530 1394 1557 Adamum
1417 1530 1498 1557 Deus.
1528 1529 1621 1556 Ptimo
1637 1531 1708 1556 enim
1744 1532 1822 1557 docet

1036 1574 1120 1608 ipsius
1136 1582 1235 1608 corpus
1248 1582 1281 1601 ex
1295 1574 1405 1608 pulvere
1421 1574 1512 1600 fictutn
1535 1581 1614 1605 esse;
1635 1578 1660 1599 et
1677 1573 1757 1599 simul
1779 1581 1822 1599 re-

1036 1619 1144 1653 darguit
1161 1619 1242 1646 etiam
1266 1619 1344 1654 quasi
1361 1618 1433 1645 dicat
1451 1626 1458 1645 :
1473 1618 1528 1650 Qui
1556 1617 1668 1654 potuisti
1695 1618 1822 1645 atTectaro

1033 1664 1214 1696 divinitatem,
1235 1669 1262 1691 ut
1277 1664 1396 1698 plueres,
1413 1668 1442 1690 ttt
1470 1663 1558 1691 fontes
1578 1664 1763 1697 dispensarrs.
1793 1667 1821 1690 ut

1033 1709 1135 1744 pelagis
1147 1709 1303 1744 imperares.
1316 1708 1399 1736 totius
1413 1716 1444 1736 ex
1458 1709 1567 1742 pulvere
1579 1708 1746 1742 compositus
1757 1715 1819 1734 cutn

1034 1754 1093 1782 sis?
1109 1754 1214 1782 Rursus
1231 1754 1302 1782 sicut
1319 1754 1501 1781 conditionem
1518 1753 1614 1780 Adanti
1638 1761 1652 1779 It
1664 1753 1749 1780 it-ilice
1771 1760 1820 1779 ex-

1035 1800 1135 1827 tulerat
1150 1800 1212 1826 dum
1235 1800 1325 1834 ipsum
1343 1804 1457 1830 crearet.
1478 1804 1507 1826 ut
1527 1807 1606 1834 quem
1633 1807 1661 1826 se
1688 1799 1720 1825 ad
1741 1806 1819 1825 suam

1037 1845 1123 1879 ipsius
1139 1844 1284 1879 imaginem
1302 1844 1562 1878 similitudinemque
1575 1844 1676 1877 fingere
1690 1844 1793 1870 diceret
1811 1852 1818 1870 :

1035 1890 1083 1923 ita,
1107 1895 1135 1917 ut
1150 1889 1287 1916 affectavit
1304 1889 1472 1916 divittitatettt
1496 1897 1545 1922 pro
1565 1889 1670 1916 fallacis
1685 1889 1821 1923 serpentis

1034 1936 1160 1967 consilio,
1178 1936 1250 1962 illam
1277 1935 1399 1962 eamdem
1417 1935 1449 1962 ad
1463 1939 1562 1962 terram
1581 1942 1666 1968 ttsqtte
1680 1934 1819 1968 deprimit,

1035 1982 1226 2009 demonstrans
1242 1990 1274 2008 ex
1294 1982 1404 2016 pulvere
1418 1985 1556 2008 constare.
1577 1980 1712 2006 Praeterea
1725 1984 1819 2006 osten-

1035 2026 1084 2059 dit,
1120 2034 1181 2061 qute
1207 2034 1268 2054 cuttt
1293 2027 1394 2060 quibus
1422 2025 1466 2052 ille
1496 2024 1680 2052 commutarit.
1707 2024 1822 2058 Insuper

1036 2066 1126 2104 docet,
1139 2072 1250 2107 quantis
1273 2073 1361 2107 ipsum
1377 2072 1456 2099 ntalis
1473 2070 1654 2106 implicaverit
1667 2075 1819 2104 peccatum,

1035 2121 1117 2152 atque
1131 2117 1192 2145 ideo
1205 2116 1487 2152 hoc'prosequendum
1501 2117 1564 2144 odio
1575 2123 1636 2143 esse
1647 2115 1822 2149 fugiendum-

1036 2170 1089 2197 que
1104 2164 1211 2190 merito.
1227 2163 1349 2198 Denique
1367 2167 1460 2189 ntouet
1484 2162 1505 2189 si
1530 2163 1689 2196 imperatam
1711 2161 1756 2188 ille
1773 2161 1821 2188 ob-

1037 2212 1171 2235 scrvasset
1192 2208 1289 2242 legem,
1315 2216 1367 2234 tton
1391 2208 1604 2241 obrumpcndam
1630 2206 1715 2233 fuisse
1735 2206 1821 2240 ipsius

1000 2262 1023 2292 D
1038 2254 1119 2280 vitam
1133 2255 1178 2281 sed
1198 2254 1402 2281 immortalitate
1423 2254 1576 2280 donandum
1593 2260 1625 2280 ex
1640 2252 1685 2279 Dei
1702 2252 1820 2279 liberali-

1040 2305 1104 2332 tate,
1118 2300 1189 2327 sicut
1205 2301 1243 2327 ait
1258 2300 1405 2334 Gregorius
1422 2299 1577 2334 Thcologus
1600 2299 1656 2334 (Ξό)
1676 2306 1683 2326 :
1703 2298 1731 2324 Si
1759 2305 1820 2332 per-

1038 2345 1226 2376 durasscmus,
1244 2345 1268 2372 id
1287 2346 1360 2379 quod
1385 2352 1438 2371 non
1464 2344 1615 2372 fueramus.
1632 2343 1695 2370 facti
1720 2342 1821 2369 fuisse-

1036 2397 1114 2422 mus;
1146 2397 1219 2416 nuttc
1247 2396 1313 2415 vero
1337 2393 1512 2422 pesttaquatn
1543 2388 1626 2421 legem
1663 2387 1820 2418 transilivit,

1034 2434 1112 2460 morti
1139 2433 1286 2460 obnoxium
1300 2441 1360 2459 esse
1378 2431 1478 2459 factum
1506 2432 1764 2466 dissolvendutnqne
1793 2431 1819 2457 itt

1034 2482 1134 2504 terram
1167 2478 1237 2503 unde
1272 2477 1353 2504 traxit
1380 2478 1525 2511 originem.
1545 2476 1577 2503 Et
1595 2477 1694 2503 vocarit
1721 2476 1818 2508 Adam,

1034 2530 1126 2549 nomen
1151 2523 1241 2549 uxoris
1256 2530 1310 2549 aute
1330 2522 1421 2554 anm,
1440 2530 1469 2548 eo
1485 2522 1554 2556 quod
1570 2523 1629 2556 ipsa
1654 2526 1721 2548 esset
1736 2527 1820 2548 mater
1845 2554 1851 2561 ι

1035 2570 1119 2596 omnis
1151 2569 1267 2596 viventia.
1293 2567 1455 2596 Observavit
1482 2568 1591 2600 quidem
1623 2568 1702 2595 divus
1731 2567 1820 2594 Moses

1034 2614 1124 2641 adhuc
1152 2614 1177 2640 itt
1209 2621 1299 2641 rerum
1325 2617 1460 2647 gestarum
1490 2614 1668 2647 narratione,
1695 2613 1817 2640 ordinent

1034 2661 1188 2694 seriemque
1215 2667 1370 2694 temporum
1395 2661 1497 2695 quibus
1512 2667 1628 2695 quaeque
1651 2664 1718 2687 actae
1740 2663 1818 2690 sunt;

1033 2706 1144 2740 atquod
1162 2706 1206 2732 hic
1234 2706 1290 2741 jam
1316 2711 1422 2739 narrat,
1451 2714 1515 2734 num
1532 2707 1629 2734 ordine
1654 2713 1706 2733 suo
1727 2709 1819 2732 narret

1033 2751 1151 2778 dubitari
1179 2756 1279 2786 potest.
1305 2751 1411 2787 Quippe
1435 2756 1486 2786 est,
1506 2753 1551 2781 ubi
1573 2760 1616 2780 res
1635 2752 1677 2780 sui
1695 2759 1818 2788 quasque

1032 2811 1122 2838 dcttlia
1144 2811 1245 2839 dictum
1262 2820 1322 2839 meo
1335 2811 1450 2846 judicio,
1468 2812 1580 2845 intelligi
1594 2820 1647 2839 non
1669 2815 1768 2846 potest.

1030 2881 1037 2907 1
1067 2847 1124 2909 £25)
1161 2846 1215 2875 Hoc
1247 2845 1372 2883 Gregorii
1406 2847 1507 2874 dictqu
1541 2854 1622 2882 supra
1653 2845 1817 2882 explicatius

1039 2889 1063 2908 ta
1084 2889 1123 2909 es.

1039 2889 1123 2909 ιιιυυε.
