2027 3077
204 128 253 159 571

836 132 949 162 MOSIS
969 133 1046 162 BAR
1065 133 1189 163 (ΣΕΡΗΛΔ

1768 135 1823 166 572

203 184 270 211 locis
287 183 438 216 describat;
459 188 500 211 est
522 184 603 211 etiam
619 183 665 211 ubi
687 184 738 211 hoc
755 183 793 210 illi
816 184 897 211 modo
912 192 986 212 curae
999 187 1024 215 Α
1042 191 1123 221 taque
1137 194 1169 214 ex
1188 186 1334 213 concubitu
1351 187 1401 213 viri
1423 193 1455 214 ac
1469 187 1590 214 mulieris
1604 188 1697 216 sobole
1712 194 1823 216 auctqu

202 235 243 257 est
262 233 292 256 ut
316 229 341 256 id
354 229 426 264 quod
445 234 550 263 gestum
562 233 614 261 est,
625 234 821 256 commemoret
837 236 924 263 neque
940 237 988 264 per

203 274 341 302 silentium
365 274 541 306 transmittat,
567 279 666 302 cmtero
684 274 770 308 quiin
788 277 911 307 tempore
931 282 986 309 quo

202 325 293 347 actntn
326 325 377 351 θεῖ,
392 319 564 346 observando
586 319 654 346 nihil
670 319 814 347 sollicitus.
830 319 986 352 Enimvero,

201 368 248 391 aut
261 364 371 398 quando
385 368 460 390 costa
479 364 530 391 sibi
550 364 764 391 subtrahebatur
779 369 860 399 atque
877 364 904 391 in
930 373 989 392 mu-

203 412 297 439 lierem
308 411 536 443 eoncinnabatur,
558 411 711 446 appellabat
729 411 851 439 Adamus
872 419 986 438 uxorem

204 466 251 492 per
275 458 435 485 vaticinium
463 457 570 485 duobus
595 457 853 490 nominibuszltto,
884 457 989 484 scilicet

204 503 268 539 (hoc
282 508 334 536 est,
352 503 505 536 mulierem,
529 503 586 530 sive
608 511 720 530 uxorem
742 507 770 530 et
798 502 904 538 Evam).
923 501 986 534 Illo,

205 548 268 583 quia
281 548 340 575 viro
357 548 507 576 cohaereret
522 556 570 582 per
585 548 738 583 legitimum
752 548 932 578 connubium,
959 552 989 575 ut

204 599 267 621 ante
293 597 336 622 est
363 601 378 620 a
410 594 488 621 nobis
517 594 683 628 explicatum
709 602 716 620 :
738 594 799 626 hoc,
812 594 875 628 quia
901 598 989 620 mater

204 643 276 666 esset
291 638 380 666 futura
403 639 492 666 omnis
512 640 639 666 viventis.
665 640 721 666 Aut
741 640 792 665 hoc
808 640 868 666 loco
890 646 988 666 nomen

205 685 267 713 Eva:
282 687 333 721 ipsi
351 695 409 714 cam
428 688 462 713 ob
477 695 589 714 causam
618 687 714 714 indidit
730 692 876 722 postquam
899 694 913 713 a
935 686 989 714 Deo

206 731 332 766 prolapsa
346 731 531 766 danmataque
545 740 592 767 per
609 733 770 759 santentiam
779 736 853 759 esset
866 732 988 759 dolorum

206 777 232 803 in
250 783 326 811 partu
347 777 533 809 fcremlorum,
552 782 598 804 aut
617 778 734 812 denique
752 782 895 812 postquam
910 777 988 811 ejecti

206 827 269 848 sunt
288 822 369 849 ambo
383 830 397 849 e
414 823 551 857 paradiso,
572 822 654 849 Evam
677 822 812 857 appellare
831 822 987 856 coapitquia

1042 232 1088 264 iri,
1115 236 1142 258 ct
1171 240 1218 266 per
1238 233 1308 260 hanc
1340 240 1450 260 causam
1481 233 1606 267 specioso
1636 233 1682 261 illo
1712 235 1824 261 nomine

1043 285 1153 304 uxorem
1175 285 1287 305 vocasse
1311 277 1406 310 Evam,
1435 279 1487 305 hoc
1513 283 1565 308 est.
1588 279 1677 306 omnis
1707 279 1826 307 viventis

1042 328 1166 350 matrem.
1188 323 1276 358 Supra
1300 324 1512 351 memoravimus
1535 324 1586 351 tria
1616 331 1677 351 esse
1702 325 1825 357 nomina,

1042 369 1140 403 quibus
1163 369 1249 396 Adam
1276 369 1302 396 in
1325 370 1376 396 hoc
1402 369 1472 396 libro
1491 369 1644 404 appelletur
1667 369 1753 400 Naso,
1772 370 1827 396 huc

1042 418 1083 441 est
1098 415 1148 447 vir,
1168 419 1194 441 et
1209 414 1354 446 Bar-noso,
1374 415 1447 442 filius
1459 415 1509 442 viri
1526 424 1533 442 :
1546 422 1579 442 ac
1593 415 1711 450 denique
1726 415 1824 445 Adam,

1042 459 1120 493 quasi
1134 459 1219 491 dicas,
1231 460 1312 486 homo
1327 468 1334 486 :
1347 459 1393 486 ubi
1409 464 1541 494 quantum
1567 460 1626 493 ipsa
1644 459 1714 486 inter
1728 467 1769 486 sc'
1780 459 1826 486 di-

1042 508 1124 536 stent,
1140 505 1222 532 etiam
1237 505 1443 539 explicavimus.
1459 504 1519 532 Jam
1539 513 1603 532 vero
1617 505 1700 532 Evam
1712 513 1826 540 quoque

1042 547 1150 574 duobus
1174 553 1298 575 vocatam
1328 549 1486 576 nominibus
1517 549 1713 584 intelligimus;
1731 557 1829 583 nempe

1042 592 1097 619 Itta
1115 593 1178 628 (hoc
1193 598 1244 625 est,
1271 594 1417 621 mulierem
1441 595 1498 622 sive
1520 596 1645 627 uxorem)
1661 600 1688 622 et
1712 594 1795 620 Evam
1817 603 1824 622 :

1042 647 1158 673 quorum
1189 640 1265 673 illud,
1294 640 1327 667 ad
1345 641 1500 667 universam
1525 640 1688 667 feminarum
1707 641 1827 674 speciem

1043 685 1282 717 accommodatur;
1308 685 1370 718 hoc,
1402 686 1483 713 unius
1499 693 1620 720 persona:
1651 686 1758 720 propria
1785 691 1829 712 est

1043 730 1197 764 appellatio.
1230 730 1265 757 Et
1290 730 1352 762 fecit
1382 730 1508 757 Dominus
1536 731 1604 758 Deus
1621 731 1721 757 Adamn
1750 738 1829 766 atque

1043 776 1120 802 uxori
1146 776 1228 809 ipsius
1252 778 1356 803 tunicas
1384 777 1505 810 pollicear
1522 797 1529 809 ,
1554 782 1578 804 et
1607 778 1708 804 reslivit
1737 778 1826 811 ipsos.

1044 821 1168 855 Quinque
1181 825 1244 848 sunt
1255 829 1316 856 qua:
1330 830 1359 850 se
1376 822 1419 848 hic
1431 822 1509 850 nobis
1522 823 1678 856 explicanda
1692 823 1828 850 offerunt:
1854 847 1856 850 .

206 867 354 893 viventium
376 872 489 894 matrem
509 868 621 894 videret.
640 867 700 895 1am
716 875 780 894 vero
795 867 817 894 si
834 867 875 894 vel
897 867 986 901 primo
1002 867 1026 896 B
1040 875 1138 901 nempe
1155 875 1204 894 cur
1228 867 1350 895 induerit
1367 867 1438 895 Deus
1455 868 1587 895 Adamum
1605 874 1628 895 et
1647 868 1738 900 Evam,
1756 868 1827 894 tuni-

207 912 248 939 vel
263 918 399 947 postremo
413 919 534 948 tempore
543 913 596 941 hoc
612 921 710 940 nomen
727 913 761 940 ab
777 913 882 940 Adamo
899 912 992 939 datum

206 963 248 984 est
264 958 351 990 uxori,
371 959 491 993 neglecta
516 963 557 986 est
574 966 589 986 a
605 958 678 986 Mosa
698 959 828 992 temporis
844 959 930 991 ratio;
950 958 992 985 sin

207 1003 307 1036 medio,
334 1009 459 1031 accurate
485 1005 629 1031 observata
649 1009 699 1032 est.
724 1004 872 1036 Caeterum,
897 1005 993 1031 viven-

208 1049 275 1075 tium
290 1050 420 1076 vocabulo
437 1049 481 1077 hic
506 1050 556 1077 soli
584 1050 707 1077 homines
732 1058 786 1077 non
804 1050 886 1077 etiam
912 1050 993 1078 bruta

208 1094 336 1121 animalia
358 1095 557 1130 significantur,
577 1096 657 1123 sicuti
673 1095 729 1123 illic
742 1103 850 1130 quoque
867 1104 874 1122 :
894 1095 992 1130 Effun-

207 1140 269 1166 dam
295 1141 417 1174 spiritum
443 1149 529 1167 meum
559 1149 638 1175 super
665 1148 768 1168 omnem
794 1141 944 1173 carnem";
960 1141 994 1168 de

208 1186 366 1213 hominibus
383 1187 460 1218 solis,
482 1194 535 1213 non
553 1187 586 1213 de
608 1186 758 1221 pecudibus
782 1186 904 1220 loquitur
920 1185 995 1214 Scri-

208 1236 301 1266 ptura.
319 1231 371 1258 Sed
385 1232 457 1258 enim
476 1231 616 1258 sciendum
637 1235 690 1263 est,
705 1231 731 1258 vi
751 1231 867 1265 quadam
884 1231 995 1258 fatidica

209 1281 292 1310 atque
313 1276 409 1302 divino
423 1276 555 1302 instinctu
568 1275 702 1302 Adamum
715 1275 867 1310 appeliasse
881 1283 994 1303 uxorem

209 1329 289 1349 suam
312 1320 408 1353 Evam,
427 1321 474 1347 sed
491 1328 522 1348 ea
539 1321 621 1348 verba
647 1328 709 1354 qua:
732 1320 916 1355 subjiciuntur
931 1329 938 1347 :
955 1319 995 1347 Eo

210 1366 279 1402 quod
308 1367 366 1401 ipsa
393 1370 460 1393 esset
478 1370 562 1392 mater
578 1367 663 1393 omnia
688 1366 806 1398 viventis,
824 1374 878 1393 non
899 1365 995 1393 Adami

211 1411 257 1438 sed
276 1410 358 1438 Mosis
374 1419 445 1449 esse,
462 1411 523 1438 Evaa
536 1411 698 1438 vocabulum
721 1419 752 1438 ea
774 1411 996 1446 interpretatione

210 1457 381 1491 explicantis.
403 1457 456 1484 Sed
473 1457 547 1485 dices
563 1466 571 1484 :
587 1457 641 1484 Cur
655 1464 709 1484 non
727 1456 840 1491 perinde
861 1456 995 1484 Adamum

212 1504 323 1539 scripsit
347 1504 434 1532 Moses
456 1511 517 1532 esse
540 1508 644 1539 patrem
668 1504 758 1531 omnis
775 1503 902 1535 viventis,
924 1503 997 1531 sicut

212 1549 293 1576 Evam
310 1550 429 1584 prodidit
448 1557 508 1580 esse
540 1550 674 1577 matrem?
691 1549 912 1584 Respondemus,
930 1549 996 1583 quia

212 1594 265 1626 vir,
281 1594 345 1621 dum
373 1602 430 1622 rem
446 1602 509 1622 cum
534 1595 648 1622 muliere
668 1594 758 1626 habet,
789 1601 881 1621 semen
909 1594 997 1629 injicit

212 1647 301 1674 neque
314 1640 369 1666 vita
386 1648 473 1674 neque
496 1639 582 1667 forma
604 1640 756 1674 praeditum,
773 1643 800 1667 at
814 1639 926 1672 femina,
948 1646 998 1666 ex-

213 1688 321 1718 ceptum
334 1685 412 1717 illud,
437 1689 581 1719 postquam
609 1685 638 1712 in
655 1693 705 1713 suo
719 1690 797 1713 utero
811 1685 926 1714 infantis
940 1683 998 1712 ior-

215 1736 287 1756 mam
304 1728 391 1756 induit
405 1734 487 1764 atque
506 1731 534 1757 in
548 1730 696 1758 humanam
713 1731 828 1766 figuram
843 1731 999 1759 conforma-

216 1779 272 1800 tum
290 1778 342 1806 est,
358 1779 414 1801 tum
436 1774 545 1801 demum
569 1782 624 1802 non
642 1775 721 1810 quale
737 1777 777 1802 vir
792 1776 935 1810 iniecerat.
951 1775 1000 1804 sed

216 1818 309 1845 vivens
329 1823 406 1853 partu
430 1818 498 1845 edit.
513 1817 608 1846 Merito
623 1826 688 1854 ergo
701 1823 786 1846 mater
802 1819 891 1847 omnis
907 1819 1001 1846 viven-

214 1864 250 1890 tis
268 1863 323 1890 Eva
338 1863 489 1898 appellatur
500 1871 515 1891 a
531 1863 617 1892 Mose.
631 1864 726 1893 Adboc
743 1873 750 1892 :
767 1865 853 1891 Adam
870 1869 996 1898 sumptus

215 1909 276 1941 fuit,
293 1918 355 1937 eum
371 1915 444 1937 esset
457 1911 544 1944 pulvis
557 1911 618 1938 vitae
635 1919 732 1946 expers
745 1919 778 1938 ac
793 1910 892 1938 deinde
908 1910 1000 1948 divino

214 1960 286 1982 statu
300 1955 393 1987 vitam,
411 1955 587 1990 animamque
613 1950 736 1990 accepit;
753 1956 807 1982 Eva
824 1962 933 1990 quoque
945 1955 1000 1988 jam

214 2007 271 2029 tum
282 2001 410 2029 inanimis
424 2006 511 2034 costa,
527 2002 650 2029 detracta
663 2002 715 2029 fuit
725 2002 846 2034 Adamo;
859 2005 923 2036 post
935 2008 1001 2028 vero

215 2048 279 2074 dum
305 2055 320 2074 a
336 2047 391 2075 Deo
406 2047 629 2080 concinnaretur,
647 2048 730 2074 vitam
751 2051 792 2075 est
807 2047 904 2083 adepta
919 2051 1002 2081 atque

215 2094 335 2120 animam
352 2103 359 2120 :
375 2098 403 2122 at
429 2094 557 2121 mortales
581 2094 676 2128 reliqui
697 2093 752 2120 alio
766 2093 846 2120 modo
868 2092 1001 2120 nascituri

214 2145 305 2172 erant,
321 2148 417 2175 nempe
432 2148 464 2167 ex
477 2140 588 2173 femina,
604 2147 631 2167 et
648 2139 764 2167 absoluti
778 2140 909 2167 viventes.
919 2138 1001 2166 Recte

215 2185 297 2219 igitur
321 2185 404 2211 etiam
423 2185 458 2212 ob
481 2185 550 2212 hanc
573 2192 629 2211 rem
643 2188 740 2211 vocata
754 2189 796 2212 est
823 2185 877 2212 Eva
912 2191 1001 2213 mater

215 2228 304 2256 omnis
319 2228 444 2257 viventis.
461 2228 513 2256 Sed
531 2233 558 2256 et
572 2229 623 2256 hoc
639 2229 724 2264 quaeri
740 2233 827 2263 potest
846 2239 853 2257 :
869 2231 1000 2264 Adamus,
1017 2219 1039 2247 θ

216 2273 327 2308 quando
349 2277 437 2300 morte
454 2273 612 2300 damnatum
639 2280 668 2300 se
687 2280 700 2299 a
727 2273 782 2300 Deo
806 2281 867 2301 esse
891 2275 1005 2302 moritu-

216 2326 333 2353 rumque
349 2318 525 2354 intelligebat,
549 2326 599 2346 cur
615 2323 732 2354 augusto
747 2323 774 2347 et
798 2318 869 2346 felici
887 2320 933 2347 illo
951 2327 1002 2347 no-

217 2365 291 2392 mine
317 2372 429 2403 uaorem
453 2364 568 2397 vocarit,
587 2371 642 2399 quo
669 2369 756 2392 mater
780 2366 871 2393 omnis
892 2366 1006 2394 viventis

218 2410 308 2438 futura
326 2410 553 2445 significabatur,
573 2410 646 2444 quod
665 2411 746 2445 plane
769 2410 867 2438 divinze
888 2411 927 2438 illi
939 2419 1005 2439 sen-

217 2456 308 2485 tentiae
324 2456 468 2484 adversum
492 2463 553 2484 esse
574 2456 659 2484 videri
680 2457 804 2491 poterat?
830 2457 872 2484 Ad
889 2457 946 2485 haec
960 2457 1003 2484 di-

175 2508 178 2512 ’
217 2501 322 2532 cimus,
354 2501 489 2529 Adamum
521 2501 593 2528 illam
629 2501 772 2529 adversum
807 2509 836 2530 se
868 2501 1000 2538 prolatam

218 2549 314 2574 mortis
330 2547 492 2575 sententiam
508 2546 649 2582 accepisse
666 2547 775 2582 quidem
792 2555 840 2582 per
866 2551 930 2575 nota
955 2554 1003 2574 ac-

219 2592 356 2620 cusatoria
380 2594 433 2621 sibi
456 2594 559 2625 inusta,
581 2593 628 2621 sed
652 2593 754 2621 interea
780 2593 864 2621 Deum
882 2599 931 2627 pro
956 2599 1004 2620 sua

220 2638 406 2666 misericordia
421 2639 449 2666 in
463 2639 518 2667 illis
534 2643 652 2666 tuentem
667 2646 728 2666 eam
747 2637 880 2666 indidisse
898 2637 1004 2672 opinio-

222 2691 283 2711 nem
300 2688 330 2712 ut
341 2684 397 2719 jam
415 2690 473 2712 tum
491 2684 662 2714 existimaret
689 2692 775 2721 genus
800 2686 950 2714 humanum
978 2683 1004 2710 in

221 2730 276 2757 vita
310 2737 523 2764 permansurum
548 2738 610 2760 0580
636 2737 718 2766 super
739 2735 856 2765 terram,
882 2736 1008 2766 procrea-

256 2820 280 2838 ”
304 2821 360 2849 loel
390 2822 479 2855 11,28.

1042 920 1101 945 Las,
1113 913 1211 940 deinde
1226 914 1320 947 quales
1331 912 1432 940 fuerint
1444 913 1484 940 ha:
1498 913 1606 944 tunicte;
1623 913 1740 944 tertium,
1756 913 1829 940 unde

1042 962 1206 993 comparata:
1218 967 1224 990 ;
1237 963 1372 992 quartum,
1387 966 1437 986 cur
1451 959 1505 985 sint
1515 959 1655 992 appellata:
1667 958 1808 985 Chutinilw
1817 967 1829 990 ,-

1043 1003 1114 1038 quod
1123 1003 1192 1030 idem
1200 1007 1241 1030 est
1251 1011 1282 1030 ac
1294 1004 1317 1031 si
1327 1003 1413 1036 dicas,
1425 1003 1576 1037 gossipinas
1590 1003 1647 1030 sive
1666 1004 1772 1038 xylinas
1786 1011 1831 1030 vc-

1041 1051 1118 1082 stes;
1132 1049 1256 1083 quintum
1266 1069 1274 1081 ,
1290 1056 1340 1076 cur
1351 1056 1420 1082 opus
1430 1048 1574 1075 habuerint
1588 1053 1672 1081 veste,
1691 1049 1828 1076 mortales.

1079 1093 1134 1121 Cur
1148 1094 1217 1121 Deus
1232 1095 1344 1122 uestierit
1359 1095 1457 1129 primo:
1473 1099 1605 1129 parentes.
1619 1108 1654 1114 —
1671 1094 1726 1121 Cur
1747 1094 1830 1128 igitur

1044 1139 1106 1167 illos
1125 1139 1224 1167 tunicis
1239 1139 1369 1172 vestiret,
1395 1140 1512 1166 dicimus
1542 1147 1676 1166 summam
1694 1139 1740 1166 Dei
1763 1147 1827 1173 erga

1044 1185 1118 1219 ipsos
1134 1185 1348 1212 misericordiam
1374 1184 1401 1211 in
1426 1192 1507 1212 causa
1529 1184 1625 1212 fuisse.
1642 1184 1746 1219 Quippe
1767 1192 1828 1211 curn

1046 1231 1118 1258 Deus
1147 1230 1313 1265 colloquium
1342 1237 1403 1258 cum
1429 1231 1524 1264 primis
1543 1231 1700 1265 parentibus
1723 1230 1830 1264 longius

1047 1275 1167 1307 haberet,
1190 1280 1272 1310 atque
1301 1275 1335 1302 ad
1361 1276 1498 1302 Adamum
1527 1276 1597 1302 inter
1620 1276 1672 1303 alia
1701 1276 1829 1303 diceret:

1047 1321 1113 1354 Quia
1142 1321 1298 1356 signiﬁcavit
1317 1321 1365 1348 tibi
1383 1321 1452 1355 quod
1476 1321 1560 1347 nudus
1589 1321 1680 1348 esset?
1706 1321 1830 1348 similiter

1047 1366 1099 1394 alia
1122 1371 1206 1402 atque
1228 1366 1281 1394 alia
1308 1367 1341 1393 ad
1369 1365 1500 1393 feminam
1518 1370 1545 1393 et
1570 1372 1724 1400 serpentem
1745 1368 1827 1393 verba

1046 1412 1159 1445 faceret,
1175 1413 1279 1440 interea
1295 1412 1417 1439 arefacta
1432 1419 1463 1439 ea
1480 1412 1578 1446 quibus
1594 1419 1623 1439 se
1649 1412 1685 1438 illi
1701 1416 1830 1439 contexe-

1047 1462 1118 1491 rant,
1131 1457 1195 1486 folia
1210 1458 1324 1486 ﬁculnea
1343 1457 1461 1485 defluere
1479 1461 1631 1491 cmperunt.
1649 1458 1716 1484 Cum
1740 1459 1831 1492 itaque

1049 1503 1144 1531 nudati
1157 1503 1214 1538 jam
1235 1508 1292 1531 tum
1314 1503 1352 1530 illi
1379 1503 1481 1538 pudore
1502 1503 1685 1534 adicerentur,
1703 1511 1758 1530 non
1773 1507 1833 1530 erat

1009 1541 1032 1571 α
1050 1553 1263 1577 consentaneum
1280 1549 1380 1576 divinae
1393 1549 1597 1581 misericordiae,
1617 1549 1705 1576 nudos
1720 1556 1832 1583 prorsus

1047 1594 1190 1621 eliminare
1203 1594 1342 1628 paradiso.
1360 1593 1503 1621 Miseratus
1517 1601 1581 1628 ergo
1603 1593 1721 1628 ipsorum
1735 1593 1832 1620 condi-

1050 1639 1164 1670 tionem.
1180 1647 1230 1674 pro
1246 1647 1294 1666 sua
1305 1639 1451 1666 clementia
1468 1639 1535 1673 ipsis
1552 1646 1632 1673 opem
1652 1639 1725 1670 tulit,
1739 1638 1833 1666 factis-

1050 1692 1103 1720 que
1118 1685 1218 1712 tunicis
1238 1684 1389 1712 nuditatem
1409 1685 1521 1712 velavit.
1536 1684 1670 1712 Praeterea
1687 1685 1770 1711 voluit
1793 1685 1834 1718 ip-

1052 1737 1096 1758 sos
1113 1730 1236 1758 vestibus
1248 1730 1370 1763 indutos,
1393 1738 1409 1758 a
1421 1730 1526 1758 caeteris
1541 1730 1724 1757 animantibus
1744 1730 1834 1756 brutis

1051 1783 1212 1812 segregare;
1229 1775 1347 1810 denique
1370 1775 1521 1803 nuditatem
1541 1782 1590 1803 seu
1604 1774 1726 1802 libidinis
1743 1775 1835 1802 illece-

1052 1822 1130 1849 bram
1144 1821 1250 1857 putavit
1267 1821 1421 1856 tegendam.

1087 1867 1184 1899 Quale:
1197 1866 1294 1901 fuerint
1312 1867 1457 1900 primorum
1467 1870 1605 1900 parentum
1618 1872 1747 1893 vestes.—
1757 1865 1835 1898 Quod

1052 1918 1116 1940 vero
1131 1912 1164 1939 ad
1180 1912 1254 1946 ipsas
1266 1912 1374 1940 tunicas
1390 1913 1502 1944 attinet,
1521 1913 1666 1947 cujusnam
1690 1912 1761 1939 modi
1791 1920 1835 1938 res

1051 1957 1167 1990 fuerint,
1185 1957 1335 1992 Gregorius
1355 1957 1510 1992 Theologus
1523 1958 1642 1992 quodam
1665 1957 1726 1985 loco
1750 1957 1835 1984 fuisse

1052 2002 1091 2030 ait
1106 2003 1223 2030 cortices
1243 2002 1383 2036 arborum,
1407 2010 1461 2037 quo
1477 2003 1543 2037 ipsis
1571 2002 1644 2030 Deus
1664 2003 1690 2029 in
1716 2007 1833 2029 mentem

1052 2047 1157 2074 miserit
1171 2055 1219 2075 ceu
1233 2047 1346 2075 idoneos
1361 2055 1394 2075 ex
1409 2048 1509 2083 quibus
1521 2047 1573 2075 sibi
1591 2048 1674 2074 vestis
1690 2047 1834 2082 quamdam

1051 2093 1166 2121 fortnam
1183 2098 1316 2129 aptarent,
1329 2101 1399 2129 eque
1413 2101 1445 2121 ea
1465 2094 1619 2126 amicirent,
1641 2093 1711 2121 sicut
1726 2098 1789 2120 ante
1802 2101 1835 2120 ex

1054 2138 1128 2167 foliis
1147 2139 1272 2167 ficulneis
1287 2140 1409 2168 fecerant
1425 2139 1603 2174 subligacula.
1623 2139 1657 2166 At
1669 2139 1752 2170 idem,
1774 2145 1837 2164 orn-

1054 2184 1127 2212 tione
1142 2192 1222 2219 quam
1245 2185 1357 2219 scripsit
1371 2184 1405 2211 de
1420 2183 1563 2211 Natalibus
1578 2184 1693 2215 Christi,
1708 2183 1774 2210 dicit
1789 2191 1837 2210 sas

1055 2230 1161 2257 tunicas
1177 2229 1262 2257 fuisse
1285 2238 1396 2257 carnem
1418 2230 1593 2262 crassiorem,
1616 2229 1837 2264 iguavioremque

1054 2282 1107 2310 qua
1134 2283 1230 2302 sumus
1259 2274 1390 2302 contecti.
1417 2273 1566 2310 Gregorius
1593 2280 1656 2300 vero
1687 2272 1837 2307 Nyssamus

1054 2320 1161 2352 scribit,
1177 2321 1284 2348 tunicas
1301 2327 1348 2347 eas
1366 2320 1451 2346 fuisse
1467 2319 1625 2351 libidinem;
1642 2318 1754 2351 Coitum,
1770 2325 1838 2345 con-

1055 2370 1175 2400 ceptum,
1194 2368 1314 2399 partum,
1329 2363 1519 2392 educationem
1544 2371 1597 2398 qua
1616 2363 1768 2390 minutatim
1791 2371 1838 2389 an-

1055 2411 1203 2446 gcscimus,
1220 2410 1391 2443 alimentum,
1407 2409 1546 2441 morbum,
1562 2409 1741 2441 iracundiam,
1767 2416 1840 2436 mor-

1057 2462 1112 2485 tem
1131 2456 1263 2490 denique;
1279 2456 1321 2484 his
1334 2456 1407 2482 enim
1421 2455 1549 2483 omnibus
1564 2455 1642 2482 malis
1657 2454 1717 2481 illos
1729 2454 1840 2481 indutos

1056 2510 1117 2530 esse
1130 2502 1211 2530 simul
1229 2506 1311 2536 atque
1322 2501 1401 2528 donis
1425 2500 1543 2535 Spiritus
1557 2500 1644 2526 sancti
1666 2503 1729 2526 sunt
1743 2506 1842 2532 exspu-

1059 2548 1126 2575 liati.
1138 2547 1208 2575 Huic
1223 2547 1389 2575 l‘hiloxenus
1410 2545 1583 2580 Mabugeusis
1607 2544 1663 2571 fere
1682 2543 1839 2573 subscribit.

1058 2593 1124 2620 dum
1139 2593 1177 2620 ait
1191 2600 1239 2620 eas
1263 2593 1370 2620 tunicas
1389 2592 1474 2620 fuisse
1500 2599 1601 2624 curas,
1621 2590 1840 2625 corruptionem,

1059 2636 1180 2669 morbos,
1198 2636 1318 2667 dolores,
1334 2636 1495 2668 anxietates,
1507 2640 1627 2667 metum;
1643 2639 1671 2662 et
1683 2634 1710 2661 in
1724 2642 1842 2665 stunma,

1058 2689 1229 2717 qua‘cunque
1245 2681 1340 2717 primis
1355 2681 1515 2717 parentibus
1530 2685 1592 2716 post
1610 2681 1738 2708 violatam
1756 2680 1841 2714 legem

1060 2727 1227 2761 acciderunt,
1242 2735 1303 2755 cum
1319 2732 1382 2755 ante
1399 2727 1432 2755 iis
1449 2735 1501 2755 non
1519 2726 1634 2755 fuissent
1649 2725 1771 2757 obnoxii,
1786 2729 1812 2751 ct
1828 2733 1841 2749 ει
