2027 3077
150 164 201 196 573

709 164 758 193 DE
780 161 981 192 I’Al‘iADlSO.
1001 173 1032 179 -
1055 162 1151 191 PARS
1174 163 1196 191 [.

1711 160 1763 191 574

150 220 248 253 quibus
267 226 318 246 nos
345 226 453 254 quoque
486 223 545 254 post
575 219 799 247 resurrectionem
828 218 932 246 erimus
951 219 970 247 Δ
985 217 1036 245 btts
1053 217 1160 244 texendi
1177 222 1274 243 artem.
1294 215 1330 242 lle
1355 219 1453 250 quarto
1473 215 1601 248 dicimus,
1615 223 1661 243 eas
1681 222 1769 244 vestes

151 266 289 292 immunes
302 273 311 292 :
322 265 422 300 quippe
442 265 549 300 peritas
566 265 671 292 tunicas
686 265 832 301 signiﬁcari
849 263 937 290 maxi-

153 317 223 335 mam
242 309 316 336 illam
335 310 513 336 mulationem
532 318 593 345 qua!
613 311 719 337 illorum
731 310 821 336 evenit
836 317 935 344 corpo-

153 356 229 382 ribus
257 361 318 390 post
343 355 492 382 admissum
520 361 670 390 peccatum.
697 356 731 382 At
758 355 936 387 Athanasius,

155 400 279 428 oratione
300 401 334 427 de
360 409 453 434 cruce,
469 405 496 428 et
513 401 642 428 dontittus
659 401 773 435 Ephrem
789 401 834 427 ubi
865 401 938 427 ltttnc

153 447 242 472 locum
258 447 459 481 interpretatur,
484 447 561 474 aiunt
576 446 625 473 has
641 447 745 474 tunicas
757 454 788 473 ex
809 446 934 473 animan-

989 262 1137 297 appcllatas
1153 269 1215 288 esse
1227 269 1242 288 a
1259 261 1340 292 \luse,
1356 261 1498 288 cltutinitas
1517 261 1584 295 (26),
1605 262 1669 296 quia
1683 262 1769 296 ipsius

989 312 1078 338 aetate,
1095 308 1146 334 hoc
1166 306 1298 333 vorabulo
1320 306 1460 333 hominum
1487 306 1605 333 amicula
1631 306 1769 341 signiﬁca-

989 354 1100 385 bantur,
1117 357 1148 380 ut
1173 353 1263 380 videro
1278 357 1320 379 est
1345 352 1377 379 de
1396 355 1471 378 veste
1488 350 1552 383 Job,
1569 351 1681 386 Joseph,
1698 353 1770 380 Tita-

993 405 1063 429 ntar,
1077 397 1194 431 denique
1210 397 1315 425 Domini
1333 395 1419 423 nostri
1436 395 1500 423 Jesu
1513 396 1632 429 Christi;
1649 404 1716 424 usus
1729 401 1770 424 est

990 443 1072 477 igitur
1088 443 1129 471 sui
1146 441 1240 469 saeculi
1262 441 1395 469 vocabulo
1410 440 1509 468 Moses.
1526 441 1656 474 Quintum
1671 449 1704 468 ac
1719 449 1769 476 po-

153 491 220 518 tium
234 492 349 525 pellibus
374 491 514 518 confectas
537 491 633 519 fuisse.
658 491 782 525 Denique
809 491 975 518 dmninnsf
990 495 1122 516 stremum
1145 492 1213 520 erat,
1237 495 1286 515 cur
1300 495 1368 523 opus
1395 487 1477 514 fuerit
1503 487 1664 514 mortalibus
1680 492 1768 518 veste,

153 535 270 562 Jacohus
297 535 460 569 Sarugensis
484 535 549 562 dicit
584 535 665 562 restis
691 535 826 570 quoddam
852 543 938 570 genus

155 581 249 612 fuisse,
266 581 337 616 quod
362 581 426 615 quia
443 585 515 607 tactu
532 588 656 607 crassum
680 582 849 615 densumque
867 585 935 612 erat,

154 627 252 652 tunicae
269 626 387 661 pellicere
413 626 494 652 Fuerit
513 626 691 661 appellatum.

193 670 266 699 Unde
287 672 426 704 sumpserit
448 671 516 699 Deus
529 672 673 704 primorum
690 675 828 706 parentum
844 676 936 698 restes.

153 731 187 736 —
199 716 234 741 De
249 717 341 749 tertio,
360 718 430 743 unde
446 717 546 743 fuerint
564 718 663 744 tunica:
687 718 739 744 illa‘.
763 721 937 751 comparauit,

154 759 302 795 Gregorius
321 760 485 795 Thcologus,
510 767 612 788 etcum
633 770 666 788 eu
683 763 729 790 alii
745 763 790 796 qui
809 763 937 790 arborum

154 807 268 832 cortices
288 806 373 833 fuisse
401 807 514 840 volunt;
533 807 646 834 arbores
672 807 841 841 deglubiissc
867 806 938 833 Ada-

154 860 227 878 munt
244 856 271 878 et
285 850 366 877 Etam
386 852 479 878 dicunt
497 860 503 878 :
521 851 764 879 cmterutn‘hlosem
781 852 840 879 ideo
853 851 938 879 factas

154 904 215 923 esse
227 904 242 923 a
259 896 313 924 Deo
327 896 429 928 dicere,
442 897 504 930 quia
521 897 562 924 hic
575 897 629 924 illis
648 898 674 924 in
692 903 809 925 rnentent
827 897 939 925 immisit

156 948 185 969 ut
205 946 333 969 arborum
362 943 510 970 corticibus
530 949 561 971 se
578 943 722 970 vestirent.
742 942 776 969 At
791 943 939 978 Gregorius

156 987 303 1023 Nysszenus
317 993 343 1015 et
359 988 544 1019 Philuxcnus,
560 996 676 1025 quorum
703 987 871 1015 sententiam
886 995 940 1014 nu-

156 1041 202 1068 per
220 1035 414 1065 rccitavimus,
441 1034 517 1061 aiunt
543 1041 573 1059 ea
598 1033 668 1060 mala
694 1033 797 1067 primos
813 1037 939 1067 parentes

156 1081 231 1113 (quia
257 1079 371 1114 peccati,
403 1086 418 1105 a
447 1078 501 1105 Deo
517 1078 640 1104 damnati
654 1078 756 1113 essent)
789 1078 940 1111 invasisse;

157 1124 241 1158 idque
269 1132 329 1152 esse
357 1123 428 1159 qttod
456 1123 544 1150 Moses
569 1123 674 1156 scribit,
705 1124 787 1150 Deum
820 1124 941 1152 induisse

156 1171 217 1197 illos
228 1178 275 1197 eas
292 1170 408 1198 tunicas.
425 1169 549 1203 Denique
566 1169 735 1196 Athanasius
763 1173 790 1196 et
808 1170 941 1196 dominus

157 1216 289 1250 Ephrem,
310 1215 357 1252 qui
375 1215 534 1242 animalium
560 1215 645 1251 p--lles
674 1215 759 1242 fuisse
784 1220 939 1249 autumant,

157 1261 259 1292 (licunt,
284 1260 409 1287 mactatis
430 1268 476 1287 cas
500 1260 649 1297 pecudibus
664 1260 816 1288 detraxisse
838 1261 941 1294 primos

157 1311 284 1341 parentes
313 1310 395 1341 atque
418 1306 596 1333 concinnasse
621 1306 648 1332 in
669 1311 772 1332 vestem
789 1306 834 1334 Dei
863 1311 941 1336 nutu.

158 1352 298 1378 Postremo
310 1351 435 1378 dominus
451 1350 571 1379 lacubus
585 1349 750 1386 Sarugeusis
764 1350 840 1382 dicit,
856 1351 940 1378 Deum

158 1405 189 1425 ea
205 1398 362 1424 indumenta
382 1405 414 1423 ex
440 1397 526 1423 nihilo
542 1396 690 1423 creavlsse.
713 1397 813 1423 Scribit
827 1398 898 1425 enim
914 1397 941 1424 in

160 1444 216 1469 ltzcc
239 1443 318 1469 verba
335 1441 500 1468 :Coutcxuit
516 1441 622 1469 tunicas
635 1449 667 1469 ex
685 1442 781 1473 nihilo,
795 1446 822 1468 et
834 1442 942 1469 vestivit

159 1490 242 1522 ipsos.
255 1488 287 1515 Et
299 1496 392 1514 rursus
406 1487 501 1520 :Qnia,
515 1488 613 1521 ittquit,
626 1492 699 1515 tactu
715 1487 796 1514 rudes
807 1492 834 1514 et
845 1495 944 1515 crassa:

158 1539 247 1564 erant,
266 1533 411 1568 appellavit
427 1533 524 1567 pelles;
544 1535 661 1561 attexuit
680 1536 770 1559 autent
788 1533 861 1567 ipsas
874 1541 942 1567 pau-
956 1552 980 1582 C

159 1580 234 1606 latin‘
253 1579 413 1612 corporibus
430 1579 562 1617 ipsorum,
579 1586 630 1605 suo
653 1583 719 1605 nnttt
733 1582 815 1612 atque
829 1578 865 1604 ita
878 1577 943 1604 dum

139 1627 213 1651 ‘tton
238 1624 360 1651 sentiunt
381 1624 532 1650 induutttur
555 1623 666 1655 tunicis,
684 1624 731 1651 sed
756 1631 803 1650 czts
818 1623 874 1658 jam
897 1631 945 1650 vc-

160 1669 216 1695 stiti
234 1668 325 1694 vident
356 1667 475 1694 tandem.
505 1667 589 1694 Porro
616 1675 666 1695 nos
693 1675 754 1694 cum
785 1668 945 1700 Athanasio,

162 1719 243 1748 atque
261 1713 373 1739 dontino
393 1712 510 1747 Ephrem
526 1720 669 1741 censemus
685 1713 843 1740 animalium
861 1713 945 1749 pelles

163 1760 257 1786 luisse.
278 1759 306 1786 Si
323 1766 386 1785 vero
402 1759 427 1785 id
454 1759 616 1793 redarguere
642 1759 704 1794 quis
733 1763 858 1792 conetur,
883 1759 947 1793 quia

164 1806 268 1832 nullum
287 1805 388 1831 animal
414 1804 531 1840 iugulari
562 1804 651 1832 adhuc
667 1805 795 1839 potuerit.
809 1805 918 1839 quando
933 1812 948 1832 e

163 1851 277 1885 singulis
292 1851 437 1884 generibus
465 1858 514 1886 par
536 1851 645 1877 unicum
673 1851 813 1877 conditum
843 1850 944 1882 fuerat,

164 1904 251 1930 coque
266 1896 325 1922 sine
349 1896 456 1930 generis
473 1896 554 1925 unius
572 1896 685 1922 ittteritu
713 1896 814 1922 ttttlltttn
847 1896 947 1923 animal

166 1945 313 1967 mactatum
335 1940 448 1973 fuisset;
467 1948 598 1975 negamus
613 1942 723 1968 unicum
746 1941 878 1970 duntaxat
901 1949 948 1977 par

168 1986 194 2012 itt
212 1986 374 2013 animalium
398 1986 543 2020 generibus
566 1987 682 2020 singulis
709 1986 792 2014 fuisse
810 1987 948 2020 eil'cctutn,

166 2040 252 2066 neque
265 2032 338 2058 enim
356 2032 408 2058 hoc
427 2032 514 2058 sacris
529 2032 638 2059 Litteris
653 2034 786 2069 proditum
797 2038 847 2061 cst.
857 2033 950 2062 Enim-

165 2085 230 2104 vero
252 2078 321 2106 Deus
334 2077 379 2112 qui
404 2077 528 2112 permisit
544 2078 642 2104 Adami
659 2079 773 2107 arbitrio
792 2083 821 2106 ut
837 2086 951 2113 peccare

167 2127 272 2158 posset,
297 2130 419 2157 opusque
446 2123 558 2152 traheret
594 2123 754 2153 indumento
771 2143 780 2156 ,
814 2128 952 2151 creaverat

166 2169 309 2203 complura
324 2168 471 2203 animalia;
488 2175 604 2206 cumque
623 2169 670 2195 ille
688 2169 786 2197 violata
812 2169 871 2204 lege
886 2177 950 2207 pec-

989 535 1035 563 hic
1049 534 1178 565 dicimus,
1194 538 1223 562 ut
1237 533 1397 569 augustiore
1413 537 1496 567 atque
1517 532 1684 566 elegantiora
1697 533 1771 561 cultu

989 584 1090 611 essent,
1104 588 1191 617 eoque
1204 588 1219 608 a
1235 581 1322 608 brutis
1340 580 1527 608 animantibus
1539 580 1696 612 ditl‘errent;
1715 584 1772 607 tum

989 626 1071 654 etiam
1088 626 1224 654 utarmati
1239 630 1331 653 essent
1346 625 1478 654 adversus
1494 625 1644 660 frigora,et
1657 630 1771 656 aestum;

989 672 1095 702 adhunc,
1125 676 1154 699 ut
1179 671 1296 700 laterent
1323 670 1445 698 libidinis
1475 671 1656 698 irritamenta.
1674 669 1707 697 Et
1736 671 1775 697 ait

991 717 1118 745 Dominus
1134 717 1204 744 Deus
1222 726 1229 745 :
1243 716 1284 744 Eu
1303 716 1388 744 Adam
1403 716 1491 751 [artus
1504 720 1542 744 est
1555 720 1582 742 ut
1595 724 1662 743 unus
1673 725 1686 743 ε
1698 716 1773 745 nobis

989 765 1015 790 in
1030 763 1205 798 cognoscendo
1217 762 1284 789 bono
1294 768 1318 789 et
1331 762 1413 789 mala.
1426 761 1610 796 Coulemptim
1628 766 1656 789 et
1672 762 1776 790 ironice

990 809 1047 836 luet:
1062 816 1077 837 a
1093 808 1148 836 Deo
1160 808 1289 837 dicuntur
1302 809 1335 835 de
1346 807 1450 834 Adamo
1463 808 1510 841 qui
1523 808 1655 836 daemonis
1670 807 1775 835 fallaci—

990 854 1042 882 bus
1054 853 1145 881 verbis
1167 853 1326 881 auscultans
1344 859 1441 887 captus
1466 852 1571 886 fuerat;
1591 854 1663 880 sicut
1693 853 1776 880 David

991 897 1095 926 inducit
1109 897 1193 925 Deum
1214 897 1408 931 despicientem
1427 901 1522 930 gentes
1546 904 1606 930 qua:
1631 896 1776 922 adversum

993 950 1024 972 se
1053 943 1262 971 insurrexerant
1283 949 1289 971 :
1309 941 1362 974 Qui
1376 942 1459 973 sedet,
1477 941 1605 975 inquiens
1618 961 1624 972 ,
1650 941 1678 968 in
1704 940 1777 967 ca'lie

990 988 1129 1020 deridebit,
1141 991 1165 1014 et
1183 986 1312 1015 Dominus
1322 986 1415 1013 illudet
1429 987 1494 1021 ipsis
1506 987 1541 1012 ".
1561 985 1628 1013 Nam
1647 993 1695 1020 per
1715 986 1778 1012 illu-

991 1034 1118 1066 sionem,
1154 1038 1236 1068 atque
1269 1032 1419 1066 deridcns,
1452 1032 1491 1060 ait
1510 1031 1646 1059 accidisse
1674 1031 1779 1058 Adanto

991 1079 1123 1117 quidquid
1141 1077 1255 1106 Satanas
1274 1077 1326 1114 ipsi
1343 1078 1507 1110 promiserat
1522 1085 1528 1104 :
1544 1082 1573 1104 ut
1595 1077 1641 1112 qui
1663 1078 1719 1111 jam
1737 1077 1776 1104 si-

991 1126 1063 1155 milis
1077 1125 1191 1153 deorum
1207 1124 1328 1159 cuipiam
1349 1123 1441 1151 factus
1458 1123 1512 1156 Iit;
1528 1123 1636 1150 scilicet
1650 1122 1696 1157 qui
1717 1130 1779 1157 qum

991 1173 1063 1201 bona
1084 1171 1209 1206 malaque
1217 1175 1293 1204 sunt,
1305 1170 1412 1205 cognita
1428 1169 1535 1196 habeat.
1547 1168 1682 1195 Cteterum
1699 1176 1781 1196 usur.

992 1217 1179 1253 patpluralem
1197 1223 1353 1248 numerum,
1369 1220 1395 1242 ut
1417 1222 1486 1240 unus
1502 1222 1515 1241 e
1537 1214 1623 1246 nobis,
1640 1214 1779 1248 inquiens,

992 1265 1053 1290 sive
1077 1267 1189 1297 propter
1205 1260 1349 1288 Trinitatis
1374 1263 1579 1289 sacrosanctum
1608 1259 1775 1294 mysterium,

992 1310 1050 1338 sive
1065 1309 1128 1344 quia
1141 1308 1268 1335 diabolus
1285 1307 1379 1336 itidem
1398 1306 1496 1341 plurali
1514 1313 1630 1333 numero
1645 1306 1751 1333 dixerat
1768 1311 1774 1329 ε

993 1355 1077 1385 Erilis
1090 1355 1157 1382 sicut
1170 1354 1222 1387 dii,
1236 1354 1347 1380 scientes
1358 1353 1418 1380 boni
1433 1357 1458 1381 et
1474 1353 1548 1379 ntali.
1568 1351 1685 1379 Possunt
1699 1351 1780 1379 etiam

994 1402 1052 1429 btet:
1076 1401 1156 1428 verba
1181 1406 1230 1434 pro
1251 1406 1283 1426 ea
1300 1398 1503 1426 consuetudine
1518 1398 1590 1424 dicta
1608 1397 1708 1432 accipi.
1726 1404 1782 1430 qua

993 1447 1082 1476 solent
1096 1445 1220 1474 homines
1235 1444 1339 1472 domini
1354 1451 1449 1472 servos
1471 1451 1537 1471 suos
1554 1451 1577 1471 at
1588 1443 1652 1471 erbe
1668 1443 1781 1476 alloqui,

994 1493 1018 1520 si
1036 1491 1147 1526 quando
1156 1495 1334 1518 contumaces
1349 1489 1475 1517 conferre
1490 1497 1520 1516 se
1535 1497 1582 1523 per
1602 1489 1781 1516 temeritatem

995 1545 1057 1564 cum
1079 1537 1145 1571 ipsis
1164 1536 1274 1563 audent.
1303 1536 1401 1562 Dicunt
1414 1534 1488 1563 enim
1507 1543 1514 1563 :
1530 1534 1569 1561 En
1582 1534 1638 1567 jntn
1654 1533 1720 1561 mihi
1735 1540 1783 1566 par

996 1582 1118 1610 evasisti.
1136 1581 1290 1609 Adversum
1315 1581 1388 1608 enim
1405 1580 1481 1614 jussu
1503 1579 1641 1606 eiicctoris
1669 1578 1710 1606 sui
1737 1577 1787 1605 Dei.

997 1629 1118 1656 Adantus
1134 1628 1247 1659 fecerat,
1265 1626 1459 1661 cupiveratque
1476 1625 1513 1652 illi
1527 1625 1640 1660 aequalis
1656 1624 1783 1652 evadere.

997 1674 1062 1702 Tale
1076 1674 1157 1702 etiam
1177 1673 1242 1702 illud
1260 1672 1363 1700 Christi
1374 1676 1417 1701 est
1432 1672 1464 1698 ad
1478 1670 1575 1699 Jndam
1593 1671 1780 1705 proditorem:

998 1720 1080 1754 Cujus
1096 1723 1133 1749 rei
1145 1727 1227 1747 causa
1239 1718 1342 1750 uenisti,
1356 1718 1425 1745 socia
1443 1718 1479 1745 mi
1489 1717 1530 1744 5°?
1546 1717 1661 1746 Possunt
1676 1720 1785 1751 [trieter-

998 1773 1030 1793 ea
1044 1766 1070 1794 iu
1089 1765 1161 1793 bene
1189 1772 1298 1799 quoque
1318 1762 1661 1799 interpretatisententiam
1681 1761 1783 1790 :Adam

999 1816 1142 1846 postquam
1155 1810 1211 1838 edit
1221 1810 1254 1837 de
1269 1809 1368 1838 arbore
1386 1811 1479 1842 vetita,
1497 1809 1554 1842 ipsa
1565 1808 1602 1835 rei
1616 1806 1783 1841 experientia

999 1857 1094 1885 didicit
1119 1855 1183 1890 quid
1214 1855 1315 1883 bonum
1330 1859 1403 1883 esset
1418 1859 1444 1883 et
1464 1854 1528 1888 quid
1547 1853 1659 1884 malum,
1673 1852 1745 1879 sicut
1759 1855 1786 1878 et

1001 1901 1072 1931 Deus
1096 1900 1140 1930 illa
1156 1900 1263 1935 cognita
1283 1899 1383 1932 habet;
1415 1906 1468 1927 tton
1484 1898 1596 1933 quidem
1613 1898 1657 1925 hic
1675 1905 1722 1931 per
1736 1904 1785 1923 ex-

1002 1946 1174 1982 perientiam,
1197 1945 1244 1974 sed
1266 1949 1295 1975 ιιι
1310 1945 1334 1973 is
1351 1944 1396 1978 qui
1418 1945 1509 1972 omnia
1524 1943 1618 1974 novit.
1636 1942 1782 1976 prieterita,

1001 1991 1155 2027 prmsentia,
1185 1991 1286 2019 futura.
1311 1989 1432 2019 Adamus
1446 1989 1518 2018 enim
1545 1988 1704 2023 priusquam
1730 1986 1788 2013 rru—

1001 2043 1075 2065 etum
1092 2045 1146 2072 quo
1166 2037 1218 2067 sibi
1242 2035 1417 2064 interdiettun
1434 2039 1503 2066 erat.
1522 2038 1666 2066 gustasset,
1683 2039 1730 2067 per
1744 2038 1788 2059 so-

1004 2083 1060 2111 iatn
1085 2081 1281 2116 cogitationem
1305 2079 1473 2114 intelligebat
1496 2078 1561 2112 quid
1587 2078 1689 2107 bonum
1703 2080 1787 2108 esset,

1003 2128 1122 2162 quidque
1150 2127 1263 2158 malum.
1281 2131 1341 2161 post
1358 2133 1421 2152 vero
1436 2132 1484 2159 per
1501 2124 1587 2158 ipsam
1604 2123 1687 2150 etiam
1704 2128 1789 2155 erpe-

1005 2173 1128 2202 rientiam
1143 2181 1149 2200 :
1165 2172 1211 2199 sed
1227 2172 1297 2198 Deus
1311 2170 1486 2199 exactissime
1511 2174 1594 2203 atque
1612 2168 1708 2197 intime
1724 2174 1786 2193 oms

169 2219 259 2242 ctsset
283 2215 399 2244 Itutnaua
415 2222 444 2241 se
468 2215 559 2249 specie
581 2215 676 2250 primis
689 2215 847 2250 parentibus
860 2219 989 2257 ostenso
1004 2217 1050 2247 nia
1081 2216 1220 2248 cognoscit
1243 2223 1306 2243 cum
1336 2216 1372 2244 sit
1395 2214 1522 2243 conditor
1543 2213 1708 2247 cil'ectorque
1732 2218 1790 2238 utit-

166 2262 244 2293 dens,
264 2260 351 2289 induit
370 2261 443 2295 ipsos
454 2261 548 2298 pelles,
569 2261 628 2288 solo
644 2261 703 2298 ejus
716 2266 782 2291 ttutu
798 2261 950 2296 pecudibus

167 2308 321 2341 detractas;
340 2312 420 2342 atque
436 2307 528 2338 verbo,
545 2307 571 2337 itt
587 2307 692 2339 tunicas
706 2307 906 2339 conformatas.
922 2308 954 2338 Et

171 2360 235 2380 vero
268 2353 394 2380 dominus
423 2352 539 2388 Ephrem
566 2353 604 2383 ait
637 2352 753 2383 fortasse
777 2361 867 2384 coram
900 2353 953 2384 illis

165 2398 304 2432 jugulatas
319 2405 380 2425 esse
391 2398 520 2434 pecudes,
532 2403 561 2425 ut
578 2405 671 2428 earum
687 2407 784 2427 carnes
798 2399 847 2433 ipsi
864 2407 954 2429 vescor

169 2447 274 2474 rentur,
310 2443 448 2476 coriisque
482 2443 631 2470 nuditatem
662 2451 738 2470 suam
771 2444 953 2478 cooperirent,

167 2487 286 2524 denique
300 2495 334 2514 ex
357 2489 477 2523 ipSarum
493 2495 580 2515 morte
595 2496 623 2515 se
639 2496 748 2525 quoque
765 2490 889 2518 mortalia
904 2490 953 2520 lin-

169 2533 231 2560 itere
246 2541 362 2567 corpora
378 2534 570 2569 intelligerent.
588 2534 635 2562 Est
650 2542 731 2569 porro
747 2540 774 2564 et
791 2536 841 2566 ltoc
856 2542 952 2565 notan—

168 2579 244 2610 duut,
254 2585 315 2605 CSse
332 2586 363 2604 ex
380 2579 556 2611 itttcrprettttn
574 2587 686 2606 nuutet'o
695 2581 740 2614 qui
750 2580 833 2614 dicat,
845 2580 908 2608 inde
921 2580 954 2609 ab

171 2623 276 2649 Adamo
291 2628 317 2649 et
335 2623 387 2650 Eva
409 2629 522 2651 cunctos
545 2625 673 2652 mortales
688 2626 803 2661 pellibus
828 2626 954 2653 animan-

171 2670 240 2696 tium
255 2668 368 2695 vestitos
386 2669 472 2696 fuisse
489 2669 522 2697 ad
541 2669 676 2702 inventam
693 2678 778 2705 usque
790 2672 824 2701 ab
837 2671 954 2700 homini.-

205 2747 227 2763 "
246 2747 318 2775 Psal.
341 2756 370 2780 ll,
391 2748 436 2776 ω.
473 2747 496 2766 ⁵ο
518 2747 612 2775 Matth.
637 2756 711 2782 χχι-ι,
731 2749 776 2776 50.

1003 2261 1093 2290 nium.
1111 2260 1232 2297 Denique
1242 2260 1278 2290 ita
1297 2267 1443 2295 possumus
1462 2258 1613 2293 intelligere
1630 2257 1703 2284 dicta
1727 2255 1789 2289 ista,

1003 2313 1034 2336 ac
1047 2307 1070 2336 si
1089 2306 1161 2334 Deus
1186 2306 1244 2341 ipse
1268 2310 1379 2337 accuset
1399 2305 1564 2332 voluntatem
1591 2302 1790 2335 arbitriumque

1003 2351 1099 2381 Atlauti
1110 2352 1155 2389 qui
1171 2351 1338 2381 allectat/crit
1350 2351 1421 2382 Deus
1432 2357 1504 2382 esse,
1518 2349 1590 2383 quod
1606 2348 1662 2375 fieri
1677 2353 1789 2381 prorsus

1004 2398 1148 2431 nequiret;
1166 2404 1228 2425 nam
1242 2396 1398 2425 mortalium
1416 2403 1495 2422 nemo
1512 2402 1558 2428 per
1572 2398 1662 2420 tantas
1677 2393 1790 2419 virtutes

1004 2443 1088 2473 vitam
1114 2450 1193 2478 agere
1215 2447 1315 2479 potest,
1337 2447 1366 2471 ut
1386 2441 1433 2470 Dei
1463 2446 1590 2468 naturain
1615 2441 1788 2472 asm-quatur.

1002 2487 1062 2519 Erit
1077 2487 1169 2522 itaque
1194 2487 1237 2517 hie
1254 2487 1399 2517 verborum
1417 2493 1515 2515 sensus
1532 2492 1538 2511 :
1560 2485 1600 2513 En
1619 2483 1703 2510 Adam
1715 2481 1791 2516 cupi-

1002 2534 1040 2562 vit
1055 2534 1163 2568 quitlt-m
1179 2541 1240 2563 esse
1256 2534 1342 2569 qualis
1354 2540 1425 2561 tttnts
1438 2537 1574 2561 nostrum,
1591 2536 1684 2557 verum
1699 2534 1787 2561 tteqttc

1003 2579 1091 2608 factus
1105 2584 1157 2610 est.
1181 2586 1213 2606 ac
1229 2586 1316 2613 neque
1339 2579 1421 2606 etiam
1436 2584 1465 2604 ut
1491 2577 1536 2606 tiat
1559 2576 1600 2602 las
1617 2579 1668 2601 est.
1697 2574 1789 2607 Itaque

1003 2625 1070 2654 illud
1091 2633 1098 2653 ε
1116 2625 1158 2651 Eu
1175 2626 1261 2660 {actus
1277 2630 1327 2657 est,
1356 2625 1468 2660 perinde
1491 2625 1543 2651 erit
1560 2630 1592 2650 ac
1618 2622 1640 2649 si
1669 2621 1790 2654 negante

1003 2672 1080 2699 dicas
1099 2681 1105 2698 :
1123 2671 1182 2701 Non
1208 2676 1249 2702 est
1262 2671 1351 2704 lactus
1365 2676 1395 2699 ut
1409 2678 1482 2702 unus
1497 2675 1631 2698 nostrum.
1643 2668 1706 2695 lam
1720 2675 1790 2699 t't'ro,

206 2817 337 2858 (“16)Syri
356 2824 454 2845 vocant
474 2818 604 2849 tunicam.
624 2820 782 2858 Cutluti!lto_._
795 2820 952 2858 altllcbra'o
984 2823 1126 2854 vocabulo,
1146 2823 1281 2855 Cetottct/t,
1318 2823 1375 2850 sive
1401 2822 1557 2855 Gutloucl/t,
1576 2830 1590 2849 a
1605 2830 1657 2857 quo
1672 2826 1696 2849 ct
1713 2820 1788 2849 (itm—

169 2861 229 2880 cum
245 2855 327 2886 χιῑῶν
345 2859 436 2880 natum
454 2860 504 2887 est,
521 2858 548 2879 ut
566 2863 613 2888 rgo
627 2859 698 2882 certe
713 2855 839 2888 coniicio.
