2027 3077
249 159 302 191 575

891 162 1004 193 MOSIS
1023 164 1099 194 ΒΑΗ
1119 165 1241 196 CEPHA

1577 191 1590 200 κ
1825 167 1879 199 576

245 218 370 252 fortassis
387 217 512 245 extendat
527 225 632 244 manum
647 226 721 245 suam
740 223 764 245 et
781 222 871 246 sumat
894 219 925 246 de
947 219 1042 248 arbore
1055 222 1078 252 Α
1091 226 1113 251 si
1128 225 1160 252 ad
1179 226 1303 253 arborem
1322 225 1384 253 vim
1403 226 1501 253 fuisse;
1527 225 1680 256 admissus,
1703 228 1732 252 ut
1747 231 1797 252 nec
1815 225 1878 252 vita;

245 264 307 290 vitae
333 267 358 290 et
371 264 429 290 edat
445 272 476 290 ac
495 265 563 290 vivat
578 264 605 290 in
619 268 756 291 aeternum.
770 263 820 292 ilic
834 272 915 291 causa
931 265 1035 300 profer-

248 314 303 341 tur,
316 316 366 336 cur
383 316 436 335 non
458 309 494 336 sit
507 309 619 337 relictus
633 310 756 337 Adamus
771 310 797 336 in
814 310 945 345 paradiso
958 317 1035 345 post-

247 362 329 389 quam
343 354 581 389 adversumlegem
599 354 647 382 Dei
664 354 784 389 fecisset,
801 356 1034 390 deliquissctque;

249 405 345 436 estque
372 401 417 428 hic
437 400 547 427 collatio
565 400 672 427 arboris
683 400 744 427 vitae
758 408 819 428 cum
837 401 933 428 arbore
946 402 1037 428 scien-

249 447 314 480 tiae;
335 446 413 481 quasi
440 445 513 473 dicat
539 445 611 472 Deus
628 454 636 472 :
656 445 732 472 Sicut
749 446 889 480 protendit
909 454 1035 479 manum,

249 491 422 526 sumpsitque
439 491 473 518 de
493 491 590 518 arbore
604 491 726 518 scientiae
738 495 764 518 et
778 492 908 523 comedit,
925 500 978 527 qua
994 492 1037 519 in-

251 537 414 564 tcrdixeram
430 536 465 567 ei,
480 529 660 570 protensurus
670 541 711 564 est
722 541 1035 573 manum,’sumpturus-

248 590 303 617 que
318 582 399 609 etiam
414 582 448 609 de
464 584 563 609 arbore
575 582 636 609 vitae
650 587 731 617 atque
749 590 859 616 esurus,
877 591 909 610 ac
924 584 1037 618 proinde

250 627 376 654 victurus
396 628 423 654 in
441 632 602 662 perpetuum
619 628 641 655 si
660 628 686 655 in
702 629 828 663 paradiso
850 629 1033 665 relinquatur.

248 672 316 700 Nam
334 673 357 701 si
374 673 485 700 vetitam
508 673 634 701 arborem
660 677 781 708 tangere,
801 675 929 710 vescique
953 683 1036 703 ausus

249 724 304 752 est,
320 723 422 752 quanto
442 718 528 754 magis
549 727 603 746 non
621 719 733 746 vetitam
752 720 922 755 contingere,
945 720 1039 748 edere-

249 772 302 799 que
314 764 443 791 audebit?
457 763 542 791 Porro
559 764 623 791 illud
642 773 648 791 :
666 763 708 791 Ne
725 765 860 799 fortassis,
888 773 942 792 non
960 766 1036 793 acci-

250 810 379 846 piendum
396 816 438 838 est
458 811 536 845 quasi
551 810 633 838 dubie
648 810 753 838 dictum
768 819 783 838 a
800 811 855 838 Deo
866 819 946 846 quem
969 811 1038 838 nihil

250 856 375 882 omnium
391 856 467 888 latet,
484 855 541 882 sive
557 855 735 890 prmteritum,
752 857 810 883 sive
829 864 962 891 prtesens,
979 857 1036 884 sive

1085 265 1122 296 ita
1155 277 1241 303 neque
1268 271 1393 298 dolorum
1420 277 1658 307 aerumnarumque
1686 269 1787 304 quibus
1817 270 1877 296 haec

1085 314 1183 342 fuisset
1195 316 1284 350 plena,
1294 323 1411 350 unquam
1423 316 1502 343 tinem
1518 320 1662 342 assecutus
1678 315 1776 342 fuisset
1790 324 1797 347 ;
1811 315 1869 348 jam

1088 361 1161 386 enim
1184 361 1406 398 pronuntiaverat
1421 361 1504 392 Deus,
1518 368 1581 387 cum
1597 360 1737 387 doloribus
1750 361 1875 386 atixieta-

1085 401 1212 436 tihusque
1242 403 1317 429 illum
1335 403 1470 430 victurum
1491 410 1499 430 :
1518 409 1603 437 quare
1620 402 1643 429 si
1660 407 1760 428 aeterna
1781 401 1880 428 fuisset

1085 455 1116 474 ea
1137 448 1202 478 vita,
1223 447 1340 475 fuissent
1354 453 1381 475 et
1405 447 1522 474 miseriae
1538 447 1717 474 immortales.
1743 447 1878 474 Praeterea

1086 492 1147 519 ideo
1166 492 1247 519 etiam
1271 493 1306 520 ab
1319 493 1418 520 arbore
1435 493 1498 520 vita:
1513 492 1589 519 illum
1616 493 1737 519 coercuit
1770 500 1803 519 ne
1826 493 1879 518 im-

1086 538 1275 565 mortalitatem
1294 539 1417 572 adeptns.
1430 546 1477 572 per
1490 537 1679 565 confidentiam
1690 539 1804 572 agitaret
1819 546 1879 565 om-

1086 591 1147 610 nem
1166 583 1258 615 vitam,
1273 585 1319 610 sed
1334 584 1455 610 animum
1469 584 1500 610 ad
1520 584 1707 618 paenitentiam
1724 583 1877 615 induceret,

1087 627 1213 662 hancque
1237 635 1330 654 curam
1350 628 1462 655 haberet
1477 628 1564 654 donec
1584 628 1692 654 tandem
1706 628 1739 654 de
1757 628 1818 654 vitae
1833 635 1878 653 ar-

1088 672 1155 698 bore
1177 676 1269 704 posset
1284 672 1376 703 ederc,
1391 672 1451 706 ipso
1467 672 1580 699 Christo
1601 672 1648 706 qui
1663 672 1724 698 vitae
1739 671 1820 698 arbor
1835 676 1880 699 est

1088 718 1201 752 mystico
1212 725 1305 745 sensu.
1321 717 1441 752 Denique
1455 718 1540 752 ipsius
1557 718 1676 753 pravitas
1692 723 1823 753 perpetua
1836 726 1880 745 es-

1089 767 1141 793 set,
1159 762 1315 796 cujusmodi
1331 768 1371 790 est
1390 764 1502 791 diaboli.

1124 808 1178 836 Cur
1194 817 1208 836 ο
1223 809 1349 843 paradiso
1372 809 1469 842 ejecta:
1485 810 1584 837 Adam.
1597 825 1633 831 —
1648 809 1686 837 De
1701 810 1776 838 hisce
1796 810 1880 844 igitur

1089 855 1183 883 causis
1200 855 1354 890 prohibitus
1370 860 1411 882 est
1430 856 1515 882 Adam
1531 856 1565 883 ab
1588 856 1686 883 arbore
1705 857 1776 883 vitae.
1792 856 1880 884 Caete-

251 901 394 929 futurum:
410 902 509 936 quippe
521 901 593 929 enim
609 906 639 928 ut
652 909 709 928 rem
723 902 906 930 certissimam
922 902 1038 929 affirmat
1055 895 1076 922 Β
1091 908 1152 928 rum
1172 901 1231 928 alia;
1249 905 1322 933 sunt,
1340 908 1389 928 cur
1407 901 1534 935 paradiso
1545 902 1583 929 sit
1597 902 1763 929 eliminatos.
1776 900 1880 936 Nempe

252 953 427 982 sumpturum
441 948 518 974 illum
537 947 570 974 de
582 948 681 974 arbore
694 948 767 979 vitae,
783 953 1037 982 comesturumque,

252 998 333 1028 atque
349 997 479 1028 perpetuo
506 993 643 1019 victurum
666 992 718 1020 nisi
742 993 869 1027 paradiso
896 993 1035 1028 ejiciatur.

252 1039 384 1066 Cancrum
401 1046 525 1072 quianam
544 1037 627 1065 fuerit
642 1037 687 1065 illa
702 1038 765 1065 vita:
783 1038 874 1071 arbor,
890 1043 917 1065 et
938 1046 987 1065 cur
1006 1045 1039 1065 co

252 1083 364 1110 nomine
381 1083 534 1118 appellata,
564 1086 626 1109 ante
663 1083 957 1114 commemoravimus;
991 1082 1038 1109 ubi

257 1129 325 1157 illud
342 1136 452 1164 quoque
477 1129 598 1156 diximus
621 1136 676 1164 qua
705 1128 739 1155 de
755 1135 838 1155 causa
866 1127 1037 1154 interdixerit

256 1176 329 1203 Deus
342 1175 458 1206 Adamo,
486 1175 586 1202 arbore
602 1174 676 1202 vitae.
696 1175 731 1201 Et
750 1174 861 1200 immisit
880 1174 967 1208 ipsum
984 1172 1038 1199 Do-

252 1223 339 1249 minus
357 1221 428 1248 Deus
444 1225 521 1247 extra
543 1219 699 1254 paradisum
724 1218 806 1252 Eden,
825 1222 854 1245 ut
877 1218 973 1245 coleret
990 1222 1029 1244 ter

254 1276 312 1294 ram
327 1275 359 1294 ea;
375 1275 427 1302 qua
443 1270 564 1301 sumptus
578 1265 678 1300 fuerat.

290 1313 374 1340 Adam
402 1312 498 1346 ejeotm
517 1319 531 1338 e
560 1311 686 1345 paradiso
699 1324 730 1329 —
748 1309 837 1345 Supra
859 1313 1039 1337 memoratum

256 1363 307 1392 cst,
325 1358 469 1386 Dominum
489 1357 630 1392 accepisse
644 1356 788 1389 Adamum,
815 1361 896 1391 atque
914 1356 939 1383 in
959 1363 1042 1390 para-

259 1404 349 1432 disum
367 1402 484 1435 misisse,
509 1402 553 1429 hic
579 1408 644 1429 vero
672 1401 799 1428 emisisse
823 1406 949 1428 narratur
967 1405 1043 1428 extra

257 1449 434 1484 paradisum:
449 1447 526 1482 quasi
542 1446 624 1478 dicat,
649 1453 710 1474 eum
729 1446 845 1481 quodam
868 1446 969 1480 impetu
995 1445 1044 1472 abs

254 1503 285 1522 se
303 1493 454 1529 propulisse
479 1498 561 1526 atque
574 1492 745 1524 eliminasse,
778 1499 868 1526 neque
883 1492 1042 1519 comitatum

255 1547 318 1568 esse
351 1539 507 1569 abeuntem.
532 1538 632 1573 quippe
651 1544 683 1564 cx
713 1537 913 1569 iucundissima
942 1537 1042 1573 quiete,

254 1586 344 1621 qualis
358 1585 429 1613 intra
445 1585 600 1620 paradisum
608 1583 710 1618 :fuerat
730 1583 894 1610 amandabat
907 1584 995 1618 ipsum
1011 1583 1045 1610 ad

257 1630 400 1658 colendam
411 1635 523 1662 terram,
551 1636 677 1664 asperam
701 1636 767 1656 sane
783 1636 815 1655 ac
830 1629 965 1656 difﬁcilem
981 1636 1046 1663 ope-

259 1683 332 1706 ram,
355 1680 384 1701 ut
407 1682 468 1709 qua:
485 1681 600 1708 prorsus
623 1673 696 1700 omni
716 1673 771 1701 otio
782 1681 814 1701 ac
825 1674 921 1709 requie
945 1678 1047 1701 careat.

260 1719 342 1746 Addit
361 1726 444 1753 porro
462 1727 469 1745 :
491 1717 532 1744 Ex
554 1727 606 1752 qua
621 1725 741 1754 sumptus
765 1720 864 1754 fuerat,
888 1719 952 1754 quia
972 1719 1003 1745 tle
1015 1726 1047 1746 ea

262 1768 334 1790 terra
347 1763 379 1790 ad
395 1771 476 1798 quam
488 1764 667 1792 exercendum
684 1766 831 1792 remittitur
847 1769 975 1799 acceptus
988 1763 1048 1791 fue-

263 1811 304 1834 rat
323 1807 412 1842 pulvis
427 1808 553 1842 fingendo
566 1808 817 1844 conformandoque
839 1809 904 1835 Adzn
929 1808 1047 1842 corpori,

262 1857 291 1878 ut
305 1855 368 1878 ante
383 1855 424 1878 est
440 1856 622 1879 memoratum
638 1852 679 1880 his
694 1852 783 1880 verbis
800 1852 846 1879 :Et
863 1852 941 1886 ﬁnxit
957 1851 1048 1878 Domi-

261 1905 310 1924 nus
323 1896 395 1924 Deus
407 1896 542 1929 Ardamum
568 1898 698 1932 pulverem
709 1898 741 1925 de
762 1902 843 1925 terra.
861 1899 899 1925 Ac
925 1905 1021 1924 rursus
1040 1906 1046 1924 :

262 1943 350 1970 Donec
363 1949 491 1971 revertare
508 1945 534 1971 in
546 1949 644 1971 terram
658 1945 691 1971 de
701 1953 754 1980 qua
769 1950 889 1979 sumptus
902 1953 938 1971 es.
949 1944 983 1970 Et
999 1944 1048 1970 eli-

261 1988 369 2016 minavit
384 1989 468 2023 ipsum
483 1989 612 2016 Domitius
629 1989 697 2016 Deus
710 1999 716 2016 :
731 1990 861 2017 nimirum
876 1994 952 2016 extra
967 1996 1049 2023 para-

264 2035 366 2067 disum,
379 2042 459 2069 quem
477 2035 578 2070 alioqui
593 2035 665 2063 illius
677 2035 831 2062 oblectandi
848 2034 935 2069 gratia
956 2034 1050 2061 condi-

263 2080 352 2107 derat.
362 2079 526 2108 Existimant
542 2081 678 2113 nonnulli,
699 2081 796 2113 Deum,
821 2081 894 2116 quod
915 2080 1049 2107 Adamum

265 2126 426 2161 proliibuita
444 2127 578 2162 gustanda
592 2127 654 2154 vitae
670 2127 768 2154 arbore
779 2131 805 2154 et
817 2127 945 2161 paradiso
958 2126 1048 2160 ejecit,

267 2172 388 2207 denique
401 2173 474 2207 quod
491 2172 573 2200 morti
589 2172 704 2205 addixit,
717 2173 817 2199 iratum
829 2172 944 2200 fecisse:
957 2179 1050 2199 verum

267 2226 317 2247 n‘os
331 2226 424 2247 contra
440 2227 488 2254 per
503 2218 549 2246 Dei
565 2219 780 2247 misericordiam
797 2224 878 2254 atque
895 2226 988 2246 curam
1005 2218 1051 2245 illa

264 2266 336 2293 facta
351 2273 411 2293 esse
422 2266 554 2299 dicimus;
573 2266 697 2300 quamvis
710 2266 783 2293 enim
797 2265 934 2293 contraria
946 2265 1017 2292 inter
1025 2272 1055 2292 se

266 2310 420 2343 videantur,
433 2310 566 2338 inducere
577 2311 604 2338 in
617 2311 774 2342 paradisum
796 2315 824 2338 et
834 2311 944 2346 ejicere,
956 2314 1048 2338 tamen

265 2361 414 2391 utrumque
435 2356 513 2391 juxta
528 2357 626 2384 divinae
648 2357 801 2384 clementiae
821 2364 890 2391 opus
916 2360 943 2383 et
956 2363 1050 2383 curam

267 2410 350 2436 quam
367 2409 431 2437 erga
455 2410 540 2437 genus
554 2403 704 2431 humanum
720 2403 830 2437 gerebat
845 2402 939 2435 fuisse,
956 2409 989 2429 ex
1008 2401 1052 2429 his

266 2453 419 2481 cognoscas
434 2446 497 2475 licet
510 2456 518 2481 ;
538 2447 641 2475 idcirco
655 2447 727 2475 enim
742 2447 896 2482 prohibitus
910 2452 951 2474 est
967 2445 1002 2473 ab
1010 2452 1054 2474 ar-

270 2492 336 2520 bore
352 2494 412 2520 vita:
426 2500 459 2521 ne
473 2493 538 2528 quid
552 2493 615 2521 inde
637 2493 709 2528 quod
723 2500 784 2521 cum
807 2492 898 2520 divina
919 2491 1054 2519 sententia

268 2543 409 2571 pugnaret,
426 2538 570 2570 accideret,
588 2538 757 2573 verbumque
776 2537 823 2565 Dei
846 2537 946 2565 falsum
972 2537 1055 2564 babe-

270 2587 355 2610 rctur.
374 2584 563 2612 Comminatus
576 2583 648 2611 enim
657 2583 748 2611 fuerat
763 2583 834 2611 Deus
848 2583 1012 2611 moriturum
1022 2583 1056 2610 il-

269 2631 324 2656 lum
345 2637 400 2664 quo
424 2630 581 2664 degustaret
596 2630 631 2658 de
653 2630 752 2657 arbore
777 2629 910 2662 scientia,
939 2629 1022 2664 igitur
1035 2629 1059 2657 si

268 2681 331 2710 post
341 2676 412 2704 hanc
422 2682 570 2711 gustatum,
579 2677 660 2704 etiam
673 2677 706 2704 de
714 2676 813 2704 arbore
821 2676 882 2703 vita:
891 2676 1002 2708 edisset,
1014 2679 1060 2702 aut

271 2722 340 2751 falso
354 2722 465 2750 nomine
482 2723 534 2751 ista
546 2723 607 2750 vitae
621 2723 703 2751 arbor
713 2722 846 2758 appellata
858 2730 872 2750 a
888 2722 943 2750 Deo
954 2722 1060 2753 fuisset,

272 2773 320 2795 aut
341 2767 487 2795 mendaces
507 2767 623 2796 fuissent
645 2768 699 2797 illae
722 2768 784 2804 ejus
808 2768 901 2796 mine.
930 2767 970 2795 Ad
999 2767 1061 2800 hoc,

1088 953 1195 981 aequum
1215 954 1267 973 non
1281 950 1338 973 erat
1350 947 1474 973 utlocum
1484 947 1621 975 obtineret
1634 955 1754 979 sacrum,
1770 952 1879 982 postea-

1087 1001 1168 1028 quam
1190 992 1264 1019 illum
1290 992 1348 1027 lege
1371 992 1482 1024 violata,
1512 1001 1560 1027 per
1581 997 1722 1028 peccatum
1737 993 1879 1027 profanas-

1089 1043 1140 1070 set,
1160 1043 1187 1065 et
1211 1042 1271 1065 erat
1285 1037 1350 1064 illud
1363 1042 1467 1064 tantum
1493 1037 1633 1070 delictum,
1660 1038 1712 1065 hoc
1725 1039 1822 1066 exsilio
1839 1038 1883 1066 di-

1090 1083 1336 1118 gnum.Pra.-tcrca
1369 1083 1533 1110 erudientlus
1562 1087 1632 1115 erat,
1666 1091 1808 1118 perperam
1839 1091 1881 1115 se,

1091 1129 1255 1163 contemptis
1284 1128 1330 1155 Dei
1371 1128 1467 1162 jussis,
1487 1129 1649 1156 obsecutum
1678 1136 1738 1156 esse
1766 1128 1883 1155 consilio

1092 1174 1260 1202 fraudulenti
1278 1175 1375 1206 hostis,
1393 1178 1474 1208 atque
1497 1175 1586 1201 edisse
1601 1174 1636 1201 de
1665 1175 1746 1201 vetita
1773 1174 1881 1201 arbare.

1090 1213 1203 1254 insuper
1230 1220 1293 1246 dum
1317 1219 1362 1246 ille
1375 1219 1494 1254 ejicitur,
1516 1219 1627 1246 verbum
1654 1219 1700 1246 Dei
1718 1224 1804 1247 ratmn
1842 1220 1881 1252 iit,

1091 1273 1145 1300 quo
1160 1266 1322 1301 przedixerat
1336 1266 1424 1300 ipsum
1438 1274 1470 1293 ea
1500 1267 1541 1293 die
1569 1266 1731 1293 moriturum
1747 1274 1800 1301 qua
1818 1266 1884 1293 ede-

1092 1316 1135 1339 ret
1149 1311 1181 1338 de
1197 1312 1294 1339 arbore
1320 1312 1458 1345 scientiae;
1481 1316 1581 1339 contra
1602 1319 1666 1338 vero
1684 1312 1815 1339 mendacii
1839 1319 1884 1338 ar-

1097 1357 1190 1391 guitur
1211 1357 1316 1384 daemon
1335 1357 1380 1392 qui
1394 1365 1468 1392 spem
1487 1357 1526 1384 illi
1543 1362 1624 1392 atque
1639 1357 1767 1384 fiduciam
1782 1357 1884 1385 fecerat

1093 1403 1151 1430 fore
1173 1407 1202 1430 ut
1217 1404 1287 1431 Deus
1311 1404 1438 1431 evaderet
1453 1404 1475 1431 si
1492 1408 1666 1436 vesceretur;
1702 1403 1803 1438 quippe
1828 1411 1883 1430 non

1094 1449 1175 1476 modo
1191 1457 1244 1476 non
1267 1451 1353 1477 evasit
1365 1450 1390 1476 in
1408 1450 1503 1482 Deum,
1519 1450 1566 1476 scd
1581 1449 1640 1484 ipso
1660 1449 1740 1476 etiam
1758 1449 1886 1483 paradiso

1095 1494 1213 1520 extorris
1230 1494 1318 1521 iactus
1333 1498 1384 1520 est.
1405 1494 1517 1527 Adhaac,
1536 1494 1558 1521 si
1575 1494 1601 1520 in
1621 1493 1749 1527 paradiso
1766 1493 1885 1520 mansis—

1097 1544 1136 1567 set
1166 1545 1321 1574 suspectum
1338 1539 1463 1567 fortassis
1491 1540 1598 1567 invidia:
1617 1540 1702 1567 Deum
1735 1540 1884 1573 habuisset,

1096 1585 1142 1620 qui
1170 1585 1220 1612 sibi
1251 1586 1312 1612 vitae
1337 1585 1442 1612 arboris
1464 1593 1526 1612 esca
1544 1585 1736 1613 interdixisset.
1763 1585 1886 1620 Denique

1097 1631 1159 1658 dum
1176 1633 1264 1658 solum
1280 1630 1370 1662 vertit,
1395 1630 1523 1665 intelligit
1537 1631 1644 1657 tandem
1662 1631 1688 1657 in
1707 1635 1808 1665 quanta
1825 1630 1886 1657 felio

1097 1677 1181 1704 citate
1197 1681 1319 1704 versatus
1336 1677 1371 1703 sit
1390 1677 1548 1711 priusquam
1571 1681 1713 1710 peccaret;
1738 1681 1765 1704 et
1788 1683 1886 1703 rursus

1098 1723 1124 1749 in
1143 1730 1224 1757 quam
1239 1723 1338 1749 multas
1356 1722 1483 1750 miserias
1503 1721 1687 1756 praecipitatus
1702 1722 1747 1754 sit,
1769 1729 1803 1750 eo
1813 1721 1886 1757 quod

1098 1767 1239 1794 adversum
1258 1767 1303 1793 Dei
1317 1767 1401 1801 legem
1425 1766 1531 1793 fecerit.
1554 1766 1697 1793 Postremo
1721 1765 1823 1792 idcirco
1846 1770 1889 1793 est

1098 1813 1224 1847 paradiso
1239 1812 1353 1846 ejectus,
1384 1816 1413 1839 ut
1437 1817 1579 1846 peccatum
1609 1819 1690 1839 suum
1717 1815 1886 1846 agnosceret,

1099 1857 1276 1891 sedulamque
1302 1865 1410 1891 operam
1429 1857 1593 1891 pmnitentizn
1613 1857 1699 1888 daret,
1719 1860 1746 1884 et
1773 1856 1888 1892 supplex

1099 1911 1114 1930 a
1129 1903 1184 1930 Deo
1202 1903 1387 1936 contenderet,
1411 1907 1442 1930 ut
1461 1911 1491 1930 se
1511 1903 1538 1930 in
1559 1903 1702 1937 pristinum
1724 1903 1880 1930 restitueret

1099 1949 1199 1976 locum.
1221 1948 1371 1976 Conficitur
1394 1948 1485 1982 itaque
1502 1955 1534 1975 ex
1554 1948 1596 1975 his
1614 1955 1674 1983 qua:
1689 1948 1745 1982 jam
1765 1954 1888 1974 comme-

1101 1994 1280 2026 moravimus,
1298 2000 1470 2028 nequaquam
1488 2000 1536 2028 per
1551 1993 1618 2020 iram
1632 1993 1797 2028 prohibitum
1813 1993 1889 2020 illum

1100 2048 1115 2068 a
1131 2040 1185 2067 Deo
1201 2048 1261 2068 esse
1278 2040 1311 2067 ab
1323 2040 1420 2067 arbore
1437 2040 1497 2066 vitae
1511 2046 1599 2074 neque
1619 2039 1745 2074 paradiso
1761 2038 1889 2072 ejectum,

1100 2086 1143 2113 vel
1165 2085 1245 2113 morti
1264 2086 1344 2113 etiam
1361 2084 1520 2117 addictum;
1541 2085 1589 2112 sed
1608 2092 1641 2112 ex
1655 2092 1730 2111 mera
1748 2084 1792 2111 Dei
1809 2083 1890 2110 mise-

1101 2132 1228 2162 ricordia.
1241 2136 1269 2159 et
1284 2131 1400 2159 sollicita
1424 2131 1484 2165 ejus
1499 2138 1575 2158 cura.
1591 2130 1643 2158 Sed
1659 2131 1730 2158 enim
1747 2130 1801 2157 sint
1822 2129 1890 2161 haec,

1100 2178 1172 2206 dicet
1187 2177 1298 2212 aliquis,
1313 2177 1349 2204 ita
1366 2184 1429 2204 cum
1450 2176 1556 2204 Adamo
1578 2181 1637 2203 acta
1655 2176 1689 2203 ab
1704 2176 1764 2211 ipso
1781 2175 1846 2205 Deo,
1860 2179 1891 2201 ut

1067 2224 1090 2252 D
1103 2223 1141 2251 illi
1162 2222 1337 2258 prodessent;
1356 2226 1383 2249 at
1406 2221 1524 2252 labores,
1556 2221 1674 2253 dolores,
1695 2221 1778 2248 sudor
1802 2220 1891 2252 faciei,

1107 2268 1134 2294 in
1159 2274 1220 2302 quae
1237 2267 1308 2293 mala
1322 2266 1397 2293 illum
1413 2265 1529 2300 coniecit
1543 2265 1668 2300 paradiso
1691 2265 1809 2299 pulsum,
1823 2272 1892 2299 quas

1101 2312 1209 2341 tandem
1217 2311 1431 2343 commoditates,
1439 2311 1601 2338 utilitatesve
1608 2310 1703 2337 aliene
1714 2309 1752 2336 illi
1761 2313 1873 2343 potuere
1881 2311 1893 2335 '!

1104 2357 1320 2392 Respondemus,
1345 2356 1430 2384 Deum
1450 2364 1503 2383 non
1523 2355 1624 2383 frustra
1643 2355 1761 2390 quietem
1779 2354 1817 2381 illi
1832 2355 1893 2381 nulm

1104 2403 1158 2431 iam
1180 2402 1360 2434 concessisse,
1375 2406 1404 2428 ut
1420 2405 1462 2429 est
1479 2401 1628 2428 humanum
1655 2400 1808 2435 ingenium;
1829 2407 1891 2426 nam

1106 2450 1129 2477 si
1150 2449 1231 2476 tantis
1251 2448 1422 2476 condemnati
1441 2447 1520 2474 malis
1533 2454 1586 2473 non
1602 2446 1751 2473 desinimus
1768 2453 1891 2480 peccare,

1107 2494 1172 2528 quid
1200 2501 1256 2521 non
1281 2498 1465 2528 patrassemus
1485 2491 1513 2518 in
1531 2491 1587 2518 otio
1619 2490 1778 2524 deliciisque
1808 2490 1892 2516 vitam

1108 2539 1211 2575 agitare
1223 2538 1370 2573 permissi?
1383 2538 1462 2565 Certe
1490 2536 1571 2571 hujus
1598 2536 1645 2570 rei,
1662 2536 1784 2570 exempla
1814 2530 1894 2561 nobis

1107 2584 1281 2619 suppeditant
1301 2584 1437 2614 homines,
1452 2581 1499 2617 qui
1517 2581 1599 2609 otiosi
1616 2588 1647 2608 ac
1661 2580 1768 2608 desides
1785 2584 1866 2614 atque
1878 2587 1893 2606 a

1107 2630 1200 2658 labore
1215 2634 1243 2657 et
1257 2629 1388 2656 molestiis
1403 2629 1481 2655 vacui
1502 2627 1619 2654 molliter
1626 2634 1658 2653 ac
1671 2626 1786 2653 delicate
1799 2631 1893 2660 agunt.

1109 2674 1198 2703 Otium
1211 2681 1304 2708 porro,
1315 2673 1459 2704 desidiam,
1478 2672 1589 2700 delicias
1604 2672 1673 2699 mala
1688 2679 1758 2703 esse,
1774 2670 1894 2697 certissi«

1114 2719 1166 2747 tuis
1182 2719 1328 2754 Scriptum
1339 2718 1501 2746 testimoniis
1517 2718 1723 2753 comprobatur.
1738 2716 1806 2743 Nam
1826 2715 1895 2742 libro

1111 2765 1231 2793 secundo
1245 2765 1300 2801 iii)
1310 2765 1439 2799 scriptum
1450 2768 1493 2792 est
1503 2772 1509 2791 :
1519 2763 1640 2792 Consedit
1648 2761 1759 2797 populus
1771 2761 1805 2788 ad
1820 2760 1896 2788 eden-

310 2852 370 2888 (27)
392 2851 453 2890 Syri
476 2854 560 2883 libros
577 2854 658 2884 Hosis
671 2863 703 2883 ex
717 2855 811 2885 ordine
827 2856 949 2885 numeris
965 2859 1061 2886 notant
1081 2854 1179 2890 saepius
1196 2860 1278 2889 quam
1296 2853 1459 2881 nominibus.
