2027 3077
169 127 219 158 577
736 127 784 156 DE
805 125 1004 156 PARADISO.

1026 138 1060 143 -
1081 126 1178 156 PARS
1198 126 1219 156 l.

1761 130 1812 161 578

168 184 318 217 dum,¢tad
329 183 476 217 bibettdt-m,
489 183 657 218 surrexitque
666 183 700 210 ad
708 183 890 210 ludendum“.
902 183 958 210 Etti
987 185 1006 212 Α
1024 183 1073 210 stil
1086 191 1117 209 ns
1135 182 1236 216 angelis
1253 181 1457 217 iucorporrnnt;
1472 183 1558 210 aciem
1573 189 1637 209 vero
1657 182 1738 218 gladii
1754 191 1813 212 ser-

167 231 217 257 bro
225 229 321 264 quinto
335 229 463 264 :Pittguis
472 229 558 263 factus
569 234 606 256 est
621 229 714 262 Israel,
728 228 910 255 etcalritravit
928 228 962 254 θ’.

169 275 200 302 Et
215 275 325 311 quidam
335 283 367 302 ex
380 275 549 310 sapientibus
563 275 694 310 scriptum
710 275 817 310 reliquit
834 284 841 302 :
861 274 967 301 Maluit.

168 326 204 348 est
221 321 314 352 otium,
340 327 419 356 atque
448 322 559 356 pigritia
584 321 705 356 fraudem
729 321 799 355 parit
813 321 847 348 ⁵³.
862 320 963 348 Contra

169 375 234 394 vero
248 387 255 400 ,
274 368 392 400 labores,
416 369 627 402 tnrbulentaque
641 367 769 395 exercitia
795 367 866 394 bona
891 374 963 399 esse,

169 417 315 440 attestatur
345 413 442 448 David,
469 421 530 440 cunt
551 413 584 440 dc
610 413 740 440 Israelitis
764 413 880 448 loquens
905 412 962 440 ait:

170 457 237 484 Cum
252 458 380 484 occideret
396 459 477 491 ipsos,
493 458 643 492 querebar”
655 466 724 490 eum,
739 463 764 485 et
777 459 964 485 converteban-

171 509 225 535 Iur,
241 508 319 538 alque
332 504 503 530 maturabant
536 503 570 530 ad
582 503 669 538 ipsum
685 503 719 530 ".
735 504 767 530 Et
782 503 846 530 alibi
863 503 963 537 :Bene,

171 549 269 581 inquit,
287 549 350 575 mihi
372 553 424 580 est,
456 550 525 584 quod
547 550 595 576 sim
620 549 787 581 humiliatus,
809 556 839 576 ιιι
863 550 964 576 discam

173 594 303 620 mandata
332 595 419 621 tua".
449 595 480 621 Et
497 594 568 622 Deus
584 603 632 629 per
650 594 796 622 Jerentiatn
818 596 849 622 ad
870 595 965 622 civita-

171 643 224 666 tem
245 638 393 665 Jerusalem
417 648 423 666 :
441 639 495 666 Per
524 640 626 675 plagas,
642 640 739 674 inquit,
769 641 874 667 erudita
895 648 933 672 cs,
949 649 963 667 υ

170 684 320 710 Jerusalem
339 684 510 712 “.‘liursunt
526 685 627 712 l’anlus
645 695 652 713 :
670 686 752 712 Datus
771 691 821 718 est,
838 687 886 718 ait,
899 686 965 712 milii

170 731 292 756 stimulus
304 732 330 756 iu
345 739 449 756 raruem
466 739 563 762 meam.
588 731 694 766 angelus
711 730 830 764 Satunn',
850 739 881 757 ne
898 731 961 765 ιθέ·

170 774 258 800 rnr".
275 774 425 801 Conficitur
437 775 540 809 itaque,
562 775 665 802 homini
682 783 714 802 ex
727 783 777 802 usu
789 775 873 803 fuisse
890 775 963 810 quod

170 821 319 851 tlnlorilttts,
340 820 544 854 laboribusque,
564 825 589 847 et
603 822 750 848 sudoribus
771 822 906 849 obnoxius
921 826 963 849 est

1016 229 1103 256 satilis
1117 227 1199 254 fuisse
1217 227 1328 262 figurant
1345 229 1488 262 quamdam
1514 229 1597 262 ignea-
1615 228 1716 255 lanceat
1727 237 1810 263 quam

1016 273 1124 301 Cherub
1141 280 1222 299 manu
1247 278 1340 300 ti-ttens
1364 278 1445 307 atque
1461 280 1618 303 eoi-means.
1638 274 1813 308 proterrebat

1017 321 1121 354 pritttos
1142 323 1269 354 parentes
1289 327 1304 346 a
1328 319 1464 353 paradiso,
1480 319 1645 354 arcebatth
1664 319 1698 346 alt
1714 320 1814 347 arbore

1015 366 1088 392 vitte.
1103 364 1236 392 Caeterum
1263 364 1368 391 lancem
1389 364 1502 390 formam
1524 364 1585 391 inde
1598 372 1612 390 a
1629 370 1724 398 guunt,
1739 366 1812 400 quod

1015 418 1050 438 eo
1075 411 1189 446 mystice
1223 415 1363 444 spectasse
1385 410 1508 437 videatur
1545 410 1636 437 laurea
1670 411 1713 437 illa
1731 418 1811 445 quam

1015 456 1144 483 Christus
1164 463 1214 482 suo
1231 457 1313 483 latere
1329 456 1436 490 excepit
1456 465 1462 482 :
1481 456 1557 490 quasi
1569 455 1625 489 jam
1643 460 1699 482 tum
1715 462 1806 491 errp'n

1017 506 1089 529 esset
1106 501 1140 529 de
1159 509 1240 528 manu
1271 501 1391 533 Cltcrult,
1410 501 1455 528 illa
1486 502 1590 532 lancea,
1621 501 1811 537 pzttel'avtaque

1015 547 1047 573 a.l
1067 547 1192 573 arborem
1210 547 1272 573 vitae
1301 546 1355 573 via.
1379 547 1430 573 Alii
1446 546 1635 573 ditutttacietu
1660 547 1740 580 gladii
1762 555 1812 574 ro-

1015 597 1103 620 catam
1131 600 1202 622 esse,
1229 600 1283 619 non
1305 592 1406 619 ferrum
1434 599 1521 626 neque
1546 592 1646 626 ignem.
1675 593 1721 619 scd
1738 593 1807 627 ligu-

1015 645 1073 663 rum
1089 637 1235 671 quatttdant
1261 636 1348 666 ensis,
1376 644 1443 671 qua:
1461 637 1537 669 i,ttea
1563 637 1653 671 specie
1679 637 1813 665 collttcere

1015 687 1098 717 atque
1119 682 1221 716 fulgere
1243 681 1400 714 Videbatur;
1417 681 1527 708 Cherub
1554 689 1617 708 \‘cro
1641 690 1693 708 non
1723 681 1810 709 (mle-

1015 733 1084 755 stem
1103 728 1220 762 aliquem
1237 728 1362 762 spiritum
1390 731 1472 761 atque
1496 726 1685 761 inmxporettm
1705 728 1814 762 angelo-

1015 781 1075 800 rum
1097 773 1191 805 fuissc,
1212 773 1258 800 sed
1272 778 1408 807 spectrum
1426 772 1563 807 quoddant
1593 773 1754 805 \chemi-ns;
1769 772 1811 799 id-

1015 828 1068 856 que
1087 821 1196 848 Clterub
1207 821 1316 846 nomine
1333 826 1459 846 vocatum
1477 826 1547 851 esse,
1561 819 1624 853 quia
1639 820 1725 845 soleat
1739 818 1812 845 Scri-

171 865 291 891 reddilus
314 873 329 891 a
349 866 413 895 Deo,
441 870 584 899 postquam
609 866 766 893 clintinatus
784 871 856 893 esset
876 874 954 900 para-
974 867 994 893 Β
1009 871 1087 901 ptura
1109 874 1170 901 qua:
1201 866 1311 900 magnis
1331 865 1436 892 viribus
1467 872 1619 898 magnaque
1640 863 1809 890 vehementia

170 909 247 936 diso?
266 909 297 937 Et
321 911 421 936 versari
441 911 501 945 fecit
529 911 563 937 ad
579 911 703 938 orienti-nt
729 913 863 946 paradisi.
878 913 960 946 ipsius

169 956 254 988 Eden,
269 955 381 988 Cherub,
397 961 421 982 et
446 956 621 991 acieutglatlii
641 958 784 989 versatilis,
810 958 845 984 ad
874 964 962 985 custo-

175 1001 301 1028 diendum
314 1002 366 1028 iter
380 1002 483 1028 arboris
505 1003 573 1029 vitta.
598 1002 626 1029 In
645 1002 758 1030 Hebraeo
777 1007 818 1030 est
832 1012 839 1029 :
854 1003 888 1030 Et
906 1012 963 1030 ma-

170 1054 232 1073 nere
251 1047 312 1080 fecit
325 1047 357 1073 ab
385 1047 484 1074 oriente
506 1048 629 1082 paradisi
656 1048 808 1075 Clterubim.
838 1048 960 1076 Grarcum

169 1100 234 1119 vero
249 1093 329 1119 habet
347 1101 354 1118 :
372 1091 406 1118 Et
421 1092 559 1119 collocavit
575 1093 689 1124 Cherub,
711 1098 736 1120 ct
751 1094 869 1128 gladium
883 1094 961 1129 ﬂam-

170 1145 254 1164 meum
271 1138 304 1164 ad
319 1138 520 1165 custodiendum
543 1140 593 1166 iter
606 1139 708 1166 arboris
731 1140 801 1166 vita'.
823 1140 962 1175 Significa‘

171 1188 215 1209 tur
232 1187 323 1209 autem
338 1183 381 1211 his
408 1184 509 1216 verbis,
527 1184 678 1211 custodiam
693 1183 802 1211 Cherub
827 1189 854 1212 et
874 1185 960 1212 aciem

170 1228 250 1263 gladii
267 1229 426 1256 collocatam
451 1229 536 1258 fuisse
571 1239 586 1257 a
614 1230 667 1257 Deo
687 1230 720 1257 ad
742 1230 813 1258 latus
832 1231 962 1258 orientale

170 1274 302 1301 duntaxat
320 1275 451 1310 paradisi,
469 1275 549 1310 quasi
564 1283 597 1303 ex
610 1283 640 1302 ea
656 1280 731 1311 parte
745 1276 833 1304 solum
862 1276 960 1312 prohi-

170 1320 235 1347 bere
254 1321 388 1348 Adamum
409 1321 526 1349 voluerit
541 1329 595 1349 non
611 1322 674 1349 item
694 1322 728 1349 ab
741 1322 801 1350 aliis
818 1322 960 1350 lateribus.

171 1365 275 1401 Quippe
296 1366 509 1394 existimandum
536 1372 589 1400 est,
615 1367 650 1394 ab
674 1372 736 1395 ortu
759 1368 827 1396 solis
857 1373 962 1404 portant

170 1411 256 1438 fuisse
274 1412 435 1447 aditumque
451 1414 570 1447 patuisse
584 1413 611 1440 in
632 1413 807 1448 paradisum;
823 1418 906 1449 atque
929 1414 963 1441 il-

169 1456 210 1484 lac
238 1458 433 1492 introductum,
464 1458 581 1493 illaeque
609 1466 705 1486 rursus
735 1465 858 1486 exactum
893 1459 965 1487 Ada-

170 1511 245 1529 tttum
264 1511 344 1536 esse;
370 1503 432 1530 inde
447 1503 527 1531 etiam
558 1504 680 1531 semitam
701 1503 786 1531 fuisse
802 1503 911 1531 ductam
932 1506 959 1532 in

171 1548 290 1575 medium
311 1549 468 1583 paradisum
485 1550 529 1576 ubi
547 1549 598 1576 sita
612 1554 671 1576 erat
685 1550 746 1576 vita:
769 1550 860 1582 arbor,
881 1556 963 1585 atque

170 1593 231 1620 ideo
249 1602 282 1620 ne
298 1602 394 1622 rursus
415 1595 563 1629 aliquando
594 1594 689 1625 Adam.
713 1595 775 1622 illac
791 1603 821 1622 se
839 1596 910 1623 intro
924 1604 966 1624 re-

170 1640 284 1672 ciperet,
312 1641 463 1667 custodiam
481 1640 517 1667 ibi
532 1647 592 1668 esse
614 1641 751 1668 collatam.
766 1640 900 1668 Caeterum
916 1649 964 1669 cur

169 1685 374 1712 custodiendam
404 1686 465 1712 vitae
496 1686 632 1717 arborem,
656 1674 863 1720 ‘arccndutttque
883 1686 917 1713 ab
933 1693 964 1713 ea

169 1730 303 1756 Adatttunt
323 1730 440 1756 voluetit
465 1730 547 1762 Deus,
564 1735 627 1758 ante
650 1735 693 1758 est
707 1738 722 1757 a
738 1731 817 1757 nobis
840 1731 963 1765 dictum;

169 1783 223 1810 quo
245 1777 294 1802 hoc
307 1777 388 1802 etiam
408 1775 560 1802 addendum
577 1780 714 1810 putamus,
727 1783 760 1802 eo
774 1783 883 1811 quoque
899 1784 964 1811 spe.-

171 1827 261 1849 ctasse
281 1821 432 1849 custodiam
455 1825 485 1848 ut
509 1821 671 1856 intelligeret
700 1820 822 1848 Adamus
850 1829 963 1856 prorsus

169 1868 333 1902 prteclusum
357 1866 409 1894 sibi
427 1867 532 1894 aditum
552 1874 614 1894 esse
636 1874 683 1901 per
698 1871 852 1902 peccatum,
875 1874 962 1901 eoque

170 1914 362 1948 pertinaciore,
390 1913 443 1940 hoc
473 1913 536 1940 odio
558 1917 780 1948 prosequeretur,
806 1913 962 1947 maioreque

169 1967 234 1986 cura
246 1959 386 1986 vitandum
405 1959 457 1986 sibi
475 1958 502 1986 in
524 1963 663 1994 posterum
684 1963 792 1992 putaret
806 1959 884 1993 quasi
899 1958 957 1985 f0n-

169 2010 223 2032 tem
244 2009 382 2032 tantorum
402 2005 547 2037 malorum,
567 2004 593 2031 in
611 2011 671 2039 quae
686 2004 757 2031 ntala
771 2012 804 2031 ex
820 2004 883 2031 vita:
899 2009 961 2031 ante

169 2056 310 2086 peccatum
327 2055 406 2083 actas,
424 2058 486 2077 cunt
502 2057 533 2077 ea
546 2050 574 2076 in
587 2057 640 2084 qua
655 2057 728 2076 nunc
745 2054 878 2080 νειεῡιιιτ,
887 2057 962 2076 COIII-

169 2095 309 2131 paratidne
342 2096 421 2124 facile
448 2095 618 2131 intelligeret.
651 2094 786 2122 Praeterea
817 2096 960 2130 magnifica

169 2141 214 2168 illa
232 2141 353 2168 custodia
370 2140 492 2175 (Cherub
513 2140 585 2172 dico,
598 2145 625 2168 et
647 2141 731 2168 aciem
750 2141 830 2175 gladii
849 2142 964 2168 versati-

975 1530 1000 1561 α

1012 912 1127 946 pollent,
1146 919 1177 938 ea
1199 911 1250 939 hoc
1266 912 1374 938 nomine
1405 911 1530 938 vocitare
1553 910 1634 944 quale
1659 913 1700 937 est
1721 910 1810 937 illud:

1014 957 1066 989 Qui
1080 957 1203 992 equitavit
1229 965 1308 991 super
1334 956 1476 988 Cltcrulros,
1498 961 1522 982 et
1539 956 1634 983 t-oluvit
1649 955 1683 987 ⁸⁸,
1706 955 1811 990 signiti-

1015 1007 1064 1030 cat
1076 1004 1148 1030 enim
1164 1003 1249 1030 Deum
1269 1011 1365 1037 magna
1380 1003 1404 1030 \‘i
1424 1003 1578 1034 advenisse,
1593 1005 1621 1029 et
1637 1002 1723 1029 veluti
1743 1002 1811 1029 insi—

1013 1049 1120 1076 dentem
1137 1048 1270 1076 Cherultis
1283 1048 1454 1083 apparuisse,
1463 1049 1515 1075 hoc
1525 1053 1578 1079 est,
1593 1052 1717 1082 potenter
1727 1054 1810 1075 eser-

1013 1095 1105 1122 cuisse
1120 1095 1274 1130 imperium.
1294 1094 1452 1122 Secundum
1469 1095 1518 1122 hos
1534 1095 1634 1121 habent
1656 1093 1708 1121 ista
1725 1093 1810 1120 Mosi:

1017 1141 1097 1166 verba
1114 1140 1186 1166 [tunc
1208 1147 1331 1171 sensum,
1351 1140 1423 1174 qttod
1453 1140 1524 1167 Deus
1555 1139 1727 1166 constituerit
1745 1145 1806 1173 spe-

1013 1190 1102 1213 ctrum
1119 1185 1254 1220 quoddam
1271 1185 1417 1212 vehemens
1431 1192 1463 1212 ac
1478 1184 1599 1212 terribile
1626 1192 1676 1218 pro
1701 1185 1806 1212 fortuna

1014 1234 1097 1266 inque
1114 1231 1173 1265 ipso
1198 1231 1271 1257 aditu
1287 1231 1406 1265 paradisi
1426 1230 1518 1264 specie
1538 1230 1686 1257 animantis
1709 1230 1802 1265 cujus-

1014 1277 1097 1312 piant,
1119 1276 1271 1304 deterrendi
1295 1275 1494 1309 coercendique
1516 1275 1613 1302 Adami
1641 1282 1734 1304 causa.
1757 1275 1809 1302 Al“-

1014 1322 1106 1350 ferunt
1135 1327 1225 1349 autem
1251 1322 1278 1348 hi
1294 1329 1351 1349 sua:
1376 1323 1518 1349 sententiae
1549 1322 1622 1349 hanc
1653 1322 1807 1350 rationem:

1013 1369 1130 1400 Nomen,
1157 1368 1293 1403 inqttiuut,
1325 1367 1438 1395 Cherub
1453 1367 1486 1395 ad
1511 1367 1634 1402 juvenile
1665 1368 1805 1402 quoddam

1014 1414 1099 1441 robur
1125 1414 1234 1448 proprie
1247 1418 1361 1447 spectat,
1382 1421 1413 1439 ac
1427 1413 1541 1448 proinde
1557 1413 1706 1441 Cltcrubini
1727 1414 1810 1448 spiri-

1017 1463 1060 1485 tus
1076 1458 1130 1485 Deo
1149 1458 1294 1485 viciniores
1313 1458 1456 1489 assistunt,
1479 1465 1529 1485 nec
1549 1458 1583 1485 ad
1607 1464 1693 1486 terras
1710 1458 1809 1486 demit-

1016 1508 1127 1535 tuntur;
1157 1510 1245 1538 neque
1261 1503 1333 1530 enim
1364 1502 1504 1537 Scriptura
1524 1503 1557 1530 iis
1585 1504 1807 1538 procurationem

1016 1548 1134 1582 aliquant
1161 1548 1187 1574 ιιι
1202 1547 1283 1574 terris
1309 1548 1439 1582 assignat,
1457 1548 1502 1574 sed
1518 1548 1606 1581 angeli
1625 1553 1690 1575 sunt
1711 1549 1756 1583 qui
1774 1551 1806 1576 ad

1016 1597 1116 1620 terram
1134 1593 1305 1626 ablt-gatttur,
1332 1600 1430 1626 resque
1458 1592 1484 1618 in
1509 1600 1539 1619 ea
1563 1592 1758 1621 administrant
1779 1599 1808 1622 ct

1015 1638 1185 1672 dispensant.
1208 1637 1308 1664 Verum
1325 1639 1430 1672 priores
1456 1638 1504 1670 illi,
1527 1639 1601 1666 inter
1617 1647 1685 1673 quos
1717 1641 1807 1668 domi-

1015 1684 1228 1712 nuntJacobum
1259 1685 1440 1719 Sarugensent
1468 1692 1529 1711 esse
1545 1685 1676 1718 diximus,
1706 1691 1807 1721 negant

1015 1731 1084 1758 hanc
1097 1739 1158 1757 esse
1176 1731 1295 1758 numinis
1310 1730 1420 1758 Cltcrub
1432 1731 1570 1758 notionem
1583 1739 1590 1763 ;
1609 1732 1665 1758 into
1680 1732 1804 1759 ordinent

1014 1777 1160 1812 quemdam
1187 1777 1340 1804 ctelestium
1364 1776 1508 1810 spirituum
1527 1783 1580 1804 non
1597 1777 1804 1812 aspectabilium

1013 1824 1165 1858 signiﬁcare
1183 1823 1234 1850 ltoc
1248 1823 1410 1850 vocabulum
1432 1824 1527 1855 aiunt;
1561 1824 1656 1858 quales
1670 1831 1804 1858 apparue-

1014 1873 1077 1895 ruttt
1101 1868 1279 1900 Ezechieli",
1297 1874 1324 1895 et
1355 1876 1470 1903 quorutn
1506 1869 1652 1895 simulacra
1681 1870 1804 1903 quadam

1012 1919 1091 1941 erant
1107 1915 1134 1940 in
1150 1914 1238 1948 adytis
1254 1914 1421 1941 tabernaculi
1437 1914 1537 1948 posita.
1553 1915 1643 1948 itaque
1662 1915 1804 1947 geniorum

1011 1960 1162 1988 cmlestium
1188 1959 1305 1994 aliquem
1331 1959 1422 1994 potius
1451 1959 1536 1986 fuisse
1555 1963 1700 1985 autumant
1716 1959 1804 1994 ipsum

1011 2005 1130 2035 Cherub,
1145 2004 1191 2038 qui
1205 2003 1275 2039 genii
1291 2004 1416 2030 caelestes
1426 2003 1519 2029 dolent
1531 2003 1553 2029 si
1569 2002 1679 2033 quando
1692 2007 1805 2038 peccent

1011 2049 1139 2076 mortales
1151 2049 1218 2084 (28),
1234 2056 1267 2076 ac
1289 2056 1387 2076 rursus
1429 2048 1529 2083 gaudio
1559 2048 1710 2075 afﬁciuntur
1741 2056 1803 2076 cum

1012 2094 1074 2122 illos
1103 2095 1265 2121 delictorum
1295 2094 1419 2129 potnitet,
1450 2098 1479 2120 ut
1505 2093 1543 2120 ait
1569 2093 1709 2122 Dominus.
1739 2093 1805 2121 Erat

1010 2140 1091 2175 igitur
1104 2140 1213 2167 Cherub
1228 2144 1321 2167 custos
1336 2139 1466 2173 paradisi,
1482 2139 1634 2166 cmlestium
1656 2140 1803 2174 spirituum

169 2187 213 2221 lis)
238 2186 273 2214 ob
302 2187 397 2214 oculos
424 2186 503 2214 nobis
532 2186 609 2221 ponit
638 2186 834 2220 praecellentem
859 2186 965 2220 arboris
980 2185 1090 2226 nanus
1105 2185 1204 2220 aliquis
1219 2189 1315 2212 tenens
1331 2185 1452 2211 lanceam
1477 2185 1596 2219 igneam,
1623 2193 1738 2220 eamque
1755 2187 1795 2213 vi-

169 2232 230 2259 vitae
248 2232 417 2267 dignitatem.
440 2231 517 2265 Quod
533 2239 597 2258 vero
612 2231 766 2258 versatilent
779 2231 898 2265 gladium
917 2232 960 2259 di-

168 2277 215 2310 cit,
231 2282 358 2312 perpetua
372 2285 434 2304 cum
450 2277 597 2312 agitatione
613 2277 666 2304 huc
677 2277 744 2303 illud
753 2277 889 2304 vibratum
899 2285 959 2305 esse

168 2323 311 2358 significat,
332 2330 447 2351 corusco
463 2322 567 2357 fulgore
587 2322 654 2349 inde
674 2323 808 2350 emicante
832 2330 887 2358 quo
913 2322 962 2350 ob-

169 2370 300 2397 tnentium
319 2370 391 2397 oculi
417 2377 470 2397 non
494 2370 555 2397 sine
585 2369 700 2396 horrore
717 2369 957 2403 perstringeretur.

168 2416 295 2450 Superest
318 2420 348 2443 ut
372 2416 406 2443 de
420 2416 530 2443 Cherub
546 2420 572 2442 et
590 2415 681 2450 gladio
696 2415 847 2448 videamus,
864 2415 958 2450 cujus-

168 2459 241 2486 tnodi
274 2467 317 2487 res
340 2459 450 2487 fuerint.
480 2460 610 2488 Dominus
635 2459 720 2487 Jacob
741 2459 904 2495 Sarugensis
927 2468 959 2487 ea

167 2505 290 2532 oratione
307 2512 388 2539 quam
408 2505 441 2532 de
459 2505 602 2536 Passione,
622 2510 649 2532 et
672 2513 769 2533 rursus
783 2513 814 2532 ea
830 2513 911 2540 quam
926 2506 960 2532 de

167 2550 289 2577 Ascensu
303 2551 430 2585 scripsit;
460 2556 487 2577 et
502 2559 563 2578 cum
581 2558 614 2577 eo
629 2551 676 2578 alii
699 2551 794 2578 dicunt
818 2552 958 2579 ettstodem

169 2596 286 2629 paradisi
305 2595 415 2624 Cltcrub
439 2596 523 2623 fuisse
538 2603 621 2622 unum
639 2596 795 2631 quemqiam
827 2604 860 2624 ex
878 2597 960 2625 cCcle-

202 2677 226 2694 “
242 2676 327 2706 Exod.
351 2683 436 2708 χχιιι,
453 2676 479 2704 6.
503 2675 526 2692 ³¹
542 2675 620 2703 Deut.
634 2683 718 2707 xxxii,
738 2676 780 2703 15.
804 2675 827 2692 ⁸³
841 2675 922 2703 Prov.
940 2684 990 2707 xu,

168 2713 212 2742 7|.
251 2712 274 2728 "
290 2712 346 2740 Jer.
365 2721 402 2745 vx,
413 2713 440 2740 8.
478 2711 499 2727 "
519 2711 541 2738 ll
557 2711 620 2738 Cor.
636 2718 684 2744 ιιι,
702 2711 728 2737 7.

203 2791 258 2828 (9³)
283 2791 368 2819 Caute
379 2792 457 2826 lege;
472 2799 534 2819 nam
549 2792 637 2827 angeli
654 2791 762 2828 proprie
786 2799 841 2820 non
853 2792 948 2828 dolent

167 2833 214 2855 aut
247 2829 390 2855 tristantur
411 2829 445 2856 de
476 2829 594 2861 [eccatis
626 2827 778 2862 hominum,
799 2828 827 2855 ὃ.
853 2827 951 2857 Thom.

767 2711 790 2727 ⁸⁸
804 2710 877 2739 Psal.
888 2712 1002 2745 xvn,tl.

1018 2230 1101 2257 brans
1123 2235 1204 2264 atque
1227 2238 1386 2261 coruscans,
1411 2234 1436 2257 et
1451 2231 1552 2264 primos
1576 2236 1703 2265 parentes
1716 2231 1805 2258 deter-

1015 2283 1079 2303 rens
1093 2276 1127 2303 ab
1140 2283 1266 2307 excessu.
1284 2281 1314 2303 ut
1329 2276 1414 2303 sensit
1426 2276 1554 2304 dontinus
1572 2276 1690 2304 Jacobus
1716 2276 1803 2305 Saru-

1013 2322 1118 2356 gensis,
1149 2326 1177 2349 et
1205 2322 1329 2356 plerique
1344 2330 1406 2350 cum
1424 2330 1457 2349 eo
1472 2322 1595 2357 ejusdem
1610 2328 1691 2350 secta:
1706 2324 1766 2351 viri.

1049 2366 1102 2394 Sed
1114 2367 1168 2402 jam
1183 2372 1210 2394 et
1222 2367 1310 2401 locus,
1327 2373 1354 2395 et
1377 2373 1483 2402 tempus
1498 2369 1646 2403 postulant,
1665 2374 1693 2396 ut
1708 2370 1804 2404 dispu-

1012 2413 1094 2454 tand.o
1111 2414 1315 2448 investigemus,
1337 2421 1427 2441 unone
1447 2415 1597 2449 eodemque
1622 2416 1666 2442 die
1688 2423 1722 2442 an
1742 2416 1803 2449 plu-

1013 2459 1154 2487 ribnsltaec
1169 2461 1261 2487 omnia
1277 2465 1353 2495 gesta
1368 2460 1424 2487 sint
1440 2469 1447 2486 :
1465 2465 1572 2488 creatus
1586 2460 1684 2492 Adam,
1699 2461 1804 2488 immis-

1012 2513 1060 2533 sus
1074 2505 1101 2532 in
1120 2506 1288 2540 paradisum,
1304 2506 1357 2532 lata
1378 2506 1432 2537 les,
1462 2505 1548 2533 ittdita
1578 2506 1689 2533 nomina
1708 2506 1803 2534 bestiis

1013 2555 1042 2579 et
1068 2550 1240 2584 volucribus,
1256 2551 1364 2578 condita
1378 2551 1446 2583 Eva,
1464 2551 1570 2586 decepti
1587 2558 1635 2586 per
1648 2556 1800 2586 serpentem

1013 2597 1093 2632 primi
1108 2601 1245 2632 parentes,
1264 2597 1365 2624 violata
1391 2598 1445 2630 lex,
1469 2598 1638 2625 vindicatum
1657 2598 1684 2625 in
1700 2599 1800 2627 noxios

1011 2675 1041 2703 Η
1055 2684 1063 2709 ;
1078 2684 1171 2708 xxvttt.
1188 2677 1230 2705 t9.
1257 2676 1281 2693 “
1297 2676 1371 2704 Psal.
1388 2683 1489 2709 uxvtt,
1502 2676 1549 2704 54.
1578 2677 1601 2693 ⁸³
1610 2675 1681 2705 Psal.
1693 2683 1788 2710 cum,

1059 2712 1082 2728 "
1100 2712 1200 2739 Ezech.
1224 2719 1244 2745 ι,
1259 2712 1293 2739 i3
1317 2719 1394 2747 seqq.

1004 2801 1012 2820 t
1030 2797 1101 2828 part.
1117 2794 1214 2828 quaest.
1229 2794 1291 2825 “5,
1302 2798 1355 2822 art.
1368 2794 1402 2825 7,
1431 2793 1478 2820 sed
1497 2798 1600 2820 tantum
1614 2793 1800 2829 metapltmice

1007 2836 1068 2857 cum
1092 2836 1216 2858 UﬂthTSC
1230 2829 1346 2857 salutent
1363 2833 1486 2857 nostram
1500 2829 1620 2859 ClIDlztnl.
