2027 3077
193 100 244 131 579

831 89 944 119 MOSIS
966 87 1042 118 ΒΑΗ
1062 85 1186 117 CEPHA

1770 79 1825 110 5‘30

194 155 328 190 eiectique
347 152 466 187 denique
481 151 518 178 illi
543 155 618 177 extra
635 147 800 183 paradisum.
818 146 855 173 De
880 146 930 172 hac
953 152 981 172 re
996 147 1017 175 Α
1033 152 1106 175 cere,
1126 142 1206 176 cujus
1228 139 1349 176 pmentia
1375 145 1489 173 prorsus
1513 135 1645 190 voluntati
1670 137 1825 186 respondet.

197 203 238 229 ita
262 200 344 228 sentit
368 197 544 227 Philoxenus,
573 194 696 222 oratione
720 200 801 227 quam
814 191 923 226 scripsit
950 191 983 218 de

200 247 299 274 arbore
314 246 385 276 vitae,
406 248 432 270 ct
447 242 574 269 dominus
590 240 705 274 Ephrem
731 237 941 265 Commentariis
956 237 982 264 in

199 293 338 323 Genesim,
367 294 447 323 alque
474 287 553 314 etiam
592 285 718 312 dotninus
754 283 870 310 Jacobus
901 283 986 310 Saru-

201 337 303 372 gensis,
321 333 440 360 oratione
449 331 482 357 de
497 329 637 360 Passionc,
651 332 678 354 et
693 335 755 354 cum
769 326 811 354 his
824 327 879 359 alii,
895 327 985 353 omnia

203 383 257 409 haec
276 380 368 407 eodem
390 383 444 403 uno
457 376 499 402 die
513 375 559 410 qui
577 379 670 402 sextus
684 377 743 400 erat
757 380 772 400 a
783 373 899 413 \condito
919 372 988 399 coelo

202 431 340 459 terraque,
366 426 426 449 aeta
452 427 534 455 atque
553 419 678 447 confecta
699 426 781 446 esse:
800 418 912 452 ejusque
938 417 987 450 rei,

201 473 255 499 duo
274 470 379 497 faciunt
394 471 554 502 argumenta
572 474 579 492 :
595 465 720 497 alterum,
737 464 809 498 quod
822 464 910 490 adhuc
923 463 989 490 nihil

202 515 323 543 edissent
354 513 441 539 Adam
467 518 609 545 uxorque;
635 517 698 537 nam
723 510 746 536 si
763 513 903 536 vescentes
927 513 990 535 ante

201 561 313 588 vidisset
327 566 448 593 serpens,
463 558 574 585 minime
590 557 705 584 dixisset
719 556 751 582 ad
768 555 849 582 Evam
866 564 872 581 :
896 554 991 581 Verene

202 607 280 640 iussit
301 605 379 636 Deus,
403 612 434 631 ne
450 604 560 630 ederetis
577 603 608 630 de
630 603 701 629 omni
726 602 819 628 arbure
845 600 992 634 paradisi?

202 652 261 680 Iam
278 659 341 679 vero
365 651 388 678 si
410 653 495 678 multo
510 654 573 677 ante
591 649 693 677 conditi
717 649 843 679 fuissent,
860 647 994 681 nequivis-

204 702 265 725 sent
286 697 374 724 adhuc
401 696 505 730 absque
523 695 596 722 fame
620 699 646 722 et
666 695 728 721 cibo
753 694 835 720 vitam
871 693 993 719 tolerare.

195 745 324 770 'Alterum
342 743 455 777 petitum
470 746 512 769 est
527 749 558 768 ex
575 741 609 767 iis
626 748 686 775 qua:
697 747 794 775 passus
809 743 850 766 est
866 738 996 765 Dominus

205 791 299 814 noster
307 786 451 820 Christus;
468 793 500 813 ea
511 786 583 812 enim
596 785 766 812 emendando
778 783 872 810 Adatni
887 783 996 812 delicto,

206 837 304 859 exacto
315 837 409 860 tenore
422 833 586 866 respondere
598 831 684 857 aiunt.
695 830 774 857 Verbi
785 831 870 865 gratia
884 839 891 856 ι
904 829 996 861 Sexto,

207 878 347 912 inquiunt,
363 878 406 904 die
427 882 536 904 creatus
551 880 592 903 est
605 877 703 908 Adam,
716 876 809 903 eodem
826 876 998 903 excruciatus

206 928 249 950 est
266 922 397 950 Dominus
416 926 519 954 noster,
544 922 571 949 in
588 922 646 956 ejus
675 922 727 949 diei
752 922 829 948 initio
849 922 893 948 ille
907 925 949 948 cst
964 928 996 948 ex

207 968 264 994 luto
276 967 453 1001 cotnpositus,
474 967 518 994 hic
534 967 598 994 item
614 967 645 993 ad
664 966 781 994 tribunal
794 971 907 1000 raptus;
933 966 998 992 hura

207 1013 282 1039 illius
297 1013 351 1039 diei
367 1012 444 1040 tertia
467 1012 594 1040 inductus
613 1017 655 1040 est
675 1013 701 1039 in
718 1013 885 1047 paradisum,
899 1017 925 1039 et
937 1011 1000 1039 Ser-

209 1063 288 1085 vator
301 1063 395 1086 noster
410 1058 488 1085 tertia
503 1058 569 1085 liora
585 1063 725 1086 extractus
741 1063 781 1086 est
793 1066 826 1086 ex
842 1058 909 1085 urbe
922 1057 1001 1084 Jeru-

212 1104 308 1135 saleml
322 1104 443 1130 humeris
457 1111 566 1132 crucem
582 1112 658 1131 suam
673 1104 814 1138 bajulans;
829 1108 855 1130 et
870 1110 924 1137 quo
934 1107 1002 1129 tem-

211 1156 277 1183 pore
293 1150 379 1177 Adam
397 1158 494 1177 tnanus
510 1151 647 1185 protendit
659 1150 691 1177 ad
704 1150 887 1184 decerpendos
898 1148 1001 1176 fructus

212 1198 335 1229 negatos,
349 1195 444 1222 eodem
454 1195 580 1222 Christus
588 1203 652 1222 suas
662 1195 791 1222 distendit
800 1201 880 1228 super
888 1194 1001 1228 lignum.

214 1240 319 1268 Rursus
336 1248 351 1267 a
367 1246 443 1268 sexta
461 1240 493 1268 ad
513 1248 612 1267 nonam
628 1241 723 1267 horam
738 1244 837 1267 exutus
854 1244 896 1267 est
916 1239 1001 1267 Adam

215 1292 265 1312 sua
277 1284 373 1319 giorta,
391 1291 520 1319 noxaque
532 1285 652 1315 deditus,
672 1285 765 1319 itaque
783 1289 811 1311 et
834 1285 870 1312 ob
895 1292 1002 1312 crucem

216 1329 331 1357 Christi.
356 1329 403 1356 Sol
420 1336 435 1356 a
451 1333 529 1356 sexta
543 1329 576 1356 ad
598 1336 710 1360 nonam,
729 1329 831 1356 amisso
863 1329 1005 1362 splendore

218 1374 381 1400 obseuratus
410 1377 463 1406 est,
491 1379 573 1408 atque
586 1374 711 1400 uniVersa
731 1378 855 1401 creatura
868 1374 941 1402 luctu
958 1381 1006 1401 co-

217 1417 423 1452 o,rerata,quasi
440 1418 565 1444 rclricata
577 1418 683 1452 pristini
692 1417 756 1445 Adae
769 1425 850 1445 casus
864 1418 1005 1445 memoria.

218 1463 315 1497 Elapsa
331 1463 428 1490 deinde
443 1470 516 1490 nona
544 1464 623 1496 hora,
650 1463 787 1498 dissipatae
799 1468 880 1498 atque
903 1464 1006 1491 abacta:

219 1512 283 1535 sunt
309 1508 442 1541 tenebrae;
470 1515 523 1542 qua
542 1515 573 1535 re
600 1508 807 1541 significabatur
834 1509 922 1536 solttta
951 1509 1007 1543 jam

217 1558 274 1581 tum
293 1562 353 1582 esse
371 1563 401 1582 ea
418 1554 489 1581 mala
505 1562 565 1587 quae
590 1562 677 1589 genus
691 1555 841 1581 humanum
855 1555 1008 1583 circumde-

220 1600 326 1632 derant,
358 1606 441 1635 atque
468 1605 634 1635 occuparant
658 1604 767 1635 propter
793 1601 880 1635 legem
902 1600 949 1627 Dei
975 1601 1009 1627 ab

222 1646 326 1672 Adamo
344 1645 483 1672 violatam.
504 1645 619 1679 Insuper
637 1653 692 1680 quo
717 1651 839 1680 tempore
865 1645 1011 1672 confossus

224 1691 456 1717 Duminusnosler
469 1691 573 1724 lancea,
583 1692 677 1718 cedent
688 1700 703 1718 a
717 1692 824 1719 Cherub
835 1692 948 1718 custode
964 1699 1012 1725 pa-

226 1737 308 1763 radisi
332 1740 359 1762 et
383 1737 489 1763 arboris
514 1737 575 1764 vita
592 1737 680 1764 ablata
702 1743 743 1765 est
758 1739 862 1766 lancea.
893 1738 1013 1772 Denique

227 1788 280 1814 qua
305 1781 371 1808 hora
391 1782 487 1816 pulsus
500 1787 540 1809 est
556 1783 683 1817 paradiso
697 1783 816 1811 Adamus
834 1792 849 1810 a
873 1784 938 1816 Deo,
968 1792 1014 1811 ea-

228 1825 290 1852 dem
307 1833 419 1860 prorsus
432 1834 447 1854 a
471 1827 580 1855 Christo
596 1828 719 1856 immissa
749 1834 790 1856 est
812 1830 837 1856 in
858 1830 1012 1864 paradisum

226 1872 316 1898 anima
329 1872 442 1900 latronis
456 1873 512 1909 (29)
530 1881 536 1900 :
549 1880 581 1900 ac
592 1874 705 1909 proinde
713 1882 768 1909 quo
779 1879 902 1909 tempore
910 1876 1014 1903 dtemon

227 1918 319 1945 videns
334 1918 450 1952 ejectum
464 1919 592 1954 paradiso
617 1920 753 1947 Adamum
774 1922 884 1955 gavisus
901 1927 950 1954 est,
969 1929 1017 1949 eo-

227 1964 289 1991 dem
307 1970 334 1992 et
350 1965 436 1992 doluit
452 1972 514 1992 cum
528 1971 652 1994 cerneret
664 1967 780 1994 latronis
797 1967 914 1994 animam
926 1968 952 1994 in
969 1976 1017 2003 pa-

228 2010 349 2037 radisum
365 2011 516 2038 reductam.
535 2010 641 2046 Quippe
668 2020 731 2039 cum
756 2012 858 2040 Christi
883 2014 972 2040 anima
989 2014 1016 2040 in

228 2063 309 2082 cruce
323 2060 394 2083 esset
407 2064 422 2083 a
443 2064 556 2090 corpore
577 2063 713 2092 separata,
734 2059 792 2093 ipsa
807 2059 934 2086 divinitas
949 2059 1018 2087 sim-

228 2101 345 2134 pliciter,
361 2109 450 2136 neque
470 2109 571 2137 corpus
589 2110 676 2137 neque
692 2103 812 2130 anitnam
827 2103 956 2136 deseruit,
972 2104 1018 2131 sed

229 2151 256 2173 rt
270 2154 324 2174 una
341 2154 404 2174 cum
435 2155 550 2182 corpore
580 2149 735 2183 sepulcrum
763 2150 866 2183 subiit;
893 2154 920 2178 et
937 2150 1018 2177 simul

229 2199 292 2220 cum
305 2192 395 2219 anitna
417 2193 518 2220 inferos
541 2194 669 2225 correxit,
698 2199 779 2228 atque
794 2194 827 2221 ad
853 2202 900 2222 eas
915 2196 1021 2223 animas

231 2246 291 2272 qua:
314 2238 379 2265 inibi
403 2239 567 2266 tenebantur
586 2240 746 2266 concionem
775 2240 872 2267 habuit
897 2241 968 2267 sicut.
985 2240 1023 2268 ait

233 2283 331 2310 Petrus
353 2283 494 2317 apostolus
509 2285 536 2311 in
561 2292 610 2312 sua
636 2285 749 2320 epistola
763 2286 795 2312 '°.
814 2285 908 2320 itaque
933 2288 1023 2314 anitna

231 2329 333 2357 Clu-isti
352 2337 398 2357 cas
414 2329 521 2358 animus
536 2338 597 2366 qua:
614 2331 640 2358 in
665 2339 695 2358 se
707 2332 865 2365 credebant,
878 2332 912 2359 ab
930 2333 1024 2360 inferis

232 2376 355 2409 sustuiit,
379 2376 564 2411 subvectaque
581 2377 690 2404 induxit
714 2385 776 2405 cum
796 2378 910 2405 latronis
932 2379 1021 2406 anima

233 2429 260 2449 tn
277 2421 435 2456 paradisum
452 2423 524 2449 unde
537 2423 669 2457 expulsus
682 2422 770 2450 fuerat
784 2423 914 2451 Adamus.

270 2468 402 2494 Atlantem
415 2468 504 2495 cadent
517 2469 560 2495 die
576 2473 692 2495 creatum
712 2475 735 2496 et
751 2478 764 2496 ι
779 2470 903 2503 paradiso
915 2470 1025 2503 ejectum

234 2521 285 2540 non
304 2514 397 2548 fuisse.
416 2528 452 2534 —
467 2514 566 2542 Verum
594 2516 728 2542 sententia
749 2515 863 2543 aliorum
884 2516 1025 2543 doctorum

234 2562 287 2590 est.
303 2567 475 2595 nequaquam
503 2568 558 2587 uno
575 2560 619 2588 die
631 2561 722 2588 omnia
750 2561 795 2588 illa
810 2569 870 2588 esse
893 2567 1000 2596 peracta
1019 2571 1026 2588 :

235 2612 288 2633 non
303 2606 366 2642 quia
374 2614 429 2634 non
438 2608 555 2642 potuerit
571 2606 642 2634 Deus
658 2612 712 2634 tam
726 2607 798 2635 brevi
807 2615 838 2634 ca
847 2608 935 2642 spatio
943 2609 1029 2635 conli-

270 2696 292 2712 ’°
306 2697 314 2724 1
327 2698 398 2725 Petr.
413 2705 453 2731 tu,
478 2698 521 2726 19.

1037 189 1082 216 sed
1093 187 1157 223 quia
1175 194 1227 214 non
1243 185 1310 213 satis
1322 188 1536 211 consentaneum
1550 181 1657 208 videtur
1668 187 1699 207 ea
1714 180 1754 207 sic
1766 185 1826 206 aeta

1038 241 1108 260 esse.
1137 232 1169 258 Et
1185 237 1250 258 vero
1264 229 1286 257 si
1304 229 1391 256 Adam
1407 227 1488 254 etiam
1514 230 1572 253 tum
1589 225 1693 252 nullum
1709 223 1828 258 paradisi

1039 278 1157 306 fructum
1171 279 1305 310 gustasset
1320 277 1416 308 praater
1426 272 1539 299 vetitum
1556 271 1643 302 illum,
1659 277 1747 305 neque
1761 270 1829 296 satis

1042 324 1133 351 adhuc
1145 326 1193 349 aut
1208 322 1298 348 locum
1318 320 1417 354 ipsum,
1435 323 1482 345 aut
1492 318 1550 352 ejus
1563 317 1676 344 delitias
1690 320 1830 350 expertus,

1041 371 1128 397 solum
1151 367 1276 394 vertisset
1295 374 1302 393 :
1323 365 1369 400 qui
1391 364 1525 399 potuissat
1539 370 1588 397 per
1599 362 1829 396 comparationem

1042 423 1074 443 ex
1084 415 1143 450 ejus
1152 418 1232 440 terra:
1243 412 1314 439 unde
1321 411 1460 438 exciderat
1469 409 1607 440 felicitate,
1621 415 1694 437 eam,
1708 407 1735 433 in
1750 413 1831 441 quam

1043 459 1247 490 detrudebatur,
1256 457 1366 487 duram,
1378 455 1526 486 horridam,
1540 458 1621 488 atque
1630 452 1762 480 infelicem
1774 451 1833 478 exi-

1044 504 1173 534 stimare?
1187 504 1238 531 Sed
1258 503 1332 530 dices
1349 511 1357 529 :
1373 501 1509 528 Audivere
1528 507 1620 526 vocem
1646 499 1690 526 Dei
1706 498 1781 533 gradi
1791 505 1835 523 τη-

1046 552 1081 578 tis
1098 558 1145 586 per
1162 549 1317 584 paradisttm
1331 549 1375 576 die
1387 548 1443 582 jam
1460 552 1516 574 tum
1531 546 1672 577 inclinato,
1685 544 1753 578 pulsi
1767 550 1834 577 ergo

1047 601 1110 624 sunt
1122 603 1155 622 eo
1181 595 1234 622 die.
1254 593 1336 627 Atqui
1352 593 1493 627 Scriptura
1506 599 1559 618 non
1576 591 1651 621 dicit,
1668 597 1729 616 eum
1749 589 1836 615 fuisse

1048 643 1117 669 diem
1132 648 1186 676 quo
1203 640 1330 668 conditus
1347 638 1436 665 fuerat
1456 638 1588 664 Adamus.
1604 637 1667 663 Pari
1687 642 1752 669 ergo
1766 642 1835 661 con-

1049 688 1146 715 feceris
1162 686 1277 718 ratione,
1292 686 1386 712 eodem
1411 684 1456 711 die
1484 688 1511 710 et
1524 683 1656 710 Joannem
1686 681 1835 715 Baptistam

1050 738 1076 760 et
1089 732 1226 760 Christum
1239 731 1356 763 venisse,
1373 729 1592 765 quandoquidem
1604 725 1723 756 historiae
1739 728 1836 759 series,

1051 780 1091 806 eis
1106 779 1202 806 diebus
1218 777 1318 812 quibus
1332 777 1457 811 apparuit
1470 776 1524 806 ille,
1537 775 1617 809 hujus
1632 774 1703 801 diem
1721 774 1838 807 subjun-

1049 827 1096 861 git.
1114 825 1167 853 Sed
1186 833 1274 860 neque
1290 824 1356 851 illud
1374 823 1440 850 satis
1455 823 1563 849 firmum
1576 826 1617 848 est
1635 824 1837 854 argumentum,

1051 881 1100 900 cur
1118 879 1292 908 praepropera
1321 870 1497 898 festinatione
1524 867 1720 895 conturbemus
1746 872 1838 891 rerum

1050 926 1185 954 gestarqu
1198 918 1308 949 seriem,
1322 921 1403 950 atque
1424 916 1506 942 unius
1519 913 1697 948 ejusdemque
1711 911 1764 938 diei
1776 918 1840 944 spa-

1050 966 1089 992 tio
1109 970 1163 991 tam
1181 964 1266 991 multa
1285 963 1494 992 concludamus,
1518 960 1590 995 quod
1607 960 1641 986 de
1658 958 1758 986 Christi
1775 965 1839 984 cru-

1050 1010 1167 1037 ciatibus
1189 1009 1300 1036 allatum
1337 1012 1389 1035 est.
1415 1007 1482 1034 Nam
1509 1012 1539 1033 ut
1569 1006 1683 1033 libentes
1713 1004 1840 1034 fatemur.

1052 1055 1190 1082 Christum
1212 1055 1255 1081 die
1273 1058 1351 1081 sexto
1365 1052 1526 1080 emendasse
1544 1056 1625 1085 atque
1641 1051 1765 1084 expiasse
1780 1057 1842 1083 qua:

1053 1103 1086 1128 ab
1112 1100 1217 1127 Adamo
1243 1099 1364 1126 admissa
1406 1096 1525 1129 fuerant,
1563 1098 1601 1124 ita
1632 1096 1688 1123 fieri
1721 1095 1843 1130 potuisse

1053 1146 1242 1173 contendimus
1261 1149 1290 1172 ut
1315 1144 1446 1176 Adamus,
1477 1151 1538 1170 cum
1567 1142 1611 1169 die
1641 1141 1743 1168 conditi
1768 1141 1844 1167 orbis

1054 1196 1129 1219 sexto
1154 1195 1227 1218 esset
1244 1194 1352 1218 creatus
1367 1194 1448 1224 atque
1465 1189 1560 1216 eodem
1581 1188 1662 1214 etiam
1673 1187 1844 1222 deliquisset.

1054 1238 1108 1265 alio
1132 1238 1176 1265 die
1194 1241 1285 1268 sexto,
1301 1243 1352 1272 pro
1369 1242 1401 1263 ea
1413 1236 1521 1262 dierum
1541 1234 1613 1261 serie
1634 1241 1687 1268 qua
1702 1240 1846 1260 recurren-

1056 1288 1098 1310 tes
1114 1285 1302 1314 recensentur,
1321 1281 1363 1308 sui
1383 1280 1476 1315 amnt
1494 1279 1692 1307 condemnatus
1708 1284 1722 1305 a
1739 1277 1794 1304 Deo
1810 1278 1847 1303 sit

1056 1334 1139 1364 atque
1165 1328 1323 1355 elitninatus
1340 1327 1478 1362 paradiso.
1495 1323 1641 1352 Enimvero
1667 1323 1728 1359 quis
1754 1323 1848 1351 credat

1058 1375 1130 1410 (cum
1155 1374 1354 1409 amplissimttm
1378 1377 1452 1400 esset
1484 1371 1604 1407 paradisi
1636 1370 1765 1405 spatium)
1791 1375 1848 1395 uno

1058 1421 1102 1448 die
1120 1421 1254 1447 Adamum
1270 1425 1331 1446 esse
1343 1425 1481 1453 egressum
1494 1418 1527 1444 ad
1543 1416 1706 1450 imponenda
1722 1415 1848 1442 animan-

1021 1484 1042 1513 α
1059 1467 1132 1495 tibus
1151 1465 1274 1498 nomina,
1288 1463 1441 1498 eodemque
1465 1463 1611 1490 revertisse
1623 1461 1649 1488 in
1663 1461 1780 1488 medium
1798 1467 1848 1494 pa—

1061 1513 1193 1544 radisum,
1209 1511 1260 1538 hoc
1271 1515 1324 1542 est,
1337 1510 1484 1536 multorum
1499 1509 1605 1536 dierum
1620 1508 1669 1535 iter
1680 1506 1850 1534 confecisse?

1060 1559 1161 1586 Eodem
1191 1558 1271 1584 etiam
1293 1559 1446 1590 exemptam
1468 1554 1520 1589 ipsi
1546 1555 1743 1586 costamgesse,
1767 1557 1794 1578 et
1821 1553 1848 1578 in

1062 1605 1202 1631 mulierem
1224 1602 1459 1633 transformatam,
1494 1601 1589 1627 eodem
1607 1600 1640 1626 de
1656 1599 1738 1626 vetita
1755 1598 1851 1625 arbore

1062 1651 1157 1678 ambos
1172 1649 1261 1676 edisse
1286 1648 1468 1683 paradisoque
1485 1654 1546 1674 esse
1568 1645 1712 1672 cxtrusos?
1727 1644 1809 1675 Sane,
1825 1649 1852 1670 et

1063 1697 1149 1728 exire,
1171 1700 1198 1722 et
1214 1694 1327 1726 reverti,
1344 1698 1372 1720 et
1387 1697 1517 1728 prmterea
1536 1691 1619 1718 tantis
1642 1691 1702 1718 aliis
1722 1690 1853 1717 interesse

1064 1741 1157 1772 rebus,
1172 1740 1244 1767 haud
1265 1743 1308 1766 est
1334 1746 1384 1773 pro
1403 1739 1483 1765 unius
1503 1738 1556 1765 diei
1575 1737 1678 1772 spatio;
1694 1741 1721 1763 et
1742 1736 1852 1769 quidem

1065 1795 1119 1814 non
1134 1785 1229 1819 integri
1245 1785 1292 1812 sed
1308 1792 1323 1811 a
1340 1784 1460 1812 diluculo
1472 1784 1506 1811 ad
1530 1791 1630 1810 nonam
1649 1782 1780 1809 duntaxat
1802 1781 1854 1807 ho-

1066 1841 1124 1860 ram
1141 1839 1240 1867 usque,
1262 1836 1293 1858 ut
1322 1831 1360 1857 illi
1383 1831 1470 1858 aiunt.
1498 1829 1620 1864 Denique
1639 1828 1767 1860 dicimus,
1782 1827 1854 1854 haud

1066 1878 1212 1906 verisimile
1224 1877 1319 1910 videri,
1337 1877 1432 1903 eodem
1446 1876 1488 1903 die
1501 1880 1528 1902 et
1553 1876 1691 1902 conditum
1707 1882 1768 1901 esse
1784 1874 1855 1900 Ada-

1067 1932 1142 1952 mum
1155 1923 1371 1951 etanimantibus
1380 1930 1428 1949 sua
1437 1930 1496 1949 eum
1509 1922 1639 1949 indidisse
1654 1920 1772 1948 nomina.
1787 1919 1855 1946 Nam

1068 1971 1089 1998 si
1106 1977 1161 2005 quo
1173 1974 1295 2004 tempore
1307 1972 1369 1996 sunt
1384 1972 1524 2002 procreata
1547 1967 1684 1998 animalia,
1700 1965 1794 1992 eodem
1819 1965 1856 1991 si-

1070 2017 1126 2044 mul
1156 2021 1183 2043 et
1208 2016 1317 2042 nomina
1337 2015 1457 2041 Adamus
1487 2013 1630 2041 dedisset:
1651 2012 1770 2047 profecto
1800 2018 1857 2038 non

1071 2067 1238 2089 memoraret
1254 2060 1405 2095 Scriptura,
1422 2059 1505 2086 Deum
1520 2059 1563 2086 illa
1577 2059 1610 2086 ad
1620 2059 1753 2085 Adamum
1770 2057 1858 2084 addu-

1070 2108 1156 2135 xisse.
1187 2106 1279 2141 Neque
1293 2107 1365 2133 enim
1381 2109 1445 2133 ante
1460 2113 1521 2132 eItm
1538 2105 1608 2132 diem
1623 2112 1679 2139 quo
1695 2107 1804 2131 creatus
1818 2108 1859 2130 est

1036 2164 1058 2192 ι)
1072 2153 1158 2180 Adam
1174 2152 1219 2179 illa
1242 2152 1317 2178 fuere
1348 2155 1419 2183 orta,
1446 2151 1493 2178 sed
1510 2158 1542 2178 eo
1557 2152 1616 2186 ipso
1645 2158 1700 2184 quo
1727 2150 1859 2183 Adamus,

1071 2199 1152 2227 etiam
1166 2199 1211 2226 illa
1235 2202 1299 2225 sunt
1310 2201 1469 2232 procreata;
1490 2204 1574 2231 quare
1588 2204 1685 2231 parum
1703 2203 1859 2230 congruen-

1073 2249 1113 2272 ter
1127 2245 1186 2279 ipsa
1201 2243 1326 2270 dicantur
1354 2243 1449 2269 eodem
1480 2250 1535 2269 uno
1557 2249 1618 2269 curn
1634 2241 1737 2267 Adamo
1760 2240 1804 2267 die
1831 2240 1859 2267 in

1073 2290 1179 2317 dissitis
1195 2288 1351 2323 regionibus
1366 2292 1435 2319 orla,
1449 2291 1476 2313 et
1491 2287 1571 2313 simul
1602 2285 1635 2313 ad
1651 2285 1784 2312 Adamum
1799 2290 1859 2312 acta

1074 2343 1154 2368 esse;
1190 2334 1316 2368 quamvis
1345 2333 1371 2359 id
1398 2332 1425 2358 in
1455 2333 1580 2359 volucres
1607 2331 1739 2366 quadrare
1763 2331 1860 2365 possit,

1076 2381 1175 2416 quippe
1204 2387 1263 2414 qua:
1278 2379 1333 2414 jam
1357 2384 1419 2405 ante
1441 2379 1550 2405 fuerant
1573 2383 1669 2405 cnaue.
1690 2377 1766 2410 Quod
1788 2377 1861 2404 enim

1078 2431 1262 2453 memorantur
1277 2425 1403 2452 animalia
1420 2425 1451 2450 ad
1461 2425 1592 2451 Adamum
1608 2431 1622 2450 a
1640 2423 1694 2450 Deo
1708 2431 1768 2450 esse
1778 2423 1863 2450 addu-

1079 2476 1132 2502 cta,
1151 2471 1289 2505 signiticet
1313 2470 1396 2496 variis
1422 2469 1524 2504 alioqui
1548 2469 1615 2497 locis
1642 2469 1687 2495 illa
1718 2472 1860 2503 procreata

1080 2516 1256 2550 dispersaque
1300 2515 1427 2550 agitasse.
1468 2514 1708 2542 Verumenimvero
1747 2514 1861 2542 liberum

1081 2566 1139 2589 esto
1152 2561 1258 2593 lecturi,
1279 2566 1368 2588 utram
1390 2561 1453 2588 velit
1473 2561 1570 2588 harum
1596 2561 1710 2588 duarum
1741 2560 1812 2587 inter
1834 2567 1864 2586 se

1084 2607 1301 2635 adversariarum
1317 2607 1477 2641 opinionum
1496 2607 1620 2641 amplecti
1639 2611 1720 2642 atque
1737 2606 1865 2633 retinere.

273 2788 328 2825 ('29)
341 2791 399 2820 Non.
423 2791 450 2820 in
469 2796 623 2820 terrestrem
645 2791 805 2835 paradisum
828 2791 951 2820 immissa
974 2795 1016 2820 est
1035 2790 1149 2819 latronis
1163 2791 1267 2825 anima,
1280 2791 1362 2820 scdin
1380 2791 1503 2828 gloriam.
