2027 3077
160 85 210 118 531

725 84 772 114 DE
795 83 998 113 PARADISO.
1019 95 1052 100 —
1072 83 1166 112 PARS
1186 83 1210 113 Ι.

1734 85 1789 115 552

159 145 226 172 Nam
242 148 314 171 certa
326 147 420 171 earum
445 150 536 170 rerum
554 141 674 176 cognitio
689 141 715 168 in
733 141 825 167 futuro
839 140 949 166 demum
965 141 987 171 Α
1003 139 1030 165 in
1046 139 1172 173 paradiso
1197 142 1393 165 commoratum
1416 145 1477 165 esse
1500 137 1582 165 horas
1607 145 1661 165 non
1674 141 1790 174 amplius

150 190 261 222 ,steculo
290 189 325 216 iis
348 188 472 215 absolute
491 187 641 221 continget,
662 185 708 220 qui
735 188 815 212 antra
832 184 948 214 .vtrtutis

160 235 298 263 exercitiis
321 241 350 262 se
365 234 416 269 ipsi
442 233 485 260 hic
500 240 515 260 a
532 231 635 268 peccati
657 231 775 259 tenebris
800 237 949 265 perpurga-

160 281 259 309 verint.

195 327 302 359 Quanto
315 330 428 359 (stupore
443 324 528 351 Adam
544 324 638 350 vixerit
654 324 680 350 iu
698 320 946 357 parudiso.——Jam

159 379 225 399 vero
250 371 302 398 hoc
331 378 440 405 quoque
473 370 678 404 expediamus:
702 371 804 402 quanto
827 371 948 400 tempore

160 418 292 444 manserit
309 418 394 443 Adam
408 416 434 443 in
449 416 584 451 paradiso.
600 414 650 441 Hic
666 414 775 448 quidam
792 412 948 440 existimant

161 462 270 497 triginta
286 470 372 489 annos
395 462 461 488 inibi
478 461 578 493 fuisse,
605 467 700 494 nempe
725 463 792 493 quot
818 457 948 484 Dominus

161 514 251 535 uoster
263 509 289 535 in
307 509 411 535 mundo
434 508 487 542 egit
515 515 563 542 pro
575 506 710 541 expiando
731 505 803 532 illius
819 505 923 532 scelere
938 511 946 531 :

161 558 191 580 ut
215 554 335 588 quantliu
364 552 445 587 primi
475 551 600 579 homines
614 550 813 585 magnificentia
830 549 947 584 paradisi

159 604 224 625 sunt
239 598 329 632 potiti,
344 598 436 624 tandiu
464 597 514 624 iste
540 597 634 624 mundi
656 596 740 631 hujus
766 595 947 622 humilitatem

161 644 330 670 toleraverit.
358 643 410 670 Alii
428 648 534 678 putant,
563 642 742 677 quadraginta
765 641 859 668 diebus
875 641 947 667 Ada-

159 695 233 714 mum
257 688 311 715 illic
328 687 459 720 hmsisse;
480 695 568 718 eoque
585 687 724 714 Christum
751 687 809 714 dics
836 687 947 714 totidem

157 733 290 768 jejunium
320 735 473 767 duravisse,
496 734 627 761 nimirum
657 739 686 761 ut
711 733 792 768 hujus
812 733 946 767 jejunium

158 780 281 807 remedio
296 785 367 807 esset
383 780 492 807 illorum
513 779 641 814 ingluviei
657 787 705 814 per
718 787 798 813 quam
812 779 948 806 admisere

1004 191 1069 216 sex;
1086 191 1100 210 a
1117 185 1195 210 tertia
1216 183 1331 215 scilicet,
1346 183 1379 210 ad
1409 191 1508 210 nonam
1523 184 1610 218 quue
1631 184 1682 211 diei
1699 186 1766 212 sexti
1780 196 1786 216 ;

999 229 1082 263 idque
1114 229 1203 257 tribus
1231 228 1381 256 rationibus
1412 229 1603 255 demonstrare
1644 230 1790 258 nituntur:

998 281 1116 308 quarum
1133 275 1220 308 prima
1236 279 1288 306 est,
1305 274 1370 309 quia
1387 275 1472 301 multo
1486 274 1591 302 facilius
1602 274 1688 310 decipi
1704 277 1791 310 potuit

998 320 1120 348 Adamus
1138 321 1164 348 in
1183 321 1244 355 ipso
1258 321 1350 348 statim
1363 320 1440 347 initio
1451 328 1531 354 quam
1548 321 1570 347 si
1583 321 1706 355 longiore
1721 326 1765 349 ten
1776 337 1791 343 -

998 372 1065 400 pore
1090 365 1246 401 paradisum
1272 365 1451 398 incoluissut;
1479 365 1561 392 altera
1576 385 1584 397 .
1607 368 1736 400 quoniam
1767 368 1789 393 si

998 411 1103 438 diutius
1122 412 1193 446 apud
1210 410 1430 438 animumsuum
1446 411 1603 438 meditando
1618 413 1790 446 expendissd

999 456 1159 491 imperatam
1197 457 1249 485 sibi
1288 457 1393 491 legem,
1418 456 1525 484 cautior
1547 455 1638 484 factus
1675 457 1789 489 fuisset;

998 509 1092 529 verum
1108 503 1218 537 quando
1234 502 1360 534 exiguum
1373 501 1417 528 ille
1449 502 1579 535 temporis
1595 501 1712 535 spatium
1723 503 1790 535 egit,

998 547 1079 574 simul
1094 552 1123 574 ut
1133 547 1291 574 mandatum
1305 554 1321 573 a
1332 546 1386 574 Deo
1401 549 1554 580 acceperat,
1568 545 1690 572 fraudetur
1705 547 1786 572 etiam

999 593 1052 620 sibi
1079 592 1159 620 facile
1185 592 1243 619 fieri
1271 599 1368 627 passus
1383 598 1435 618 est.
1458 591 1559 624 Tertia,
1578 591 1710 618 credibile
1737 596 1789 622 est,

998 639 1102 671 Deum.
1131 646 1212 673 quem
1242 639 1371 671 paradiso
1394 637 1525 672 pulsurus
1547 640 1615 666 erat,
1631 643 1692 663 eum
1719 636 1790 662 haud

999 685 1078 720 longo
1095 691 1216 720 tempore
1240 689 1314 712 tanta
1329 685 1460 711 felicitate
1477 683 1529 710 frui
1544 683 1642 710 sivisse
1657 690 1690 709 ne
1706 682 1790 709 nimi-

1000 739 1067 758 rnm
1093 731 1317 763 excruciaretur;
1344 730 1389 757 sed
1426 729 1535 756 mollius
1555 729 1700 762 minusque
1721 735 1791 762 aegre

1000 775 1103 808 ferret,
1133 783 1162 802 se
1204 775 1286 801 tantis
1315 774 1418 801 deliciis
1443 773 1571 808 spoliari;
1604 772 1674 799 solet
1704 772 1778 798 cuitu

159 829 299 859 peccatum
313 825 339 852 in
356 825 493 859 paradiso.
519 813 571 852 sed
585 825 711 851 dominus
736 823 865 857 Ephrem,
884 823 945 849 [’bi-
963 813 983 840 Β
1000 821 1069 848 Deus
1085 821 1232 848 clementer
1245 820 1453 854 castigationem
1470 825 1609 846 exercere.
1632 818 1721 852 Atque
1746 817 1790 844 hic

159 870 285 902 loxcnus,
298 875 325 898 ct
340 870 370 898 D.
383 870 506 898 Jacobus
523 869 686 905 Sarugcnsis
707 870 795 902 aiunt,
810 869 945 896 Adamum

1000 868 1062 894 finis
1079 871 1138 894 esto
1158 867 1238 902 primi
1256 865 1456 893 commentarii.

167 963 1768 977 _____——_.______——_.————~————-

695 1045 838 1090 PARS
877 1043 1239 1089 POSTERIOR.

455 1235 663 1264 ΡῘίΟωΜΙυΜ.

194 1295 252 1324 Col.
276 1294 429 1329 Superioris
445 1293 657 1325 Commentarii,
674 1292 716 1326 pie
736 1290 835 1326 iguati,
856 1291 945 1326 primo

159 1341 255 1375 capite,
271 1340 429 1367 disserendo
444 1339 631 1369 ostendimus,
647 1337 802 1370 paradisum
828 1336 944 1370 duplicis

158 1393 218 1413 esse
238 1385 416 1415 conditionis,
433 1391 570 1418 corporeae
596 1387 624 1410 et
643 1383 789 1417 spiritalis;
813 1387 894 1417 atque
910 1382 943 1409 ad

158 1433 183 1459 id
195 1432 424 1467 comprobandum
436 1430 599 1457 adduximus
608 1434 765 1464 argumenta
776 1428 942 1456 firmissima:

158 1481 214 1504 tum
231 1478 264 1503 ab
280 1477 336 1511 ipsa
350 1483 441 1502 rerum
460 1479 555 1502 natura
571 1473 665 1509 petita,
685 1478 740 1500 tum
755 1480 851 1500 eorum
872 1473 945 1499 viro-

157 1530 219 1550 rum
237 1522 398 1548 auctoritate
412 1520 474 1547 nita
496 1521 542 1554 qui
555 1520 633 1546 fiderit
648 1519 674 1545 in
690 1518 723 1545 iis
741 1518 822 1544 rebus
839 1525 946 1543 meren-

159 1573 213 1595 tur.
229 1567 369 1594 Prosccuti
390 1574 470 1601 porro
483 1566 537 1592 illic
552 1573 648 1593 sumus
667 1568 842 1599 corporatum
867 1571 946 1598 para-

157 1613 257 1644 disum,
274 1619 385 1646 quaeque
399 1618 432 1638 eo
446 1618 507 1637 cum
521 1614 684 1644 spectarent,
694 1613 847 1635 memoratu
863 1607 945 1642 digna

157 1666 218 1685 esse
235 1658 398 1685 videbantur
413 1665 419 1684 :
438 1656 616 1690 explicantes,
641 1662 695 1682 non
717 1655 798 1681 modo
813 1661 856 1680 res
871 1653 944 1687 ipsas

157 1705 204 1732 sed
224 1704 335 1730 nomina
351 1702 433 1729 etiam
449 1709 550 1733 rerum,
566 1708 614 1735 pro
631 1705 724 1727 tenore
739 1707 832 1726 eorum
849 1699 945 1726 \erbo-

156 1757 217 1776 rum
242 1749 341 1782 quibus
366 1748 445 1775 divus
470 1747 557 1774 Moses
574 1747 600 1773 in
619 1745 798 1773 describendo
816 1745 943 1779 paradiso

157 1802 224 1823 usus
245 1799 296 1822 est.
312 1793 370 1822 Jaln
386 1802 453 1820 vero
480 1794 507 1820 in
533 1794 585 1820 hoc
609 1791 729 1820 secundo
743 1791 943 1818 Commentario

157 1841 362 1872 Constituimus,
390 1840 536 1874 adjuvante
559 1845 668 1873 operam
693 1843 815 1864 nostram
838 1836 941 1871 Spiritu

157 1891 251 1913 saneto
265 1886 310 1920 qui
326 1885 417 1912 omnia
433 1887 619 1919 perscrutatur
635 1883 716 1910 etiam
741 1889 839 1909 arcana
860 1886 942 1916 atque

157 1933 249 1960 intima
268 1931 324 1963 Dei,
337 1932 370 1958 de
383 1931 478 1958 eodem
494 1930 618 1964 paradiso
634 1929 768 1956 disserere
777 1928 941 1962 mysticc,et,

156 1978 235 2004 utsic
252 1979 351 2008 dicam.
366 1977 545 2011 spiritualiter
561 1983 568 2003 :
585 1980 613 2002 ut
632 1975 860 2010 quemadmodum
883 1974 941 2008 ipse

155 2023 299 2060 paradisus
328 2023 426 2056 duplex
455 2026 507 2054 est,
532 2022 568 2048 ita
585 2029 599 2048 a
628 2020 706 2048 nobis
731 2020 833 2055 duplici
859 2019 940 2047 modo

154 2073 294 2096 tractetur.
315 2067 534 2094 Consentaneum
558 2073 640 2101 perro
664 2071 724 2098 est,
754 2071 783 2092 ut
808 2066 835 2092 in
859 2066 939 2098 hujus

153 2120 264 2149 quoque
287 2113 399 2140 secundi
424 2114 559 2140 sermonis
589 2111 732 2146 principio,
751 2111 810 2146 ipsa
835 2117 937 2146 septem
955 2133 977 2160 Β

152 2161 241 2193 capita
256 2159 355 2193 quibus
373 2163 458 2184 totum
475 2165 543 2192 opus
557 2165 572 2185 a
590 2157 668 2184 nobis
683 2157 846 2186 absolvetur.
862 2164 939 2183 sum-

153 2204 246 2230 malim
259 2210 452 2237 proponamus.
464 2202 556 2229 Primo
575 2203 657 2237 igitur
675 2202 760 2237 capite
775 2202 938 2234 ostenditur,

152 2257 205 2284 qua
230 2249 335 2275 ratione
358 2249 460 2275 inducti
482 2248 538 2276 sint
554 2248 680 2276 doctores
697 2247 835 2281 Ecclesi:e,
853 2251 880 2275 ut
905 2248 939 2275 de

152 2294 280 2329 paradiso
302 2295 415 2329 mystice
432 2294 626 2328 loquerentur;
642 2298 667 2320 et
683 2294 783 2328 quibus
798 2294 938 2321 t‘ocabulis

153 2341 348 2376 appellaverint
365 2340 509 2376 mysticum
523 2340 689 2375 paradisum.
707 2339 833 2367 Secundo
850 2340 938 2374 capite

153 2387 340 2421 explicabitur,
371 2387 438 2422 quid
461 2387 496 2414 sit
514 2387 640 2420 pardisus
664 2387 805 2422 mysticus.
831 2386 935 2419 Tertio,

153 2440 276 2467 quaenam
290 2433 326 2460 sit
349 2437 420 2460 terra
440 2433 564 2468 mystica.
585 2432 698 2466 Quarto,
719 2433 813 2467 quales
836 2433 937 2460 fuerint

153 2478 263 2504 arbores
291 2481 372 2512 atque
400 2477 498 2511 planta:
528 2478 555 2504 in
571 2477 622 2504 hoc
650 2477 765 2512 mystico
797 2478 934 2512 paradiso.

151 2523 251 2555 Quinto
270 2531 331 2557 quae
353 2523 436 2550 fuerit
459 2523 542 2549 arbor
563 2523 683 2550 scientiae
701 2523 764 2550 boni
781 2527 808 2550 et
830 2524 894 2550 mali
910 2524 936 2550 in

153 2567 204 2594 hor.
219 2567 346 2602 paradiso
359 2568 470 2602 mystico
484 2571 553 2595 sata.
571 2568 664 2600 Sexto,
680 2575 741 2602 quae
757 2567 838 2595 fuerit
856 2569 937 2595 arbor

150 2613 213 2639 vita:
233 2613 259 2638 in
274 2612 325 2638 hoc
341 2612 467 2646 paradiso
481 2612 604 2647 mystico.
622 2613 754 2648 Septimo,
766 2619 936 2648 exponentur

151 2658 266 2693 mystice
293 2658 374 2684 verba
397 2657 480 2686 MOsis
494 2666 555 2693 qua:
570 2659 603 2686 de
620 2659 748 2694 paradiso
765 2661 866 2696 scripta
891 2661 935 2689 ille

150 2703 272 2739 reliquit.

186 2783 208 2800 ἰ
231 2782 324 2810 Matth.
339 2762 364 2818 νβ
379 2783 423 2816 12,
438 2763 484 2818 27',
501 2783 555 2817 59;
580 2791 635 2818 xu,
653 2783 698 2812 21.

1246 1234 1361 1262 CAPUT
1392 1235 1538 1262 PRIMUM.

1040 1291 1128 1319 Varite
1145 1293 1281 1319 sententia:
1314 1292 1457 1319 Doctorum
1485 1292 1730 1320 Ecclesiasticorum
1757 1295 1790 1320 de

998 1338 1125 1373 paradiso
1157 1339 1278 1373 mystico.
1307 1353 1342 1359 ——
1372 1339 1504 1365 Doctores
1538 1339 1667 1367 Ecclesia:
1692 1347 1788 1373 εδει-ττι,

997 1384 1043 1420 qui
1057 1384 1198 1420 praecipui,
1234 1385 1446 1418 certissimaeque
1472 1385 1533 1411 fidei
1552 1385 1699 1417 habentur,
1717 1385 1786 1413 alias

996 1434 1078 1465 atque
1093 1430 1162 1457 alias
1181 1429 1326 1462 opiniones
1340 1429 1461 1456 habuere
1471 1429 1504 1455 de
1518 1429 1643 1463 paradiso
1656 1430 1786 1464 mystico.

999 1476 1116 1509 Quidam
1145 1475 1218 1502 enim
1251 1475 1374 1510 ipsorum
1405 1480 1610 1501 sacrosanctam
1636 1474 1785 1502 Ecclesiam

997 1522 1222 1548 existimaverunt
1241 1520 1386 1555 mysticum
1415 1519 1571 1554 paradisum
1583 1527 1644 1546 esse
1660 1528 1668 1547 :
1697 1525 1781 1554 atque

998 1567 1081 1601 hujus
1097 1566 1209 1600 figuram
1238 1566 1382 1600 mysticam
1411 1565 1497 1592 fuisse
1527 1565 1592 1591 olim
1610 1570 1786 1599 corporalum

999 1611 1075 1639 illum
1091 1611 1247 1647 paradisum
1265 1612 1291 1637 in
1312 1618 1367 1645 quo
1397 1615 1456 1637 erat
1471 1610 1604 1638 Adamus.
1629 1610 1682 1637 Alii
1705 1619 1788 1646 para-

998 1659 1088 1686 disum
1107 1658 1252 1692 mysticum
1271 1656 1394 1684 fecerunt
1426 1664 1486 1684 eam
1512 1656 1616 1683 Christi
1644 1657 1786 1685 docrinam

996 1713 1079 1739 quam
1093 1692 1249 1739 b'aptizatus
1264 1703 1433 1737 divulgabat,
1453 1704 1608 1738 cujusmodi
1633 1709 1698 1732 sunt
1720 1704 1765 1731 illa
1779 1712 1786 1731 :

993 1749 1033 1777 Ne
1047 1750 1176 1777 irascaris
1192 1754 1238 1777 tuo
1251 1749 1334 1776 fratri-
1346 1749 1466 1783 gratuito
1482 1758 1490 1776 :
1507 1749 1546 1776 Ne
1565 1749 1689 1777 intucare
1705 1749 1785 1777 femi-

995 1797 1096 1822 minam
1114 1803 1162 1830 per
1176 1795 1329 1829 cupidinem
1348 1803 1354 1821 :
1374 1794 1405 1821 Si
1431 1796 1488 1829 quis
1505 1797 1668 1829 percusserit
1688 1796 1786 1822 maxil-

993 1839 1046 1866 lam
1077 1845 1160 1872 tuam,
1191 1841 1326 1867 dexteram
1349 1841 1451 1868 obverte
1479 1841 1503 1867 ei
1529 1841 1642 1868 alteram
1661 1849 1784 1876 quoque:

996 1886 1078 1917 Vade,
1094 1887 1174 1914 renda
1189 1887 1317 1921 quidquid
1331 1887 1421 1919 Itubts,
1433 1892 1457 1913 st
1469 1887 1532 1913 dato
1544 1887 1703 1922 pauperibus
1712 1887 1747 1919 ",
1760 1893 1786 1914 et

992 1932 1074 1967 hujus
1087 1932 1196 1967 generis
1219 1932 1282 1959 alia.
1296 1932 1416 1959 Rursum
1442 1932 1487 1959 alii
1517 1937 1624 1967 putant,
1639 1934 1783 1967 mysticum

990 1977 1146 2012 paradisum
1171 1985 1231 2005 esse
1257 1977 1355 2004 animae
1375 1982 1480 2012 typum.
1499 1978 1664 2012 arboresque
1685 1978 1711 2004 in
1738 1978 1784 2004 illo

990 2027 1075 2054 satas,
1101 2022 1199 2049 animat
1218 2022 1339 2048 facinora
1361 2029 1409 2056 per
1427 2021 1555 2049 virtutem
1583 2021 1652 2048 facta
1677 2022 1785 2057 signifi-

989 2075 1070 2100 care;
1085 2067 1123 2098 hi,
1133 2072 1251 2102 quatuor
1259 2067 1376 2102 paradisi
1387 2067 1498 2094 flumina
1509 2068 1542 2095 ad
1553 2072 1672 2102 quatuor
1686 2069 1784 2096 animat

990 2114 1107 2140 virtutes
1131 2113 1292 2140 naturaliter
1305 2113 1524 2145 ,accommodant
1540 2121 1547 2140 :
1564 2120 1661 2148 nempe
1677 2113 1710 2140 ad
1725 2120 1785 2140 cam

992 2167 1052 2194 quas
1066 2158 1206 2185 rationalis
1218 2159 1305 2193 partis
1321 2158 1418 2185 animt:
1432 2158 1542 2193 propria
1555 2163 1606 2188 est.
1620 2163 1647 2186 et
1663 2159 1785 2193 pruden-

994 2205 1030 2232 tia
1058 2210 1184 2235 vocatur,
1213 2209 1240 2231 et
1262 2205 1294 2231 ad
1321 2204 1529 2238 temperantiam
1548 2213 1554 2231 :
1573 2204 1638 2232 item
1663 2204 1696 2232 ad
1722 2212 1783 2231 eam

991 2258 1051 2286 qua:
1066 2251 1217 2278 animosam
1233 2250 1290 2278 sive
1300 2250 1464 2278 irascibilem
1482 2255 1586 2285 partem
1603 2250 1701 2278 animae
1716 2258 1779 2285 spe-

991 2301 1056 2329 ctat,
1070 2301 1152 2331 atque
1167 2303 1240 2323 nunc
1252 2295 1396 2328 fortitudo,
1412 2303 1485 2323 nunc
1499 2295 1599 2323 lenitas
1620 2302 1783 2323 mansuetu-

991 2343 1061 2370 dove
1087 2341 1249 2377 appellatur,
1275 2342 1394 2377 denique
1415 2341 1448 2368 ad
1468 2341 1604 2376 justitiam
1621 2351 1628 2368 :
1644 2341 1685 2368 ha:
1708 2341 1781 2368 enim

990 2393 1119 2423 quatuor,
1137 2393 1250 2416 exteras
1264 2389 1362 2416 anima
1376 2388 1491 2416 virtutes
1514 2395 1610 2415 omnes
1627 2387 1712 2414 veluti
1741 2387 1781 2414 ri-

990 2441 1064 2470 gant,
1079 2434 1180 2467 fovent,
1190 2439 1300 2469 augent.
1319 2434 1389 2461 Sunt
1399 2439 1528 2469 prmterea
1543 2433 1589 2469 qui
1601 2434 1780 2465 arbitrentur,

992 2481 1134 2516 mysticum
1154 2481 1310 2515 paradisum
1328 2488 1388 2508 esse
1403 2487 1501 2508 sensus
1523 2479 1655 2514 quosdam
1677 2478 1781 2514 figura-

989 2532 1032 2554 tos
1049 2528 1107 2554 sive
1120 2527 1293 2562 parabolicos
1307 2527 1349 2562 (ut
1365 2526 1505 2560 vocamus)
1531 2529 1578 2552 aut
1597 2525 1778 2560 anagogicos:

989 2579 1020 2598 ea
1032 2572 1104 2598 enim
1121 2579 1182 2607 quae
1196 2580 1211 2598 a
1225 2571 1298 2599 Mose
1313 2572 1347 2599 de
1359 2571 1487 2606 paradiso
1498 2571 1570 2598 dicta
1587 2576 1660 2603 sunt,
1679 2569 1777 2605 partim

987 2617 1021 2644 de
1041 2617 1123 2645 rebus
1149 2617 1215 2652 ipsis
1234 2625 1295 2652 qua:
1311 2617 1453 2644 vocabulis
1469 2616 1600 2650 subjectae
1616 2620 1690 2649 sunt,
1707 2615 1779 2642 act-i-

988 2663 1086 2698 pienda
1111 2670 1173 2690 esse
1191 2671 1199 2689 :
1215 2663 1313 2698 partim
1338 2669 1404 2689 vero
1426 2669 1475 2696 per
1489 2661 1696 2688 similitudinem
1725 2660 1778 2687 alio

986 2708 1228 2739 accommodanda.
1251 2707 1333 2736 Verbi
1351 2707 1450 2743 gratia,
1469 2706 1543 2742 quod
1570 2706 1607 2734 ait
1631 2705 1776 2734 Dominum
