2027 3077
238 73 291 106 583

875 68 989 99 MOSIS
1011 69 1086 99 BAR
1106 68 1227 99 CEPHA

1809 71 1864 102 584

241 131 325 157 Deum
345 128 478 157 formasse
493 129 639 160 Adamum,
659 132 687 156 et
710 135 771 162 quae
788 130 852 154 sunt
874 126 955 161 hujus
978 134 1026 162 ge-
1040 129 1062 159 Α
1079 131 1121 155 est
1143 126 1295 154 differentia
1313 136 1320 154 :
1338 127 1499 163 quantispcr
1519 134 1591 154 enim
1615 127 1672 154 haec
1695 127 1759 155 Athe
1780 127 1866 156 animi

242 173 372 205 neiis,de
386 173 549 208 rebusdpsis
560 180 621 200 csse
637 171 809 206 intelligenda
825 171 920 198 dicunt
937 179 944 197 :
961 171 1026 198 illud

241 227 319 250 vero,
333 219 406 253 quod
428 219 558 246 Dominus
572 217 641 244 Deus
654 216 808 244 conseverit
825 216 980 250 paradisum
1000 216 1027 243 in

243 265 318 293 Eden
334 265 368 292 ab
386 265 474 297 initio,
489 264 542 291 alio
560 270 641 290 sensu
660 269 720 289 esse
736 262 925 296 accipiendum
945 269 1027 297 quam

244 312 327 339 verba
352 311 409 346 ipsa
427 309 592 342 ostendunt;
611 315 709 343 nempe
733 307 819 334 Deum
840 309 1029 343 comparuisse

244 356 413 391 spiritualem
429 355 574 390 quamdam
596 360 679 389 atque
696 354 802 382 felicem
818 355 927 382 vivendi
943 355 1026 382 ratio-

244 406 382 432 nem,etc.
402 400 503 427 Praeter
525 399 574 427 hos
599 403 664 426 sunt
686 399 733 434 qui
757 400 841 426 velint
853 401 869 433 ,ἶ
886 400 1029 435 mysticum

243 446 399 480 paradisum
415 451 475 471 esse
490 444 579 478 ipsum
596 448 768 478 corporatum
781 444 950 479 paradisum,
963 445 1028 471 dum

244 498 307 517 cum
330 489 423 516 animo
447 489 665 523 enntemplamnr
688 489 823 524 spirituali
844 490 960 517 ratione.
977 489 1031 517 Po-

245 540 346 562 stremo
375 539 439 561 sunt
466 535 512 561 alii
536 535 662 562 doctores
677 542 794 570 quorum
813 535 956 562 sententia:
979 543 1030 563 nos

243 589 352 616 quoque
370 581 584 612 subscribimus,
598 581 644 615 qui
659 582 747 616 ipsum
772 581 926 616 paradisum
943 582 1033 617 dupli-

243 628 284 654 cis
301 627 470 655 conditionis
486 635 548 655 esse
571 628 650 655 aiunt
664 649 671 661 ,
692 628 789 663 partim
814 629 886 656 cnim
901 636 934 656 ex
950 629 1031 656 rebus

244 673 406 705 corporalis,
435 673 534 707 partim
550 681 582 700 ex
602 674 790 707 spirituahbus
805 679 944 706 constare;
962 674 1032 701 sicut

244 722 271 756 et
297 718 353 752 ipse
376 718 463 745 Adam
483 719 562 753 cujus
586 719 671 754 gratia
698 719 742 746 ille
769 720 895 746 conditus
910 725 979 752 erat,
998 727 1031 746 ex

243 769 359 797 corpore
371 767 399 789 et
413 763 502 790 anima
523 763 580 790 sive
603 763 700 797 spiritu
725 763 814 791 fuerat
838 764 1007 799 compositus
1023 783 1031 796 ,

245 813 458 843 corporatasque
473 809 590 842 paradisi
603 814 692 843 partes
703 816 763 837 esse
777 809 902 843 arbores,
915 810 1030 844 plantas,
1050 799 1070 826 Β

245 859 273 882 et.
297 854 465 888 ejuscemodi
490 862 534 882 res
559 855 627 882 alias
646 874 654 887 ,
670 859 762 889 partes
777 863 842 882 vero
864 856 1032 890 spirituales,

246 900 328 926 vitam
343 899 447 926 beatam
463 903 544 934 atque
556 900 704 927 secundum
715 900 838 927 virtutem
854 905 954 932 actam,
966 906 1034 934 etc.,

248 944 319 973 sicut
339 944 438 978 prioris
451 943 647 971 Couuucutarii
660 945 780 972 secundo
803 945 890 980 capite
915 946 1036 980 explica-

248 990 348 1017 vimus.

555 1024 670 1053 CAPUT
687 1025 721 1052 ll.

284 1069 349 1102 Quir:
375 1077 415 1096 νει
443 1071 476 1096 sit
502 1070 645 1104 paradisus
676 1071 814 1105 mysticus.
830 1085 865 1091 —-
890 1071 1036 1099 Paradisus

247 1115 398 1149 spiritualis
423 1114 481 1142 sive
499 1116 641 1150 mysticus,
655 1115 709 1142 \‘ita
734 1121 776 1143 est
807 1117 959 1151 spiritualis
975 1125 1036 1152 qua:

247 1162 339 1188 animo
353 1163 484 1196 agitatur,
502 1161 585 1195 iplena
609 1168 722 1188 summa:
742 1162 927 1196 temperantia
953 1169 1036 1197 atque

247 1207 412 1238 sanctitatis,
430 1210 458 1232 et
483 1206 620 1241 perpetuis
637 1206 860 1234 meditationibus
884 1215 974 1235 rerum
997 1207 1037 1235 di-

248 1251 374 1277 vinarum
392 1258 541 1285 earumque
560 1259 620 1285 qua:
634 1256 698 1278 sunt
715 1259 729 1278 a
746 1251 799 1278 Deo
816 1252 943 1285 conditae,
957 1253 1037 1280 addi-

249 1299 294 1321 cta
309 1314 317 1327 ,
333 1299 414 1328 atque
444 1295 556 1322 omnino
575 1295 630 1322 vita
653 1294 732 1322 beata
747 1299 775 1323 et
791 1297 925 1331 angelica,
943 1296 1038 1330 procul

250 1338 286 1366 ab
301 1339 429 1366 omnibus
443 1339 527 1366 animi
551 1339 811 1373 perturbationibus,
836 1340 1038 1374 anxietatibus,

251 1384 389 1418 suspiriis,
407 1385 481 1412 luctu
498 1389 613 1417 remota,
630 1388 711 1419 atque
725 1392 787 1412 cum
806 1386 917 1420 gaudio,
933 1386 1038 1420 latitia,

249 1429 431 1457 exsultatione
456 1429 611 1463 conjuncta,
638 1429 727 1464 itaque
756 1431 860 1465 pollens
885 1435 1038 1466 potensque

249 1478 280 1501 ut
305 1474 396 1501 radios
421 1479 503 1509 atque
527 1463 698 1508 splendorem
717 1463 870 1502 divinarum
886 1463 1036 1504 potionum
1052 1463 1073 1491 θ’

249 1519 395 1553 concipere
414 1525 497 1554 queat
511 1539 518 1552 ,
536 1519 637 1554 quippe
653 1520 698 1554 qui
715 1520 743 1547 in
763 1521 814 1548 hoc
831 1521 959 1556 paradiso
975 1529 1038 1549 ver-

248 1570 356 1597 santur,
369 1565 395 1592 in
422 1573 528 1592 summa
549 1566 644 1593 vivunt
663 1565 845 1599 beatitudine,
860 1571 941 1602 atque
960 1575 1036 1595 crear

249 1617 335 1638 torem
352 1609 438 1637 Deum
454 1611 569 1645 ejusque
580 1616 730 1644 creaturas,
747 1616 837 1638 tuente
851 1614 1040 1648 contemplan-

253 1661 293 1682 tes
320 1655 502 1683 obiectantur.
519 1654 585 1682 Nam
601 1661 628 1683 et
651 1663 775 1690 supernaa
800 1657 886 1691 copia:
910 1659 1038 1696 angelicae

250 1699 307 1726 illic
324 1699 463 1730 habitant,
483 1704 509 1726 et
521 1699 605 1727 Adam
631 1701 757 1736 Evaque,
775 1706 921 1737 antequam
942 1704 1040 1731 adver-

253 1752 315 1771 sum
344 1743 391 1771 Dei
427 1745 584 1772 mandatum
625 1745 772 1780 fecissent,
815 1747 915 1775 ibidem
947 1756 1039 1777 mora-

251 1790 365 1817 bantur.

561 1825 676 1853 CAPUT
696 1826 741 1855 lli.

287 1891 382 1924 Qualis
411 1892 492 1926 fuerit
517 1896 587 1919 terra
615 1893 721 1928 mystici
746 1894 880 1928 paradisi.
903 1908 940 1915 —
957 1894 1040 1922 Terra

251 1938 358 1973 mystici
377 1937 494 1972 paradisi
511 1938 563 1965 iuit
585 1938 693 1966 animus
715 1943 743 1966 et
763 1946 840 1967 mens
859 1939 967 1972 Adami,
983 1940 1036 1968 hoc

249 1988 302 2016 est,
333 1983 452 2011 hominis
487 1983 550 2010 inibi
581 1984 696 2019 agentis.
724 1983 792 2011 Nam
818 1985 881 2012 inde
903 1986 1039 2020 pullulant

251 2033 333 2063 atque
346 2030 473 2056 oriuntur
488 2029 684 2057 nteditationes
699 2037 753 2057 non
770 2030 850 2057 modo
873 2038 964 2058 rerum
978 2039 1040 2066 spe-

251 2075 404 2106 ctahilium,
418 2075 465 2102 sed
484 2079 512 2102 et
529 2082 624 2103 earum
645 2083 755 2111 quoque
770 2083 830 2111 quae
859 2076 935 2104 nullo
956 2085 1038 2105 sensu

251 2121 354 2156 percipi
374 2125 491 2155 queunt.

550 2165 665 2193 CAPUT
691 2165 737 2195 iV.

287 2220 382 2253 Quales
412 2221 518 2248 arbores
544 2225 568 2249 et
598 2223 698 2257 planus
720 2223 748 2250 in
760 2224 1043 2260 paradiso.—-lgitur

252 2267 411 2302 1ιιι]ιιειηοι1ἰ
436 2268 615 2303 cogitationes
633 2268 876 2304 meditationesque
894 2277 927 2297 ex
943 2271 1042 2298 animis

250 2316 278 2340 et
297 2313 436 2339 hominum
449 2317 476 2340 et
492 2313 661 2348 angelorum,
679 2314 758 2348 quasi
781 2315 895 2343 arbores
919 2323 935 2342 e
958 2320 1042 2348 terra,

252 2363 412 2393 procreatur,
429 2358 543 2386 arb0res
558 2363 585 2386 et
600 2358 699 2394 planta:
715 2359 834 2394 paradisi
848 2360 954 2396 mystici
968 2360 1040 2388 haud

251 2403 370 2431 absurde
388 2403 527 2431 dicuntur.

560 2449 676 2478 CAPUT
699 2449 729 2477 V.
1024 2479 1026 2481 ,

289 2495 325 2523 Dc
335 2496 429 2523 arbore
439 2496 556 2523 scienti]:
573 2495 633 2523 boni
642 2500 666 2523 et
676 2495 740 2522 mali
752 2495 779 2522 in
789 2496 911 2530 paradiso
922 2498 1043 2532 mystico.

251 2556 285 2562 ——
297 2542 412 2575 Quidam
428 2549 443 2568 e
459 2549 573 2569 numero
586 2542 728 2568 doctorum
739 2540 868 2569 Ecclesia:
879 2543 982 2575 dicunt,
999 2551 1040 2569 ar-

253 2588 347 2615 borem
358 2588 478 2616 sirientia:
495 2588 559 2615 boni
571 2592 597 2615 et
612 2587 674 2614 mali
691 2587 833 2623 mysticam
849 2592 876 2614 et
887 2587 914 2614 in
924 2589 1040 2624 mystico

252 2633 378 2668 paradiso
403 2634 550 2665 consitam.
576 2641 639 2661 esse
663 2632 748 2660 animi
766 2637 870 2660 motum
885 2634 1039 2668 ,‘quemdam

252 2688 307 2715 quo
323 2680 405 2707 homo
418 2687 467 2707 ceu
491 2680 621 2716 peculiari
639 2681 739 2707 mentis
769 2686 826 2707 suae
850 2679 942 2706 indole
960 2680 1040 2708 incli-

254 2732 342 2760 natur,
360 2734 392 2753 eo
406 2727 477 2754 enim
489 2727 597 2760 sentiri,
612 2735 673 2762 qua:
687 2727 756 2755 inter
775 2725 876 2754 malum
886 2725 1040 2763 bonumque

291 2783 313 2798 ’τ
332 2782 425 2809 Matth.
442 2790 485 2814 ut,
503 2782 530 2810 2.

1078 173 1121 201 vis
1134 173 1184 200 sibi
1199 173 1353 206 constabat,
1380 179 1434 201 tota
1452 174 1478 200 in
1493 181 1577 200 unum
1602 181 1682 201 suum
1707 174 1866 202 Creatorem

1078 219 1201 250 inventa,
1217 219 1576 255 jugiqucjcontcmplatione
1591 220 1616 247 ei
1635 221 1756 255 alligata,
1771 221 1869 248 tantis-

1079 272 1127 300 per
1143 265 1170 292 in
1184 265 1244 292 solo
1259 265 1331 292 bono
1352 265 1396 293 ille
1412 266 1583 297 versabatur,
1598 266 1680 300 idque
1696 274 1780 293 unum
1802 275 1869 294 scn-

1079 310 1162 338 tiebat
1177 330 1185 343 ,
1199 318 1292 337 verum
1313 316 1457 346 postquam
1472 310 1518 338 illa
1539 311 1604 339 Inde
1631 316 1704 338 mota
1721 315 1774 342 est,
1793 319 1863 339 sese-

1079 363 1132 390 que
1151 356 1271 388 demisit,
1307 356 1393 384 sensit
1411 357 1493 383 etiam
1517 358 1632 384 alterum
1658 357 1725 384 illud
1738 377 1746 389 ,
1760 357 1785 384 id
1815 362 1868 388 est,

1080 402 1168 436 ipsum
1187 401 1298 429 malum.
1319 402 1372 429 Alii
1386 393 1528 429 autumant
1553 403 1672 429 scientiae
1685 402 1749 429 boni
1764 407 1791 429 et
1806 402 1870 428 mali

1080 447 1206 475 arborem
1241 447 1325 475 fuisse
1352 453 1445 483 typum
1462 448 1528 483 legis
1546 447 1673 475 Mosaicae
1687 469 1695 480 ,
1711 455 1740 474 ut
1763 453 1789 474 et
1808 447 1871 475 reli-

1081 500 1152 528 quas
1168 493 1287 527 paradisi
1295 493 1430 530 ~arbores,
1452 493 1621 526 singulorum
1637 493 1698 526 ejus
1715 492 1783 526 legis
1799 499 1871 526 prae-

1081 544 1221 573 ceptorum
1240 538 1351 573 iiguras.
1363 545 1396 565 eo
1414 538 1486 572 quod
1502 538 1543 564 lex
1554 537 1671 565 Mosaica
1685 538 1754 564 inter
1766 538 1870 564 bonum

1082 584 1237 618 malumque
1249 583 1397 618 dijudicel;
1413 591 1514 619 eosque
1531 584 1577 618 qui
1596 583 1664 610 bene
1672 588 1766 618 agunt,
1778 583 1870 617 bonis,

1082 634 1109 656 et
1124 629 1170 663 qui
1185 629 1266 661 male,
1284 629 1364 655 malis
1380 628 1500 661 alliciat;
1517 634 1599 663 atque
1616 628 1679 654 ideo
1702 628 1773 654 hanc
1790 628 1872 655 arbo-

1083 681 1139 714 rem
1151 674 1227 707 juxta
1240 674 1301 700 vita:
1319 674 1444 700 arborem
1472 674 1551 700 sitam
1569 673 1655 700 fuisse
1669 693 1677 706 ,
1694 677 1724 700 ut
1742 673 1792 700 nisi
1807 674 1872 707 quis

1083 719 1169 754 ipsam
1184 719 1260 754 prius
1274 719 1357 754 legem
1372 719 1514 750 coluisset,
1528 718 1579 745 hoc
1595 723 1646 749 est.
1662 718 1729 753 legis
1743 719 1871 745 mandata

1084 765 1268 795 obsert'asset,
1281 765 1312 790 ad
1331 765 1391 790 vitae
1410 764 1534 790 arborem
1552 764 1707 798 pertingere
1736 763 1872 797 nequiret,

1085 811 1112 838 id
1123 815 1165 837 est
1186 810 1219 837 ad
1235 817 1294 837 eam
1312 809 1465 836 libertatem
1483 816 1543 843 quae
1564 809 1635 843 apud
1650 808 1788 835 Christum
1805 813 1848 834 est
1863 827 1872 840 ,

1084 856 1194 888 quando
1221 855 1279 889 ipse
1305 855 1386 881 etiam
1414 853 1580 889 Redemptor
1610 858 1704 881 noster
1730 855 1865 889 tantisper

1085 902 1148 928 dum
1167 901 1252 936 legem
1274 901 1446 933 observabat,
1459 900 1611 928 libertatem
1628 908 1684 927 suae
1697 900 1759 926 vitae
1774 907 1874 934 genere

1085 947 1195 974 minime
1215 955 1270 982 pra:
1285 954 1315 974 se
1333 946 1446 974 ferebat.
1459 946 1494 973 At
1509 953 1560 973 nos
1575 946 1718 972 detinimus
1745 945 1873 972 arborem

1085 992 1209 1019 scientia:
1228 991 1292 1019 boni
1306 995 1333 1019 et
1350 992 1414 1018 mali
1437 991 1580 1026 mysticam
1612 997 1673 1018 esse
1690 991 1873 1024 cognitionem

1085 1041 1113 1064 et
1138 1037 1340 1065 meditationem
1356 1044 1418 1072 qua:
1432 1037 1507 1064 circa
1531 1036 1614 1063 Deum
1640 1044 1731 1063 rerum
1747 1036 1872 1063 omnium

1086 1083 1254 1110 conditorem
1270 1088 1394 1110 versatur
1407 1091 1416 1115 ;
1432 1082 1629 1116 scientiamque
1644 1081 1720 1115 boni,
1736 1089 1796 1108 esse
1811 1089 1872 1108 eam

1085 1129 1267 1165 cognitionem
1279 1136 1339 1163 quae
1350 1135 1434 1156 unum
1450 1129 1538 1156 solum
1550 1128 1633 1154 Deum
1650 1128 1775 1162 agnoscit
1788 1133 1871 1160 atque

1088 1175 1252 1211 profitetur:
1272 1174 1335 1202 mali
1350 1182 1414 1202 vero
1428 1181 1489 1208 quae
1507 1174 1607 1201 multos
1630 1180 1690 1200 esse
1704 1173 1769 1200 deos
1786 1178 1873 1207 putat,

1088 1227 1170 1257 atque
1179 1222 1229 1249 hac
1238 1221 1371 1248 Adamum
1380 1221 1517 1255 Evamque
1526 1228 1574 1254 per
1581 1220 1713 1246 damonis
1726 1219 1873 1246 consilium

1088 1267 1175 1296 fuisse
1197 1266 1342 1294 distentos.
1373 1267 1487 1301 insuper
1511 1266 1562 1292 hoc
1598 1272 1707 1300 quoque
1736 1265 1874 1297 dicimus,

1088 1320 1148 1340 eam
1181 1311 1436 1340 commentationem
1461 1319 1510 1346 pro
1536 1312 1572 1338 iis
1598 1313 1641 1345 qui
1666 1310 1768 1345 pollent
1794 1315 1876 1345 atque

1088 1358 1231 1386 exercitati
1269 1362 1333 1385 sunt
1362 1357 1538 1384 meditatione
1571 1365 1661 1383 rerum
1690 1357 1845 1383 divinarum
1864 1375 1872 1387 ,

1089 1404 1232 1432 scientiam
1257 1403 1320 1430 boni
1343 1408 1370 1430 et
1392 1403 1484 1429 vocari
1497 1406 1523 1429 et
1539 1410 1608 1433 esse,
1626 1410 1674 1436 pro
1701 1403 1734 1428 iis
1750 1409 1812 1429 vero
1827 1402 1875 1436 qui

1089 1455 1178 1483 neque
1196 1447 1263 1475 satis
1288 1447 1356 1474 ﬁrmi
1376 1451 1442 1474 sunt
1459 1454 1545 1481 neque
1571 1447 1721 1478 exercitati.
1736 1452 1763 1473 et
1783 1452 1874 1473 tamen

1092 1494 1192 1521 audent
1206 1493 1239 1520 de
1251 1492 1305 1520 Deo
1315 1493 1396 1519 altius
1411 1491 1600 1523 commentari,
1616 1491 1801 1526 appellandam
1817 1498 1878 1518 esse

1089 1539 1230 1567 scientiam
1247 1539 1322 1567 mali.

1402 1583 1516 1612 CAPUT
1539 1582 1582 1611 Vl.

1127 1631 1167 1658 De
1189 1631 1283 1658 arbore
1309 1631 1369 1658 vita
1395 1631 1516 1665 mystica.
1530 1644 1564 1649 ——
1578 1628 1647 1656 Sunt
1666 1628 1734 1656 inter
1753 1628 1878 1655 doctores

1091 1676 1230 1710 Ecclesiae,
1248 1676 1294 1711 qui
1330 1676 1454 1703 arborem
1480 1676 1540 1702 \ita:
1568 1676 1680 1709 mystice
1703 1674 1794 1700 dicant
1818 1680 1880 1700 esse

1092 1722 1219 1749 humana:
1238 1722 1335 1749 utentis
1351 1722 1556 1756 proprietatem,
1570 1727 1629 1754 qua:
1644 1726 1709 1745 cum
1721 1719 1755 1746 iis
1773 1719 1879 1752 cogita-

1092 1768 1214 1795 tionibus
1229 1775 1289 1802 quze
1305 1767 1377 1794 circa
1394 1775 1478 1793 unum
1495 1774 1575 1793 suum
1591 1764 1747 1792 effectorem
1763 1771 1879 1791 versan-

1092 1818 1149 1846 tur,
1170 1813 1280 1847 alligata
1294 1817 1347 1844 est,
1366 1820 1453 1847 neque
1478 1812 1531 1839 huc
1548 1811 1612 1851 illuc
1626 1809 1819 1844 circumagitur
1833 1815 1880 1836 aut

1093 1861 1121 1886 in
1135 1859 1203 1886 alias
1222 1866 1267 1886 res
1281 1859 1408 1893 requirit,
1430 1862 1612 1893 prteterquam
1627 1857 1654 1884 in
1674 1857 1762 1883 solum
1777 1855 1880 1883 Condi-

1092 1909 1181 1932 torem
1216 1911 1320 1936 suum,
1349 1904 1420 1931 sicut
1435 1904 1516 1930 etiam
1549 1903 1635 1931 sancti
1667 1902 1755 1936 angeli
1793 1901 1880 1929 solius

1091 1950 1230 1978 Creatoris
1248 1950 1290 1976 sui
1322 1949 1546 1976 meditationibus
1567 1948 1744 1975 distinentur.
1773 1946 1877 1974 Horum

1092 1996 1227 2022 sententia
1241 1998 1295 2025 est,
1316 1994 1462 2026 Adamum,
1486 1993 1567 2021 simul
1583 1998 1665 2027 atque
1681 1998 1788 2020 creatus
1806 1997 1880 2019 esset

1093 2040 1241 2075 natumque
1255 2039 1411 2067 Conditoris
1425 2040 1468 2067 sui
1482 2039 1652 2074 excepisset,
1669 2039 1701 2065 ad
1720 2038 1803 2065 Deum
1820 2038 1879 2072 rapi

1093 2088 1212 2123 cepisse
1229 2095 1244 2114 a
1259 2094 1315 2121 quo
1339 2087 1453 2113 eii‘ectus
1472 2085 1570 2117 fuerat,
1592 2089 1674 2119 atque
1699 2085 1726 2111 in
1752 2084 1802 2111 hac
1826 2091 1878 2110 una

1095 2133 1324 2168 contemplatione
1353 2137 1438 2159 totum
1469 2130 1555 2158 fuisse
1578 2131 1766 2163 mansisscque
1796 2130 1878 2156 horas

1094 2186 1148 2206 non
1175 2177 1293 2212 amplius
1324 2181 1391 2207 tres,
1419 2175 1552 2208 tantisper
1576 2174 1679 2201 scilicet
1700 2174 1764 2200 dum
1793 2173 1879 2206 legem

1094 2225 1257 2259 imperatam
1282 2221 1444 2254 transiliret,
1472 2222 1510 2248 ita
1537 2224 1566 2247 ut
1591 2220 1693 2246 interea
1721 2219 1822 2246 nullam
1847 2219 1881 2246 de

1096 2270 1178 2296 rebus
1194 2269 1256 2296 aliis
1274 2268 1467 2302 cogitationem
1490 2273 1551 2293 cum
1567 2265 1611 2292 illa
1629 2265 1778 2291 miscuerit.
1799 2264 1881 2299 igitur

1094 2315 1121 2342 hi
1138 2313 1343 2341 meditationem
1369 2320 1428 2339 eam
1452 2311 1553 2339 mentis
1567 2318 1628 2346 qua!
1647 2310 1679 2337 de
1694 2317 1747 2337 uno
1765 2317 1815 2337 suo
1830 2309 1882 2336 Pa-

1090 2365 1169 2388 rente
1192 2359 1246 2386 Deo
1259 2359 1389 2393 agitatur,
1419 2358 1612 2393 proprietatem
1643 2356 1741 2383 mentis
1769 2360 1878 2382 vocant.

1094 2408 1141 2434 Est
1164 2406 1256 2441 itaque
1273 2405 1314 2432 his
1332 2405 1414 2432 arbor
1430 2404 1492 2430 vita;
1507 2403 1634 2438 mystica,
1658 2409 1736 2429 sacer
1757 2402 1801 2428 ille
1815 2409 1879 2436 gra-

1095 2453 1146 2479 dus
1173 2451 1199 2478 in
1229 2457 1284 2485 quo
1305 2457 1353 2484 per
1375 2449 1539 2484 baptismum
1561 2449 1738 2480 collocantur,
1763 2452 1879 2474 matrem

1096 2498 1238 2534 mysticam
1255 2504 1308 2531 qua
1333 2496 1431 2523 iterum
1451 2495 1589 2529 gignimur
1603 2495 1635 2521 ad
1660 2495 1754 2521 vitam.
1770 2493 1821 2519 Alii
1839 2492 1881 2539 di-

1094 2548 1161 2572 cunt
1181 2544 1251 2570 hanc
1270 2542 1396 2569 arborem
1420 2541 1482 2568 vitae
1501 2540 1684 2575 spirituaiem,
1701 2546 1764 2566 esse
1780 2545 1879 2564 novum

1091 2587 1154 2614 vitae
1185 2593 1272 2621 genus
1301 2585 1374 2620 quod
1403 2585 1607 2619 repraesentavit
1636 2583 1768 2611 Dominus
1787 2586 1881 2610 noster

1092 2633 1154 2661 inde
1165 2640 1197 2660 ex
1211 2639 1268 2667 quo
1282 2632 1438 2666 baptizatus
1456 2630 1507 2658 fuit
1525 2638 1612 2664 usque
1626 2630 1691 2657 dum
1708 2629 1783 2656 cruci
1805 2634 1880 2663 esset

1092 2679 1206 2711 aiiixus;
1223 2677 1257 2705 de
1273 2685 1328 2712 quo
1343 2683 1441 2713 genere
1454 2677 1515 2704 vitae
1538 2676 1641 2703 dictum
1657 2681 1699 2703 est
1718 2684 1725 2702 :
1745 2674 1882 2702 Converti-

1091 2725 1156 2753 mini
1182 2732 1227 2759 per
1248 2724 1439 2759 paenitentiam,
1456 2722 1616 2758 propinquat
1644 2729 1750 2757 regnum
1775 2721 1832 2748 mli
1845 2720 1880 2747 ".
