2027 3077
191 143 243 174 585

752 146 801 175 DE
822 145 1023 176 PARADISO.
1043 158 1078 163 —-
1099 145 1194 175 PARS
1215 146 1238 175 Ι.

1759 151 1810 181 5δ6

190 199 278 231 Atque
290 198 360 225 hanc
378 198 470 230 vitam,
492 198 629 234 inquiunt.
651 200 756 235 agimus
770 206 912 236 postquam
930 209 977 236 per
993 203 1014 231 Α
1030 200 1159 227 notionis.
1181 201 1247 228 Illud
1267 208 1331 228 vero
1349 201 1418 235 quod
1435 202 1472 228 ait
1487 210 1495 231 :
1514 202 1551 229 Ab
1568 203 1655 234 initio.
1673 207 1724 235 est.
1739 211 1771 232 ac
1788 203 1811 232 si

191 243 366 277 baptismum,
382 248 497 272 veterem
512 246 639 273 exuimus
655 247 792 273 hominem
806 255 814 273 :
828 252 926 281 estque
941 254 972 274 ea

191 296 240 315 ceu
256 289 378 323 quieditur
401 289 487 325 ﬁgura
515 291 574 324 ejus
591 299 668 319 novae
691 293 751 319 vitae
767 299 826 326 quae
843 292 870 319 in
893 299 976 327 regno

191 336 252 362 cmli
271 335 350 364 nobis
367 340 407 363 est
424 339 568 370 promissa.
594 338 646 364 Alii
667 346 748 373 porro
765 338 825 365 vita:
844 339 971 366 arborem

191 379 334 414 mysticam
362 380 512 413 deliniunt,
543 382 744 409 immunitatem
771 382 978 417 libertatemque

191 432 274 460 quam
303 425 378 453 dedit
403 427 482 454 nobis
504 426 629 455 Christus
654 435 668 454 a
695 428 935 455 constitutionibus
951 432 979 456 et

191 472 281 506 poenis
296 473 371 508 legis.
389 473 442 500 Lex
459 473 529 500 enim
546 473 769 508 delinquentibus
784 481 892 508 poenam
907 481 977 508 pra:-

191 517 326 551 stituerat,
343 526 358 546 a
383 526 433 552 qua
454 526 503 545 nos
528 519 644 546 asseruit
667 518 793 546 Christus
813 519 857 553 qui
878 518 911 546 de
926 519 978 546 hac

192 563 317 591 libertate
342 565 384 591 his
412 564 502 591 verbis
528 569 570 592 est
592 565 795 592 concinnatus:
821 564 915 591 Redite
930 572 977 599 per

191 611 381 644 penitentiam,
395 611 554 645 propinquat
573 618 680 644 regnum
699 610 767 637 caeli.
794 611 914 638 Rursum
931 610 976 637 alii

192 655 278 685 aiunt.
295 655 419 682 arborem
436 657 495 683 vitae
511 663 572 683 esse
595 657 733 684 hominem
749 664 848 684 novum
865 657 911 691 qui
929 664 977 691 per

191 701 356 735 baptismum
369 706 449 728 natus
463 706 516 728 est.
527 701 592 733 Atii,
603 702 740 729 hominem
750 710 848 729 novum
857 702 915 737 qui,
926 703 974 728 oh-

190 745 304 772 scrvatis
319 745 364 772 Del
380 745 478 779 jussis,
492 746 567 773 exuit
582 746 646 773 vitia
669 754 729 781 quas
751 751 885 774 vocantur
900 751 976 774 vetus

190 790 282 823 homo,
300 790 440 825 induitque
456 792 569 819 virtutes
592 800 653 826 quae
674 800 762 820 novus
778 793 860 820 homo
881 793 976 828 appel-

191 835 290 863 lantur.
308 837 372 869 Alii,
389 841 506 863 mortem
527 844 588 864 esse
609 837 702 864 volunt
725 837 894 872 spiritualem
918 844 979 872 quae

192 881 316 908 nascitur
329 889 363 908 ex
388 882 535 908 securitate
549 901 557 914 ,
577 882 759 910 observandis
775 882 822 914 Dei
841 882 979 909 mandatis
996 872 1003 897 ¹

192 931 358 960 comparata.
380 926 432 953 Alii
454 927 657 954 meditationem
681 935 742 962 qua
757 927 859 955 Christi
880 936 977 964 perso-

192 979 255 997 nam
285 973 507 1006 contemplatur.
538 973 602 1007 quia
629 980 677 1007 per
705 981 737 1001 ea
767 974 882 1001 condita:
915 979 979 1002 sunt

192 1023 287 1044 omnes
304 1022 408 1044 natura:
422 1018 567 1052 participes
591 1018 653 1045 vita:
675 1023 757 1054 atque
785 1019 909 1047 rationis.
926 1020 976 1047 Alii

192 1069 299 1089 crucem
327 1062 428 1090 Christi
458 1067 552 1098 putant
586 1064 710 1091 arborem
735 1064 796 1092 vitae
831 1064 883 1093 dici
914 1065 978 1099 quia

191 1115 223 1134 cx
243 1116 273 1135 ea
291 1114 454 1143 promanant
475 1109 567 1137 omnia
592 1110 663 1136 bona
680 1109 844 1145 spiritu-alia,
872 1111 976 1138 abolito

192 1160 303 1189 peccato
326 1159 407 1188 atque
423 1155 621 1182 exsecratione.
647 1155 700 1182 Alii
719 1163 826 1183 sacram
850 1163 926 1183 aram
950 1156 976 1182 in

191 1207 245 1234 qua
261 1199 485 1227 administrantur
511 1199 602 1227 divina
625 1205 809 1228 sacramenta.
834 1201 885 1228 Alii
902 1201 978 1229 deui-

191 1253 256 1280 que,
275 1253 373 1280 corpus
389 1250 416 1272 et
433 1245 593 1280 sanguinem
608 1246 710 1273 Christi
734 1245 780 1274 ι)ρί
797 1247 882 1274 nostri
895 1247 978 1275 arbo-

193 1299 249 1318 rem
268 1292 328 1319 vitae
344 1292 435 1319 vocari
452 1295 556 1326 putant.
576 1291 629 1319 Sed
652 1292 724 1319 enim
741 1299 795 1320 non
812 1297 873 1328 post
888 1293 936 1320 has
951 1298 978 1320 et

192 1336 262 1364 inter
276 1337 324 1364 has
339 1339 500 1371 sententias,
521 1342 642 1365 nostram
665 1345 774 1373 quoque
794 1339 976 1374 prol'erentcs,

192 1382 338 1410 statuimus
359 1383 485 1410 arborem
504 1383 564 1410 vitae
583 1383 725 1419 mysticam
742 1391 804 1411 esse
822 1384 977 1411 meditatio-

191 1435 252 1455 nem
268 1433 350 1463 alque
374 1429 558 1464 cognitionem
583 1436 637 1465 qua
660 1429 819 1464 prolitemur
835 1437 977 1458 sacrosan-

191 1478 264 1501 ctam
289 1474 461 1506 Trinitatem.
492 1476 545 1503 hoc
559 1480 612 1508 est,
636 1483 720 1502 unum
746 1483 807 1503 esse
838 1475 934 1510 Deum,
951 1481 979 1503 et

192 1524 249 1547 tres
268 1527 400 1554 personas
412 1525 533 1551 sanctas.
557 1521 615 1548 sive
641 1520 772 1547 unitatem
792 1520 818 1547 in
834 1519 978 1552 Trinitate,
992 1535 1016 1566 ο

191 1569 219 1593 et
232 1564 394 1592 Trinitatem
410 1565 437 1592 in
453 1566 568 1593 unitate.
587 1565 624 1594 De
641 1565 693 1594 hac
714 1573 797 1600 porro
816 1566 913 1593 arbore
925 1573 978 1593 tton

192 1611 373 1639 comederunt
389 1611 472 1639 Adam
486 1616 514 1639 et
534 1611 602 1645 Eva,
623 1619 710 1647 neque
725 1612 758 1639 ad
774 1619 834 1640 eam
850 1612 981 1639 accedere

193 1659 252 1687 sive
275 1659 310 1686 de
328 1667 357 1686 ea
376 1659 498 1694 cogitare
527 1659 686 1693 quiverunt,
705 1662 734 1686 ut
751 1659 798 1694 qui
814 1658 905 1686 adhuc
925 1665 979 1685 non

192 1705 261 1732 satis
272 1703 419 1739 pollebant,
430 1708 611 1739 potentesque
622 1704 654 1731 ad
666 1703 692 1730 id
705 1711 759 1731 non
770 1707 848 1731 erant
865 1711 872 1730 :
891 1707 918 1730 at
930 1711 981 1730 nos

192 1749 351 1783 Christiani,
368 1757 423 1777 non
437 1750 546 1785 quidem
560 1750 610 1785 ipsi
629 1750 697 1778 satis
711 1750 854 1785 pollentes,
869 1750 917 1778 sed
933 1758 980 1784 per

192 1795 343 1828 Christum,
358 1795 524 1823 illustratum
537 1795 590 1823 hoc
605 1802 735 1823 arcanum
748 1799 775 1823 et
787 1796 980 1831 amplectimur

190 1843 219 1867 et
233 1840 400 1875 prolitemur.
426 1839 561 1868 Ceterum
586 1839 802 1867 existimandum
822 1843 865 1866 est
888 1838 981 1866 multi-

193 1885 314 1912 tudinem
338 1884 649 1919 dissimilitudinemque
677 1884 774 1911 harum
799 1883 870 1911 inter
891 1890 921 1911 se
940 1883 981 1910 in.

193 1931 416 1964 terpretatimtum
440 1938 509 1966 quas
532 1931 566 1958 de
585 1930 685 1957 arbore
715 1929 776 1957 vitae
803 1929 978 1962 adduximus,

193 1980 355 2011 argumento
374 1983 435 2004 esse
456 1984 538 2011 quam
554 1977 590 2003 sit
608 1983 652 2003 res
677 1976 736 2010 ipsa
752 1975 892 2010 explicatu
911 1975 981 2002 ditii-

193 2022 256 2050 cilis
272 2030 280 2050 :
297 2022 400 2057 alioqui
410 2023 483 2049 enim
497 2027 551 2049 tam
571 2022 664 2050 multis
678 2021 820 2056 variisque
836 2022 929 2049 verbis
945 2022 979 2048 ad

193 2075 256 2095 eam
272 2068 467 2095 enucleandum
485 2067 596 2094 minime
609 2075 679 2102 opus
694 2067 800 2095 luisset.

493 2112 607 2140 CAPUT
627 2112 683 2140 VII.

228 2159 418 2193 Complectitur
431 2159 673 2193 interpretationem
688 2159 829 2193 mysticam
843 2159 980 2186 verborum

1031 245 1104 271 dicat
1120 253 1179 272 eam
1195 246 1277 273 vitam
1300 247 1467 281 spiritualem
1486 253 1567 283 atque
1584 251 1688 276 beatam
1704 250 1738 276 ab
1753 251 1812 284 ipso

1031 289 1087 318 Deo
1103 290 1253 319 institutam
1276 292 1361 320 fuisse
1380 297 1443 320 ante
1465 295 1602 321 conditum
1625 295 1699 322 hunc
1714 303 1811 330 corpo-

1029 339 1117 361 ratum
1134 335 1279 367 mundum,
1295 336 1345 363 hoc
1359 340 1411 371 est,
1427 343 1491 364 ante
1505 344 1564 364 eam
1581 339 1735 366 machinam
1751 334 1813 374 quae

1028 386 1060 406 ex
1076 379 1146 406 cmlo
1164 385 1289 415 terraque
1303 386 1329 408 et
1352 381 1384 408 iis
1399 389 1460 416 qua:
1474 382 1543 409 inter
1559 382 1616 410 hinc
1632 383 1720 411 media
1736 389 1810 416 sunt.

1028 428 1149 457 constat;
1173 429 1253 459 atque
1277 425 1304 452 in
1325 433 1356 453 ea
1382 426 1436 453 vita
1461 432 1584 455 versatos
1611 428 1814 464 oblectatosque

1028 468 1114 497 fuisse
1140 471 1250 506 angelos
1272 477 1336 499 ante
1361 472 1431 499 hanc
1453 474 1547 500 mundi
1571 475 1762 509 aspectabilem
1787 481 1815 502 et

1028 519 1201 550 corporatam
1227 517 1325 544 molem
1354 522 1460 546 creatos
1484 519 1580 553 fuisse,
1605 520 1656 547 etsi
1683 520 1744 556 Syri
1764 521 1816 549 hoc

1030 566 1126 593 negent
1144 561 1353 596 (50).Ca'terum
1373 563 1398 590 in
1415 564 1591 591 translatione
1611 564 1707 592 LXXII
1730 565 1816 592 Inter-

1028 610 1134 640 prelum
1158 607 1291 635 habentur
1316 609 1361 636 illa
1383 609 1464 636 verba
1482 610 1514 637 ad
1537 611 1608 638 hunc
1626 611 1737 639 modum
1755 621 1763 639 :
1779 612 1814 640 Et

1028 653 1191 686 pluntauerat
1218 653 1345 681 Dominus
1373 654 1442 682 Deus
1463 657 1619 689 paradisum
1635 658 1661 684 in
1680 657 1756 685 Eden
1783 658 1815 685 ab

1029 698 1145 730 oriente;
1167 698 1223 730 ubi,
1250 706 1299 733 per
1325 699 1469 733 orientem,
1497 701 1586 728 lucem
1612 709 1671 729 eam
1698 703 1817 738 accipias

1030 743 1093 770 licet
1120 752 1180 779 quas
1209 745 1314 772 ratione
1343 745 1400 773 sola
1430 746 1598 781 intelligitur,
1625 747 1776 782 proculque
1801 756 1817 774 a

1030 789 1112 817 rebus
1135 791 1288 823 corporalis
1312 795 1415 818 semota
1441 795 1494 818 est.
1520 790 1567 818 llas
1591 791 1664 819 enim
1690 792 1718 819 in
1743 791 1818 819 ceci-

1030 834 1130 867 dente,
1158 835 1211 863 hoc
1240 840 1302 869 est,
1328 836 1444 871 caligine
1478 842 1630 865 versantur.
1658 837 1705 866 Est
1736 837 1819 872 igitur

1030 888 1123 908 corum
1153 882 1297 909 verborum
1327 882 1385 910 haec
1418 883 1552 910 sententia
1586 891 1593 909 :
1624 882 1708 910 Deum
1735 884 1817 910 vitam

1031 927 1135 955 felicem
1159 932 1242 963 atque
1266 928 1416 963 angelicam
1442 935 1554 963 parasse
1578 928 1605 955 in
1630 929 1690 957 luce
1713 929 1819 963 agitari-

1029 973 1104 1005 dam,
1122 981 1183 1008 qua:
1203 974 1250 1001 lux
1265 974 1323 1002 sola
1347 978 1437 1001 mente
1453 974 1584 1001 cernitur.
1601 973 1636 1001 Et
1653 975 1740 1009 posuit
1762 974 1819 1001 illic

1031 1019 1163 1046 Adamum
1187 1027 1262 1054 quem
1288 1020 1413 1054 ﬁtuerat.
1441 1020 1608 1055 Postquam,
1634 1020 1739 1055 inquit,
1766 1021 1819 1047 lin—

1030 1065 1116 1093 xisset
1131 1065 1277 1098 Adamum,
1293 1065 1402 1093 induxit
1419 1065 1507 1100 ipsum
1526 1066 1553 1092 in
1570 1073 1629 1093 eam
1649 1066 1817 1101 spiritualem

1030 1117 1062 1137 ac
1087 1110 1190 1137 felicem
1210 1109 1304 1142 vitam,
1324 1110 1414 1137 iratum
1431 1114 1458 1138 et
1482 1110 1596 1137 mirilica
1621 1110 1748 1138 affectum
1772 1119 1820 1139 vo-

1029 1154 1152 1190 luptate,
1188 1162 1236 1190 per
1269 1156 1459 1184 meditationes
1486 1156 1723 1192 cogitationesque
1752 1158 1818 1185 nulli

1028 1201 1226 1236 perturbationi
1253 1205 1300 1228 aut
1325 1201 1455 1229 anxiatati
1481 1202 1636 1234 obnoxias,
1662 1203 1689 1230 in
1714 1211 1818 1230 morem

1028 1246 1188 1282 angelorum
1216 1251 1244 1275 et
1269 1247 1453 1282 spiritualium
1486 1248 1649 1282 copiarum,
1682 1249 1819 1284 recipien-

1028 1296 1138 1328 temque
1167 1293 1258 1320 radios
1292 1293 1445 1320 divinarum
1473 1293 1616 1321 notionum
1653 1302 1707 1322 non
1740 1295 1820 1323 aliter

1028 1342 1110 1373 atque
1136 1338 1224 1373 angeli
1256 1338 1378 1374 capiunt.
1407 1338 1441 1365 Et
1467 1338 1527 1373 fecit
1554 1339 1683 1367 Dominus
1711 1339 1780 1368 Deus
1806 1350 1820 1368 e

1030 1387 1099 1410 terra
1119 1391 1220 1410 omnem
1243 1383 1364 1410 arborem
1387 1382 1525 1417 pulchram
1542 1382 1577 1409 ad
1598 1384 1780 1416 spectandum,
1795 1389 1821 1410 ιι

1029 1429 1199 1463 expetendam
1215 1429 1250 1455 ad
1263 1429 1428 1456 vescendum.
1446 1427 1503 1456 Hoc
1518 1434 1559 1456 est
1575 1437 1582 1455 :
1598 1427 1637 1456 lta
1654 1429 1822 1464 comparavit

1029 1471 1100 1499 Deus
1127 1473 1192 1499 Adae
1220 1473 1317 1499 mentis
1343 1480 1475 1505 sensum,
1502 1477 1533 1500 ut
1559 1477 1715 1507 procrearet
1740 1478 1822 1508 atque

1031 1517 1200 1552 expullulare
1222 1517 1326 1545 iaceret
1341 1517 1440 1545 'omnis
1467 1518 1573 1553 generis
1593 1519 1693 1553 probas
1716 1519 1821 1553 cogita-

1031 1562 1120 1589 tiones
1142 1562 1389 1597 meditationesque
1405 1567 1459 1590 tant
1475 1563 1508 1590 de
1531 1562 1613 1590 rebus
1635 1571 1697 1598 qua:
1713 1564 1821 1591 videndi

1031 1614 1115 1635 sensu
1135 1611 1251 1642 possunt
1267 1608 1370 1642 percipi
1393 1615 1475 1643 quam
1496 1608 1530 1635 iis
1547 1615 1608 1643 quae
1625 1616 1687 1636 cum
1709 1617 1821 1637 sensum

1030 1652 1174 1688 eli'ugiunt.
1194 1652 1229 1680 Et
1252 1653 1373 1680 arborem
1398 1653 1460 1681 vita:
1483 1654 1510 1680 in
1537 1654 1623 1681 medio
1646 1655 1783 1689 paradiso,
1798 1661 1823 1683 et

1029 1698 1152 1725 arborem
1179 1698 1295 1725 scientia:
1320 1698 1381 1725 boni
1404 1704 1428 1725 ct
1455 1699 1530 1727 ntali.
1555 1699 1603 1727 lla?
1628 1701 1688 1728 duae
1712 1701 1824 1729 arbores

1033 1744 1143 1779 quando
1158 1743 1295 1778 spirituali
1309 1745 1391 1772 modo
1404 1749 1576 1780 spectantur,
1588 1746 1676 1774 amba
1690 1746 1717 1774 in
1733 1747 1824 1775 medio

1033 1789 1159 1825 paradiso
1183 1789 1337 1818 consistere
1363 1795 1485 1826 queunt;
1514 1792 1566 1819 hoc
1591 1796 1650 1826 est,
1676 1793 1705 1821 in
1732 1794 1824 1822 medio

1032 1835 1118 1862 animi
1134 1835 1193 1863 sive
1211 1836 1324 1869 mentis,
1341 1841 1368 1864 ut
1384 1837 1468 1865 altera
1483 1837 1595 1865 alteram
1610 1845 1665 1866 non
1681 1842 1763 1874 angat
1777 1845 1825 1867 aut

1033 1880 1135 1914 trudat,
1149 1880 1222 1908 sicut
1236 1880 1275 1908 ait
1291 1880 1439 1916 Gregorius
1461 1881 1613 1917 Nyssenus.
1637 1882 1691 1910 Sed
1711 1890 1793 1918 supra
1809 1891 1824 1911 a

1032 1925 1133 1958 nobis,
1158 1925 1223 1952 dum
1250 1925 1364 1961 mystice
1391 1926 1572 1960 accipiuntur,
1599 1927 1644 1954 ubi
1672 1927 1824 1955 multorum

1032 1969 1182 1998 sententias
1205 1971 1232 1997 in
1251 1970 1370 1997 medium
1389 1970 1565 1999 adduximus.
1584 1970 1619 1997 Et
1639 1971 1735 2006 ﬂuvius
1752 1980 1826 2007 egre—

1031 2016 1154 2043 diebatur
1179 2023 1211 2043 ea:
1236 2015 1312 2043 Eden
1336 2020 1365 2043 ut
1390 2016 1488 2050 rigaret
1512 2017 1679 2051 paradisum,
1704 2021 1729 2044 et
1751 2017 1825 2045 illinc

1032 2061 1209 2095 dividebatur,
1232 2065 1257 2088 et
1279 2061 1403 2089 evadebat
1427 2061 1456 2088 in
1478 2067 1592 2096 quatuor
1615 2063 1715 2097 capita.
1732 2061 1827 2090 Prius-

1032 2114 1115 2141 quam
1130 2107 1262 2134 violasset
1274 2106 1396 2134 Adamus
1412 2107 1509 2142 legem,
1520 2107 1700 2142 promanabat
1714 2107 1825 2142 ﬂuvius,

1034 2152 1087 2179 hoc
1109 2156 1161 2184 est,
1185 2151 1290 2179 deliciae
1314 2160 1348 2179 ex
1372 2152 1551 2180 meditatione
1575 2159 1668 2181 rerum
1690 2154 1828 2189 spectabi~

195 2205 278 2233 Hosis
303 2205 336 2231 de
359 2204 496 2238 paradiso.
524 2217 557 2224 ——
585 2204 702 2238 Scripsit
728 2204 809 2231 divus
833 2203 924 2232 Moses
949 2205 980 2232 de

1035 2197 1101 2224 lium
1123 2202 1151 2225 et
1172 2205 1226 2225 non
1249 2198 1456 2233 aspectabilium
1474 2202 1545 2226 nata
1561 2207 1569 2226 ε
1587 2199 1758 2234 rigabatque,
1776 2201 1828 2228 hos

194 2252 321 2287 paradiso
346 2251 374 2278 in
402 2251 459 2278 huic
484 2250 565 2277 verba
595 2258 602 2276 :
630 2249 664 2276 Et
695 2249 826 2284 plantavit
854 2250 982 2278 Dominus

195 2297 266 2324 Deus
285 2297 441 2332 paradisum
464 2298 492 2324 in
509 2296 593 2329 Eden,
609 2296 642 2323 ab
659 2297 748 2323 initio.
765 2295 795 2323 In
813 2296 855 2324 his
882 2296 982 2329 verbis,

195 2344 322 2377 paradiso
339 2341 481 2372 vocabulo.
501 2341 553 2368 vita
573 2341 744 2376 signiﬁcatur
759 2340 983 2375 spirttualis,hoc

194 2393 247 2418 est.
261 2395 322 2422 qua:
333 2387 484 2414 secundum
500 2386 620 2413 animam
637 2385 738 2421 agitur.
753 2389 782 2413 et
796 2384 885 2413 beata.
902 2384 983 2412 Plan-

195 2437 255 2460 tare
277 2440 342 2460 vero
366 2432 436 2460 idem
462 2435 504 2459 est
525 2431 598 2466 quod
622 2431 722 2464 lacere,
747 2432 804 2459 sive
827 2431 983 2459 instituere.

196 2478 253 2506 Hoc
268 2479 358 2513 itaque
372 2477 441 2506 dicit
455 2477 555 2510 Moses,
574 2477 719 2504 Dominum
737 2478 820 2505 Deum
838 2485 983 2512 compara-

161 2544 171 2555 .
195 2524 269 2551 visse
292 2523 399 2551 vivendi
427 2523 536 2550 modum
559 2523 709 2550 secundum
734 2522 873 2557 spiritum,
898 2523 935 2550 ita
955 2527 984 2549 ut

196 2575 228 2596 ea
246 2569 300 2595 vita
315 2574 389 2596 esset
412 2568 490 2602 plena
513 2568 666 2595 sanctitatis
680 2572 708 2594 et
729 2567 916 2596 meditationis
940 2575 985 2595 re-

198 2621 259 2641 rum
279 2613 434 2641 divinarum
448 2617 476 2641 et
487 2620 582 2640 earum
598 2620 658 2646 qua
672 2620 687 2639 a
703 2612 759 2641 Deo
774 2613 892 2641 condite
907 2617 985 2646 sunt,

198 2658 262 2686 felix
282 2663 309 2686 et
329 2659 364 2686 ab
382 2658 511 2686 omnibus
527 2659 612 2686 animi
629 2658 878 2693 perturbationibus
893 2660 984 2687 anxie-

198 2704 355 2739 tatibusque
376 2708 492 2737 remota,
513 2711 596 2739 quam
622 2705 790 2732 comitentur
813 2705 943 2740 gaudium
960 2711 988 2733 et

198 2750 365 2782 exsultatio,
393 2757 508 2786 qumque
543 2757 628 2785 capax
656 2751 691 2777 sit
720 2750 860 2777 radiorum
888 2750 987 2779 divina:

1035 2246 1092 2276 est,
1116 2242 1270 2271 oblectabat
1295 2244 1453 2272 universum
1479 2245 1603 2279 corporis
1629 2249 1828 2280 temperamon.

1035 2292 1106 2321 tum,
1122 2288 1196 2324 quod
1215 2296 1250 2316 ex
1264 2293 1381 2324 quatuor
1397 2293 1507 2318 constat
1523 2289 1695 2323 humoribus,
1711 2296 1745 2318 ex
1763 2296 1828 2317 san-

1039 2333 1132 2370 guine,
1147 2334 1244 2369 pituita
1260 2338 1342 2369 atque
1357 2339 1472 2370 utraque
1487 2335 1550 2363 bile.
1565 2335 1633 2363 Nam
1653 2340 1681 2363 et
1696 2343 1729 2363 ex
1755 2336 1828 2364 illius

1038 2379 1111 2406 modi
1135 2379 1370 2412 meditationibus.
1388 2387 1443 2408 non
1461 2380 1551 2408 minus
1566 2388 1648 2416 quam
1672 2380 1708 2409 de
1730 2387 1828 2415 corpo-

1039 2424 1106 2452 ratis
1117 2424 1236 2459 paradisi
1249 2425 1396 2453 arboribus
1406 2425 1581 2454 recreabatur
1591 2425 1713 2454 Adamus
1723 2426 1827 2454 animo.

1039 2468 1108 2496 Sunt
1118 2469 1165 2504 qui
1179 2469 1232 2497 hoc
1244 2477 1353 2505 quoque
1366 2470 1446 2499 modo
1459 2471 1672 2506 interpretentur
1680 2479 1713 2500 ea
1723 2472 1806 2500 verba
1819 2481 1827 2499 :

1039 2513 1220 2541 Promanabat
1234 2514 1341 2549 ﬂuvius.
1359 2515 1411 2543 hoc
1424 2520 1477 2549 est,
1491 2515 1597 2544 deliciae
1613 2524 1646 2544 ex
1665 2517 1747 2545 rebus
1763 2524 1829 2545 con-

1037 2559 1114 2591 ditis,
1139 2559 1172 2586 iis
1198 2567 1259 2594 quas
1283 2561 1400 2595 spectari
1423 2565 1525 2596 queunt
1548 2566 1575 2589 et
1599 2561 1633 2589 iis
1657 2569 1718 2597 qua
1743 2562 1830 2590 videri

1041 2609 1191 2639 nequeunt,
1215 2609 1239 2631 et
1265 2605 1380 2640 rigabat,
1404 2605 1431 2634 id
1453 2610 1508 2639 est.
1532 2607 1686 2636 oblectabat
1711 2611 1830 2643 quatuor

1041 2648 1140 2676 animae
1166 2649 1291 2682 virtutes,
1317 2657 1466 2686 eamquz
1491 2651 1590 2679 rationi
1618 2652 1728 2687 proprie
1751 2652 1831 2680 attri-

1042 2693 1146 2726 buitur,
1170 2693 1223 2721 hoc
1246 2697 1300 2727 est,
1323 2694 1507 2729 prudentiam,
1525 2700 1583 2725 tum
1609 2697 1829 2730 temperantiam.

1044 2740 1289 2776 iortitudinemque
1310 2745 1339 2768 et
1365 2741 1518 2777 justitiam;
1536 2749 1570 2770 ac
1585 2743 1699 2779 proinde
1716 2743 1830 2771 virtutes

237 2831 293 2867 (30)
308 2831 394 2859 Caute
409 2831 478 2866 lege,
493 2836 520 2859 et
533 2832 594 2859 vide
610 2838 700 2859 nolam
718 2833 750 2872 ad
766 2840 772 2858 ι
790 2832 837 2859 lib.
852 2833 878 2859 iu
890 2831 1060 2866 Ιιρπαεηιινη
1077 2833 1107 2860 S.
1123 2833 1393 2871 Anastasii_Sinaita.

364 2878 499 2908 PATROL.
524 2878 583 2908 Gn.
609 2879 688 2909 CXI.

1639 2879 1674 2911 19
