2027 3077
207 138 269 172 ’587

855 136 968 165 MOSlS
990 135 1061 164 [Mli
1080 134 1205 164 CEl’IlA

1790 131 1845 162 53‘?

214 196 313 223 animae
333 198 445 221 crateras
470 199 579 228 quoque
599 191 705 219 fovebat
732 191 911 226 augebatque.
933 190 1002 218 Sunt
1015 194 1041 223 Α
1054 191 1107 223 sui,
1122 197 1206 223 seque
1222 198 1255 217 eo
1268 197 1321 216 uno
1330 189 1488 216 oblectaret.
1505 188 1538 215 Et
1566 188 1699 215 mandauit
1717 189 1845 215 Dominus

215 245 368 275 praeterea,
396 239 442 274 qui
471 239 531 272 sic,
565 242 593 264 ut
624 244 671 271 per
699 236 809 263 lluvium
839 236 1004 271 intelligatur

216 285 341 312 Christus
355 284 401 319 qui
419 290 468 311 sua
485 282 607 310 doctrina
633 281 784 308 Ecclesium
810 281 930 316 rigabat;
948 280 1003 307 col-

216 330 318 365 legium
331 330 392 356 dico
405 329 584 363 apostolicum
598 329 670 362 quod
683 333 742 354 erat
754 327 836 354 veluti
851 327 1003 362 paradisus,

216 376 315 403 deinde
329 374 460 402 evadebat
476 379 565 401 sectus
581 374 608 400 in
624 378 743 408 quatuor
757 373 856 407 capita,
878 373 930 400 hoc
950 377 1003 403 cst,

217 421 291 455 ipsos
307 425 424 454 quatuor
446 419 638 454 evangelistas,
663 419 849 451 Matthaeum,‘
865 419 1003 449 Murcum.

217 464 338 496 Lucam,
366 463 520 497 Joannem,
553 468 635 499 atque
661 464 689 491 hi
716 465 815 492 deinde
843 465 1003 492 universum

215 511 308 537 orbem
328 509 502 536 habitabilem
520 510 693 545 proluebaut.
720 509 822 537 Nomen
842 511 921 536 unius
938 510 1004 536 Phia

215 563 272 587 sou,
296 555 318 581 is
338 559 376 581 est
398 555 443 589 qui
467 556 561 582 circuit
582 556 731 582 universam
755 560 852 582 terram
872 555 977 582 "auita
994 563 1003 582 :

213 605 238 626 et
255 600 291 626 ibi
309 605 348 626 est
369 608 485 633 aurum;
503 606 527 627 et
545 609 640 627 aurum
661 601 717 634 ejus
738 605 814 628 terra:
837 602 932 627 bonum
946 607 1003 633 est;

208 646 252 672 ibi
266 645 372 678 bdellia,
388 652 412 672 et
427 646 526 680 lapides
543 646 644 682 berylli.

251 691 350 718 Phison
363 693 473 726 mystice
488 693 562 726 quid.
585 707 619 712 —
647 692 698 719 Per
719 692 864 720 Phisoncm
890 692 1002 719 ﬂuvium

210 737 329 773 intelligi
346 743 438 773 potest
461 738 529 765 ﬂava
555 739 616 766 bilis
629 739 681 773 fqui
700 739 797 766 humor
823 739 850 765 in
881 740 1004 774 corporis

215 783 327 809 humani
352 783 547 810 constitutione
572 784 717 812 laudabilis
742 789 793 811 est.
817 785 883 812 Nam
910 786 1003 820 quieo

199 827 318 862 largius
341 828 446 863 praediti
473 834 546 859 sunt,
577 829 686 864 ingenio
707 830 808 864 pollent
836 831 891 857 acri
921 835 1003 865 atque

1056 235 1126 262 Deus
1143 235 1256 268 Adamo,
1273 235 1392 270 dixitque
1408 235 1460 269 ipsi
1476 242 1485 260 :
1497 234 1535 261 De
1551 235 1673 261 ontuibus
1691 236 1842 266 arboribus,

1055 289 1114 316 qua
1124 286 1185 308 sunt
1203 282 1231 308 in
1254 281 1391 316 paradiso.
1418 280 1518 308 edendo
1532 281 1592 308 edes
1605 288 1615 307 :
1629 285 1656 307 at
1672 281 1704 307 de
1720 282 1777 314 ipsa
1798 290 1846 307 m-

1057 330 1116 354 bore
1131 328 1245 355 scientia:
1257 328 1317 354 boui
1332 333 1356 354 et
1374 328 1447 359 mali,
1471 335 1501 354 ne
1517 326 1591 359 edas,
1614 328 1663 354 hoc
1679 332 1732 360 est,
1746 335 1848 354 exerce

1056 376 1082 400 te
1097 373 1307 407 cogitationibus
1323 373 1363 407 gde
1382 373 1467 400 rebus
1489 373 1620 400 omnibus
1646 377 1703 400 tum
1720 378 1846 408 aspecta-

1055 418 1156 446 bilibus
1171 438 1177 449 ,
1207 422 1262 445 tum
1287 427 1347 453 qua:
1368 418 1425 445 sola
1447 418 1546 445 mentis
1567 418 1743 453 intelligentia
1758 419 1848 453 perci-

1055 464 1167 497 piuntur
1180 472 1188 497 ;
1201 464 1326 498 apudque
1343 468 1419 490 tuum
1432 464 1555 490 animum
1568 463 1698 491 meditare
1714 464 1844 499 quisnam

1056 509 1092 535 sit
1111 509 1217 536 illarqu
1229 508 1340 536 eﬂ'ector
1354 514 1380 536 et
1396 516 1503 544 parens,
1519 513 1546 536 et
1558 509 1695 543 quomodo
1709 509 1843 536 sinteon-

1056 554 1136 586 diue;
1156 559 1283 589 totusque
1301 559 1360 582 esto
1375 554 1402 581 in
1424 554 1580 580 meditando
1598 561 1629 580 ea
1644 561 1704 588 qua?
1720 554 1771 581 sibi
1790 554 1848 580 illis

1058 600 1171 635 mystice
1186 601 1271 627 latent
1285 608 1293 633 ;
1315 607 1434 635 cumque
1448 608 1480 627 ex
1500 607 1590 626 rerum
1604 600 1711 627 illarum
1724 600 1847 635 pulchri-

1057 645 1150 672 tudine
1170 650 1264 680 raptus
1285 645 1370 673 fueris
1393 646 1421 672 in
1442 645 1649 672 admirationem
1663 665 1671 678 ,
1687 650 1751 672 tunc
1771 646 1846 678 ipsa-

1056 698 1114 717 rum
1129 691 1270 718 Conditori
1281 692 1382 726 gratias
1390 692 1470 726 agita,
1479 698 1595 725 eumque
1605 691 1730 718 laudibus
1739 690 1798 718 eﬂet
1805 694 1848 718 to.

1056 735 1134 768 Quod
1151 743 1233 770 porro
1256 736 1390 771 sequitur,
1415 736 1449 763 ab
1473 736 1570 763 arbore
1589 737 1710 763 scientiae
1727 736 1791 764 boni
1818 741 1847 763 ct

1055 782 1118 808 mali
1144 781 1333 809 abstinendum
1357 789 1428 814 esse,
1451 782 1586 817 significat
1605 782 1679 809 illum
1707 782 1847 809 curiosius

1057 827 1195 862 inquirere
1209 835 1262 854 non
1275 827 1402 855 debuisse
1424 828 1450 854 in
1468 828 1551 855 Deum
1570 828 1674 862 ipsum,
1690 828 1755 863 quid
1771 833 1844 856 esset

214 879 378 900 arcanorum
401 873 448 901 Dei
473 874 651 909 mysticorum
669 875 835 910 cognitione,
860 880 888 902 et
910 883 1000 903 rerum
1018 874 1039 901 Β
1055 877 1083 900 et
1099 873 1236 907 quomodo
1246 873 1399 906 exsisteret,
1415 879 1442 900 et
1455 874 1585 902 unicusne
1598 882 1631 901 an
1646 875 1740 909 plures
1750 879 1844 902 essent

209 919 387 948 conditarum
403 921 537 955 scientia;
562 923 612 949 hoc
629 926 680 954 est,
698 923 851 950 divinarum
864 927 890 950 et
904 923 1002 950 huma-

214 972 310 992 narum
329 972 422 992 rerum
441 974 558 1001 capace;
573 968 644 1001 quod
661 967 781 1001 profecto
793 968 877 995 multo
893 975 961 995 auro
976 973 1002 995 et

213 1009 393 1044 margaritis,
421 1010 611 1045 lapidibusque
638 1012 764 1046 pretiosis
794 1011 999 1040 anteferendum

211 1059 267 1087 est,
281 1055 350 1082 sicut
363 1056 401 1082 ait
414 1055 518 1083 Psaltes
534 1056 616 1084 David
637 1066 644 1084 :
662 1057 804 1093 Propterea
822 1060 909 1086 amavi
926 1067 1001 1086 matt-

208 1099 278 1126 datu
307 1105 352 1127 tua
380 1101 492 1128 multum
515 1110 595 1136 supra
618 1111 724 1135 aurum,
740 1108 765 1131 et
787 1104 898 1130 multum
919 1112 1001 1139 supra

215 1146 318 1180 lapides
345 1148 471 1180 pretiosos
497 1148 529 1174 ³³.
548 1147 640 1175 Potest
664 1149 745 1176 etiam
773 1157 820 1183 per
853 1149 1000 1177 Phisonem

213 1192 300 1225 accipi
318 1199 350 1218 ea
372 1193 458 1220 virtus
483 1193 566 1220 animi
593 1201 652 1228 qua:
665 1195 777 1222 rationis
802 1196 910 1230 propria
938 1200 1000 1228 est;

213 1237 387 1270 prudentiam
413 1238 486 1265 dico.
506 1237 598 1265 Potest
617 1247 727 1273 quoque
756 1240 862 1267 Marcus
885 1248 1002 1275 evange-

214 1280 277 1306 lista
296 1281 424 1307 l’ltisonis
440 1281 549 1308 nomine
571 1283 694 1316 signatus
713 1283 836 1318 intelligi,
852 1289 881 1311 ttt
904 1285 930 1311 iu
945 1292 1000 1320 quo

215 1323 301 1350 robur
319 1324 506 1358 fortitudoque
522 1326 620 1353 enituit
639 1335 682 1354 res
701 1335 815 1363 superas
835 1330 998 1364 explicandi.

213 1367 249 1393 Et
273 1376 366 1394 nomen
391 1369 466 1403 ﬂuvii
490 1371 609 1403 secundi,
638 1371 734 1405 Giltou,
750 1374 771 1400 is
792 1378 830 1400 est
846 1375 890 1406 qui
905 1375 997 1402 circuit

203 1420 317 1439 .omnem
334 1419 434 1441 (errant
447 1414 518 1442 Clitis
535 1423 544 1441 :
560 1421 584 1442 et
597 1425 689 1444 nomen
702 1419 776 1452 ﬂuvii
792 1420 880 1452 tertii,
898 1419 998 1453 Diklat,

198 1457 260 1492 :qtti
287 1459 307 1484 it
330 1459 455 1487 adversus
486 1461 568 1488 Assur
597 1470 606 1488 :
636 1468 660 1489 et
685 1464 782 1498 ﬂuuius
814 1471 924 1500 quartus
948 1472 998 1499 est,

214 1502 323 1532 l’eratlt.
343 1505 476 1533 Giltouem
494 1512 582 1540 vocat,
598 1510 741 1536 ituutorem
758 1519 819 1537 cum
836 1520 917 1546 quem
935 1520 998 1540 san-

1056 917 1111 951 dii;
1129 918 1181 945 huc
1194 919 1264 945 enim
1285 919 1393 953 penitus
1409 920 1610 954 procedendum
1626 920 1662 947 illi
1678 927 1732 947 non
1747 920 1842 950 fuisse,

1055 969 1198 999 propterea
1213 965 1284 999 quod
1308 966 1397 993 adhuc
1415 967 1447 993 ad
1465 966 1538 993 illius
1552 966 1624 993 modi
1639 974 1683 994 res
1696 967 1845 1001 capiendas

1056 1016 1110 1034 non
1123 1009 1188 1036 satis
1203 1009 1316 1043 polleret
1325 1010 1399 1037 illius
1414 1018 1501 1038 mens.
1523 1010 1591 1042 Quia
1604 1019 1654 1045 quo
1667 1011 1710 1037 die
1723 1011 1844 1038 comedes

1055 1053 1087 1080 de
1101 1061 1141 1085 ea,
1157 1059 1240 1080 morte
1256 1055 1398 1087 morieris;
1416 1063 1448 1082 ac
1463 1055 1485 1082 si
1502 1055 1576 1083 dicat
1593 1064 1599 1082 :
1620 1055 1680 1088 Quo
1693 1056 1737 1082 die
1753 1059 1844 1082 tecum

1055 1099 1192 1134 ambigere
1204 1100 1319 1134 coeperis
1337 1107 1442 1128 unusne
1455 1100 1526 1128 Deus
1541 1101 1576 1128 sit
1591 1108 1626 1127 an
1640 1102 1742 1135 plures,
1759 1105 1844 1135 atque

1055 1144 1082 1171 in
1100 1145 1258 1180 opinionem
1285 1145 1402 1179 plurium
1422 1136 1565 1179 incideris,
1583 1151 1697 1173 mortem
1720 1152 1843 1181 oppetas,

1054 1194 1081 1216 et
1097 1190 1232 1223 peccando
1246 1195 1272 1217 et
1289 1196 1324 1221 te,
1341 1198 1355 1216 a
1367 1198 1421 1222 me,
1436 1191 1615 1218 subduecudo
1627 1191 1841 1226 alienandoque,

1055 1234 1101 1269 qui
1117 1242 1178 1262 sum
1197 1243 1277 1262 verus
1288 1235 1369 1263 Deus.
1383 1236 1489 1271 Quippe
1504 1237 1529 1263 id
1543 1237 1581 1263 illi
1597 1238 1698 1270 evenit,
1713 1245 1766 1264 una
1778 1245 1842 1264 cum

1057 1286 1141 1306 uxore
1156 1278 1211 1306 Eva
1226 1280 1326 1307 diaboli
1345 1280 1440 1308 fraude
1454 1282 1567 1309 seducto
1587 1291 1593 1309 :
1619 1282 1664 1316 qui
1687 1290 1741 1309 non
1758 1283 1842 1309 modo

1055 1329 1124 1349 escae
1147 1323 1281 1351 illecebris
1300 1325 1374 1358 ipsos
1398 1324 1503 1357 fefellit,
1531 1325 1578 1353 sed
1594 1326 1732 1360 persuasit
1758 1327 1840 1354 etiam

1055 1368 1147 1403 plures
1167 1377 1227 1397 esse
1242 1370 1318 1403 deos,
1338 1371 1404 1398 dum
1426 1371 1528 1398 diceret
1546 1380 1554 1398 :
1582 1371 1612 1399 Si
1628 1373 1794 1399 contetleritis
1807 1373 1842 1400 de

1054 1422 1084 1441 ea
1101 1415 1203 1448 arbore,
1227 1417 1302 1443 eritis
1326 1417 1392 1444 sicut
1418 1417 1466 1445 dii.
1489 1417 1537 1444 llic
1553 1418 1620 1445 illud
1637 1419 1719 1445 etiam
1746 1418 1842 1446 obser-

1054 1461 1173 1488 vandum
1203 1466 1245 1488 est
1268 1471 1275 1488 :
1301 1462 1367 1489 Adae
1393 1467 1475 1497 atque
1496 1464 1587 1495 uxori,
1616 1464 1714 1491 arbore
1732 1469 1838 1491 tantum

1053 1506 1174 1534 scientia:
1198 1507 1373 1535 interdictum
1393 1516 1502 1537 essene
1522 1509 1556 1536 ad
1582 1516 1642 1536 eam
1667 1511 1841 1544 accederent,

212 1547 322 1580 guinem
347 1549 479 1582 dicimus;
499 1550 596 1583 Diklat,
618 1560 680 1579 cum
701 1562 781 1588 quem
799 1544 925 1589 pituitam
943 1565 993 1584 vo-

1054 1559 1151 1588 nempe
1176 1555 1241 1587 quia
1268 1554 1389 1581 nondum
1416 1554 1476 1588 ejus
1492 1561 1607 1589 capaces
1630 1560 1730 1588 erant;
1754 1560 1782 1584 at
1805 1557 1843 1584 de.

211 1599 322 1626 camus;
347 1593 466 1629 denique
490 1595 602 1629 Perath,
623 1598 699 1626 illum
722 1608 801 1635 quem
826 1602 995 1636 appellamus

210 1636 293 1663 bilem
312 1642 410 1671 atram,
437 1645 466 1667 ut
480 1641 518 1667 ait
536 1641 566 1668 D.
584 1642 702 1671 Jucobus
723 1646 877 1673 Urrohaita.
893 1648 996 1674 Possu-

212 1687 276 1707 mus
292 1688 401 1716 quoque
426 1690 473 1717 per
488 1684 621 1713 Gihonem
645 1688 792 1723 intelligere
814 1697 873 1716 eam
899 1692 998 1719 animm

203 1724 340 1752 xirtutem
356 1734 417 1760 qua:
431 1731 607 1762 temperantia
623 1731 742 1766 dicitur;
759 1742 808 1768 per
821 1734 920 1767 Diklat,
937 1743 996 1763 eam

198 1777 275 1804 aquze
292 1770 325 1797 ad
345 1777 448 1805 partem
469 1774 566 1801 animas
588 1776 749 1804 irascibilem
767 1780 825 1806 sive
845 1781 996 1809 animosam

198 1836 204 1841 .
213 1814 348 1849 pertinet;
366 1817 416 1844 hoc
427 1824 477 1852 cst,
502 1818 699 1856 fortitudinem,
725 1829 751 1851 ct
772 1824 927 1859 lenitatem;
951 1835 999 1862 per

198 1859 314 1907 μεθ-ειμι
338 1861 476 1897 denique,
499 1865 643 1900 justitiam.
669 1867 774 1896 llursus
799 1871 887 1898 Gihon
908 1859 997 1907 pot-est

213 1903 371 1954 galliarum
386 1908 539 1943 signiﬁcare
550 1914 753 1948 evangelistam;
767 1915 865 1948 Diklat,
877 1903 1002 1954 Lucam;

198 1948 313 1978 LPerath
332 1951 476 1982 Joannem.
504 1955 537 1982 Et
563 1959 662 1992 accepit
688 1960 815 1988 Dominus
836 1962 905 1989 Deus
924 1948 999 1991 Adu-I

212 2004 294 2030 munt,
310 2003 336 2025 et
357 2001 443 2034 posuit
457 2003 542 2036 ipsum
557 2003 585 2030 in
600 2007 728 2039 paradiso
741 2007 828 2036 Edon.
849 2008 996 2044 Postquam

206 2043 379 2073 condidisset
392 2046 462 2075 Deus
475 2048 620 2083 Adamum,
637 2053 748 2079 sustulit
761 2054 849 2088 ipsum
864 2043 938 2083 illinc
951 2057 997 2085 ubi

212 2092 323 2116 creatus
337 2090 437 2124 fuerat,
455 2097 483 2119 et
500 2094 619 2122 traduxit
636 2095 663 2122 in
679 2098 836 2131 paradisum
867 2101 998 2135 spiritua-

211 2133 276 2166 lem,
288 2134 340 2162 hoc
362 2141 414 2169 est,
440 2137 467 2164 in
483 2139 699 2175 vitam-felicem,
721 2147 749 2170 ut
773 2133 937 2180 voluptatem
954 2155 1000 2175 ca-

207 2183 288 2227 peret
309 2188 342 2207 ex
363 2182 539 2211 meditatione
560 2193 652 2214 rerum
670 2189 852 2222 conditarum.
867 2198 949 2227 atque
964 2202 996 2222 ex

211 2223 312 2252 divina:
326 2227 445 2256 notionis
460 2229 542 2257 radiis
562 2231 662 2266 quibus
678 2233 765 2268 ipsius
781 2244 858 2265 mens
875 2223 996 2267 illustra-

211 2269 293 2297 batur
318 2273 479 2307 angelorum
502 2283 578 2304 more
594 2297 602 2310 ,
630 2281 857 2313 quemadmodum
883 2284 909 2311 in
938 2285 999 2320 ipso

208 2322 319 2350 quoque
353 2325 497 2353 corporale
536 2324 664 2356 paradiso
695 2326 893 2356 oblectabatur.
930 2330 997 2358 Cum

207 2362 282 2389 enim
299 2363 416 2411 duplicis
431 2372 504 2394 esset
527 2370 694 2399 conditionis
717 2374 881 2408 paradisus;
903 2382 998 2411 quate-

203 2412 262 2433 atus
277 2407 426 2441 spiritualis
450 2416 517 2445 erat,
539 2413 691 2443 delectabat
713 2417 777 2445 Adae
792 2407 995 2449 animum-con-

195 2452 451 2498 -tentplationibus;
471 2464 606 2491 quatenus
626 2468 690 2489 vero
717 2470 888 2498 corporales,
910 2467 993 2494 arbo-

207 2497 283 2525 ribus
296 2497 495 2536 fructibusque,
509 2503 581 2532 illius
596 2513 695 2541 corpus
709 2497 860 2538 recreabat.
881 2497 922 2538 rUt
933 2520 992 2539 eum

172 2582 174 2584 Ι
200 2542 303 2588 .coleret
316 2550 340 2571 et
358 2547 511 2576 custodiret.
531 2549 634 2579 Idcirco
652 2553 762 2588 (inquit)
780 2556 900 2584 traduxit
915 2558 991 2585 illum

206 2586 236 2637 in
255 2595 317 2616 eum
340 2592 508 2625 spiritualem
526 2601 553 2624 et
572 2586 682 2626 beatum
699 2586 807 2629 vivendi
823 2604 946 2638 modum,
966 2608 996 2632 ut

205 2632 236 2664 jn
251 2637 312 2672 ipso
327 2646 387 2669 sese
413 2647 553 2670 exerceret
568 2651 616 2678 per
638 2646 738 2679 probas
762 2632 946 2682 cogitationes,
970 2655 998 2677 et

207 2688 298 2710 rectas
318 2684 509 2715 meditationes
520 2696 581 2723 quae
595 2690 667 2718 circa
682 2699 726 2719 res
742 2693 868 2721 conditas
883 2702 998 2723 versen-

205 2731 265 2762 tur,
291 2729 435 2767 ipsumque
459 2734 619 2764 observaret
642 2738 716 2766 omni
748 2740 889 2775 proposito
915 2740 999 2769 animi

239 2808 268 2824 7”
279 2807 356 2838 Psal.
374 2819 467 2847 cxvttt,
483 2814 527 2842 7‘2.

1053 1601 1151 1627 arbore
1166 1601 1226 1627 vitae
1241 1601 1308 1627 nihil
1320 1608 1381 1628 esse
1395 1607 1558 1636 praeceptum
1573 1601 1683 1636 quidem
1701 1602 1769 1638 lege,
1789 1605 1836 1631 sed

1055 1653 1104 1680 pro
1120 1646 1244 1673 custodia
1259 1646 1317 1680 ejus
1339 1649 1455 1681 positum
1470 1648 1579 1675 Cherub
1596 1653 1623 1675 et
1638 1650 1724 1677 aciem
1743 1650 1841 1685 gladii,

1055 1691 1184 1717 nimirum
1206 1695 1235 1718 ut
1256 1698 1287 1717 ea
1303 1699 1331 1718 re
1347 1692 1525 1726 significetur,
1549 1700 1597 1719 eos
1615 1694 1744 1722 mortales
1770 1696 1841 1729 (sive

1055 1735 1164 1770 pristini
1181 1736 1254 1763 illius
1280 1737 1338 1763 sive
1355 1737 1435 1770 hujus
1461 1738 1601 1773 temporis,
1622 1740 1668 1773 qui
1695 1748 1749 1766 non
1770 1742 1839 1768 satis

1055 1782 1125 1808 lirmi
1145 1787 1207 1808 sunt
1222 1782 1254 1808 ad
1270 1782 1477 1810 commentanda
1505 1791 1537 1811 ea
1561 1792 1622 1818 qua:
1639 1785 1673 1812 ad
1691 1793 1839 1814 sacrosan-

1056 1832 1126 1855 ctam
1153 1828 1312 1855 Trinitatem
1347 1833 1491 1863 spectant;
1531 1837 1614 1856 unum
1651 1831 1755 1858 sciliret
1778 1839 1841 1860 esse

1057 1871 1154 1906 Deutn,
1182 1881 1313 1907 personas
1338 1881 1403 1901 vero
1425 1878 1490 1907 tres,
1515 1879 1598 1909 atque
1622 1876 1657 1903 ita
1675 1875 1839 1905 Trinitatem

1055 1925 1116 1946 esse
1134 1919 1160 1945 in
1189 1921 1303 1952 unitate,
1327 1924 1354 1947 et
1377 1927 1486 1947 rursum
1510 1921 1641 1948 unitatem
1663 1921 1690 1948 in
1707 1922 1842 1951 Triuilate

1058 1964 1139 2000 (hanc
1158 1966 1230 1992 enim
1250 1973 1310 1992 esse
1333 1966 1459 1993 arborem
1475 1966 1548 1999 vitae,
1568 1974 1652 2002 supra
1674 1972 1841 1995 memoravi-

1057 2010 1129 2044 mus)
1145 2018 1151 2036 :
1169 2011 1190 2037 si
1206 2015 1338 2037 conentur
1361 2018 1407 2044 per
1423 2011 1601 2038 temeritatem
1623 2012 1671 2040 illo
1685 2019 1840 2048 penetrare,

1056 2055 1144 2089 deque
1167 2055 1274 2083 arcanis
1299 2055 1350 2082 illis
1368 2060 1395 2082 et
1422 2056 1541 2090 cogitare
1554 2061 1582 2084 et
1597 2057 1693 2093 loqui:
1720 2066 1779 2090 eos.
1796 2060 1842 2086 in-

1056 2109 1150 2136 quam,
1167 2102 1287 2129 coerceri
1312 2102 1460 2136 repelliquc
1480 2104 1558 2136 quasi
1574 2111 1588 2130 a
1601 2103 1715 2131 custode
1730 2105 1842 2132 Cherub

1056 2152 1083 2175 et
1095 2149 1187 2176 lancea
1199 2149 1315 2183 quadam
1331 2150 1406 2184 ignea
1417 2149 1567 2184 fulgoribus
1584 2149 1702 2177 micante
1714 2150 1843 2185 ipsosque

1055 2193 1208 2221 deterrente
1232 2199 1313 2228 atque
1333 2201 1446 2222 accessu
1465 2195 1636 2226 prohibente.
1664 2194 1698 2221 Et
1716 2195 1840 2229 format-it

1057 2239 1183 2267 Dominus
1212 2239 1280 2266 Deus
1313 2248 1326 2266 ε
1351 2245 1422 2266 terra
1447 2247 1549 2267 omnem
1577 2240 1689 2267 bestiaris
1716 2241 1792 2275 agri,
1816 2246 1841 2268 et

1053 2293 1157 2312 omnem
1174 2286 1303 2312 volucrem
1319 2287 1387 2312 caeli.
1408 2285 1470 2313 Haec
1485 2286 1577 2317 verba,
1588 2290 1668 2320 atque
1680 2286 1736 2313 haec
1751 2287 1841 2314 oratio

1048 2331 1081 2358 de
1097 2331 1180 2358 rebus
1204 2331 1270 2365 ipsis
1286 2331 1420 2358 duntaxat
1441 2331 1616 2366 interpretari
1640 2335 1766 2365 possunt,
1785 2339 1841 2359 non

1047 2378 1127 2405 etiam
1137 2377 1170 2403 ad
1180 2377 1305 2410 spiritum
1317 2377 1528 2404 accommodari.
1538 2377 1620 2412 Igitur
1630 2383 1690 2411 quae
1698 2384 1842 2405 commen-

1048 2424 1119 2450 tario
1128 2423 1269 2458 superiore
1280 2423 1313 2450 de
1325 2423 1392 2458 ipsis
1402 2426 1467 2450 sunt
1479 2431 1493 2449 a
1509 2423 1587 2450 nobis
1602 2423 1683 2456 dicta,
1695 2423 1843 2452 suﬂlciant.

1051 2468 1208 2504 Etiimmisit
1225 2468 1352 2495 Dominus
1363 2468 1430 2495 Deus
1444 2469 1555 2502 quietem
1564 2468 1632 2504 (aut.
1643 2473 1673 2495 ut
1688 2468 1770 2496 habet
1790 2469 1844 2496 lle-

1050 2515 1165 2546 braeum,
1175 2516 1305 2548 somnum)
1315 2515 1341 2541 in
1352 2515 1492 2546 Adamnm,
1503 2519 1527 2541 et
1543 2515 1686 2541 dormivit:
1697 2519 1722 2541 ct
1736 2515 1843 2542 sustulit
1872 2538 1876 2542 .

1045 2567 1125 2586 unam
1139 2568 1153 2586 c
1169 2561 1247 2586 castis
1263 2561 1357 2594 ipsius,
1373 2560 1519 2594 clausitque
1535 2568 1613 2587 carne
1628 2560 1685 2594 ejus
1698 2561 1795 2593 locum,
1815 2561 1842 2587 ιι

1048 2606 1211 2633 concinnavit
1230 2605 1355 2632 Dominus
1380 2605 1447 2632 Deus
1468 2613 1501 2632 ea;
1512 2610 1585 2632 costa
1606 2614 1685 2640 quam
1695 2610 1843 2639 sumpserat

1050 2659 1083 2679 ex
1108 2652 1221 2683 Artamo,
1235 2651 1369 2686 feminam.
1381 2651 1457 2684 Quod
1476 2659 1507 2679 ex
1518 2652 1623 2678 Adamo
1637 2659 1737 2686 sopore
1745 2652 1844 2680 obruto

1053 2702 1160 2732 sumpta
1174 2702 1215 2724 est
1230 2702 1316 2729 costa,
1341 2701 1422 2731 atque
1441 2704 1472 2723 cx
1499 2697 1549 2723 hac
1567 2697 1637 2725 facta
1661 2697 1715 2724 Eva
1728 2716 1735 2730 ,
1753 2705 1844 2725 sacra-

1055 2747 1177 2771 mentum
1200 2747 1242 2770 est
1269 2743 1410 2778 sanguinis
1436 2747 1463 2770 et
1485 2750 1564 2778 aqua:
1582 2751 1614 2771 ex
1631 2743 1733 2771 Christi
1759 2744 1843 2771 latere
