2027 3077
539 131 554 140 κ

207 147 258 180 589

768 151 814 180 DE
835 151 1034 182 PARADISO.
1056 163 1090 169 -
1105 152 1203 182 PARS
1222 152 1262 181 II.

1777 151 1830 182 ξω

209 203 414 236 profluentium,
443 209 587 240 postquam
618 206 644 233 in
665 213 746 234 cruce
767 208 993 241 obdormivissel;
1010 215 1030 243 Α
1046 213 1088 235 ret
1105 208 1210 235 hortata
1226 212 1278 241 est,
1296 207 1318 234 is
1334 215 1396 235 vero
1412 207 1505 236 uxoris
1521 207 1602 235 dictis
1622 211 1665 235 est
1687 214 1825 238 assensus.

207 249 307 283 quibus
324 251 471 278 constituta
496 256 536 279 cst
557 258 731 280 sacrosancta
753 253 873 281 Ecclesia
893 263 899 280 :
916 258 984 286 tum,

206 294 278 327 quod
295 302 327 321 ex
351 295 433 324 latere
452 297 546 324 Adami
562 298 745 332 excipiebatur
761 299 827 331 Eva,
839 304 918 334 typus
937 299 988 326 fuit

208 336 326 364 fodiendi
342 339 406 366 olim
430 340 522 369 lateris
547 342 660 376 Christi,
675 351 708 371 ex
733 351 788 378 quo
803 349 895 372 essent
911 344 988 379 θῐῐιιιτ

207 388 282 409 χιιι-ιιι
307 391 384 418 aqua:
405 385 464 413 vita:
488 392 515 414 et
541 388 637 415 vitales
667 389 878 424 salutaresquc;
898 398 987 424 aquae.

208 426 330 462 inquam,
348 431 417 458 sacri
434 432 557 464 baptismi
573 434 619 468 qui
645 438 687 461 est
710 439 795 462 mater
814 436 941 470 mystica,
956 444 987 463 ex

208 479 261 506 qua
275 481 327 500 una
343 481 519 509 procreantur
532 478 578 504 lilii
594 479 655 505 ιιι)ιί
674 480 706 506 ad
724 480 803 506 vitam
821 481 988 515 spiritualcut

209 522 290 551 atque
311 520 501 554 sempiternam
530 532 537 550 :
567 525 638 551 sicut
666 525 719 552 Eva
747 534 855 560 quoque
877 534 937 560 qua:
956 535 989 554 ex

211 562 308 590 Adami
335 564 420 593 latere
446 568 556 601 prodiit.
583 574 670 596 mater
697 571 789 598 omnis
811 571 928 599 viventis
949 576 991 599 est

209 609 353 643 appellata.
379 610 410 638 Et
437 621 542 647 serpens
572 616 686 642 astutior
700 621 758 643 erat
782 616 902 644 omnibus
929 618 990 645 aui-

208 654 320 681 malibus
342 657 411 691 agri,
439 666 496 692 qua:
512 658 610 693 fecerat
627 659 754 688 Dominus
772 661 853 689 Deus.
875 663 992 698 Serpen-

207 703 259 726 tem
275 705 354 728 vocat
370 702 528 737 diabolum;
547 706 622 733 illum
640 707 694 734 Deo
705 709 844 741 rebellem,
858 710 990 737 mendacii

209 749 324 780 patrem,
343 747 467 775 humanm
489 755 592 779 naturae
607 753 804 788 impostorem;
829 763 890 782 nam
911 756 992 783 etiam

207 790 269 818 alibi
285 792 312 819 in
328 795 413 821 sacris
425 795 544 827 Litteris,
559 797 604 824 ille
613 805 725 833 serpens
737 801 887 834 appellatur
900 810 906 828 :
920 801 991 835 Feci,

209 835 297 870 inquit
311 836 453 869 Dominus.
468 841 539 868 vobis
553 847 705 876 potestatem
719 845 840 873 calcandi
862 852 992 879 serpentes

208 885 233 907 et
258 884 416 916 scorpiones.
431 886 465 913 ".
495 885 528 914 Et
552 888 617 916 alibi
644 890 774 924 scriptum
798 896 840 918 est
865 900 872 917 :
892 891 994 919 Occidit

210 935 303 954 manus
333 929 416 963 ipsius
447 937 590 966 serpentem
616 935 793 970 transfugam.
825 937 878 964 sive
903 938 995 971 fugiti-

210 978 271 997 vum
288 972 323 1001 ".
339 974 473 1008 Augelicte
493 984 556 1003 vero
573 977 685 1005 virtutes
709 979 878 1013 appellantur
891 981 996 1008 anima-

209 1016 255 1048 lia,
265 1024 320 1051 quo
332 1020 441 1046 nomine
455 1020 514 1047 illas
530 1021 686 1057 Scripturas
705 1024 776 1057 apud
791 1024 960 1052 Ezechielcm
973 1026 996 1042 “

209 1069 318 1098 quoque
333 1070 412 1092 vocat
429 1066 455 1093 in
469 1073 576 1095 ostento
592 1068 648 1096 illo.
665 1069 768 1096 Dicitur
782 1075 872 1098 autem
886 1080 996 1106 serpens

210 1109 326 1136 astutior
337 1111 463 1138 omnibus
475 1113 648 1145 animalibus,
660 1115 723 1148 quia
740 1116 870 1150 angelicae
883 1116 995 1143 virtutes

209 1161 324 1188 prorsus
337 1156 370 1183 ab
387 1158 460 1184 omni
479 1158 579 1185 malitia
593 1164 673 1194 atque
686 1164 746 1187 astu
762 1168 854 1188 vacuze
870 1166 952 1194 sunt;
968 1165 995 1189 at

208 1199 333 1228 diabolus
345 1201 419 1228 vafer
433 1207 475 1230 est
489 1207 515 1230 et
535 1204 675 1238 improbus
691 1213 805 1239 prorsus
821 1215 828 1233 :
842 1206 878 1233 Et
892 1207 929 1233 ait
939 1215 995 1233 ser-

207 1252 271 1277 pens
290 1247 324 1272 ad
338 1247 472 1274 mulierem
486 1256 496 1275 :
518 1248 581 1276 Vere
595 1249 663 1275 dixit
683 1249 761 1283 Deus,
778 1259 810 1278 ne
826 1252 994 1279 comederetis

208 1290 241 1316 de
253 1291 372 1318 omnibus
391 1293 529 1320 arboribus
543 1294 674 1328 paradisi,
695 1295 746 1323 hoc
764 1299 816 1328 est,
833 1296 912 1329 plane
927 1296 995 1323 dixit

207 1337 286 1364 Vobis
312 1336 383 1365 Deus
408 1347 415 1366 :
436 1338 528 1366 Nolite
545 1340 700 1367 meditando
721 1341 874 1375 expendere
902 1349 993 1369 rerum

208 1382 403 1415 conditionem,
427 1385 483 1413 sive
507 1385 725 1420 aspectabilinm.
749 1386 806 1414 sive
825 1394 919 1414 earum
935 1395 995 1423 quae

207 1428 236 1454 in
252 1434 348 1455 sensus
362 1437 414 1456 non
429 1430 538 1458 cadunt.
566 1429 599 1457 Et
612 1431 649 1458 ait
671 1432 765 1458 mulier
779 1432 813 1458 ad
828 1437 970 1467 serpentem
985 1441 995 1460 :

208 1472 248 1500 De
262 1473 391 1507 fructibus
412 1475 535 1502 arborum
551 1476 670 1509 paradisi
685 1477 800 1504 omnium
813 1479 994 1511 comedemus;

207 1519 242 1545 de
274 1519 403 1554 fructibus
430 1520 544 1552 arboris,
573 1529 631 1556 quia
658 1523 743 1549 estin
770 1523 857 1550 medio
873 1524 994 1558 paradisi

1045 260 1126 288 atque
1149 256 1175 281 in
1204 254 1310 281 easdem
1340 254 1516 289 cogitationes
1542 254 1665 281 incubuit
1697 262 1704 280 :
1736 254 1828 288 Aperti

1042 304 1102 326 sum
1125 300 1195 326 oeuli
1218 300 1354 327 ambarum
1372 304 1396 326 et
1418 305 1591 334 cognoverunt
1617 300 1687 332 quod
1709 299 1774 325 nudi
1787 307 1830 325 es-

1041 349 1109 370 sent.
1144 344 1279 379 Evesligio
1307 344 1406 372 violata
1441 344 1497 379 lege
1524 344 1582 375 Dei,
1612 343 1739 378 patefacti
1765 349 1829 371 sunt

1043 390 1164 424 ipsorum
1180 390 1253 416 oculi
1270 398 1277 417 ε
1299 398 1352 417 ηοιι
1375 390 1446 425 quod
1462 390 1488 416 in
1503 389 1567 416 deos
1582 389 1638 424 jam
1656 394 1710 416 tum
1726 389 1828 416 evasis-

1043 439 1112 465 sent.
1123 435 1149 461 in
1161 442 1241 469 quam
1257 441 1331 468 spem
1346 435 1420 469 ipsos
1430 434 1580 462 adduxerat
1590 435 1706 466 daamon,
1723 434 1769 461 sed
1781 435 1828 465 ita,

1044 484 1073 507 ut
1099 480 1343 508 animadverterent
1362 488 1437 508 suam
1455 480 1621 512 nuditat-m;
1636 480 1688 507 hoc
1717 485 1768 511 est,
1784 480 1822 506 ad-

1044 530 1130 560 empta
1144 530 1185 553 est
1200 526 1267 560 ipsis
1281 526 1353 560 prior
1372 526 1416 553 illa
1431 526 1558 554 cernendi
1573 525 1687 552 facultas
1701 524 1828 559 spiritua-

1044 571 1078 598 lis
1086 574 1168 606 atque
1179 571 1299 606 angelica
1313 579 1366 606 qua
1379 571 1488 599 fuerant
1500 570 1615 606 praediti,
1629 570 1745 597 intellexi
1755 574 1827 597 runt-

1044 623 1106 650 que,
1123 617 1217 651 sejam
1233 616 1302 643 felici
1323 616 1366 644 illa
1383 617 1429 644 Dei
1451 617 1537 652 gratia
1554 622 1616 643 esse
1629 616 1759 650 spoliatos
1775 623 1829 649 qua

1045 666 1190 696 antequam
1205 662 1337 689 adversus
1359 663 1446 697 legem
1472 662 1611 694 fecissent,
1635 669 1684 689 sua
1708 661 1830 695 ipsomm

1045 716 1158 742 corpora
1185 709 1266 736 veluti
1282 709 1368 736 velata
1393 709 1510 736 fuerant.
1532 707 1566 734 Et
1589 707 1832 742 conglutinaverunt

1046 754 1110 788 folia
1132 754 1256 788 ﬁculnea,
1280 755 1446 789 feceruntque
1469 754 1520 781 sibi
1547 753 1724 788 subligaculo.
1755 752 1831 779 Folia

1047 799 1161 826 ficulnea
1189 805 1267 827 vocat
1298 800 1419 834 ipsorum
1460 807 1576 831 manus;
1609 799 1728 826 referunt
1758 798 1832 824 enim

1047 852 1149 871 manus
1168 852 1261 872 eorum
1278 844 1405 872 foliorum
1426 845 1552 879 ﬁguram.
1575 843 1656 876 Quasi
1674 843 1754 873 dicat,
1769 849 1830 869 cum

1045 897 1074 917 se
1090 889 1178 917 nudos
1193 897 1253 917 esse
1272 890 1535 921 animadverterent,
1554 889 1679 916 manibus
1701 895 1749 915 sua
1768 895 1834 915 con<

1047 939 1137 961 texere
1156 934 1300 968 pudenda;
1328 939 1411 969 atque
1435 935 1472 962 its
1497 934 1578 962 etiam
1602 942 1676 961 nunc
1693 941 1723 961 se
1743 940 1832 960 mores

1047 979 1203 1006 mortalium
1235 979 1346 1006 habent.
1371 979 1464 1013 Neque
1485 980 1556 1007 enim
1574 984 1621 1005 aut
1635 979 1767 1005 amictum
1783 982 1831 1004 aut

1048 1024 1168 1056 tunicas,
1189 1024 1241 1051 sibi
1267 1024 1341 1058 ipsos
1366 1024 1463 1052 fecisse
1487 1024 1562 1055 dicit.
1581 1024 1628 1051 sed
1652 1023 1831 1058 perizomata.

1047 1071 1099 1098 hoc
1116 1074 1179 1102 est,
1201 1077 1261 1104 qua:
1291 1070 1348 1097 sola
1385 1070 1511 1104 genitalia
1549 1070 1671 1097 membra
1699 1075 1832 1103 tegerent.

1047 1115 1082 1142 Et
1098 1116 1237 1142 audierunt
1254 1124 1340 1142 vocem
1356 1116 1461 1142 Domini
1481 1116 1529 1142 Dei
1545 1116 1691 1150 gradientis
1709 1115 1735 1141 in
1748 1123 1832 1149 para-

1045 1161 1113 1191 diso,
1129 1161 1164 1188 ad
1188 1161 1386 1188 inclinationem
1409 1161 1473 1188 diei.
1497 1161 1641 1188 Inclinatio
1657 1160 1710 1187 diei
1728 1167 1830 1187 moram

1046 1205 1177 1240 temporis
1196 1206 1348 1240 signiﬁcat;
1374 1205 1452 1240 quasi
1474 1205 1557 1237 dicat,
1581 1213 1633 1232 non
1651 1204 1731 1231 simul
1748 1209 1832 1239 atque

1046 1251 1203 1278 mandatmn
1237 1251 1450 1279 transilivissent
1485 1251 1718 1285 deliquissentqne
1747 1257 1832 1284 appa-

1045 1296 1134 1323 ruisse
1148 1296 1214 1331 ipsis
1228 1296 1331 1322 Dcum:
1349 1295 1398 1323 sed
1416 1292 1560 1329 interjeeto
1579 1295 1709 1329 temporis
1727 1294 1828 1328 spatio.

1046 1341 1175 1368 nimirum
1191 1349 1247 1376 quo
1270 1342 1330 1376 ipso
1360 1340 1432 1376 apud
1455 1341 1576 1367 animum
1601 1347 1681 1367 suum
1699 1339 1750 1366 sibi
1769 1346 1832 1366 col:-

1045 1387 1118 1414 scios
1130 1386 1243 1421 puderet
1258 1387 1379 1419 interim,
1393 1385 1589 1420 pmniterelqne
1603 1384 1715 1411 admissi
1727 1383 1832 1418 flagitii.

1044 1430 1129 1459 Porro
1152 1432 1300 1459 descensus
1325 1437 1352 1458 et
1378 1431 1510 1458 adventus
1536 1430 1582 1456 Dei
1609 1429 1635 1456 in
1659 1429 1831 1464 paradisum.

1045 1477 1131 1511 ligura
1145 1481 1204 1503 erat
1219 1484 1281 1510 quae
1295 1476 1489 1503 descensurum
1505 1479 1588 1509 atque
1605 1479 1751 1502 venturum
1766 1474 1832 1500 olim

1046 1522 1073 1549 in
1091 1522 1221 1549 mundum
1242 1521 1288 1548 Dei
1303 1520 1420 1548 Verbum
1441 1520 1620 1556 signiﬁcabat.
1642 1519 1699 1546 Diei
1714 1519 1832 1546 inclina-

207 1564 373 1596 dixitDeus,
389 1573 420 1592 ne
440 1566 524 1593 edulis
541 1566 573 1593 de
594 1575 625 1594 ea
641 1576 722 1602 neque
742 1569 858 1603 tangatis
879 1576 948 1600 eam,
962 1577 994 1595 ne
1007 1559 1029 1588 ο
1045 1567 1119 1594 tione
1142 1574 1205 1594 vero
1227 1566 1339 1602 mystice
1366 1565 1562 1593 ostendebatur
1586 1563 1644 1591 fore
1662 1568 1692 1591 ut
1709 1564 1760 1591 hoc
1784 1563 1831 1591 Dei

207 1610 374 1639 moriemini.
390 1610 476 1638 Jussit
494 1612 602 1646 quidem
620 1612 691 1640 Deus
714 1618 743 1640 ut
761 1621 853 1641 rerum
870 1614 993 1641 omnium

209 1661 265 1682 tam
281 1663 342 1690 quae
365 1657 437 1684 cerni
462 1665 514 1684 non
542 1663 658 1692 possunt
679 1666 760 1693 quam
783 1667 843 1693 quae
869 1663 987 1694 possunt

209 1701 440 1736 contemplatione
456 1709 507 1729 nos
529 1710 717 1735 exerceamus,
740 1707 821 1738 atque
837 1712 868 1731 ea
884 1709 994 1732 nosmet

209 1747 393 1779 oblectamus;
422 1752 449 1775 at
475 1748 501 1775 in
515 1756 544 1776 se
572 1749 624 1784 (est
648 1749 720 1776 enim
743 1750 810 1784 ipse,
841 1750 925 1778 arbor
949 1751 994 1778 illa

210 1792 372 1828 spiritualis)
392 1793 478 1821 noluit
494 1801 543 1821 nos
559 1794 643 1822 altius
656 1795 847 1830 curiosiusque
858 1795 994 1830 inquirere

211 1838 345 1865 unicusne
366 1838 401 1865 sit
428 1839 497 1867 Deus
513 1847 545 1866 an
573 1840 676 1874 plures,
696 1848 728 1868 ne
752 1841 815 1868 dum
835 1841 868 1868 ad
890 1841 995 1875 ejusce-

213 1882 287 1909 modi
313 1883 514 1917 indagationem
540 1892 618 1912 mens
644 1889 737 1913 nostra
765 1893 861 1920 parum
889 1886 994 1920 pollens

211 1933 363 1963 potensque
387 1934 438 1960 est.
461 1937 509 1964 per
534 1934 674 1962 peccatum
702 1930 870 1958 oceidamus.
902 1931 935 1957 Et
957 1932 995 1958 ait

209 1979 314 2006 serpens
342 1971 376 1998 ad
398 1972 534 1999 mulierem
557 1981 567 2000 :
591 1972 651 2000 Non
676 1979 761 2001 morte
776 1976 899 2002 morituri
921 1976 993 2003 estis.

210 2016 250 2043 En
268 2021 298 2044 ut
312 2018 379 2045 nihil
403 2018 486 2051 pudet
509 2018 658 2046 daemonem
677 2019 756 2054 plane
780 2020 834 2047 Deo
857 2021 995 2048 contradi‘

210 2069 272 2089 cere
286 2072 294 2090 :
309 2063 353 2089 ille
366 2067 479 2090 mortem
494 2063 638 2090 obnuntiat
654 2064 676 2090 si
692 2065 753 2099 quis
766 2065 847 2092 altius
868 2066 894 2092 in
907 2066 994 2101 ipsum

211 2107 346 2142 inqmrat;
361 2108 406 2135 hic
420 2115 532 2142 prorsus
552 2109 648 2136 mortis
665 2116 777 2136 securos
796 2110 861 2137 l'acit
880 2117 927 2138 eos
949 2110 995 2145 qui

214 2156 315 2178 arcana
331 2150 377 2177 Dei
393 2151 512 2178 audeant
526 2152 654 2179 scrutari.
679 2152 713 2180 Et
731 2153 795 2180 vidit
815 2153 909 2180 mulier
928 2154 996 2189 quod

212 2195 324 2228 puli-lira
347 2201 412 2222 esset
438 2196 519 2223 arbor
539 2197 573 2224 ad
600 2197 753 2225 vescendum
767 2218 776 2230 ,
797 2203 822 2225 et
847 2199 996 2233 eapetibilis

212 2241 317 2274 oculis,
341 2247 418 2276 atque
443 2242 627 2270 desiderabilis
653 2243 734 2270 arbor
760 2249 889 2279 spectata.
918 2244 995 2278 Quod

211 2288 354 2315 mulierem
372 2289 439 2316 dicit
453 2289 554 2317 vidisse
582 2289 720 2322 arborem.
735 2298 790 2317 non
806 2290 843 2318 ita
861 2291 997 2325 accipien-

213 2332 280 2360 dum
293 2338 334 2362 est
348 2335 426 2369 quasi
449 2334 532 2362 Deum
553 2335 597 2363 illa
612 2336 708 2363 viderit
723 2343 802 2370 quem
818 2336 933 2371 mystice
949 2344 997 2372 per

212 2384 274 2406 eam
290 2381 411 2408 arborem
429 2381 611 2415 signiﬁcatum
623 2389 683 2409 esse
694 2382 829 2415 diximus;
843 2383 890 2410 sed
909 2383 994 2418 ipsam

214 2426 385 2454 auscultasse
401 2427 514 2455 coasilio
535 2427 683 2459 daemonis,
701 2427 815 2463 ejusque
827 2428 917 2456 verbis
932 2435 995 2463 pcr-

213 2476 323 2498 suasam
340 2472 479 2500 curiosius
494 2472 521 2499 in
536 2471 620 2499 Deum
638 2472 775 2506 inquirere
794 2477 920 2500 conatam
934 2481 997 2501 esse

212 2515 358 2549 signiticet.
376 2517 408 2545 Et
424 2518 523 2552 accepit
541 2517 574 2544 de
592 2517 720 2552 fructibus
739 2518 822 2552 ipsius
834 2522 858 2545 et
873 2519 938 2552 edit,
950 2518 997 2545 de-

213 2560 304 2596 ditque
314 2563 393 2589 etiam
419 2562 498 2590 simul
519 2563 573 2589 viro
601 2570 659 2594 suo,
678 2567 702 2588 et
718 2563 840 2590 comedit.
861 2562 918 2598 Ipsa
934 2571 996 2591 cum

214 2607 309 2636 animo
325 2615 375 2636 suo
390 2612 517 2643 reputare
534 2612 614 2642 atque
629 2608 781 2642 disquirere
794 2608 878 2643 coepit
892 2609 926 2636 de
944 2608 997 2636 Deo

215 2657 324 2680 unusne
349 2657 422 2680 esset
438 2660 472 2680 an
498 2653 600 2687 plures,
622 2658 740 2688 etquam
754 2654 790 2681 ob
810 2661 920 2681 causam
947 2653 998 2681 sibi

214 2698 371 2733 maritoque
388 2706 439 2726 suo
452 2698 637 2726 interdixisset
650 2705 741 2726 escam
757 2698 861 2726 arboris
880 2699 1000 2727 scientia

215 2746 300 2778 atque
312 2745 393 2772 sintut
405 2744 538 2772 Adamum
557 2744 684 2772 maritum
697 2752 777 2772 suum
794 2749 823 2772 ut
836 2745 907 2773 idem
925 2745 999 2772 iace-

1048 1611 1162 1640 Verbum
1179 1612 1206 1639 in
1226 1613 1279 1640 line
1297 1616 1447 1646 temporum
1471 1618 1581 1637 carnetn
1606 1610 1740 1641 indueret,
1760 1609 1829 1638 sicut

1045 1657 1082 1684 ait
1098 1656 1197 1684 Paulus
1214 1665 1220 1683 z
1238 1656 1302 1683 Cum
1315 1656 1424 1682 venisset
1441 1655 1502 1690 ﬁnis
1523 1655 1658 1689 temporis,
1674 1654 1744 1680 misit
1761 1653 1831 1680 Deus

1049 1703 1149 1730 Filium
1164 1707 1282 1734 suum,et
1298 1702 1383 1735 factus
1398 1707 1435 1729 est
1448 1709 1480 1729 ea:
1495 1700 1643 1728 muliere".
1656 1699 1756 1726 Deinde
1771 1706 1833 1734 gra-

1045 1747 1145 1774 dientis
1160 1747 1207 1774 Dei
1221 1746 1311 1774 audita
1333 1754 1379 1781 per
1401 1746 1557 1781 paradisum
1582 1753 1632 1773 vox
1653 1743 1834 1780 portendebat

1046 1792 1163 1820 Verbum
1187 1791 1230 1818 Dei
1249 1792 1395 1826 aliquando
1410 1792 1478 1826 apud
1504 1799 1553 1819 nos
1566 1790 1593 1818 in
1611 1798 1692 1817 carne
1707 1794 1831 1818 versatu-

1049 1847 1110 1866 rum
1124 1838 1391 1871 ambulatmumque,
1407 1837 1631 1872 quemadmodum
1646 1836 1679 1863 de
1689 1836 1747 1870 ipso
1766 1843 1833 1870 pne-

1047 1884 1117 1911 dixit
1131 1888 1204 1911 vates
1220 1892 1226 1909 :
1248 1883 1280 1909 Et
1295 1891 1372 1916 super
1386 1888 1484 1909 terram
1503 1882 1574 1909 visus
1590 1887 1639 1914 est,
1654 1885 1678 1907 et
1698 1881 1768 1914 apud
1783 1881 1833 1907 ho-

1047 1929 1129 1955 mines
1144 1933 1260 1955 versatus
1277 1933 1314 1955 est
1329 1927 1364 1954 ’⁸.
1394 1926 1427 1953 Ει
1445 1927 1573 1953 abdebant
1585 1934 1611 1953 se
1624 1927 1709 1952 Adam
1727 1930 1752 1952 et
1767 1933 1834 1951 uxor

1049 1975 1133 2009 ipsius
1149 1983 1165 2001 a
1183 1978 1321 2008 conspectu
1338 1973 1442 2000 Domini
1467 1972 1524 2004 Dei,
1541 1972 1607 1998 inter
1627 1971 1732 1998 arbores
1747 1977 1832 2001 para-

1051 2020 1114 2047 disi.
1132 2019 1273 2047 Abdebant
1294 2019 1405 2053 quidem
1430 2018 1501 2045 inter
1523 2018 1635 2044 arbores
1649 2016 1768 2051 paradisi
1784 2023 1834 2043 sua

1047 2073 1188 2100 corpora;
1216 2072 1308 2093 verum
1338 2064 1532 2092 conscientiam
1560 2062 1672 2091 admissi
1704 2061 1834 2089 facinoris

1048 2116 1139 2146 tegere
1158 2120 1172 2138 a
1187 2114 1333 2145 conspectu
1351 2109 1458 2137 Domini
1471 2113 1554 2144 atque
1568 2107 1754 2139 dissimulare,
1772 2106 1831 2141 ipse

1048 2157 1206 2191 prohibebat
1219 2155 1316 2190 pudor.
1325 2155 1418 2183 Vocem
1430 2159 1502 2181 tuam
1514 2154 1603 2181 audivi
1616 2154 1643 2180 in
1658 2152 1795 2188 paradiso.
1806 2157 1832 2179 et

1048 2203 1101 2230 uidi
1113 2202 1182 2237 quod
1202 2202 1288 2229 nudus
1310 2209 1403 2232 essent,
1419 2206 1444 2228 et
1463 2200 1554 2227 abdidi
1571 2207 1620 2228 me.
1648 2199 1680 2226 Et
1698 2198 1773 2233 quia,
1792 2197 1833 2227 in-

1049 2249 1119 2283 quit,
1139 2255 1231 2275 vocem
1247 2252 1320 2274 tuam
1335 2246 1483 2281 gradientis
1498 2253 1546 2280 per
1556 2243 1832 2280 paradisumaudivi.

1050 2297 1076 2320 ct
1088 2293 1151 2328 quia
1163 2292 1266 2319 nudum
1280 2300 1323 2319 me
1333 2299 1395 2320 esse
1408 2291 1587 2318 animadverti
1601 2299 1609 2322 ;
1623 2290 1657 2317 ab
1666 2297 1699 2317 ea
1715 2289 1833 2316 maxima

1050 2343 1131 2372 atque
1150 2337 1328 2365 saluberrima
1340 2337 1426 2371 gratia
1440 2344 1493 2371 qua
1510 2341 1572 2363 ante
1591 2335 1695 2363 fueram
1709 2335 1832 2366 indutus,

1049 2384 1085 2411 ob
1099 2383 1147 2410 has
1164 2390 1214 2417 ego
1230 2382 1297 2409 duas
1316 2390 1413 2410 causas
1433 2386 1506 2409 metu
1523 2382 1666 2416 perculsus
1685 2388 1728 2407 me
1742 2380 1834 2408 occul-

1049 2429 1114 2460 tavi,
1131 2429 1181 2456 hoc
1195 2432 1236 2456 est
1252 2435 1308 2455 rem
1323 2428 1409 2463 ipsam
1423 2428 1608 2458 commissam,
1625 2426 1695 2460 apud
1711 2425 1832 2452 animum

1050 2481 1139 2502 meum
1153 2473 1308 2508 expendens
1326 2473 1404 2500 timui
1421 2481 1428 2500 :
1444 2471 1477 2499 Et
1490 2473 1529 2498 ait
1543 2472 1577 2499 ad
1594 2472 1671 2498 illum
1683 2471 1808 2498 Dominus
1823 2478 1833 2496 :

1051 2519 1117 2552 Quis
1133 2519 1288 2554 signiﬁcavit
1306 2518 1354 2545 tibi
1364 2518 1434 2552 quod
1447 2518 1534 2545 nudus
1550 2525 1617 2545 esses
1629 2517 1643 2544 .9
1666 2524 1728 2544 num
1743 2516 1775 2543 de
1786 2524 1833 2543 ar-

1051 2566 1110 2592 bore
1127 2566 1159 2592 ds
1170 2573 1221 2600 qua
1229 2564 1299 2598 jussi
1312 2571 1342 2591 ne
1354 2565 1454 2596 edens,
1471 2563 1549 2590 edisti
1562 2564 1575 2591 7
1595 2563 1634 2590 Ac
1649 2563 1671 2590 si
1684 2562 1777 2590 dicat:
1793 2560 1832 2589 En

1051 2612 1103 2638 mei
1119 2611 1330 2646 cogizationibus
1353 2614 1414 2636 tete.
1429 2609 1579 2644 occupasti,
1600 2609 1728 2644 qualibus
1748 2608 1834 2636 absti-

1051 2663 1115 2682 nere
1131 2660 1158 2682 te
1173 2656 1320 2690 iusseram.
1337 2654 1372 2681 Et
1391 2655 1430 2681 ait
1451 2655 1538 2682 Adam
1554 2662 1563 2681 :
1579 2653 1677 2681 latior
1690 2661 1770 2688 quam
1792 2657 1835 2680 at-

1052 2700 1169 2727 tribuisti
1192 2700 1266 2731 mihi,
1282 2700 1340 2734 ipsa
1363 2700 1435 2727 dedit
1452 2700 1527 2731 mihi,
1543 2704 1567 2726 et
1589 2700 1699 2728 comedi.
1726 2697 1831 2730 Mulier,

1052 2745 1150 2778 inquit,
1166 2751 1246 2779 quam
1264 2744 1329 2772 mihi
1344 2745 1448 2772 sociam
1466 2743 1566 2777 fecisti,
1586 2751 1618 2771 ea
1640 2743 1705 2770 mihi
1721 2742 1834 2770 medita-

252 2826 277 2842 ’δ
297 2827 363 2856 Luc.
380 2827 464 2861 1,19.
503 2827 526 2844 ’⁸
545 2827 629 2862 Apoc.
641 2834 686 2858 xx,
721 2826 749 2854 2.
788 2827 810 2843 ’⁸
828 2826 924 2854 Etcch.
945 2834 963 2858 ι,
981 2826 993 2851 5

1046 2824 1066 2841 ’⁷
1085 2824 1173 2852 Galst.
1191 2834 1226 2859 iv,
1242 2825 1268 2852 4.
1306 2826 1328 2842 ’⁸
1348 2825 1466 2852 Barucb.
1487 2831 1526 2857 ιιι,
1540 2823 1586 2850 58.
