2027 3077
190 151 240 183 591

825 151 938 181 MOSIS
959 151 1033 181 ΒΑΗ
1054 153 1176 182 (ΖΕΡΠᾹ

1759 147 1814 180 592

196 207 277 234 tionis
293 207 325 234 de
342 211 366 234 te
390 206 562 235 instituenda
577 214 659 234 causa
683 207 742 233 luit.
759 205 892 233 Nimirum
915 206 980 233 facit
993 207 1016 236 Α
1032 207 1057 234 in
1073 207 1214 238 Trinitate,
1236 212 1262 234 cl
1284 206 1446 233 Trinitatem
1470 207 1496 233 itt
1518 206 1622 233 unitate
1637 213 1644 237 ;
1662 210 1687 231 ct
1703 209 1732 231 ut
1751 204 1813 232 Ven.

194 253 278 279 Adam
304 251 376 286 quod
406 253 536 279 mortales
556 259 650 279 omnes
676 251 764 279 solent
788 259 796 279 :
821 251 844 278 si
869 252 978 286 quando

185 298 268 324 enim
287 302 381 325 errant
394 301 475 331 atque
490 301 602 332 peccant
617 296 748 329 homines,
757 303 855 324 causas
865 296 977 331 quasvis

185 342 332 377 arripiunt
345 341 441 376 quibus
460 348 475 367 a
498 340 576 375 culpa
590 348 619 368 se
630 345 657 367 et
671 347 749 376 poena
771 341 917 368 vindicent.
940 339 976 366 Et

189 388 235 413 tait
257 387 381 413 Dominus
397 385 431 412 ad
443 390 607 419 serpentem:
627 386 697 418 Quia
714 386 800 420 fecisti
823 386 881 418 hoc,
896 386 980 412 ntale-

197 433 282 458 dictus
302 439 328 458 es
350 439 405 466 pne
426 431 498 458 omni
534 432 657 464 animali,
678 436 702 458 et
727 431 809 458 bestia
829 432 896 466 agri.
924 431 981 458 Hoc

197 477 263 503 dicit
288 476 320 503 ad
349 475 478 503 Satanam
513 475 645 503 Dominus
671 484 678 503 :
705 476 767 510 quia
793 475 927 502 Adamum
954 480 981 502 et

199 528 309 548 uxorem
321 521 407 555 ipsius
424 521 566 552 seduxisti,
593 521 717 556 jumenta
740 521 849 556 quidem
867 521 980 548 bestias-

194 575 252 600 »que
272 572 384 593 caeteras
410 566 543 601 dignabor
565 574 623 594 mea
637 574 713 600 cura,
732 567 756 593 id
778 571 831 599 est,
848 566 980 593 snﬂiciam

191 612 265 646 ipsis
282 612 372 638 cilium
395 611 421 638 in
443 616 565 646 tempore
582 621 588 638 :
610 616 638 638 at
652 616 680 638 tu
695 619 753 638 mea
771 619 835 638 cura
855 612 983 646 indignus

198 656 353 683 habeberis.
367 655 402 682 Et
416 663 493 689 super
509 660 620 683 ventrem
637 660 711 682 tuum
724 656 863 690 gradieris.
883 655 981 683 Extor-

199 702 236 728 ris
251 702 324 728 enim
347 709 361 728 a
378 702 483 729 emlesti
501 701 651 736 republica,
666 709 745 736 repes
765 702 840 728 humi
859 707 941 736 atque
955 701 980 728 in

192 748 315 775 terrenis
335 748 419 774 rebus
445 747 627 787 ‘volutaberis.
653 746 686 773 Et
713 747 843 781 pulverem
866 747 982 774 romedes

193 793 320 820 omnibus
333 793 423 820 diebus
439 794 497 819 vita:
513 798 565 819 tute
580 802 587 819 :
605 793 728 820 homines
742 793 831 827 perire
844 792 927 827 (quod
941 797 984 820 est

200 838 282 865 veluti
297 838 324 865 in
340 838 479 873 pulverem
497 838 610 872 reverti)
627 843 655 865 tu
673 838 721 865 tibi
738 845 786 872 pro
800 844 862 864 esca
876 842 903 864 ct
919 837 981 864 cibo

201 883 295 914 duces.
309 887 416 918 propter
429 891 565 910 summum
577 889 653 910 tuttm
668 883 797 909 adversus
808 883 870 909 illos
881 883 984 909 odium.
1000 867 1022 894 Β

202 929 237 956 Et
253 929 405 955 inimicitias
421 936 516 960 ponam
532 929 600 956 inter
623 934 657 957 te.
675 933 699 955 et
715 928 860 960 mulierem,
873 933 898 954 et
915 928 985 954 inter

195 983 288 1002 semen
315 979 389 1001 tuum
416 979 440 1001 et
469 981 555 1001 semen
590 973 672 1000 illius.
700 973 727 1000 Id
751 973 864 1006 odium,
886 972 984 1007 inquit.

201 1027 255 1054 quo
276 1024 303 1047 ιιι
319 1020 430 1055 gaudes,
445 1027 543 1054 ponam
559 1026 610 1054 ego
626 1020 697 1046 inter
712 1023 738 1046 te
752 1023 779 1045 et
793 1019 865 1050 illos,
877 1023 904 1045 et
917 1019 986 1045 inter

203 1073 295 1093 semen
330 1066 480 1092 humanum
514 1070 596 1100 atque
621 1065 734 1092 rebelles
763 1065 902 1092 dzemonas
927 1070 988 1091 tuos

201 1111 302 1138 socios.
328 1110 359 1137 Et
374 1111 430 1145 ipsa
444 1115 557 1138 conteret
581 1115 659 1144 eaput
676 1115 760 1142 tuum,
790 1110 840 1137 hoc
857 1113 908 1140 est.
925 1108 987 1135 irri—

203 1161 261 1182 tum
277 1155 357 1182 faciet
374 1159 480 1182 tuarum
498 1155 660 1182 astutiarum
679 1155 797 1182 initium.
826 1154 860 1180 Et
876 1159 904 1180 tu
923 1153 989 1180 illud

195 1201 282 1235 feries
304 1201 330 1227 in
351 1201 423 1227 calce
439 1201 533 1235 ipsius,
566 1200 618 1226 hoc
633 1205 684 1232 est,
712 1207 739 1226 tu
760 1200 863 1233 peccati
893 1199 989 1226 vulnus

195 1246 255 1280 vipsi
279 1245 396 1279 inﬂiges.
409 1250 437 1272 ut
450 1246 562 1279 perdere
578 1245 666 1279 possis
682 1244 846 1272 in'cxtrctno
857 1244 991 1279 cjuslvita:

205 1296 279 1317 actu.
305 1291 340 1316 Et
360 1290 393 1316 ad
409 1290 546 1316 mulierem
561 1290 599 1315 ait
618 1297 626 1316 :
646 1289 849 1324 Multiplicando
862 1290 992 1324 multipli-

203 1335 271 1362 cabo
285 1335 388 1362 doleres
411 1340 468 1362 tuos
483 1339 507 1361 et
524 1339 661 1368 conreptus
683 1339 752 1361 tuos.
771 1335 832 1362 Ilzee
847 1336 990 1370 mysticum

205 1387 317 1407 sensum
336 1388 390 1408 non
404 1381 570 1415 admittunt;
586 1389 715 1411 cauet-um
733 1392 788 1412 rcm
808 1385 892 1419 ipsam
909 1393 991 1420 supra

198 1427 442 1460 ,portractavimus.
460 1428 493 1455 Et
522 1429 582 1463 fecit
606 1429 734 1457 Dominus
750 1430 819 1457 Deus
841 1431 953 1462 Adamo,
968 1435 993 1458 el

199 1471 284 1498 «ποτε
299 1472 381 1506 ipsius
392 1473 495 1501 tunicas
512 1475 645 1509 pelliceas.
668 1480 692 1502 et
710 1476 811 1503 vestivit
827 1477 907 1511 ipsos.
923 1476 991 1504 Cum

1032 252 1096 279 bum
1113 252 1171 284 Dei,
1193 253 1257 279 olim
1275 260 1384 279 carnem
1406 260 1466 279 esse
1487 255 1692 286 assumplurum
1717 255 1814 276 nostra

1031 297 1126 324 salutis
1151 302 1178 324 et
1200 297 1392 332 redemptionis
1417 297 1506 332 gratia
1521 317 1528 329 ,
1550 295 1741 331 prospiceret:
1763 301 1817 320 non

1031 343 1108 374 satis,
1127 342 1252 376 inquam,
1266 343 1383 375 pollebat
1398 342 1497 369 deinde
1512 349 1598 376 genus
1614 341 1766 367 humanum
1784 339 1819 366 ad

1034 387 1194 422 huiusmodi
1209 387 1342 414 sublimes
1357 387 1548 414 meditationes
1563 386 1742 414 exercendas.
1755 389 1819 410 tan-

1033 434 1117 468 tisper
1133 433 1198 460 dum
1216 433 1348 468 ﬂagitium
1362 433 1427 460 illud
1441 437 1467 460 et
1485 433 1608 467 pravitas
1625 439 1673 466 per
1687 430 1819 457 Satanam

1033 480 1084 506 sub
1117 479 1252 513 serpentis
1273 479 1363 513 specie
1389 478 1454 512 (quo
1484 477 1611 504 utebatur
1639 484 1688 503 ceu
1715 477 1821 503 instru-

1034 525 1135 558 mento)
1155 525 1254 558 iujecm
1269 524 1425 550 delerentur
1447 529 1528 557 atque
1552 523 1726 549 abolereutur
1745 522 1819 555 peni-

1033 576 1087 598 tus.
1108 570 1140 597 Et
1158 571 1229 596 misit
1244 570 1329 604 ipsum
1348 569 1474 596 Dominus
1492 568 1560 595 Deus
1573 573 1647 594 extra
1666 567 1822 601 paradisum

1035 615 1119 647 Eden,
1135 620 1162 642 ut
1182 616 1276 642 coleret
1291 621 1400 644 terram,
1416 622 1448 641 ex
1462 622 1514 648 qua
1536 618 1655 646 sumptus
1671 612 1768 646 fuerat.
1790 610 1824 636 Et

1033 661 1180 689 eliminavit
1204 662 1291 695 ipsum
1316 660 1443 686 Dominus
1463 660 1540 685 Ifctts.
1562 659 1675 692 Propter
1691 656 1819 683 violatam

1034 708 1118 742 legem
1137 707 1260 734 multavit
1276 706 1408 732 Adamum
1426 705 1496 731 Deus
1524 703 1683 730 felicissima
1707 702 1752 729 illa
1771 702 1826 727 rita

1035 754 1128 788 inqua
1162 758 1276 779 mentem
1308 759 1384 779 suam
1410 751 1454 777 illc
1479 757 1585 776 omnem
1609 753 1742 782 perpetua
1759 755 1825 774 cnn-

1038 799 1213 834 templatione
1229 805 1319 824 rerum
1335 801 1361 824 et
1375 804 1435 831 qua:
1449 795 1557 822 ridendi
1577 794 1669 821 sensui
1687 793 1784 827 subjici
1797 798 1825 819 ct

1036 851 1096 878 ane
1111 851 1164 870 non
1178 842 1274 875 subjici
1293 845 1424 876 possunt.
1443 845 1507 866 ante
1527 837 1720 873 pertractahat.
1736 838 1825 870 Atqui:

1037 889 1149 923 insuper
1168 896 1182 914 a
1204 888 1266 914 vitm,
1287 886 1369 914 etiam
1393 885 1490 912 arbore
1509 883 1648 918 prohibuit
1665 891 1672 916 ;
1692 883 1729 909 ait
1753 883 1827 908 enim

1039 933 1128 960 Moses
1146 942 1152 960 :
1176 932 1207 959 Et
1221 933 1321 959 versari
1338 932 1398 966 fecit
1413 932 1447 957 ad
1463 931 1587 957 orientem
1601 928 1723 963 paradisi
1739 927 1828 959 Eden,

1037 980 1123 1012 ipsum
1137 978 1238 1005 Cherub
1250 983 1272 1004 et
1288 978 1369 1004 aciem
1381 976 1462 1011 gladii
1478 975 1619 1006 versatilis,
1632 974 1666 1000 ad
1681 973 1832 1000 custodien-

1038 1024 1101 1051 dam
1117 1026 1166 1051 iter
1190 1024 1293 1050 arboris
1308 1024 1376 1050 vitat.
1401 1022 1439 1049 Ad
1455 1021 1614 1048 orientalem
1627 1024 1730 1054 partem
1747 1026 1831 1053 para-

1038 1069 1089 1096 disi
1118 1069 1216 1099 solam,
1241 1077 1294 1095 nott
1320 1067 1401 1094 etiam
1425 1066 1458 1093 ad
1486 1065 1606 1099 reliquas
1632 1063 1762 1090 collocata
1790 1066 1832 1089 cst

1039 1114 1172 1144 custodia.
1188 1113 1251 1148 quia
1276 1112 1398 1139 Orientis
1426 1112 1500 1145 regio
1530 1109 1682 1144 prtestitnta
1713 1111 1771 1135 erat
1802 1111 1834 1134 ut

1038 1163 1111 1187 esset
1138 1159 1201 1185 olim
1223 1159 1299 1184 locus
1321 1156 1454 1184 adorandi
1477 1155 1535 1182 Dei.
1565 1155 1651 1181 Porro
1675 1153 1786 1180 Cherth
1803 1157 1831 1179 et

1040 1205 1145 1239 gladius
1158 1205 1253 1239 igneus
1268 1201 1469 1236 terriﬁcusquc,
1496 1199 1626 1228 custodia:
1642 1206 1723 1226 causa
1749 1197 1831 1232 positi

1042 1253 1106 1277 sunt
1131 1250 1201 1277 inter
1226 1249 1290 1276 Adae
1307 1247 1407 1283 ingenii
1435 1251 1542 1280 captum
1573 1249 1600 1272 et
1625 1245 1710 1278 ipsam
1737 1250 1831 1270 sacro-

1042 1298 1163 1321 sanctam
1194 1293 1356 1320 Trinitatem
1381 1301 1388 1320 :
1419 1299 1452 1318 nc
1479 1290 1582 1318 scilicet
1607 1296 1684 1316 mens
1710 1289 1833 1314 humana

1042 1340 1123 1367 altius
1137 1338 1485 1373 curiosiusqueinquirerct
1503 1336 1528 1363 in
1542 1340 1598 1363 tres
1616 1341 1747 1369 personas
1758 1333 1834 1360 Divi-

1045 1385 1139 1412 nitatis
1165 1392 1224 1419 qua:
1246 1391 1358 1418 prorsus
1377 1387 1419 1410 est
1435 1379 1730 1415 incomprehensibilis.
1761 1378 1834 1404 Sunt

1043 1436 1134 1459 autem
1154 1439 1215 1466 qua:
1232 1430 1275 1458 hic
1289 1438 1302 1456 a
1319 1428 1392 1456 Mosc
1407 1428 1578 1458 scribuntur,
1594 1433 1644 1461 pro
1656 1424 1758 1452 nostris
1776 1431 1836 1450 mo-

1046 1477 1123 1506 ribus
1137 1478 1220 1506 dicta.
1240 1476 1294 1505 Nos
1316 1477 1400 1503 enim.
1427 1474 1450 1500 si
1466 1481 1548 1508 quam
1562 1480 1619 1499 rem
1635 1472 1737 1499 salvam
1755 1470 1836 1504 cupi-

206 1518 304 1553 ίιπιιιίιι
335 1519 460 1554 ademi?"
485 1521 539 1549 illis
567 1526 639 1548 855οι
664 1521 718 1548 ma
743 1521 787 1549 in“
816 1523 988 1557 spiritualiS:
1009 1524 1031 1556 C
1051 1535 1123 1558 mus,
1136 1525 1161 1553 ei
1178 1522 1319 1552 custodem
1337 1520 1497 1552 sollicitum,
1515 1519 1652 1550 sedulum.
1674 1517 1834 1552 prudentem

201 1563 296 1598 beata,
309 1565 454 1600 gaudiiquc
469 1566 558 1601 plena,
576 1572 686 1602 propter
698 1575 748 1595 sua
764 1567 886 1602 ipsorum
902 1573 993 1595 errata

207 1610 309 1638 inducti
327 1615 393 1638 sunt
411 1612 436 1639 in
456 1612 538 1640 vitam
560 1613 630 1640 hanc
652 1619 830 1647 corpoream;
859 1621 995 1640 aerumno-

195 1663 264 1683 -sam
286 1660 369 1690 atque
385 1656 472 1684 anxiis
489 1657 570 1684 rebus
584 1657 725 1685 refertam.
741 1659 876 1685 Caeterum
893 1658 994 1686 tunicis

196 1701 340 1736 «pelliceis.
356 1703 475 1728 maxima
493 1702 554 1729 vitae
569 1704 747 1730 commutatio
769 1711 830 1738 quae
847 1703 913 1738 ipsis
933 1704 992 1731 vio-

201 1746 264 1772 ~lata
277 1746 336 1782 lege
355 1746 466 1778 accidit,
483 1746 664 1780 signiﬁcatur.
680 1747 794 1782 Propter
806 1755 854 1775 sua
872 1748 994 1782 ipsorum

198 1792 293 1827 igitur
306 1796 417 1827 peccata
432 1799 479 1820 eas
495 1800 591 1828 poenas
614 1794 758 1826 dederunt,
780 1798 808 1822 ut
822 1794 992 1830 spiritualetn

201 1845 273 1866 eum
287 1845 428 1873 corporea,
448 1838 497 1866 hoc
513 1842 564 1871 est,
579 1838 763 1867 felicissimam
788 1847 850 1867 cum
865 1839 995 1867 infelicis-

211 1884 281 1911 sima
297 1884 352 1912 vita
369 1888 518 1912 mutarent.
533 1883 566 1912 Et
581 1885 620 1912 ait
633 1884 765 1913 Dominus
779 1893 786 1913 :
798 1885 840 1912 Eu
855 1885 938 1912 Adam
952 1886 997 1919 {a-

201 1933 268 1956 stus
284 1934 321 1956 est
334 1929 421 1964 qualis
440 1936 507 1956 unus
522 1934 641 1957 nostrum
657 1931 683 1957 in
698 1931 874 1966 cognoscendo
891 1930 958 1958 bono
974 1934 998 1957 et

203 1974 293 2002 .malo.
320 1974 384 2002 Haec
406 1982 489 2010 supra
518 1975 626 2003 abunde
649 1976 858 2011 explicavimus.
883 1975 943 2002 Iam
968 1984 1000 2002 ne

212 2020 333 2054 fortassis
348 2021 472 2048 emendat
494 2028 601 2048 manum
619 2029 707 2053 suam,
719 2026 744 2048 et
760 2025 848 2047 sumat
863 2020 895 2047 de
907 2021 1000 2048 arbore

211 2067 282 2097 sitm,
297 2071 322 2094 et
335 2067 407 2099 edat,
425 2075 456 2093 ac
477 2068 544 2094 vivat
558 2067 586 2094 in
602 2072 739 2095 retentum.
751 2067 931 2102 Posteaquam
950 2067 1000 2094 ad-

213 2111 299 2139 misso
316 2111 419 2147 ﬂagitio
443 2113 589 2140 excidisset
610 2121 697 2148 genus
720 2113 869 2140 humanum
896 2112 942 2140 illo
957 2119 1000 2140 se-

211 2157 332 2185 cundum
351 2159 474 2186 animum
491 2159 599 2186 vivendi
621 2159 703 2186 modo
726 2159 828 2193 illaque
851 2159 905 2186 vita
921 2159 999 2186 beata

1049 1572 1213 1608 praeﬁcimus
1234 1567 1347 1595 terribili
1373 1566 1462 1599 aliqua
1484 1566 1576 1592 lancea
1606 1563 1763 1595 munitum,
1783 1561 1831 1595 qui

1047 1616 1141 1652 procul
1171 1618 1263 1641 arceat
1303 1611 1472 1639 accedentes.
1504 1609 1562 1637 “uc
1592 1609 1714 1635 animum
1744 1610 1837 1633 atten-

1048 1663 1113 1690 dant
1135 1662 1257 1695 qnoquot
1284 1661 1330 1685 aut
1355 1665 1408 1684 non
1432 1654 1600 1690 satistﬂrmi
1623 1661 1685 1682 cum
1709 1653 1774 1683 sint.
1790 1655 1838 1678 aut

1049 1714 1103 1734 non
1134 1705 1199 1734 satis
1234 1702 1375 1730 exercitati
1403 1707 1484 1736 atque
1505 1700 1618 1732 eruditi,
1651 1703 1698 1725 aut
1718 1697 1839 1730 denique

1051 1753 1156 1780 nullum
1171 1750 1280 1778 virtutis
1293 1756 1355 1776 cum
1372 1747 1490 1774 habeant
1507 1753 1586 1774 usum
1606 1756 1612 1772 :
1631 1744 1733 1772 audent
1746 1748 1838 1770 tamen

1051 1805 1099 1834 per
1113 1796 1293 1825 temeritatem
1310 1794 1400 1821 subito
1422 1793 1547 1827 prosilire
1564 1792 1591 1818 in
1611 1790 1730 1817 medium
1750 1794 1836 1823 atque

1053 1843 1141 1878 loqui,
1173 1841 1382 1875 dichptareqne
1409 1839 1442 1865 de
1486 1840 1670 1865 sacrosancta:
1694 1834 1839 1861 Trinitatis

1054 1888 1180 1925 personis
1200 1896 1207 1914 :
1227 1891 1254 1914 ct
1276 1885 1319 1913 his
1344 1884 1426 1912 Musis
1438 1883 1519 1910 dictis
1532 1886 1634 1909 tantam
1656 1889 1731 1908 suam
1750 1880 1838 1906 auda—

1053 1935 1124 1962 ciam
1151 1932 1292 1960 refrenare
1316 1931 1433 1960 discant.
1462 1934 1543 1964 atque
1571 1929 1608 1954 ita
1625 1934 1654 1955 se
1675 1927 1700 1953 in
1719 1926 1769 1953 hac
1782 1925 1837 1952 vita

1051 1982 1202 2013 expurgent
1225 1975 1406 2004 observandis
1427 1973 1473 2002 Dei
1498 1973 1585 2007 jussis
1602 1976 1631 1998 ut
1646 1971 1673 1998 in
1688 1971 1772 1998 altera
1789 1970 1837 1997 illa

1054 2025 1138 2052 futuri
1151 2024 1242 2052 szcculi
1269 2023 1406 2050 donentur
1434 2019 1588 2054 cognitione
1610 2016 1841 2048 meditationeque

1054 2077 1144 2098 rerum
1172 2077 1187 2096 a
1227 2067 1281 2095 Dco
1309 2067 1482 2094 conditarum
1525 2069 1605 2098 atque
1636 2062 1722 2097 ipsius
1757 2061 1839 2088 etiam

1053 2121 1168 2143 summie
1183 2112 1337 2144 Trinitatis,
1356 2115 1491 2145 quatenus
1515 2112 1587 2136 certe
1599 2107 1668 2134 hanc
1683 2114 1726 2133 res
1744 2110 1842 2132 creata:

1054 2164 1136 2194 atque
1152 2163 1272 2186 externa:
1289 2163 1336 2191 per
1347 2155 1474 2182 virtutem
1492 2152 1686 2187 omnipotentis
1702 2151 1749 2177 Dei
1766 2157 1843 2177 com-

203 2208 240 2231 «et
255 2205 389 2239 angelica,
416 2205 557 2240 indignum
582 2205 639 2239 jam
664 2211 786 2233 evaserat
809 2211 890 2241 atque
918 2207 999 2234 etiam
1016 2197 1038 2224 υ
1054 2203 1220 2239 prehendere
1246 2205 1382 2237 pou-runt.
1401 2199 1434 2226 Et
1461 2199 1506 2226 hic
1526 2198 1587 2225 linis
1623 2202 1681 2224 csto
1707 2195 1843 2223 sermonis

209 2248 362 2275 invalidum
385 2253 415 2276 ut
436 2250 603 2285 cogitatione
620 2256 815 2284 assequentur
829 2254 1002 2286 agnosceret-

205 2301 268 2328 que
285 2301 370 2322 unum
387 2294 471 2322 Deum
494 2300 521 2323 et
543 2302 598 2324 tres
612 2303 753 2332 personas,
772 2302 852 2332 atque
869 2298 999 2324 unitatem

1056 2250 1180 2277 secundi.

215 2371 1151 2384 h——_———.—-

1159 2368 1810 2384 _.___.____...___.—.——-—-—-——

815 2435 956 2480 PARS
1001 2435 1245 2479 TERTIA.

497 2590 708 2619 PROUSMIUII.

250 2647 401 2683 Superiora
434 2648 559 2682 proxima
586 2646 733 2679 oratione,
761 2653 778 2674 ο
805 2645 850 2681 pie
866 2649 895 2673 et
924 2652 1006 2673 vene-

219 2693 304 2721 rande
335 2693 418 2722 frater
442 2697 555 2726 noster,
582 2692 693 2720 demitte
720 2690 818 2726 Ignati,
841 2691 948 2725 egimus
972 2690 1007 2718 de

220 2739 348 2773 paradiso
369 2744 397 2767 et
423 2739 569 2766 arboribus
589 2738 724 2773 mysticis,
756 2745 806 2772 pro
831 2738 902 2764 serie
922 2741 1005 2772 atque

219 2788 316 2812 tenore
331 2784 479 2819 Scriptura:
504 2793 512 2812 :
529 2789 557 2811 at
583 2785 710 2818 praesenti
727 2791 853 2811 sermone
867 2784 1008 2811 dissolve-

222 2836 295 2862 mus,
320 2828 375 2857 Deo
397 2836 508 2857 manum
533 2829 613 2857 nobis
627 2830 794 2865 porrigente.
818 2829 1008 2857 haereticorum

222 2873 374 2904 calumnias
393 2882 464 2911 quas
481 2874 625 2903 adversum
645 2878 738 2903 nostra
763 2875 834 2903 dicta
854 2875 1009 2909 proferunt;

1060 2598 1092 2617 ac
1117 2588 1197 2617 simul
1215 2586 1360 2615 nonnullas
1384 2585 1551 2619 quaestiones
1573 2591 1589 2611 ι
1608 2583 1771 2619 quibusdam
1784 2579 1845 2608 aliis

1057 2636 1125 2663 viris
1140 2634 1268 2670 qumsitas
1283 2631 1489 2668 explicabimus.

1371 2688 1485 2718 CAPUT
1505 2687 1526 2715 l.

1061 2750 1159 2777 Contra
1177 2748 1324 2776 calumnias
1346 2746 1461 2774 Simonis
1479 2745 1569 2780 Magi,
1585 2748 1617 2772 de
1634 2746 1714 2778 pruni
1729 2747 1845 2777 parentis

1394 2785 1510 2806 neat-ato.

1411 2788 1510 2808 errato.

1427 2789 1439 2806 ε
1456 2789 1510 2807 ato.

1096 2829 1196 2864 Ol-jicit
1218 2828 1312 2855 Simon
1336 2789 1591 2861 Mag’t’tesfinquicns
1613 2833 1619 2851 :
1639 2824 1711 2851 Deus
1734 2822 1780 2849 illc
1798 2821 1845 2856 qtti

1063 2875 1197 2903 Adamum
1214 2872 1345 2905 condidit,
1363 2871 1497 2905 impotens
1514 2873 1573 2897 crat
1589 2872 1669 2902 atque
1687 2865 1844 2894 imbecillis:
