2027 3077
197 208 250 241 5‘33

761 211 809 242 DE
830 211 1027 244 PARADISO.
1049 226 1079 233 -
1100 213 1197 244 PARS
1217 215 1278 245 ιιι.

1412 239 1427 266 κ
1770 217 1825 249 εςε

195 275 284 301 neque
309 267 382 294 enim
407 267 511 296 ellicere
535 269 623 303 potuit
647 274 675 298 ut
702 276 824 299 maneret
847 272 1018 304 Ademus,A
1066 272 1094 299 Si
1123 277 1276 307 propterea,
1298 272 1393 300 Simon
1434 274 1518 308 Mago,
1557 275 1641 302 Deum
1670 275 1817 304 invalidum

195 312 304 346 qualem
327 319 387 339 esse
403 312 519 341 volebat.
536 314 574 342 Ad
596 315 652 342 haec
679 315 884 349 respondemus,
905 323 981 342 tuan-

196 356 267 384 sisso
300 356 433 384 Adamunt
459 359 565 393 qualem
592 360 680 394 ipsum
697 365 725 386 et
743 367 805 388 esse
822 366 849 388 et
873 368 982 388 manere

196 401 304 428 Volebat
325 401 395 429 Deus
413 403 538 430 conditor
562 403 727 440 rﬂ'ectorque
751 405 856 440 ipsius;
875 406 999 434 volebat‘

198 448 269 474 enim
296 447 367 476 Deus
390 449 477 483 ipsum
502 450 604 484 pollere
629 455 725 485 suopte
747 452 877 485 arbitrio,
901 456 982 486 alque

200 493 313 521 liberutn
334 501 405 526 esse,
424 502 476 521 tton
495 501 583 522 autem
605 502 729 525 naturam
748 497 846 524 habere
864 497 980 526 vinctam

197 542 224 566 et
237 539 392 572 obnoxiam,
405 540 511 574 qualem
529 540 628 568 habent
644 541 722 569 bruta
739 542 888 569 animantia
902 547 929 569 et
942 549 982 569 ea

198 591 242 611 res
261 591 321 618 quae
339 584 436 612 anima
459 590 583 619 expertes
607 589 681 613 sunt.
707 587 788 622 Atqui
816 586 938 621 profecto
957 586 980 614 si

198 627 330 655 voluisset
357 628 426 656 Deus
453 629 555 656 Adamo
579 629 692 656 liberum
719 638 781 658 esse
805 638 885 658 suum
905 631 981 659 arbi-

196 673 290 704 trium.
309 673 352 701 ltic
366 681 431 701 vero
447 681 500 702 non
514 674 677 703 obtinuisset
690 676 834 703 arbitrium
853 676 978 708 liberum,

197 724 283 752 neque
307 716 330 744 is
356 716 452 745 fuisset
478 725 557 755 quem
582 726 644 746 esse
668 719 775 747 Volebat
797 719 858 754 ejus
883 727 981 754 parcns

195 761 276 795 Deus,
300 763 347 790 sed
369 770 482 797 prorsus
507 763 589 794 alius,
604 771 636 791 ac
659 768 717 791 tum
741 765 850 793 domum
870 765 914 793 isti
931 773 980 792 ea-

193 808 304 835 lumnia
331 809 406 835 locus
431 809 537 835 fuisset.
567 809 617 837 Sed
646 810 730 838 instat
755 809 848 837 Simon
877 819 884 838 :
909 811 981 838 Deus

197 854 307 880 volebat
321 844 453 881 tie-ederet
470 854 591 882 Adamus
604 855 637 882 de
652 855 695 882 illa
711 856 827 888 arb0re;
841 857 901 890 at_is
913 857 980 890 edit,

195 907 248 926 non
272 906 336 932 (rgo
361 899 462 926 mansit
486 899 594 934 qualem
624 908 735 928 manere
760 900 866 929 volebat
890 901 978 935 Deus;

194 945 340 973 conﬁcitur
356 952 420 981 ergo
437 953 533 979 parum
553 950 688 980 potentem
706 946 792 974 fuisse
813 946 879 974 Adae
898 947 981 974 Crea-

196 995 294 1018 torem.
319 991 374 1017 ltno
400 998 465 1018 vero
482 991 506 1017 id
529 991 617 1024 ipsum
640 992 712 1027 quod
737 992 793 1020 edit
816 993 849 1020 de
872 993 979 1025 arbore,

195 1041 358 1070 argumento
374 1041 416 1064 est
435 1036 569 1063 mansisse
584 1037 692 1071 qualem
710 1037 818 1065 volebat
834 1037 906 1066 Deus
921 1045 980 1066 ma-

194 1089 260 1108 nere
279 1090 286 1108 :
308 1090 338 1109 ea
365 1083 437 1108 enim
464 1087 523 1108 erat
550 1082 595 1109 Dei
623 1083 758 1114 voluntas,
782 1089 811 1110 ut
833 1088 979 1115 constaret.

193 1127 327 1154 Adamum
350 1134 410 1154 esse
434 1127 550 1154 liberum
574 1131 655 1162 atque
677 1135 738 1155 cum
758 1128 844 1156 libero
867 1128 979 1156 arbitrio

195 1172 336 1200 conditum
350 1180 358 1206 ;
378 1172 458 1207 idque
474 1177 548 1200 certo
571 1172 607 1199 ita
626 1181 654 1200 se
670 1173 770 1201 habere
789 1174 851 1201 inde
867 1174 979 1209 potissi-

194 1225 268 1245 mum
293 1218 356 1245 8ιὶΓὶ
384 1218 473 1252 potuit
495 1218 567 1252 quod
591 1223 734 1253 appareret
760 1219 787 1247 in
808 1220 894 1254 ipsius
917 1226 978 1247 esse

193 1264 309 1298 positum
335 1263 462 1292 facultate
487 1268 514 1290 et
539 1263 620 1291 edere
643 1268 670 1291 et
695 1271 749 1291 non
775 1264 855 1292 edere
878 1265 911 1291 de
932 1264 978 1291 illa

193 1310 306 1343 arbore;
322 1311 462 1346 legemque
475 1310 516 1337 vel
530 1310 676 1337 observare
691 1310 729 1338 vel
744 1311 854 1338 violare.
867 1309 979 1337 Postea-

193 1362 274 1389 quam
292 1355 372 1389 igitur
394 1355 488 1390 jussus
511 1355 647 1382 abstinere
662 1363 715 1383 non
733 1355 877 1388 abstinuit,
895 1356 978 1382 libero

195 1408 306 1435 prorsus
323 1401 436 1428 arbitrio
449 1409 479 1428 sc
493 1401 610 1428 ostcnlit
626 1401 767 1436 praeditum
782 1409 853 1433 esse,
869 1402 977 1436 qualem

195 1445 280 1479 ipsius
302 1447 411 1474 ell'cctor
435 1447 505 1474 Deus
525 1451 551 1474 et
573 1455 635 1474 esse
661 1451 687 1474 ct
711 1455 820 1474 manere
844 1448 976 1475 voluerat.

195 1490 286 1525 Neque
312 1498 376 1517 vero
400 1491 520 1518 Adamus
545 1492 707 1519 vescebatur
729 1499 760 1518 ea
782 1493 890 1524 arbore,
908 1495 978 1521 victa

195 1541 377 1571 supciataque
392 1537 547 1565 Conditmis
563 1537 609 1564 Dei
622 1537 774 1571 voluntate;
791 1537 837 1565 sed
850 1538 978 1564 Creatorc

1034 324 1115 345 vocas
1131 317 1195 351 quia
1220 317 1353 346 Adamum
1379 326 1441 346 cum
1468 319 1554 348 libero
1572 320 1684 349 arbitrio
1706 322 1819 353 ore-iit.

1033 371 1089 397 quo
1112 363 1157 391 ille
1182 363 1321 397 praeditus,
1347 365 1477 393 adversus
1499 365 1749 396 edicta,Creatoris
1775 367 1817 395 sui

1033 406 1124 434 facere
1146 412 1248 442 posset.
1275 412 1305 436 ut
1327 409 1409 436 etiam
1437 409 1517 439 hodie
1542 410 1707 438 imbecillum
1731 411 1827 439 Deum-

1032 459 1095 479 esse
1112 452 1199 484 dicas.
1224 461 1336 481 necesse
1359 453 1458 488 fuerit;
1482 455 1566 490 jussit
1585 456 1657 483 enim
1673 464 1708 483 ne
1729 457 1815 484 homi-

1033 498 1113 530 cidia,
1128 498 1295 526 adulteriave
1312 500 1512 528 committerent
1534 501 1673 534 mortales,
1688 505 1715 528 et
1727 505 1817 529 tamen

1033 543 1090 570 luet:
1106 547 1189 577 atque
1209 544 1262 571 alia
1285 545 1430 573 adversum
1451 546 1536 581 legem
1555 547 1601 574 Dei
1624 551 1742 582 patrant.
1767 547 1818 575 Sed

1032 587 1104 618 enim
1122 591 1199 615 utare
1215 593 1244 616 ut
1262 588 1327 616 libet
1343 596 1376 617 eo
1400 595 1446 617 tuo
1462 596 1636 627 argumento,
1660 591 1773 625 Simon;
1791 596 1819 620 ιι

1033 631 1141 659 interim
1158 632 1244 666 [nobis
1267 635 1429 668 respondeto
1452 643 1460 660 :
1486 635 1626 664 volentene
1647 636 1702 663 Deo
1717 636 1820 663 faciunt

1033 676 1160 705 homines
1176 678 1308 706 adversus
1328 678 1414 714 legem
1438 680 1534 715 ipsius,
1549 688 1583 708 an
1606 681 1734 709 nolente!
1749 682 1820 708 Sana

1032 722 1055 749 si
1080 722 1199 756 nolente,
1217 731 1387 759 consequens
1406 731 1458 758 est,
1484 726 1627 754 imbecillis
1651 734 1713 754 eum
1736 727 1820 753 etlam-

1033 775 1106 796 nunc
1123 769 1226 797 viribus
1242 777 1318 804 esSe;
1344 771 1445 806 quippe
1467 779 1522 806 quo
1541 772 1659 805 nolente,
1676 780 1736 806 qua:
1751 780 1819 807 prae-

1032 813 1141 847 scripsit
1165 813 1312 843 violantur.
1334 814 1381 842 Sin
1407 816 1526 847 volente,
1543 816 1595 843 erit
1617 817 1674 851 ipse
1696 817 1746 844 sibi
1770 817 1818 843 sd-

1032 866 1128 887 versus
1153 864 1182 887 ut
1205 860 1251 894 qui
1273 867 1304 887 es
1332 861 1422 888 verbis
1437 861 1549 895 jusserit
1572 869 1633 896 qua:
1657 862 1745 896 reipsa
1762 862 1818 889 flori

1033 905 1163 936 noluerit.
1179 910 1207 934 et
1224 906 1353 934 mortales
1378 906 1511 934 voluntati
1538 907 1611 937 illius
1636 908 1760 941 paruisse
1778 907 1820 934 di-

1032 953 1130 977 centur
1144 950 1191 985 qui
1205 955 1300 978 contra
1317 951 1443 980 mandata
1460 951 1590 983 fecerint.
1605 952 1678 988 quod
1697 951 1823 986 profecto

1030 994 1180 1022 absurdum
1203 999 1256 1023 est.
1280 995 1397 1030 Rursus,
1427 997 1565 1025 libenteue
1588 1005 1621 1025 an
1653 997 1739 1025 invito
1764 997 1824 1025 Detr

1031 1044 1141 1075 patrant
1162 1041 1287 1070 homines
1312 1050 1371 1077 quae
1396 1043 1518 1078 improba
1542 1044 1625 1071 sunt?
1651 1044 1678 1071 Si
1707 1044 1818 1075 iibente.

1030 1086 1084 1114 crit
1107 1086 1165 1121 ipso
1189 1095 1298 1122 quoque
1324 1088 1464 1123 improbus
1488 1089 1534 1123 qui
1562 1089 1634 1117 vitiis
1652 1089 1816 1122 delectetur;

1030 1131 1073 1159 sin
1097 1131 1193 1165 invito,
1216 1140 1266 1160 cur
1285 1141 1338 1160 non
1364 1133 1494 1167 impedit!
1512 1133 1547 1160 At
1569 1133 1591 1160 si
1613 1141 1741 1161 coercere
1756 1134 1817 1161 illos

1031 1177 1067 1204 ab
1088 1184 1122 1204 eo
1144 1178 1216 1212 quod
1235 1185 1349 1212 pravum
1372 1182 1426 1211 est,
1449 1178 1616 1214 designando
1638 1186 1692 1207 non
1719 1183 1818 1214 potest.

1029 1222 1172 1250 conticitur
1195 1228 1284 1254 certe,
1310 1222 1414 1250 viribus
1438 1222 1527 1257 ipsum
1552 1223 1635 1251 etiam
1663 1231 1735 1251 nunc
1764 1231 1818 1250 non

1029 1267 1130 1301 pollere
1152 1275 1159 1294 :
1182 1267 1221 1293 vel
1237 1268 1259 1294 si
1282 1275 1335 1294 non
1353 1268 1419 1298 vult,
1437 1275 1544 1297 rursum
1567 1275 1670 1303 pravus
1688 1272 1718 1296 ut
1732 1268 1820 1302 ipsius

1028 1313 1064 1340 sit
1086 1314 1274 1347 consequitur,
1297 1313 1344 1347 qui
1368 1319 1451 1347 prava
1475 1313 1638 1342 dissimulet.
1665 1313 1712 1341 Est
1734 1320 1820 1347 porro

1030 1357 1111 1385 etiarn
1130 1357 1205 1385 aliud
1228 1357 1349 1385 Simonis
1366 1357 1433 1390 lilagi
1454 1361 1643 1392 argumentum
1663 1365 1716 1392 quo
1733 1357 1819 1385 Deum

1030 1403 1127 1430 Adami
1156 1403 1342 1435 conditorem,
1377 1402 1559 1436 improbitatis
1591 1406 1674 1435 atque
1705 1402 1818 1429 invidia:

1030 1455 1168 1475 arcessere
1189 1448 1295 1476 nititur.
1316 1447 1382 1473 Nam
1410 1447 1561 1478 interdixit,
1583 1447 1680 1481 inquit,
1702 1447 1816 1478 Adatuo.

1031 1495 1129 1520 arbore
1147 1493 1266 1519 scientiae
1281 1492 1343 1519 boni
1359 1497 1385 1519 ct
1401 1492 1475 1522 mali,
1491 1499 1544 1526 qua
1560 1496 1666 1525 gustata
1685 1492 1818 1525 potuisset

1031 1538 1075 1566 ille
1093 1538 1164 1566 inter
1179 1538 1279 1565 bonum
1302 1537 1458 1572 maluntque
1478 1536 1638 1571 dijudiearc,
1658 1540 1739 1571 atque
1764 1537 1815 1563 hoc

195 1582 246 1616 ipsi
272 1583 464 1616 permittente,
501 1587 530 1609 ut
553 1581 625 1617 quod
659 1583 761 1609 arbitrii
785 1582 844 1617 ejus
871 1583 1016 1616 libertasc
1032 1584 1137 1618 fugere,
1163 1583 1229 1610 illud
1255 1583 1392 1617 persequi.
1419 1581 1471 1609 Sed
1497 1581 1706 1616 respondemus,
1731 1581 1825 1609 Deum.

193 1626 309 1654 dictaret
331 1627 356 1654 id
381 1634 462 1660 porro
488 1631 589 1662 ageret,
613 1626 724 1660 faceret,
748 1632 877 1662 patraret.
903 1627 976 1654 Prae-

195 1678 279 1705 terea,
303 1673 354 1699 nisi
376 1673 452 1699 liberi
477 1672 582 1700 arbitrii
606 1673 671 1700 Adin
691 1672 844 1700 facultatem
868 1672 978 1700 rebellio

195 1719 242 1745 illa
268 1718 441 1753 prodidisset,
468 1726 552 1753 quare
578 1718 684 1745 tandem
705 1718 819 1753 perspici
848 1717 979 1752 potuisset

195 1765 313 1792 maxima
334 1764 490 1800 praestantia
509 1764 631 1798 obsequii
654 1764 725 1799 quod
749 1769 840 1798 postea
857 1763 900 1790 ille
919 1771 978 1790 am-

195 1811 291 1846 plexus
305 1817 373 1842 erat,
387 1816 414 1838 et
429 1818 476 1846 per
493 1811 518 1837 id
536 1810 673 1838 rediturus
687 1811 720 1837 ad
735 1809 880 1844 pristinum
899 1817 976 1836 suum

195 1856 331 1889 ordinem,
357 1855 545 1890 gradumque?
571 1855 671 1889 quippe
695 1862 756 1881 ctnn
780 1859 852 1882 esset
877 1855 978 1881 bonum

194 1899 267 1934 quod
291 1899 348 1934 ipse
365 1905 494 1934 pntrurt-t,
513 1907 564 1925 non
589 1899 677 1926 solum
699 1899 837 1926 Creatoris
860 1898 901 1926 sui
922 1907 981 1924 mu-

195 1953 264 1976 uus.
289 1951 382 1972 verum
408 1945 489 1971 etiam
516 1944 601 1979 ipsius
628 1945 767 1979 propriutu
793 1952 871 1980 Opus.
897 1944 980 1971 Porro

195 1991 313 2025 amplius
328 1991 409 2018 etiam
433 1995 508 2025 urget
525 1990 629 2022 Simon,
644 1991 737 2025 aitque
753 1999 760 2017 ε
778 1991 889 2018 Volebat
910 1991 981 2019 Deus

197 2036 331 2063 Adamum
348 2043 459 2063 tuunerc
485 2037 510 2063 in
536 2036 680 2070 paradiso;
707 2040 734 2062 at
757 2036 813 2071 ipse
837 2044 883 2071 per
901 2044 979 2064 suuut

195 2081 327 2116 flagitium
353 2081 415 2108 inde
440 2082 559 2114 excidit;
585 2086 643 2109 erat
667 2089 732 2115 ergo
757 2082 893 2116 impotens
917 2082 981 2109 Adae

196 2126 307 2153 effector
330 2125 401 2154 Deus
425 2131 454 2154 ut
473 2127 519 2162 qui
544 2134 594 2161 pro
615 2134 664 2154 sua
689 2128 829 2154 voluntate
854 2127 929 2154 illum
954 2127 981 2154 in

197 2171 324 2206 paradiso
349 2172 466 2200 retinere
498 2172 661 2207 nequiverit.
687 2172 740 2200 Sed
787 2172 982 2207 respondemus

197 2217 294 2251 Deum,
310 2218 355 2245 tibi
377 2217 509 2245 Adamum
528 2218 693 2246 condidisset
716 2222 798 2253 atque
814 2218 840 2245 in
858 2218 982 2252 paradiso

1031 1628 1101 1655 baud
1121 1628 1181 1655 ideo
1202 1627 1321 1655 vetuisse
1344 1627 1477 1655 Adamum
1501 1626 1573 1654 vesci
1597 1626 1689 1654 fructu
1711 1626 1816 1656 arboris

1032 1673 1153 1701 scientia)
1176 1680 1209 1700 ne
1233 1673 1333 1701 bonum
1358 1672 1577 1707 amplecteretur,
1602 1671 1754 1707 malumque
1774 1672 1813 1698 vi-

1030 1724 1106 1751 taret,
1129 1723 1158 1746 ut
1175 1719 1358 1746 calumniatur
1384 1719 1499 1751 Simon;
1524 1718 1581 1753 ipsa
1606 1720 1679 1746 enim
1706 1725 1748 1746 res
1773 1718 1818 1744 Si-

1032 1763 1121 1792 monis
1137 1763 1219 1792 verba
1237 1763 1376 1798 redarguit
1389 1763 1535 1794 mendacii,
1552 1770 1613 1790 nam
1636 1764 1691 1790 edit
1707 1763 1815 1798 quidctu

1030 1808 1063 1836 de
1082 1809 1180 1836 arbore
1202 1809 1324 1837 scientiae
1341 1809 1460 1837 Adamus
1476 1817 1483 1836 :
1500 1812 1526 1836 et
1542 1809 1606 1844 quid
1623 1809 1736 1841 bonum.
1753 1810 1817 1844 quid

1030 1854 1132 1881 malum
1148 1859 1230 1886 esset,
1250 1854 1321 1882 facto
1341 1854 1461 1889 periculo
1477 1855 1571 1882 didicit
1588 1862 1596 1881 :
1614 1859 1640 1881 et
1656 1858 1743 1881 tamen
1761 1862 1817 1880 non

1031 1900 1111 1927 modo
1133 1899 1208 1926 nullo
1232 1899 1296 1927 inde
1313 1899 1457 1927 commodo
1480 1899 1629 1926 utilitateve
1652 1903 1748 1926 auctus
1765 1903 1816 1929 est,

1030 1945 1077 1972 sed
1107 1945 1188 1971 etiaut
1218 1951 1316 1980 magno
1341 1945 1441 1972 damno
1467 1944 1615 1976 multatus,
1642 1944 1742 1978 quippe
1771 1945 1818 1977 qui

1030 1990 1129 2017 acerba
1152 1998 1232 2025 pinna
1249 1995 1290 2018 est
1310 1990 1518 2017 condemnatus.
1541 1989 1593 2016 Sed
1610 1988 1697 2024 pergit
1719 1987 1820 2022 impius

1031 2037 1076 2065 ille
1101 2036 1195 2072 Magnis
1221 2045 1228 2064 :
1256 2037 1289 2064 At
1315 2036 1367 2063 nisi
1382 2055 1390 2067 ,
1418 2035 1503 2070 inquit
1519 2053 1526 2066 ,
1551 2033 1663 2062 Creator
1686 2033 1730 2061 ille
1755 2033 1821 2060 Atla:

1030 2083 1161 2111 edixisset
1177 2089 1211 2109 ne
1225 2082 1269 2109 ille
1284 2082 1375 2108 ederet
1389 2081 1422 2108 de
1436 2088 1467 2108 ea
1483 2079 1590 2112 arbore,
1607 2079 1817 2115 haudquaquam

1028 2128 1163 2164 judicium
1180 2128 1231 2155 hoc
1244 2134 1407 2162 poenamque
1423 2125 1588 2156 subivisset;
1606 2124 1666 2152 inde
1679 2123 1751 2152 enim
1768 2123 1820 2150 hoc

1032 2174 1132 2202 malum
1146 2172 1220 2210 quod
1243 2177 1338 2200 contra
1355 2171 1401 2199 Dei
1418 2171 1536 2199 edictum
1552 2171 1598 2198 ille
1613 2169 1731 2201 fecerat;
1748 2168 1820 2196 Deus

1033 2221 1105 2248 enitn
1123 2220 1244 2255 jusscrat
1267 2227 1302 2246 ne
1325 2218 1427 2252 ederet,
1453 2218 1510 2252 ipse
1535 2223 1598 2244 vero
1614 2215 1678 2243 edit.
1699 2215 1751 2242 Sed
1776 2221 1820 2242 re-

197 2262 342 2297 posuisset,
360 2271 473 2299 prorsus
496 2263 611 2290 liberum
636 2263 686 2298 ipsi
709 2263 806 2291 fecisse
828 2267 856 2290 ut
875 2263 914 2290 vel
932 2262 981 2290 ob-
995 2258 1021 2289 D
1035 2265 1200 2300 spondentus
1226 2264 1310 2292 Deum
1336 2270 1423 2298 neque
1438 2262 1558 2290 voluisse
1578 2265 1608 2288 ut
1626 2260 1669 2288 ille
1683 2259 1774 2288 edet-ct
1787 2260 1823 2286 de

197 2312 303 2335 servata
320 2308 377 2343 lege
399 2309 464 2335 inibi
483 2313 615 2340 maneret,
633 2309 682 2335 vcl-
696 2308 781 2335 fracta
807 2309 868 2335 inde
883 2309 977 2335 exiret.

197 2353 281 2388 igitur
303 2361 363 2381 cuiu
385 2361 415 2380 ea
439 2354 476 2380 illi
500 2354 626 2381 voluntas
651 2353 745 2381 fuisset
771 2358 799 2380 ut
822 2354 980 2387 itnp'tt‘alztm

197 2398 281 2434 legem
298 2399 459 2432 transiliret,
483 2400 580 2426 merito
597 2403 726 2426 extr-usus
750 2403 792 2426 est
815 2399 941 2433 parad‘so
955 2401 982 2425 ct.

197 2448 285 2470 morte
296 2444 376 2470 etiam
389 2444 542 2477 damnatus,
556 2449 667 2479 propter
676 2444 825 2472 admissum
839 2448 980 2478 peccatum

198 2489 320 2522 scilicet;
336 2493 364 2517 et
383 2489 467 2517 simul
483 2497 517 2517 ne
536 2490 622 2525 ipsius
641 2490 761 2524 pravitas
781 2489 852 2517 foret
869 2489 982 2516 immor-

199 2536 270 2568 talis,
281 2536 369 2570 qualis
380 2541 421 2563 ειη
435 2536 546 2563 diaboli.
559 2536 669 2563 Accedit
680 2535 745 2569 huc,
758 2540 787 2563 ut
799 2540 872 2563 metu
887 2536 982 2563 mortis

199 2582 279 2616 cujus
303 2589 351 2616 per
375 2581 537 2609 sententiam
561 2588 624 2608 retts
648 2585 722 2612 erat,
751 2587 861 2608 causam
887 2579 983 2607 mortis

200 2631 341 2662 peccatum
355 2627 462 2660 vitaret,
475 2631 503 2654 ct
515 2626 577 2653 huic
592 2627 735 2654 contrariae
747 2626 861 2661 justitia:
872 2633 981 2660 operam

200 2675 278 2701 daret
294 2681 301 2700 :
315 2673 431 2707 denique
447 2680 510 2700 cum
531 2672 594 2699 olim
609 2680 641 2700 ex
661 2671 926 2706 ipsius‘posleritate
942 2670 984 2698 fu-

202 2718 257 2746 turi
270 2723 362 2746 essent
376 2722 518 2752 martyrcs,
535 2717 587 2744 lata
599 2722 640 2744 est
653 2717 784 2744 adversus
801 2717 874 2744 illurn
888 2717 984 2744 mortis

200 2764 347 2796 sententia.
363 2768 392 2792 ut
411 2763 438 2790 lii
456 2771 505 2799 per
521 2767 635 2791 mortem
651 2770 700 2795 pro
716 2770 765 2791 sua
782 2763 808 2790 in
826 2763 911 2790 Deutn
928 2763 985 2798 pie-

201 2814 258 2837 tate
287 2813 368 2844 atque
399 2808 549 2836 reverentia
581 2807 702 2838 obitam.
729 2814 846 2834 coronas
872 2807 984 2842 adipisci

202 2858 314 2889 possent
326 2853 449 2888 justitiaa.
480 2851 532 2881 Sed
563 2853 746 2887 revertamur]
760 2853 982 2888 uude.paululum

207 2899 319 2932 digressi
338 2907 443 2927 sumus.

1032 2318 1063 2338 ea
1086 2310 1192 2337 arbore.
1218 2309 1284 2337 Nam
1308 2309 1330 2336 si
1354 2307 1484 2336 voluisset
1506 2310 1536 2334 ut
1559 2305 1664 2335 ederet.
1687 2305 1741 2332 duo
1763 2303 1820 2334 haec

1033 2355 1152 2383 absurda
1169 2356 1370 2382 conficerentur
1386 2362 1392 2380 :
1408 2353 1536 2384 alterum,
1553 2350 1637 2378 Deum
1653 2350 1822 2377 verbotcnus

1034 2400 1176 2427 mandasse
1202 2399 1273 2434 quod
1300 2399 1388 2432 reipsa
1412 2397 1469 2425 fieri
1503 2396 1652 2426 uoluisset.
1686 2394 1822 2430 alterum,

1033 2453 1095 2473 cum
1114 2445 1160 2479 qui
1179 2445 1312 2473 adversus
1335 2442 1493 2472 Conditoris
1516 2441 1559 2470 sui
1583 2441 1659 2476 jussa
1683 2438 1819 2475 propalam

1034 2490 1142 2525 agebat.
1160 2489 1291 2519 voluntati
1316 2489 1402 2523 ipsius
1421 2488 1519 2515 fecisse
1542 2486 1620 2519 satis.
1644 2484 1819 2520 quantumvis

1034 2535 1155 2562 nescium
1192 2540 1273 2569 atque
1310 2534 1522 2569 imprudentem.
1561 2531 1608 2558 Sin
1640 2530 1820 2558 voluissctne

1033 2581 1135 2612 ederet.
1153 2581 1238 2608 videri
1259 2583 1366 2615 poterat
1383 2578 1534 2606 imbecillus
1548 2585 1556 2604 :
1573 2582 1602 2604 ut
1616 2575 1696 2611 cujus
1720 2575 1819 2602 volun-

1034 2625 1084 2652 tati
1099 2624 1222 2653 Adamus
1238 2631 1387 2659 repugnare
1401 2622 1520 2658 potuerit
1533 2630 1540 2648 :
1553 2620 1600 2649 sed
1615 2620 1668 2647 huc
1683 2623 1821 2654 spectasse

1036 2670 1121 2697 Deum
1131 2670 1195 2697 dum
1208 2670 1292 2704 legem
1303 2668 1405 2695 Adamo
1416 2666 1614 2702 praescriberet,
1625 2665 1820 2693 observarctne

1034 2723 1069 2743 an
1081 2715 1194 2742 violaret
1207 2715 1250 2742 ille
1260 2721 1331 2747 eam,
1343 2720 1397 2741 non
1410 2716 1500 2739 autem
1512 2711 1604 2738 ederet
1615 2718 1648 2737 an
1662 2716 1715 2737 non
1728 2709 1821 2736 ederet

1033 2761 1068 2788 de
1088 2761 1133 2787 illa
1155 2759 1262 2790 arbore.
1283 2763 1364 2793 atque
1390 2758 1451 2786 ideo
1473 2764 1583 2792 quoque
1603 2755 1636 2783 de
1657 2754 1762 2782 duabus
1780 2753 1818 2780 illi

1037 2805 1250 2834 habitationibus
1275 2804 1435 2840 providisse,
1460 2806 1490 2830 ut
1511 2801 1623 2829 alteram
1647 2799 1670 2827 si
1694 2799 1745 2834 legi
1771 2805 1818 2833 με

1035 2850 1147 2881 ruisset,
1160 2850 1273 2877 alteram
1290 2851 1311 2877 si
1329 2856 1382 2876 non
1402 2847 1534 2882 paruisset
1550 2846 1669 2872 haberet.
1688 2844 1768 2879 quue
1782 2843 1818 2870 ita

1036 2903 1096 2923 esse
1119 2895 1160 2922 vel
1184 2895 1248 2924 hinc
1267 2894 1426 2922 ostendatur
1450 2891 1522 2927 quod
1546 2891 1599 2919 duo
1621 2890 1678 2918 huc
1699 2888 1767 2916 inter
1788 2893 1819 2913 se
