2027 3077
217 212 273 244 595

854 214 969 246 MOSIS
987 213 1065 244 ΒΑΗ
1084 214 1208 246 ΟΕΡΗᾹ

1787 212 1840 244 596

219 271 296 303 paria
319 273 383 297 sunt
397 277 404 296 :
421 271 507 297 Deum
532 269 649 304 jussisse
672 274 702 297 ut
724 270 827 303 ederet,
847 271 922 298 illum
940 278 1004 298 vero
1019 271 1042 300 Α
1057 269 1142 304 ipsius
1158 269 1261 297 malitia
1277 276 1329 296 una
1345 276 1406 296 cum
1421 268 1480 303 ipso
1497 269 1670 301 immortalis,
1686 267 1840 304 cujusmodi

219 321 276 341 non
289 315 397 348 edisse;
414 319 440 342 et
457 315 539 342 Deum
557 316 675 342 vetuisse
691 323 724 342 ne
738 317 838 349 ederet,
853 317 899 343 sed
913 322 1003 344 tamen

220 360 297 388 illum
323 361 430 391 edisse;
460 368 508 394 par
541 360 613 386 enim
647 361 751 389 violatze
783 362 849 397 legis
873 363 951 398 culpa
978 363 1005 391 in

221 405 326 433 utrovis
341 405 431 432 futura
454 410 520 432 erat.
546 405 633 439 Igitur
657 413 710 432 non
726 415 758 433 eo
772 409 910 442 spectabat
935 408 1005 437 Deus

221 451 285 478 dum
309 451 395 485 legem
412 450 556 480 conderet.
579 451 707 479 ederetne
729 453 774 480 ille
796 461 886 481 annon
915 455 1006 482 ederet

220 503 301 530 quem
324 495 428 523 arbitrii
445 495 567 523 libertate
583 497 708 530 donarat,
721 499 767 526 sed
782 500 947 531 observaret,
959 508 1006 527 an-

220 549 277 568 non
301 541 458 568 observaret
490 542 574 576 legem
601 550 682 576 quam
709 543 788 572 liberi
818 546 878 579 ejus
901 546 1006 574 arbitrii

219 586 362 613 materiem
387 593 448 613 esse
464 586 596 614 voluerat.
617 587 758 623 Simulque
773 596 806 616 eo
819 591 900 617 etiam
922 592 1008 626 perti-

219 630 304 657 nebat
326 629 393 665 legis
413 631 582 662 constitutio,
606 636 634 658 ut
655 633 818 667 intelligeret
839 635 959 663 Adamus
979 643 1009 664 se

220 675 256 702 ab
272 674 326 702 alio
342 675 493 708 conditum,
509 676 588 711 eique
608 684 656 705 suo
672 678 822 711 Conditori,
838 684 867 706 ut
883 680 1007 714 Domino,

221 720 376 754 subjectum
397 728 426 748 se
445 728 515 748 esse.
538 722 589 749 Sed
614 731 696 758 supra
720 732 735 751 a
760 725 849 757 nobis,
872 727 912 753 hae
929 732 1009 762 atque

221 765 281 792 alia!
294 765 411 793 ferendas
424 767 490 801 legis
503 774 591 795 causa:
604 769 671 796 satis
684 774 804 798 tractata:
815 772 1009 807 explicatzeque

220 816 297 839 sunt.
315 811 357 838 Ad
380 811 442 843 hoe,
463 813 509 847 qui
534 818 621 847 potest
635 816 788 843 verosimile
810 817 904 850 videri,
925 818 1008 846 Deum

220 856 328 885 Adamo
345 864 408 884 esca
427 858 471 884 illa
491 858 664 887 interdixisse
681 869 714 887 ne
733 861 794 888 inde
810 862 873 889 boni
893 864 1010 898 malique

222 902 312 930 sciens
329 903 404 930 fleret
423 911 429 929 τ
446 902 617 938 alterumque
632 905 768 940 amplecti,
784 906 876 941 fugere
893 909 1008 936 alterum

218 952 324 981 nosset,
341 948 450 982 quando
474 949 548 976 nulla
562 949 586 977 ei
600 951 691 978 arbori
706 952 745 978 vis
765 952 854 980 inerat
872 962 931 988 qua?
946 955 1009 982 boni

219 991 343 1027 malique
365 992 529 1025 dijudicandi
555 994 668 1022 scientia
693 996 805 1024 edentes
826 997 1008 1026 informaret:

220 1036 279 1063 imo
294 1043 359 1065 vero
380 1037 436 1071 jam
457 1043 512 1066 tum
529 1039 589 1073 ejus
611 1039 709 1074 judicii
733 1049 831 1076 expers
853 1043 938 1070 Adam
959 1045 1010 1072 mi-

219 1081 297 1109 nime
324 1088 398 1110 esset
421 1084 532 1119 (quippe
555 1085 598 1112 lex
624 1085 658 1113 iis
681 1094 734 1113 non
759 1089 945 1122 praescribitur
963 1090 1010 1125 qui

225 1126 326 1154 malum
343 1135 358 1154 a
376 1128 448 1155 bono
464 1137 607 1157 secernere
625 1138 679 1158 non
696 1138 809 1166 queunt,
826 1135 872 1161 sed
887 1136 934 1170 qui
949 1141 1011 1163 ante

218 1172 302 1205 ,probi
339 1173 533 1209 improbique,
568 1176 739 1204 discernendi
773 1179 877 1213 judicio
909 1182 1012 1215 praediti

218 1217 297 1252 sunt)
321 1217 394 1245 sicut
417 1219 525 1252 oculus,
543 1221 667 1254 quamvis
695 1229 747 1249 non
774 1231 824 1251 usu
849 1230 929 1259 atque
949 1225 1012 1252 fun-

220 1262 326 1294 etione,
353 1270 383 1290 re
406 1268 496 1291 tamen
522 1265 598 1299 ipsa,
624 1270 680 1292 tum
705 1267 822 1301 visione,
849 1274 905 1296 tum
931 1271 1013 1298 rebus

222 1308 440 1341 aspectabilibus
454 1310 529 1344 prior
541 1315 583 1338 est
596 1320 603 1338 :
618 1319 678 1346 quae
690 1320 772 1347 supra
785 1321 893 1349 quoque
906 1323 920 1343 a
935 1317 1013 1344 nobis

221 1358 290 1382 sunt
312 1359 438 1383 tractata.
461 1357 495 1384 At
510 1365 574 1385 vero
589 1358 649 1386 ideo
671 1359 747 1387 illum
771 1361 853 1396 jussit
868 1363 902 1390 ab
917 1364 1015 1392 arbore

220 1399 364 1428 abstinere
382 1407 414 1429 ut
430 1404 556 1431 evaderet
578 1404 750 1438 immortalis,
769 1413 915 1443 ageretque
931 1411 1013 1438 vitam

220 1452 384 1481 perpetuam
399 1457 407 1475 :
424 1448 475 1476 hoc
491 1450 562 1477 enim
581 1450 682 1479 donum
701 1460 715 1480 a
730 1453 820 1482 divina
840 1456 1014 1490 gratia‘rctu-

221 1491 313 1520 Iisset.
330 1492 364 1519 At
381 1493 454 1520 enim
478 1493 561 1521 Deum
579 1502 632 1522 non
654 1496 806 1531 improbum
826 1506 875 1533 pro
893 1500 1014 1529 Simonis

218 1537 380 1571 calumniis,
403 1538 451 1566 sed
476 1539 576 1567 bonum
597 1540 800 1578 benignumque
823 1549 919 1572 natura
943 1553 1013 1578 esse,

222 1583 268 1634 his
281 1583 418 1634 colligitur
434 1586 621 1634 argumentis;
642 1588 763 1615 condidit
779 1589 851 1616 enim
867 1591 1012 1625 Adamum,
1028 1605 1050 1634 (ι

222 1633 289 1653 cum
306 1631 368 1654 ante
385 1635 474 1662 neque
497 1629 543 1656 ille
559 1631 715 1665 exsisteret,
739 1641 828 1668 neque
849 1635 920 1663 alius
936 1637 1013 1670 quis-

225 1670 310 1704 piam,
324 1671 372 1706 qui
394 1673 484 1706 ipsum
506 1674 539 1700 ad
560 1675 635 1702 illum
652 1678 833 1711 condendum,
849 1680 892 1707 vel
906 1680 1013 1708 hortatu

224 1716 270 1742 vri
290 1716 416 1750 precibus
434 1723 570 1751 moveret;
588 1720 676 1748 adhoc
690 1724 806 1751 contulit
820 1723 857 1751 illi
872 1725 1014 1760 imperium

225 1761 256 1787 -'in
283 1761 370 1795 pisces
396 1763 479 1790 maris
503 1768 531 1790 ct
556 1765 679 1794 volucres
705 1768 786 1801 coeli;
811 1769 923 1805 insuper
947 1772 1016 1799 bene

224 1809 418 1840 -precatus'est
442 1808 504 1842 ipsi,
530 1814 559 1836 ut
581 1817 715 1839 cresceret
739 1821 907 1849 numeroque
932 1824 1015 1850 auge-

222 1857 330 1881 sceret.
350 1853 484 1882 Pratterea
505 1855 578 1883 dedit
601 1857 639 1884 illi
658 1866 766 1886 omnem
793 1860 904 1893 herbam
925 1862 1016 1898 profe-

223 1904 332 1929 a'entem
348 1907 453 1932 semen,
466 1905 493 1929 et
506 1909 614 1929 omnem
629 1905 753 1932 arborem
770 1905 950 1940 fruetiferam,
965 1916 1016 1942 pro

226 1945 301 1973 cibo.
315 1945 437 1981 Denique
451 1955 502 1975 nos
518 1948 591 1983 ipsos
605 1950 687 1977 etiam
708 1959 781 1979 nunc
795 1957 822 1979 et
836 1953 858 1980 si
873 1961 1016 1987 peccemus

225 1995 309 2027 atque
327 1993 472 2021 adversum
499 1995 586 2029 ipsius
610 1997 737 2024 mandata
763 1997 907 2031 faciamus,
925 2003 1016 2028 tamen

225 2046 282 2066 non
305 2040 387 2067 modo
414 2041 531 2068 sustinet
555 2049 644 2077 neque
668 2043 755 2070 nostri
772 2043 953 2077 obliviscitur,
970 2046 1015 2073 sed

223 2084 309 2112 etiam
323 2090 476 2118 conservat,
491 2087 586 2120 pascit,
602 2088 747 2121 gubernat,
762 2094 788 2116 ct
803 2090 915 2117 omnino
931 2091 1016 2118 nostri

224 2138 323 2158 curam
337 2132 417 2165 gerit.
434 2131 504 2160 Sunt
517 2140 600 2167 porro
613 2133 667 2161 alia
683 2134 799 2168 plurima
813 2142 874 2170 quae
887 2140 1017 2163 testentur

201 2174 204 2182 '
225 2177 315 2205 Deum
338 2182 434 2204 natura
458 2178 563 2205 bonum
587 2186 658 2211 esse,
683 2184 765 2214 atque
782 2187 816 2207 ex
835 2188 908 2208 mera
931 2181 1016 2216 gratia

226 2223 362 2250 Adamum
387 2227 556 2258 ceterasque
575 2231 622 2251 res
645 2224 778 2252 effecisse.
804 2224 909 2260 Pugnat
934 2233 1016 2261 porro

1055 320 1096 342 est
1112 315 1210 342 diaboli
1236 315 1366 349 pravitas.
1391 315 1479 348 Atque
1502 314 1552 341 hoc
1570 314 1605 340 ita
1624 321 1654 341 se
1675 313 1777 341 habere
1801 314 1842 340 vel

1055 362 1119 389 inde
1134 367 1237 389 certum
1254 364 1306 393 est,
1325 360 1396 395 quod
1413 360 1477 386 olim
1502 367 1682 386 concessurus
1699 365 1741 386 est
1764 359 1843 386 nobis

1055 406 1137 433 vitam
1161 411 1321 441 perpetuam
1342 406 1367 432 in
1388 405 1479 432 futuro
1494 405 1605 436 saeculo,
1623 405 1705 431 nullis
1723 405 1843 439 peccatis

1056 456 1102 479 aut
1121 452 1225 479 delictis
1245 451 1402 482 obnoxiam,
1417 450 1464 477 sed
1485 450 1657 484 sempiternis
1691 455 1773 484 atque
1791 451 1843 476 im-

1057 497 1217 525 mortalibus
1232 496 1336 524 deliciis
1349 496 1466 530 plcnam.
1482 494 1589 522 Rursus
1601 496 1641 522 sic
1654 496 1743 529 arguit
1758 495 1842 522 Deum

1057 542 1128 569 idem
1152 542 1246 569 Simon
1273 542 1376 576 Magus.
1391 541 1449 574 Qua
1473 541 1581 568 tandem
1606 541 1722 571 ralione,
1744 541 1842 574 inqui',

1057 593 1212 615 exsecratus
1239 592 1281 614 est
1311 588 1382 614 Deus
1415 592 1567 621 serpentem
1589 587 1600 613 ?
1617 586 1683 613 Nam
1699 587 1720 613 si
1736 591 1765 613 ut
1780 594 1843 613 eum

1058 635 1103 668 qui
1125 634 1254 660 damnum
1279 634 1400 665 dederat,
1423 641 1472 660 cur
1490 641 1542 660 non
1561 633 1683 660 coercuit
1702 640 1735 660 ne
1755 633 1841 665 daret,

1058 680 1110 707 hoc
1124 684 1176 713 est,
1191 687 1224 706 ne
1249 679 1389 706 seducerct
1410 679 1566 705 Adamum?
1585 678 1612 705 Si
1637 686 1701 705 vero
1716 686 1765 705 ct-u
1781 685 1842 704 eum

1059 726 1105 760 qui
1130 725 1272 752 utilitatem
1290 725 1428 755 attulerat,
1444 724 1542 758 quippe
1563 724 1608 758 qui
1629 723 1733 751 Adamn
1749 729 1844 750 auctor

1061 770 1149 796 fuerat
1164 774 1193 796 ut
1205 769 1238 796 de
1252 769 1320 796 bona
1339 769 1383 796 illa
1398 769 1495 796 arbore
1509 769 1677 802 ederet,sanc
1691 769 1844 803 improbum

1060 821 1141 849 atque
1166 815 1286 841 invidum
1312 814 1396 842 fuisse
1420 814 1496 841 illum
1513 821 1624 841 necesse
1647 820 1707 847 est;
1730 813 1847 848 denique

1060 868 1121 889 cum
1146 866 1265 887 neutram
1283 859 1378 886 harum
1403 867 1545 888 causarum
1571 860 1693 889 haberet.
1711 860 1786 886 illum
1803 864 1845 886 est

1061 905 1223 937 detestatus,
1243 911 1274 931 ac
1301 904 1414 938 proinde
1439 911 1506 931 sane
1529 904 1670 939 imperitiae
1694 909 1775 938 atque
1797 910 1846 930 ve-

1062 951 1161 978 cordia;
1186 952 1282 977 merito
1303 951 1464 977 accusetur!
1490 949 1529 976 Ad
1555 950 1611 977 haec
1635 950 1847 984 respondemus,

1064 996 1146 1023 Deum
1172 1001 1345 1023 exsecratum
1380 1002 1440 1022 esse
1472 999 1624 1030 serpentem
1651 1000 1679 1022 ut
1705 995 1743 1022 rei
1771 994 1850 1022 malae

1062 1046 1212 1073 auctorem,
1229 1045 1255 1067 et
1272 1046 1362 1068 tamen
1380 1048 1433 1068 non
1456 1041 1611 1068 coercuisse
1634 1041 1847 1072 machinantem,

1063 1087 1110 1122 qui
1126 1094 1154 1115 se
1168 1087 1271 1121 alioqui
1287 1087 1332 1122 qui
1356 1095 1409 1113 non
1430 1087 1541 1119 latebat,
1559 1087 1652 1114 eadem
1677 1077 1849 1121 rationequi:

1064 1140 1150 1167 neque
1165 1132 1245 1160 hodie
1262 1139 1310 1159 eos
1326 1132 1434 1159 cohibet
1447 1132 1492 1167 qui
1510 1132 1641 1166 improbis
1656 1133 1737 1159 rebus
1752 1132 1848 1158 intenti

1064 1182 1138 1211 sunt,
1154 1186 1189 1205 ne
1212 1185 1258 1205 eas
1274 1181 1397 1212 patrent;
1418 1182 1474 1204 tum
1489 1177 1583 1209 etiam,
1606 1185 1640 1204 ne
1655 1185 1685 1204 ea
1705 1185 1733 1204 re
1749 1177 1850 1204 diaboli

1066 1223 1220 1251 libertatem
1237 1223 1391 1258 impediret,
1409 1223 1454 1258 qui
1473 1231 1520 1258 per
1535 1228 1687 1258 serpentem
1708 1224 1788 1251 verba
1807 1223 1849 1250 fa-

1064 1269 1168 1300 ciebat;
1191 1268 1308 1302 denique
1331 1273 1360 1294 ut
1376 1268 1525 1302 pericuium
1543 1267 1617 1294 fieret
1632 1267 1667 1293 de
1687 1268 1790 1294 Adamn
1808 1267 1851 1301 ip-
1870 1302 1874 1306 .

1064 1314 1175 1348 siusque
1193 1313 1277 1340 libero
1294 1314 1419 1345 arbitrio,
1436 1321 1466 1340 ea
1493 1321 1580 1346 pugna
1602 1317 1683 1347 atque
1703 1312 1852 1339 certamine

1064 1359 1091 1386 ia
1107 1367 1161 1393 quo
1185 1359 1238 1387 illic
1263 1360 1431 1387 versabatur.
1451 1359 1592 1387 Postremo
1610 1359 1632 1386 si
1651 1358 1787 1393 serpentis
1804 1365 1853 1385 co-

1065 1409 1158 1432 natum
1178 1406 1364 1440 impedivisset
1382 1405 1463 1435 Deus,
1481 1406 1543 1432 data
1568 1405 1665 1432 fuisset
1691 1404 1853 1431 mortalibus

1065 1452 1202 1485 qumrcndi
1219 1459 1301 1485 ansa;
1315 1452 1447 1479 dixissent
1460 1452 1532 1479 enim
1561 1451 1646 1478 Deum
1661 1459 1709 1486 per
1722 1451 1849 1477 invidia‘tt

1065 1497 1231 1524 abstinuisse
1241 1497 1376 1524 Adamum
1389 1504 1404 1524 a
1415 1497 1504 1524 brevis
1516 1497 1671 1523 tentalionis
1683 1495 1854 1531 periculique

1065 1546 1214 1575 momento,
1231 1551 1264 1569 ne
1278 1550 1310 1570 eo
1325 1547 1454 1577 superato
1468 1543 1550 1569 vitam
1566 1543 1764 1576 adipisceretur
1778 1550 1851 1569 sem-

1066 1590 1218 1623 piternam;
1243 1598 1330 1624 neque
1348 1590 1419 1616 enim
1446 1589 1532 1624 ipsum
1560 1589 1694 1625 serpentis
1712 1588 1811 1620 verbis.
1829 1589 1854 1615 si

1067 1633 1175 1660 fallendi
1192 1642 1303 1661 causam
1329 1634 1403 1661 illum
1422 1634 1535 1661 adortus
1559 1639 1641 1667 esset,
1657 1640 1854 1661 concessurum

1065 1677 1160 1706 fuisse.
1186 1679 1271 1706 Porro
1292 1680 1325 1707 de
1351 1679 1462 1707 Simone
1488 1679 1563 1715 Mago
1581 1680 1647 1707 illud
1670 1680 1743 1707 scire
1765 1687 1854 1714 opera:

1066 1725 1183 1759 pretium
1206 1729 1258 1757 est,
1283 1733 1344 1753 esse
1368 1726 1414 1760 qui
1440 1726 1543 1757 dicant,
1571 1727 1657 1760 ipsum
1682 1725 1709 1752 in
1736 1725 1853 1759 speciem

1066 1770 1176 1804 quidem
1195 1770 1346 1798 assensisse
1369 1770 1453 1797 Mosis
1471 1771 1533 1805 legi,
1559 1771 1604 1797 sed
1632 1770 1722 1804 plures
1746 1769 1854 1796 interim

1066 1816 1131 1842 deos
1149 1815 1282 1850 posuisse,
1309 1823 1424 1850 quorum
1444 1824 1515 1843 unus
1540 1815 1574 1842 sit
1598 1815 1748 1842 imbecillus
1773 1820 1855 1849 atque

1067 1860 1217 1895 impotens,
1242 1861 1266 1888 is
1292 1861 1336 1896 qui
1361 1861 1494 1888 Adamutn
1521 1861 1599 1888 finxit
1624 1861 1760 1896 fecitque;
1787 1861 1856 1887 alter

1067 1914 1131 1933 vero
1156 1907 1208 1934 hoc
1231 1910 1366 1942 superior,
1386 1907 1485 1941 major,
1502 1908 1647 1942 potentior.
1666 1906 1740 1933 Alios
1763 1911 1855 1932 autem

1067 1956 1162 1986 putare
1178 1952 1298 1980 Simonis
1314 1952 1383 1988 Magi
1399 1953 1562 1980 sententiam
1578 1952 1674 1984 fuisse,
1692 1952 1823 1978 mundum
1840 1958 1856 1978 a

1067 1997 1136 2024 mala
1150 2005 1232 2025 causa
1244 2002 1334 2025 ortum
1347 2005 1424 2031 esse;
1439 2004 1520 2032 atque
1533 1998 1593 2025 ideo
1608 1998 1683 2025 illum
1698 1997 1855 2032 huiusmodi

1067 2042 1183 2070 absurda
1211 2043 1354 2078 turpiaque
1374 2044 1448 2070 dictu
1474 2043 1635 2078 collegisse,
1661 2043 1759 2078 quibus
1783 2041 1856 2076 apud

1068 2094 1114 2113 eos
1140 2087 1186 2121 qui
1212 2087 1239 2114 in
1264 2095 1327 2114 vera
1356 2087 1407 2114 lide
1432 2087 1573 2119 durarent,
1599 2086 1692 2114 mundi
1715 2092 1855 2113 auctorem

1067 2132 1153 2160 Deum
1175 2133 1343 2168 suggillaret.
1361 2132 1508 2167 Propterea
1524 2139 1668 2166 corporum
1687 2138 1795 2166 quoque
1811 2138 1854 2157 re-

1068 2179 1264 2206 surrectionem
1293 2178 1394 2212 perfide
1421 2178 1496 2205 illum
1525 2184 1649 2210 negasse.
1674 2177 1773 2204 Verum
1799 2177 1856 2203 haec

1069 2225 1159 2252 omnia
1172 2232 1205 2251 ex
1219 2231 1252 2251 eo
1266 2224 1340 2251 libro
1358 2224 1484 2259 cognosci
1501 2227 1626 2258 possunt,
1641 2230 1721 2257 quem
1735 2222 1770 2249 de
1785 2223 1856 2249 mul-

226 2267 322 2295 Simon
340 2267 435 2304 Magus
451 2271 584 2296 adversus
603 2268 698 2301 Deum,
713 2270 795 2297 etiam
814 2269 865 2297 hac
881 2271 924 2297 via
941 2279 949 2298 ι
966 2270 1017 2298 Per
1031 2273 1054 2300 D
1069 2271 1184 2299 litudine
1199 2270 1404 2304 dill'erentiaque
1419 2273 1554 2296 sectarum
1571 2267 1796 2302 conscripsimus.

226 2313 370 2346 invidiam,
381 2314 481 2348 inquit,
496 2314 636 2349 prohibuit
649 2314 783 2342 Adamum
798 2316 832 2342 ab
846 2316 944 2343 arbore
957 2316 1018 2344 vita:

226 2359 372 2394 gustanda,
396 2366 493 2393 nempe
509 2366 542 2386 ne
566 2359 730 2387 immortalis
747 2361 835 2389 ﬁeret.
852 2361 932 2395 Atqui
948 2361 970 2388 si
986 2368 1017 2389 ea

225 2403 329 2431 invidia
360 2403 513 2431 laborasset
540 2403 612 2432 Deus
633 2412 748 2439 prorsus
782 2406 816 2433 ab
844 2406 934 2439 initio,
963 2413 1017 2433 non

227 2450 378 2477 creavisset
393 2449 540 2477 Adamum.
564 2449 658 2484 Neque
674 2450 747 2477 enim
766 2450 819 2477 ulla
836 2457 899 2477 eum
922 2450 963 2478 vis
984 2450 1018 2478 ad

227 2495 375 2522 creandum
396 2495 470 2527 illum
497 2495 616 2530 impulit,
640 2495 687 2523 sed
709 2503 759 2523 sua
783 2497 931 2528 voluntate,
957 2504 1018 2531 gra-

227 2540 299 2568 tuito
314 2541 388 2569 illum
402 2541 540 2573 condidit;
553 2541 653 2575 adhoc,
666 2542 823 2576 paradisum
839 2542 911 2568 illius
924 2549 1018 2575 causa,

228 2587 283 2613 hoc
306 2591 362 2619 est,
388 2591 418 2614 ut
441 2588 467 2613 in
493 2593 526 2614 eo
553 2587 598 2613 ille
620 2591 647 2614 et
673 2587 807 2614 habitaret
831 2591 858 2614 et
882 2587 1019 2622 voluptate

228 2631 378 2665 frueretur,
404 2640 457 2659 non
485 2631 593 2660 fecisset
617 2633 640 2660 si
669 2633 822 2666 invidisset,
850 2637 897 2659 aut
921 2633 1018 2660 saltem

229 2677 318 2712 ipsam
332 2678 394 2705 vitae
410 2679 535 2705 arborem
559 2686 640 2714 quam
657 2678 695 2705 illi
711 2679 863 2710 invidisset,
880 2685 933 2705 non
957 2686 1020 2714 pro-

230 2728 351 2751 creasset
365 2724 392 2751 in
408 2724 551 2759 paradiso;
571 2732 659 2758 neque
672 2728 748 2751 tanto
763 2724 844 2751 etiam
861 2724 977 2759 imperio
992 2724 1019 2751 in

232 2769 333 2804 pisces,
345 2770 480 2801 volucres,
494 2769 626 2804 iumenta,
640 2770 711 2797 feras
723 2769 799 2797 illum
810 2770 1018 2804 amplificasset;

234 2813 352 2849 denique
373 2823 426 2842 non
443 2815 611 2843 condidisset
631 2815 706 2842 illum
730 2815 763 2842 ad
781 2823 858 2842 suam
875 2816 1019 2851 imaginem

234 2863 260 2886 et
275 2858 479 2887 similitudinem
497 2868 503 2886 :
521 2860 566 2888 sed
584 2867 615 2888 ea
637 2861 671 2888 de
692 2867 775 2888 causa
791 2861 825 2888 ab
841 2862 938 2889 arbore
961 2861 1021 2889 vitae

234 2906 367 2940 coercuit,
382 2914 415 2934 ne
431 2910 562 2945 perpetuo
581 2906 682 2936 viveret
701 2906 726 2933 in
751 2911 872 2941 peccato,
895 2912 1021 2942 essetque

1379 2335 1494 2364 CAPUT
1514 2335 1547 2363 ll.

1072 2404 1237 2438 Objectionet
1255 2404 1329 2438 impii
1349 2403 1473 2434 Manetia,
1496 2407 1522 2429 et
1535 2402 1593 2437 ejur
1615 2405 1692 2429 secto:
1709 2401 1856 2429 hominum.

1106 2449 1197 2476 Manes
1217 2448 1299 2475 homo
1318 2447 1550 2482 improbissimus,
1564 2452 1592 2474 et
1605 2447 1651 2482 qui
1668 2454 1730 2473 eum
1747 2450 1858 2474 sectan-

1071 2498 1127 2527 tur,
1139 2495 1234 2521 dicunt
1248 2494 1333 2528 legem
1348 2493 1452 2520 Adamo
1464 2492 1623 2527 imperatam
1639 2492 1763 2526 plurimis
1776 2493 1858 2519 rebus

1070 2540 1197 2567 absurdis
1225 2539 1332 2574 plenam
1349 2546 1420 2570 esse,
1437 2543 1518 2573 atque
1540 2538 1604 2565 inde
1625 2538 1709 2565 multa
1727 2537 1856 2572 suppedi-

1071 2585 1151 2612 ditari
1186 2589 1344 2620 argumenta
1371 2584 1470 2619 quibus
1503 2584 1600 2611 merito
1625 2588 1770 2611 accusetur
1801 2584 1858 2617 ipse

1071 2631 1221 2666 Iegislator.
1246 2631 1327 2658 Verbi
1351 2631 1449 2666 gratia,
1463 2631 1546 2665 jussit
1568 2630 1702 2656 Adamum
1721 2629 1858 2656 abstinere

1072 2677 1106 2704 ab
1127 2677 1224 2704 arbore
1241 2677 1361 2704 scientiae
1384 2676 1447 2704 boni
1462 2680 1489 2703 et
1505 2676 1579 2708 mali,
1595 2675 1715 2702 minatus
1740 2680 1857 2701 mortem

1072 2729 1126 2757 quo
1150 2723 1194 2750 die
1217 2723 1291 2750 illius
1314 2722 1402 2749 fructu
1427 2725 1602 2754 vescoretur;
1628 2720 1699 2755 quod
1725 2720 1857 2752 edictum,

1073 2768 1169 2795 harum
1192 2775 1282 2795 rerum
1304 2768 1426 2794 omnium
1448 2766 1538 2800 arguit
1561 2765 1644 2792 Deum
1668 2773 1675 2792 :
1695 2765 1858 2798 inscientiae,

1072 2813 1241 2846 iracundiae,
1271 2813 1456 2848 pmnitenlias,
1487 2811 1620 2838 mendacii
1655 2810 1781 2844 denique.
1813 2810 1860 2837 lu.

1072 2860 1192 2887 scientia;
1214 2859 1343 2894 quidem,
1367 2858 1438 2893 quod
1465 2857 1549 2893 legem
1576 2857 1749 2891 imperaverit
1774 2864 1857 2891 quam

1074 2907 1175 2941 putarit
1199 2904 1409 2937 observandam,
1433 2911 1464 2931 ca
1483 2911 1547 2931 vero
1565 2903 1707 2930 observata
1733 2910 1785 2930 non
1811 2903 1857 2930 sit.
