2027 3077
201 171 252 203 δίη

751 169 800 199 DE
821 166 1021 199 PARADISO.
1044 180 1076 184 —
1100 168 1196 198 PARS
1217 168 1276 198 ΠΙ.

1782 173 1832 204 5Σε8

202 227 365 259 Iracundia,
383 227 455 262 quod
481 234 543 254 eum
561 227 609 261 qui
632 229 724 253 contra
751 232 828 252 suam
847 225 933 260 legem
952 224 992 251 fe-
1006 225 1031 254 Α
1044 221 1104 250 Νοιι
1119 223 1201 258 igitur
1212 223 1293 250 latam
1305 231 1359 251 a'se
1370 226 1531 253 sententiam
1543 226 1674 255 adversus
1686 228 1831 261 Adamunt,

203 274 298 305 cisset,
315 273 453 308 perirent
478 271 712 299 condemnaverit.
733 270 914 302 l’oenitentize,
928 271 992 304 quia

203 319 286 346 latam
308 318 481 349 sententiam,
507 325 555 352 per
572 316 788 344 misericordiam
814 316 856 350 (ut
880 323 928 343 vos
952 316 994 343 di-

204 364 282 396 citis,
311 363 416 398 inquit,
444 362 552 395 Manes)
577 362 683 390 irritam
710 361 852 389 habuerin
874 361 994 396 Denique

205 410 359 442 mendacii,
384 409 447 445 quia
471 413 586 436 mortem
612 416 667 436 non
690 408 850 443 oppetiverit
873 407 997 436 Adamus

205 463 260 490 quo
275 456 319 483 die
333 455 390 483 edit
405 456 437 483 de
452 455 495 482 illa
510 455 617 482 arbore.
633 454 786 482 Adversum
809 455 866 482 haec
881 462 998 488 respon-

206 500 313 533 demus,
331 499 416 527 Deum
434 500 583 528 inscientia:
596 500 702 535 culpari
718 507 772 526 non
791 506 882 534 posse,
896 501 946 536 qui
962 501 997 528 ab

205 549 307 573 aeterno
329 546 420 573 omnia
437 546 513 573 novit
529 546 606 580 prius
621 553 702 580 quam
725 545 808 578 ﬁant;
829 553 863 572 ac
879 546 996 585 proinde

205 591 271 618 illud
297 591 380 618 etiam
405 592 476 619 clare
501 591 651 627 praeseivit,
674 591 827 622 Adamutn.
852 599 917 627 quae
940 593 997 627 ipse

204 637 386 671 imperaturus
408 642 489 669 esset,
518 644 550 664 ea
577 644 631 664 non
650 636 798 664 facturum.
822 636 880 676 ﬁet:
905 642 996 665 tamen

204 682 264 708 ideo
285 689 338 708 non
354 681 507 716 imperavit,
522 682 587 717 quia
602 682 679 709 illum
695 682 848 716 parituru’m
866 690 920 710 non
935 690 996 711 esse

203 727 359 760 przeseivit;
387 733 602 755 consentaneum
630 727 701 754 enirn
730 730 809 762 erat,
837 732 868 755 ιιι
895 728 996 755 nihilo-

205 771 298 799 minus
332 772 371 800 illi
399 772 588 807 pnescriberet
620 772 729 807 legem,
763 778 790 800 et
816 773 926 808 quidem
961 773 996 800 ob

205 817 305 845 multas
323 825 431 846 causas.
452 818 573 845 Primum
598 823 626 845 ut
647 823 788 847 constaret
808 827 868 847 esse
883 820 930 854 qui
948 820 997 847 do-

204 863 354 890 minatione
374 867 562 899 potestateqne
580 871 671 891 rerum
695 863 830 898 potiretur
852 865 906 901 (est
922 866 994 893 enim

202 907 387 942 dominorum,
414 910 487 944 leges
511 910 644 944 statuere)
668 910 808 945 sciretque
831 911 953 939 Adamus
969 916 995 939 et

205 957 312 980 cetera:
338 961 380 981 res
395 955 521 988 conditae,
544 962 574 983 se
597 960 738 983 creaturas
762 963 823 984 esse
843 960 871 984 et
891 964 994 990 servos,

204 998 305 1033 quibus
320 1000 409 1028 solent
434 1000 507 1036 leges
530 1001 600 1028 dari.
624 1001 667 1029 Ad
693 1002 756 1034 hoc,
779 1003 839 1030 data
865 1003 921 1038 lege
937 1011 996 1031 eer-

204 1043 303 1071 tiorem
319 1045 436 1072 reddidit
450 1045 523 1074 Deus
537 1047 673 1074 Adamum
687 1051 714 1074 et
728 1047 850 1082 reliquos
866 1049 995 1076 mortales

207 1090 312 1118 ratione
329 1091 468 1126 prmditos,
483 1099 511 1120 se
526 1093 633 1119 arbitrii
648 1093 775 1120 libertate
788 1093 862 1128 ipsos
878 1094 996 1122 donasse

204 1134 270 1161 dum
291 1136 429 1169 conderet,
445 1143 498 1171 qua
515 1136 577 1164 freti
594 1142 707 1171 possent
731 1137 771 1165 vel
795 1138 940 1165 observare
954 1138 995 1166 vel

206 1179 344 1207 transilire
360 1180 445 1217 legem
459 1182 656 1215 prmscriptam.
674 1180 742 1208 Nam
759 1182 782 1209 si
797 1182 881 1216 legem
904 1183 993 1216 tollas,

204 1226 274 1253 nihil
289 1227 341 1254 erit
356 1228 427 1255 unde
445 1235 504 1255 eam
524 1228 690 1259 libertatem,
708 1235 847 1255 summum
873 1228 995 1263 profecto

205 1271 254 1298 Dei
269 1274 381 1304 donum,
396 1281 558 1307 cognoscas.
574 1273 690 1307 Insuper
706 1273 759 1306 lex,
773 1279 799 1300 ct
810 1274 832 1300 si
843 1274 879 1301 ab
891 1274 996 1302 Adamo

204 1316 332 1344 violanda
353 1322 428 1351 erat,
453 1323 543 1346 tamen
565 1319 640 1346 utilis
658 1319 710 1346 fuit
730 1320 763 1346 ad
780 1320 936 1354 probandos
951 1328 995 1348 se-

203 1364 413 1400 gregandosque
446 1366 597 1401 morigeros
624 1374 639 1392 a
668 1366 831 1400 rebellibus,
863 1367 951 1395 bonos
979 1375 996 1395 a

204 1408 298 1441 malis,
319 1410 424 1438 amicos
447 1411 482 1438 ab
507 1411 645 1443 hostibus,
671 1411 845 1447 aliorumque
868 1413 995 1440 virtutem

203 1454 243 1481 ab
258 1455 374 1483 aliorum
393 1457 525 1491 pravitate
547 1467 555 1484 :
575 1465 692 1492 quorum
710 1458 778 1484 nihil
803 1458 910 1485 sublata
926 1459 995 1494 lege,

204 1502 338 1535 cognosci
364 1503 562 1538 tlijudicarique
584 1513 599 1531 a
625 1504 706 1531 nobis
723 1509 824 1538 posset.
849 1504 908 1531 Jam
932 1513 997 1532 vero

204 1547 255 1580 qui
269 1552 409 1575 constaret
421 1548 495 1582 juste
506 1549 569 1577 aliis
582 1550 724 1584 praemium
739 1557 754 1576 a
769 1549 824 1576 Deo
837 1549 895 1576 dari
910 1550 997 1583 ipsum

202 1592 320 1619 cmleste
347 1601 482 1629 regnum,
517 1595 563 1629 qui
588 1595 748 1629 obsequiosi
776 1595 908 1622 servanda
940 1595 998 1630 lege

203 1636 328 1664 oﬂicium
354 1638 466 1671 colunt,
501 1639 563 1666 aliis
590 1639 760 1667 calamitates
787 1640 883 1667 merito
913 1640 959 1666 inll
971 1641 997 1674 gi

203 1683 256 1717 qui
271 1682 330 1711 lata:
346 1684 396 1719 legi
413 1692 466 1712 non
485 1690 591 1720 parent,
608 1685 661 1713 nisi
676 1685 717 1712 lex
734 1691 809 1713 esset
827 1686 880 1712 lata
893 1686 904 1712 ’ἰ
919 1686 997 1719 Quod

205 1728 233 1756 si
248 1736 313 1756 vero
328 1729 388 1757 ideo
411 1729 475 1758 ferri
501 1739 555 1758 non
577 1731 671 1758 debuit
693 1731 758 1765 quia
781 1738 841 1758 eam
858 1731 997 1759 fracturus

206 1780 268 1801 erat
280 1775 397 1803 Adamus
408 1785 470 1804 cunt
483 1784 579 1809 uxore,
590 1777 662 1804 haud
675 1784 742 1804 sane
752 1781 827 1804 recte
839 1778 997 1813 prtescripta

204 1819 264 1854 jam
280 1819 361 1848 fuerit
376 1821 538 1849 mortalibus
553 1821 614 1848 ﬁdei
629 1828 737 1854 norma,
753 1823 862 1856 quando
878 1823 997 1850 maxima

210 1873 275 1899 pars
289 1866 429 1895 hominum
442 1876 501 1895 eam
516 1876 570 1895 non
583 1868 657 1895 colit.
671 1867 824 1899 Postremo,
839 1868 997 1903 prtescripta

210 1909 271 1943 lege
294 1917 437 1938 monemur
453 1911 568 1939 alterum
586 1919 647 1939 esse
669 1911 799 1939 saeculum
823 1912 849 1938 in
874 1919 927 1946 quo
949 1920 997 1940 sua

209 1954 333 1988 praemia,
349 1960 378 1982 et
393 1955 427 1982 iis
441 1956 487 1991 qui
504 1956 701 1991 obtemperant,
715 1959 742 1982 et
756 1955 789 1982 iis
803 1955 850 1990 qui
867 1955 998 1983 rebellant

210 1999 268 2026 sint
291 2001 437 2034 prmstitnta
458 2001 576 2028 :alteris
601 2005 738 2035 perpetua:
765 2000 879 2031 deliciae,
905 2000 997 2028 alteris

211 2044 353 2072 cruciatus
380 2046 550 2080 sempiterni.
576 2044 632 2072 Lex
659 2045 732 2072 enim
759 2045 858 2076 omnis,
884 2048 912 2071 et
936 2051 999 2079 pro.

212 2089 297 2117 missa
317 2094 343 2117 et
364 2091 452 2118 minas
476 2097 569 2118 secum
594 2089 692 2117 all'ert:
709 2095 738 2116 ut
754 2089 809 2122 illa,
825 2090 847 2117 si
865 2094 996 2122 servetur,

212 2135 268 2167 hae,
288 2135 310 2163 si
332 2135 482 2170 frangatur,
499 2140 597 2170 praesto
617 2135 682 2162 sint.
705 2134 783 2167 Quod
800 2142 882 2167 porro
896 2136 929 2162 ad
945 2136 999 2163 ira-

211 2181 343 2208 cundiam
369 2186 493 2216 speelat,
520 2181 719 2216 respondemus
763 2179 846 2208 Deum
874 2188 926 2208 non
952 2188 999 2215 per

1046 270 1128 305 quasi
1152 270 1212 304 ejus
1225 270 1392 304 paenituerit,
1408 271 1542 305 dissolvit,
1557 272 1604 300 sed
1622 281 1668 308 per
1685 282 1761 302 suam
1779 283 1832 302 nn-

1050 314 1227 342 sericordiam
1242 319 1323 348 atque
1335 315 1516 348 clementiam,
1528 324 1587 351 qua:
1602 317 1687 352 ipsius
1704 312 1830 353 virtutes,

1050 368 1081 387 ea
1096 368 1125 387 re
1139 365 1202 387 sunt
1220 361 1370 388 luculenter
1386 361 1538 395 patefactae.
1555 362 1619 390 Nam
1634 365 1734 399 alioqui
1749 366 1831 393 etiam

1049 406 1157 441 quoties
1176 406 1270 434 relicta
1293 407 1431 441 impietate
1448 408 1526 438 redit,
1542 416 1602 436 eum
1619 411 1734 445 excipit;
1751 417 1833 447 atque

1048 460 1110 487 quae
1132 452 1263 480 adversus
1286 453 1361 479 illum
1387 454 1560 486 decreverat,
1588 459 1684 488 mutat,
1706 457 1744 483 ait
1767 465 1832 492 pro-

1048 497 1129 531 pheta
1155 496 1288 524 Jeremias
1301 498 1334 523 ".
1356 497 1390 524 Et.
1412 496 1546 525 Ninivitas
1569 498 1652 527 exitio
1679 501 1831 536 damnatOs,

1048 546 1109 577 post
1132 550 1214 577 quam
1238 548 1442 572 eommntarunt
1465 545 1565 576 vitam,
1595 546 1727 580 supplicio
1741 550 1834 576 enot-

1053 589 1090 615 rit
1106 589 1126 616 ί.
1154 587 1246 624 Neque
1264 589 1406 618 Ezechiam
1422 591 1456 619 de
1471 592 1591 619 admisso
1610 598 1722 628 peccato
1739 595 1834 622 doleo-

1047 638 1113 667 tem,
1135 640 1235 667 morte,
1257 639 1287 663 ut
1301 636 1484 664 comminatus
1501 637 1600 670 fuerat,
1620 640 1753 667 multavit.
1776 641 1834 668 lino

1048 688 1111 708 vero
1130 681 1254 716 quotidie
1277 681 1370 710 videre
1387 687 1440 715 est,
1463 683 1539 711 illum
1562 692 1617 712 non
1642 686 1775 720 perditum
1793 688 1834 715 ire

1045 733 1094 754 eos
1108 727 1156 762 qui
1179 728 1239 756 suis
1254 729 1390 757 mandatis
1408 736 1462 757 non
1486 736 1594 765 parent,
1613 732 1660 759 sed
1676 739 1835 767 exspectare

1048 776 1077 799 ut
1093 773 1267 808 resipiscam.
1292 773 1434 802 Postremo
1458 776 1490 803 ad
1515 777 1648 804 mendacii
1671 778 1838 807 calumniam

1047 818 1256 852 respondemus,
1273 820 1351 854 plane
1363 820 1447 848 Deum
1461 821 1604 849 mentitum
1619 829 1672 850 non
1688 830 1758 856 esse,
1771 831 1833 851 eum

1046 863 1143 896 Adam,
1167 872 1222 899 quo
1243 865 1288 892 die
1310 866 1343 893 de
1365 866 1447 894 vetita
1466 866 1564 894 arbore
1585 867 1650 900 edit,
1667 875 1702 895 eo
1718 874 1833 896 mortem

1045 916 1155 950 quoque
1176 911 1210 944 (si
1237 911 1360 939 animum
1383 914 1501 947 spectes)
1522 913 1643 952 _obierit;
1666 915 1766 950 quippe
1787 917 1834 949 qui

1046 946 1218 982 abalienatus
1233 956 1297 983 sita
1313 955 1377 988 Deo,
1393 946 1440 992 qui
1458 947 1530 985 unus
1545 958 1600 985 vita
1616 946 1690 991 vera,
1707 946 1834 995 certaque

1046 1003 1106 1032 est;
1123 1004 1179 1026 rata
1193 1000 1275 1035 igitur
1290 1001 1340 1028 iuit
1355 1001 1413 1034 Dei,
1427 1009 1460 1030 eo
1474 1003 1530 1035 die,
1543 1003 1676 1031 adversus
1690 1005 1765 1032 illum
1780 1005 1834 1033 lata

1046 1045 1193 1072 sententia.
1208 1045 1240 1072 Et
1253 1053 1317 1073 vero
1334 1046 1392 1080 ipso
1404 1047 1486 1083 etiam
1502 1054 1629 1082 corpore,
1641 1048 1686 1075 illo
1703 1049 1747 1076 die
1762 1057 1834 1076 mor-

1047 1094 1110 1117 tuus
1125 1095 1167 1117 est
1181 1091 1297 1125 quadam
1315 1091 1460 1119 ati‘ectione
1490 1092 1646 1120 turbulenta
1664 1101 1724 1128 quae
1739 1096 1836 1123 mortis

1045 1140 1119 1163 esset
1133 1136 1254 1163 elliciens
1268 1145 1276 1163 :
1291 1141 1320 1163 ut
1335 1145 1350 1164 ιι
1366 1145 1420 1172 quo
1435 1137 1517 1164 simul
1534 1146 1646 1172 prorsus
1662 1140 1836 1167 auferebatur

1047 1181 1260 1209 immortalitatis
1279 1183 1377 1217 gratia,
1404 1190 1436 1210 ae
1460 1183 1574 1217 proinde
1600 1184 1679 1211 morti
1696 1185 1752 1220 jam
1779 1190 1835 1213 tum

1048 1224 1128 1252 liehat
1143 1226 1288 1259 obnoxius,
1305 1231 1332 1254 et
1358 1227 1471 1255 omnino
1494 1228 1628 1256 mortalis.
1647 1229 1687 1256 Ex
1712 1230 1754 1257 his
1769 1237 1836 1264 ergo

1047 1270 1174 1298 onmibus
1190 1271 1348 1304 coniicitur,
1368 1272 1501 1300 Manetem
1525 1277 1554 1300 et
1575 1273 1696 1309 reliquos
1716 1275 1776 1310 ejus
1794 1276 1836 1303 fa-

1045 1316 1144 1343 ctionis
1170 1316 1295 1345 homines
1322 1317 1446 1352 improbe
1479 1317 1562 1346 Deum
1588 1320 1717 1354 sugillare
1741 1328 1836 1349 eorum

1046 1360 1190 1388 eritninum
1204 1381 1211 1394 ,
1232 1369 1294 1396 quae
1310 1363 1367 1397 jam
1387 1363 1518 1393 vidimus.

1081 1405 1187 1434 Rursus
1201 1407 1278 1434 aiunt
1294 1408 1373 1435 iidem
1389 1409 1501 1436 Manetis
1514 1417 1674 1439 assensores
1688 1419 1696 1439 :
1711 1411 1835 1445 Quanam

1047 1452 1203 1486 prohibitus
1234 1459 1277 1480 cst
1300 1453 1421 1481 Adamus
1443 1462 1527 1481 eausa
1544 1455 1579 1483 ab
1596 1457 1693 1484 arbore
1714 1458 1837 1485 scientiae

1048 1497 1202 1530 gustauda?
1224 1505 1259 1525 an
1277 1499 1342 1532 quia
1360 1499 1431 1526 mala
1444 1507 1477 1526 ea
1492 1506 1565 1528 esset
1577 1520 1585 1532 ,
1608 1509 1642 1528 an
1664 1503 1727 1536 quia
1745 1503 1838 1530 bona?

1050 1540 1079 1567 Si
1097 1542 1160 1576 quia
1176 1542 1311 1575 mala;an
1327 1543 1398 1570 mala
1412 1544 1494 1570 arbor
1505 1549 1563 1572 sata
1579 1550 1640 1572 erat
1652 1547 1678 1572 in
1691 1547 1837 1580 paradiso?

1050 1585 1099 1613 Sin
1114 1586 1177 1621 quia
1193 1587 1262 1614 bona
1274 1595 1281 1620 ;
1294 1595 1341 1622 per
1354 1588 1485 1615 invidiam
1497 1589 1651 1623 prohibitus
1664 1592 1722 1618 est!
1735 1591 1838 1620 Contra

1048 1631 1106 1659 haec
1129 1632 1258 1665 dicimus,
1274 1640 1332 1660 eam
1356 1633 1483 1661 arboretn
1506 1640 1602 1670 suapte
1629 1641 1727 1664 natura
1749 1646 1839 1673 neque

1048 1677 1146 1704 bonam
1162 1685 1249 1712 neque
1265 1678 1363 1706 malam
1380 1679 1474 1712 fuisse,
1489 1680 1536 1708 sed
1553 1681 1665 1716 perinde
1679 1688 1760 1718 atque
1777 1684 1836 1718 ipsa

1048 1722 1109 1756 quis
1121 1726 1240 1749 uteretur
1252 1723 1454 1752 abutereturve.
1467 1723 1551 1753 Usum
1577 1731 1666 1754 autent
1692 1732 1771 1763 atque
1785 1730 1836 1756 ah-

1048 1775 1127 1794 usum
1138 1787 1146 1800 ,
1157 1768 1182 1794 in
1198 1768 1284 1796 libero
1301 1771 1450 1804 primorum
1466 1776 1608 1806 parentum
1625 1773 1711 1801 fuisse
1722 1774 1836 1802 arbitrio

1047 1815 1166 1848 positum
1181 1834 1188 1845 ,
1208 1819 1237 1841 ut
1257 1815 1314 1849 jam
1331 1823 1386 1843 non
1402 1823 1436 1843 ex
1457 1816 1514 1850 ipsa
1531 1817 1628 1844 arbore
1648 1817 1749 1845 malum
1763 1838 1771 1850 ,
1787 1820 1835 1846 sed

1047 1867 1080 1886 ex
1092 1859 1199 1886 arboris
1211 1860 1299 1887 abusu
1312 1861 1472 1894 provenisse
1483 1862 1694 1890 existimandum
1704 1863 1749 1891 sit.
1762 1863 1836 1891 Idem

1048 1906 1081 1933 de
1097 1905 1168 1933 bono
1183 1906 1329 1934 dicendum
1346 1906 1444 1934 fuisset
1456 1926 1464 1939 ,
1480 1907 1503 1933 si
1517 1907 1604 1935 Adam
1620 1909 1756 1936 mandatis
1771 1917 1834 1944 qua:

1047 1951 1082 1978 de
1100 1958 1132 1978 ea
1153 1951 1251 1980 arbore
1272 1958 1414 1987 acceperat
1429 1953 1564 1987 paruisset
1582 1961 1590 1979 :
1607 1954 1845 1988 quemadmodum.

1048 1996 1126 2024 cibus
1137 2004 1190 2032 qua
1204 1997 1280 2024 cibus
1289 2001 1342 2029 est,
1356 1997 1422 2024 nihil
1435 1998 1505 2025 ullus
1514 1998 1610 2026 ah-alio
1622 1998 1721 2032 differt,
1731 2000 1777 2027 sed
1787 2007 1837 2034 pro
1847 2023 1850 2026 ί

1048 2046 1128 2070 aetate
1151 2047 1233 2077 atque
1251 2042 1354 2070 viribus
1370 2043 1537 2070 vescentium
1557 2044 1686 2071 maxime.
1706 2043 1840 2080 Namqui

1049 2088 1184 2116 vescentis
1200 2088 1305 2116 viribus
1319 2088 1466 2123 respondet
1479 2093 1563 2123 atque
1579 2097 1699 2125 congruo
1716 2094 1838 2124 tempore

1050 2133 1179 2165 sumitur,
1191 2134 1296 2166 bonus;
1314 2134 1360 2168 qui
1379 2142 1443 2162 vero
1461 2135 1532 2162 vires
1549 2140 1659 2169 superat
1675 2141 1722 2162 aut
1739 2143 1792 2163 non
1808 2136 1836 2162 in

1051 2182 1171 2212 tempore
1184 2180 1302 2214 capitur,
1318 2180 1407 2208 malus
1423 2180 1538 2207 hahetur
1554 2188 1561 2206 :
1577 2182 1617 2207 sic
1634 2188 1700 2208 usus
1714 2181 1779 2208 Adae
1794 2188 1837 2209 at-

212 2228 284 2255 iram
303 2228 498 2262 pronuntiasse
512 2229 645 2255 adversus
666 2226 800 2254 Adamum
821 2226 895 2254 illam
919 2227 998 2254 talem
1015 2230 1037 2258 ι)
1053 2231 1106 2258 que
1122 2225 1215 2252 umris
1229 2225 1256 2251 in
1279 2227 1411 2259 permissa
1427 2225 1537 2260 quidem
1553 2226 1651 2254 arbore
1663 2246 1671 2259 ,
1687 2227 1794 2260 bonus;
1811 2232 1839 2254 at

211 2276 390 2308 sententiam,
410 2275 458 2302 sed
483 2283 530 2310 per
552 2281 653 2302 meram
669 2273 908 2307 misericordiam;
926 2273 998 2308 quod

212 2322 278 2349 hinc
294 2321 479 2357 cognoscitur,
497 2320 562 2356 quia
578 2319 789 2355 haudquaquam
812 2319 858 2346 illo
873 2319 917 2346 die
931 2319 1000 2346 obiit

212 2372 330 2396 mortem
353 2375 407 2402 quo
430 2367 534 2394 facinus
553 2366 628 2398 fecit.
649 2373 699 2401 pro
720 2365 865 2392 sententiae
883 2365 973 2392 verbis
992 2373 998 2391 :

213 2414 346 2441 nimirum
363 2413 445 2441 verba
461 2419 495 2440 eo
511 2411 611 2439 fecerat
629 2411 702 2439 Deus
722 2410 863 2446 rigidiora,
879 2417 935 2445 quo
951 2417 999 2444 po-

211 2460 364 2489 steritatem
378 2464 562 2494 venturosque
576 2462 700 2493 nepotes,
713 2464 760 2492 per
772 2461 885 2488 metum,
897 2464 912 2483 a
924 2456 999 2483 fratr-

212 2506 310 2541 gendis
334 2505 438 2540 legibus
463 2504 673 2538 rebellandoqne
704 2502 868 2529 contineret.
895 2501 999 2528 Rursus

211 2552 249 2579 de
263 2551 431 2586 paenitentia,
444 2550 523 2584 cujus
541 2553 653 2576 accusat
666 2547 751 2574 Deum
766 2546 869 2578 Manes,
883 2545 1000 2573 dicimus

213 2598 326 2625 illorum
346 2603 406 2623 esse
420 2595 514 2623 dolore
535 2598 618 2628 atque
632 2593 763 2628 ptenitere
785 2592 832 2626 qui
857 2591 942 2618 nescii
956 2599 1000 2619 re-

214 2650 279 2670 rum
292 2646 420 2674 eventus,
436 2648 468 2668 ea
488 2640 591 2668 faciunt
605 2646 723 2674 quorum
737 2639 827 2665 exitus
848 2645 942 2672 parum
957 2644 1000 2664 re-

213 2690 350 2725 spondeat
369 2688 489 2722 ipsorum
505 2685 673 2717 commodis;
693 2688 721 2711 at
742 2683 838 2716 Deum,
854 2690 916 2710 eum
932 2690 1000 2717 pra:-

213 2735 289 2764 sciat
312 2733 403 2761 omnia
429 2740 508 2767 quem
533 2731 588 2759 sint
612 2737 725 2764 quaeque
749 2728 875 2755 habitura
902 2728 998 2761 ﬁnetn,

213 2787 333 2817 prorsus
352 2778 483 2815 pcenitere
508 2777 590 2804 ullius
628 2782 681 2803 non
705 2781 795 2809 posse,
827 2778 874 2801 aut
897 2773 998 2808 pigere.

253 2862 277 2877 "
289 2860 390 2888 Jerem.
406 2866 414 2886 ι
429 2861 456 2886 et
470 2865 544 2885 xvrn.
587 2855 594 2870 ‘
610 2854 687 2882 Joan.
704 2861 745 2886 ιιι,
764 2853 774 2881 l
793 2859 868 2887 seqq.

1051 2269 1078 2296 in
1095 2270 1175 2297 vetita
1187 2289 1195 2301 ,
1214 2270 1302 2297 malus
1314 2275 1383 2298 erat.
1408 2269 1502 2306 Neque
1516 2271 1588 2299 enim
1613 2272 1640 2298 in
1666 2272 1725 2307 ipsa
1740 2272 1848 2299 arbore.

1052 2315 1117 2342 boni
1137 2315 1234 2343 malive
1257 2316 1401 2344 eﬂieientia
1426 2317 1532 2349 inerat,
1555 2317 1603 2344 sed
1627 2317 1716 2351 ipsum
1736 2318 1838 2344 violare

1054 2361 1099 2388 Dei
1115 2360 1219 2395 legem;
1236 2360 1261 2388 id
1276 2368 1340 2389 vero
1364 2366 1422 2388 erat
1445 2361 1518 2396 quod
1537 2362 1672 2389 Adamum
1687 2363 1838 2395 Occidehal,

1053 2414 1106 2433 non
1119 2406 1211 2434 arbor.
1230 2406 1315 2434 Veluti
1334 2407 1561 2435 contumeliosum
1577 2407 1604 2434 in
1620 2413 1747 2442 parentes
1758 2429 1765 2441 ,
1783 2416 1837 2435 non

1053 2452 1112 2486 ipsa
1125 2451 1292 2480 contumelia
1303 2452 1399 2479 multat
1410 2457 1508 2485 morte,
1519 2453 1565 2480 sed
1579 2452 1666 2480 fracta
1680 2453 1722 2480 lex
1734 2461 1742 2486 ;
1752 2461 1839 2488 neque

1054 2505 1132 2525 mons
1158 2497 1234 2525 Sinai
1250 2506 1297 2525 eos
1313 2498 1495 2526 interliciebat
1518 2499 1565 2532 qui
1588 2506 1617 2526 se
1644 2498 1839 2534 contingebant

1053 2549 1109 2578 quo
1123 2547 1244 2578 tempore
1262 2543 1328 2570 certi
1343 2543 1411 2571 lines
1422 2543 1574 2578 praescripti
1593 2543 1668 2570 fuere
1684 2543 1752 2570 ultra
1769 2551 1838 2577 quos

1053 2597 1134 2617 nemo
1150 2590 1301 2621 accederet,
1319 2588 1367 2616 sed
1383 2589 1427 2616 lex
1439 2588 1550 2617 violata.
1564 2588 1624 2616 Non
1638 2588 1719 2623 igitur
1735 2588 1779 2615 illa
1793 2595 1837 2614 ar-

1054 2635 1103 2661 hor
1119 2635 1224 2662 Adamo
1244 2635 1345 2662 malum
1362 2634 1452 2667 dedit,
1478 2634 1525 2662 sed
1540 2635 1641 2662 amissa
1661 2641 1709 2669 per
1724 2634 1836 2661 fractam

1054 2681 1139 2716 legem
1165 2688 1254 2713 noxa;
1270 2681 1408 2708 enimvero
1425 2687 1473 2714 per
1486 2679 1615 2707 invidiam
1629 2686 1683 2706 non
1697 2686 1758 2707 esse
1773 2685 1837 2712 pro,-

1055 2727 1169 2754 hibitum
1192 2726 1326 2753 Adamum
1345 2725 1379 2753 ab
1398 2733 1452 2753 una
1477 2732 1509 2753 ea
1533 2725 1630 2753 arbore
1646 2725 1712 2752 satis
1736 2724 1836 2759 arguit,
1865 2752 1869 2757 η

1055 2772 1126 2808 quod
1140 2777 1245 2801 caetera
1259 2779 1355 2800 omnes
1375 2771 1426 2808 ipsi
1448 2771 1508 2800 usui
1523 2771 1662 2807 permissa
1675 2769 1760 2799 fuere.
1784 2769 1836 2797 Sed
1861 2794 1864 2797 .
