2027 3077
213 169 265 200 599

813 196 818 202 ,
848 166 960 196 MOSIS
983 166 1054 195 ΒΑΚ
1074 165 1199 194 CEI’HA

1779 169 1835 199 ΒΟ]

211 231 245 251 eo
259 223 400 258 spectabat
414 223 569 250 mandatum
583 242 590 254 ,
605 225 635 249 ut
649 221 682 249 de
695 221 761 249 Adae
782 221 913 255 obsequio
926 220 998 256 peri~
1013 225 1035 253 Α
1049 228 1130 256 quem
1139 220 1490 256 praeseiebatpeceaturum.
1499 221 1715 256 Respondemus,
1725 223 1840 252 minime

213 268 308 296 culum
320 269 348 296 ia
361 275 413 297 una
425 268 522 295 arbore
536 267 628 300 ﬁeret;
639 273 726 302 eoque
739 266 763 294 si
776 267 1002 302 obtemperasset,

214 321 355 342 summum
373 313 488 348 pretium
505 311 630 345 referret,
650 319 747 347 nempe
761 317 790 339 ιιι
809 317 904 347 posset
916 312 1000 347 gresci

219 359 319 387 arbore
332 359 396 386 vitae
407 378 415 391 ,
430 363 511 393 atque
524 358 687 386 immortalis
703 358 772 385 ﬁeri.
793 357 845 385 Sed
862 358 923 386 aliis
935 366 1003 392 prat-

215 408 291 431 terea
316 403 469 430 rationibus
491 410 575 438 supra
600 403 791 435 ostendimus,
819 403 887 430 nihil
905 403 1003 430 horum

215 456 264 484 per
279 449 408 476 invidiam
422 455 437 475 a
454 447 509 475 Deo
522 453 630 482 gestum
644 455 716 476 esse.
817 468 822 479 .
862 472 870 483 ί

250 494 352 521 lterum
380 494 463 521 instat
494 494 607 521 Hanetis
641 498 732 526 secta,
762 494 887 529 inquiens
915 502 923 521 :
951 493 1005 521 Aut

200 530 376 574 ‘prazscicbat
401 538 475 566 Deus
502 538 637 566 Adamum
664 547 718 566 non
741 540 1005 574 obtemperaturum,

213 587 262 610 aut
276 590 331 610 non
352 581 513 617 praesciebat
530 590 592 610 cum
618 583 704 617 legem
723 583 818 610 ferret.
837 582 866 609 Si
893 583 944 610 hoc
958 583 1004 610 de.

212 628 286 656 deris
303 635 312 661 ;
328 627 477 655 absurdum
495 632 537 654 est
559 636 567 655 ι
589 628 632 655 sin
653 628 718 655 illud
729 647 736 660 ,
752 627 886 655 vecordiae
906 633 948 656 est
962 635 1005 655 ar-

212 673 338 707 gueudus
352 673 435 701 Deus.
452 672 509 700 Nos
524 680 590 700 vero
603 673 801 708 respondemus
813 674 885 708 quod
901 680 1003 708 nuper:

215 717 388 752 praescivisse
415 717 528 752 quidem
552 717 657 751 Deum,
686 725 742 746 non
769 719 945 746 observatum
971 718 1004 745 iri

216 761 377 788 mandatum
392 761 426 788 ab
437 761 544 789 Adamo
555 782 562 793 ,
579 762 606 788 id
623 766 712 789 tamen
725 770 774 790 cur
786 762 876 790 minus
893 762 1006 789 manda-

220 810 274 839 ret,
285 807 354 834 nihil
366 806 515 835 obstitisse.
528 806 595 840 Quis
608 808 680 835 enim
694 808 808 836 stultum
821 812 899 835 vocet
908 807 1005 840 Deum,

214 853 283 886 quia
311 851 417 886 legibus
444 852 531 880 vetuit
547 860 673 887 peccare,
695 861 756 880 cum
779 853 861 880 sciret
875 853 1006 887 plurimus

1053 266 1192 293 conditum
1204 273 1220 292 a
1234 266 1287 292 Deo
1296 273 1357 293 esse
1368 266 1501 293 Adamum
1513 272 1542 294 ut
1557 272 1679 302 peccaret
1691 268 1732 295 vel
1743 273 1772 295 ut
1784 277 1839 295 non

1053 316 1188 346 peccaret,
1200 312 1258 339 sive
1269 311 1394 345 utjustus
1407 318 1490 344 esset,
1499 318 1545 340 aut
1557 319 1585 340 ιιι
1596 313 1726 348 injustas,
1736 315 1782 341 sed
1793 322 1844 342 ne-

1053 364 1107 391 que
1122 361 1150 383 ut
1166 357 1251 392 legem
1263 357 1420 384 observaret
1431 358 1472 384 vel
1487 364 1517 385 ιιι
1526 365 1580 385 non
1592 360 1761 391 observaret,
1776 367 1840 386 nam

1054 401 1078 428 si
1092 401 1190 428 lmrum
1207 401 1324 437 alicujus
1338 402 1425 437 gratia
1447 402 1524 430 illum
1549 403 1727 437 condidisset,
1742 411 1842 439 magna

1063 453 1129 473 sane
1147 453 1229 473 causa
1257 446 1309 474 hoc
1326 446 1362 473 ab
1384 446 1437 474 illis
1451 453 1630 482 quaereretur,
1653 450 1701 476 sed
1721 457 1770 484 pro
1790 457 1840 477 sua

1056 492 1189 523 bonitate.
1215 493 1356 528 gratiaque
1383 501 1457 522 mera
1483 495 1558 521 illum
1592 495 1702 527 effecit,
1727 496 1841 531 haecque

1039 539 1143 574 prima
1161 539 1215 566 Deo
1231 539 1305 566 illius
1319 540 1430 567 creandi
1447 547 1530 567 causa
1556 540 1607 567 fuit
1624 545 1740 568 :eaatera
1757 549 1841 576 porro

1056 584 1112 616 illa,
1131 584 1291 611 secundaria
1307 585 1486 613 existimanda
1500 590 1575 618 sunt,
1591 590 1619 612 nt
1635 594 1696 621 quae
1709 593 1742 613 ex
1754 587 1842 621 ipsius

1055 629 1120 657 Atla:
1137 630 1252 658 arbitrio
1268 631 1465 665 pependerint,
1481 639 1543 659 cum
1569 632 1620 660 hoc
1647 639 1733 667 penes
1750 633 1840 660 solum

1055 675 1211 703 Creatorem
1223 681 1305 704 esset.
1321 676 1490 712 Quapropter
1502 677 1592 712 potius
1607 678 1647 705 sic
1663 678 1701 704 illi
1713 685 1838 713 quaerere

1056 721 1227 754 debuerunt,
1243 728 1294 749 cur
1309 722 1443 750 creaverit
1465 723 1600 750 Adamum
1616 723 1699 756 Deus,
1716 724 1752 751 ita
1766 724 1841 751 enim

1055 772 1217 800 responsum
1237 767 1362 794 tulissent
1379 774 1388 794 :
1408 772 1517 802 propter
1532 775 1608 795 suam
1623 768 1709 802 ipsius
1722 769 1843 803 probita-

1057 815 1121 838 tem.
1137 810 1205 838 Nam
1223 811 1326 846 reliqua
1341 812 1387 839 illa
1407 820 1522 847 peccare
1542 818 1588 840 aut
1604 821 1656 840 non
1674 821 1798 848 peccare,
1814 819 1843 841 et

1056 864 1117 891 qua»
1135 856 1304 884 addebantur
1323 863 1439 891 caetera;
1456 865 1490 886 ex
1510 858 1574 886 Adae
1590 859 1674 886 libera
1688 859 1843 894 pendebant

214 898 277 924 fore
292 896 339 932 qui
355 902 447 924 essent
462 898 618 932 peccaturi?
630 897 702 927 Sane
718 899 741 926 si
756 898 846 926 nullas
861 898 933 932 leges
943 905 1009 925 con-
1024 906 1046 935 ις
1059 902 1207 930 voluntate.
1237 902 1296 931 Huc
1320 904 1445 931 addimus
1461 904 1541 932 etiam
1571 905 1637 932 Illud
1662 913 1669 932 :
1693 906 1794 940 Deum,
1812 910 1844 933 ut

214 943 339 975 didisset,
361 947 408 970 aut
421 943 488 971 nihil
504 944 710 978 imperavisset,
727 952 816 979 neque
829 951 912 979 penes
929 944 1005 972 illum

214 988 440 1020 dominationem,
457 995 545 1022 neque
563 995 644 1022 penes
659 996 710 1016 nos
727 990 832 1017 arbitrii
852 989 1004 1017 libertatem

211 1040 295 1065 esse,
327 1033 455 1060 rescitum
492 1038 575 1062 esset.
605 1034 843 1062 Verumenimvero
869 1035 915 1062 ille
943 1043 1005 1063 cum

211 1076 352 1111 prmseiret
373 1081 472 1104 cuneta
490 1085 551 1112 quae
566 1083 696 1105 eventura
711 1083 816 1110 essent,
837 1077 909 1113 leges
926 1078 1006 1105 nobis

215 1122 289 1149 dedit
305 1129 355 1149 ceu
372 1121 466 1150 liberis
478 1127 505 1150 et
515 1123 602 1150 libero
615 1123 729 1150 arbitrio
743 1123 863 1158 praeditis
872 1143 880 1155 .
893 1123 1005 1157 utquod

214 1167 310 1194 liberet
327 1167 355 1194 id
371 1174 524 1202 ageremus.
540 1166 595 1195 Nos
611 1175 674 1195 vero
690 1174 741 1202 pro
757 1175 806 1195 sua
823 1168 941 1202 quisque
957 1175 1004 1195 vo-

212 1213 319 1240 luntate
334 1216 362 1239 et
376 1212 482 1239 arbitrii
502 1212 627 1240 libertate
639 1231 647 1244 ,
665 1220 728 1247 erga
742 1213 816 1247 leges
829 1233 836 1245 ,
850 1217 897 1239 aut
913 1213 1006 1241 obser-

216 1257 306 1284 vando
325 1264 373 1284 eas
387 1262 435 1284 aut
459 1258 609 1291 frangendo
621 1277 630 1290 ,
646 1264 753 1286 nosmet
767 1259 898 1293 gerimus.
913 1258 1005 1294 Neque

211 1301 292 1328 aliter
305 1309 415 1337 quoque
437 1310 500 1329 cum
518 1303 622 1329 Adamn
637 1308 728 1330 actum
745 1308 806 1337 est;
825 1311 908 1338 penes
927 1305 1003 1332 illum

212 1347 287 1373 enim
303 1351 362 1374 erat
384 1351 411 1374 et
425 1347 506 1374 edere
525 1352 552 1374 ct
572 1355 626 1374 non
644 1348 724 1376 edere
740 1349 773 1376 de
792 1349 890 1377 arbore
904 1350 1002 1383 vetita;

213 1396 298 1426 atque
312 1392 335 1419 si
348 1399 400 1419 non
412 1392 524 1426 edisset,
537 1401 569 1420 ex
583 1393 668 1428 gratia
681 1394 842 1422 immortalis
856 1395 1002 1429 evasisset;

212 1442 389 1472 posteaquam
414 1445 479 1464 vero
494 1439 560 1471 edit,
579 1443 703 1466 mortuus
724 1444 776 1467 est.
791 1440 840 1468 His
856 1441 947 1476 itaque
960 1449 1004 1468 ar-

211 1481 355 1516 gumentis
368 1482 494 1517 colligere
505 1488 557 1516 est,
574 1491 663 1518 neque
678 1485 747 1512 male
760 1490 846 1512 satam
861 1485 948 1514 fuisse
959 1494 1004 1514 ar-

211 1529 304 1553 borem
335 1527 458 1555 scientia:
474 1528 509 1555 ab
533 1528 620 1562 initio,
636 1537 724 1564 neque
741 1530 846 1558 Adamn
869 1532 1002 1560 invidiose

208 1571 255 1598 illa
271 1571 447 1599 interdictum
464 1579 526 1600 esse
542 1582 548 1600 :
566 1582 600 1602 ne
617 1575 665 1602 illo
686 1575 795 1603 mittant
813 1577 917 1611 linguas
938 1585 1002 1606 suas
1016 1572 1037 1602 α

210 1615 328 1644 Manetis
341 1617 463 1649 asseclaz,
477 1617 522 1645 Dei
537 1618 640 1653 hostes,
654 1620 718 1647 dum
733 1629 782 1656 pro
793 1621 898 1650 duabus
909 1631 1000 1650 rerum

211 1661 305 1688 causis
315 1663 472 1689 astruendis
482 1664 677 1692 contendentes
688 1666 814 1701 (quarum
827 1668 910 1695 altera
920 1669 1002 1702 bona,

215 1705 288 1732 mala
305 1708 388 1733 altera
414 1707 461 1741 sit)
485 1707 638 1736 istiusmodi
656 1712 826 1744 argumentis
850 1720 901 1740 nos
917 1713 1002 1741 laces-

212 1754 294 1784 sunt,
319 1751 365 1785 qui
385 1759 468 1778 unum
487 1751 572 1780 Deum
591 1755 751 1788 profitemur
766 1766 773 1783 ς
790 1758 824 1790 si,
840 1758 1002 1792 inquientes,

212 1795 282 1822 mala
297 1800 358 1822 erat
380 1796 471 1829 arbor,
489 1804 539 1824 cur
557 1805 617 1826 eam
637 1801 704 1828 sevit
725 1801 796 1829 Dens
813 1804 839 1830 in
863 1804 999 1838 paradiso,

212 1848 276 1874 qua:
291 1841 396 1869 Adatno
413 1842 520 1869 ruinam
537 1848 610 1871 esset
625 1844 749 1874 illatura‘i
765 1848 811 1874 Sin
827 1849 909 1881 bona,
924 1857 1001 1883 pior-

211 1892 262 1913 sus
273 1893 322 1921 per
334 1886 464 1914 invidiam
476 1888 647 1922 prohibuerit
662 1891 737 1919 illum
751 1900 861 1921 necesse
876 1901 929 1922 est.

488 1944 625 1972 CAPUT
654 1946 709 1974 ΙΙΙ.

209 1988 308 2015 Contra
320 1988 426 2016 Iuliani
438 1991 588 2024 Apostatw,
603 1993 635 2018 de
646 1995 739 2021 m'bore
755 1995 824 2027 vim,
840 1996 999 2025 calunmias.

246 2033 339 2060 Satius
356 2035 451 2062 fuisset
464 2056 471 2068 ,
486 2037 524 2063 ait
548 2036 673 2066 Julianus
684 2058 691 2071 ,
706 2040 831 2068 arborem
845 2041 917 2068 illam
931 2044 1000 2070 veti-

208 2084 262 2106 tam
273 2098 281 2111 ,
297 2083 346 2107 aut
359 2079 386 2107 in
404 2082 503 2115 angulo
520 2083 638 2116 paradisi
654 2089 702 2111 aut
717 2085 775 2112 loco
792 2087 883 2121 aliquo
898 2089 999 2116 obscu—

209 2124 283 2152 riore
304 2129 431 2158 exstare;
457 2134 490 2154 ne
505 2127 569 2154 dum
596 2134 728 2163 perpetuo
749 2131 784 2158 ob
799 2133 900 2160 oculos
909 2138 998 2167 esset,

210 2169 326 2197 nimium
341 2171 383 2197 sui
396 2171 563 2199 desiderium
578 2174 604 2200 in
618 2175 717 2203 animis
734 2183 876 2210 parentum
892 2184 1000 2208 nostro-

208 2223 270 2242 rum
285 2216 429 2244 excitaret.
444 2216 513 2245 Huic
528 2219 673 2253 respondet
690 2219 720 2247 D.
735 2222 861 2256 Cyrillus,
875 2226 998 2253 oratione

1056 948 1193 982 praeseivit
1213 953 1388 983 peccaturum
1403 949 1537 977 Adamum
1552 950 1746 986 lapsurumque
1764 952 1842 986 prius

1057 1001 1138 1029 quam
1161 995 1306 1028 conderet;
1327 995 1365 1022 ita
1394 996 1564 1030 praescivisse
1585 1003 1695 1031 quoque
1721 1004 1751 1024 se
1775 998 1842 1024 olim

1056 1044 1214 1072 venturum,
1225 1040 1483 1075 redempturumqne
1495 1041 1570 1068 illum
1582 1049 1596 1068 a
1608 1046 1718 1076 peccato
1730 1042 1758 1069 in
1768 1042 1842 1076 quod

1056 1082 1207 1116 incidisset,
1224 1084 1366 1118 ipsiusque
1380 1089 1542 1113 vetustatem
1556 1086 1786 1119 instauraturum,
1800 1092 1842 1113 at-

1055 1135 1109 1163 que
1132 1129 1283 1164 collapsum
1301 1129 1523 1164 sublevaturum;
1539 1137 1567 1159 ut
1582 1139 1614 1159 eo
1633 1133 1723 1160 minus
1740 1133 1840 1161 mirum

1056 1173 1274 1209 videri'debeat!,
1289 1175 1312 1202 si
1329 1177 1431 1203 creavit
1446 1184 1526 1211 quem
1545 1178 1626 1212 paulo
1638 1183 1698 1213 post
1713 1184 1842 1214 peceatu-

1055 1226 1115 1246 rum
1141 1221 1292 1254 prmsciret.
1320 1221 1422 1249 Adhazc
1454 1222 1507 1250 nisi
1537 1227 1659 1251 creasset
1686 1224 1759 1258 quod
1786 1233 1841 1253 non

1055 1265 1195 1292 nesciebat
1237 1271 1396 1300 peccaturos
1414 1287 1422 1299 ,
1448 1266 1550 1296 frustra
1585 1269 1695 1297 creandi
1728 1277 1840 1305 operam

1055 1310 1237 1344 sumpsisset;
1257 1312 1358 1345 quippe
1373 1313 1420 1346 qui
1436 1320 1486 1340 nec
1501 1313 1688 1348 blasphemqu
1706 1315 1732 1342 in
1747 1321 1842 1343 ventre

1055 1354 1151 1382 matris
1167 1362 1224 1382 sua:
1244 1356 1366 1383 finxisset
1377 1376 1384 1388 ,
1401 1365 1490 1392 neque
1507 1359 1657 1393 hypocrita
1672 1361 1841 1396 permisisset

1055 1405 1086 1427 ut
1098 1401 1234 1436 aspiceret
1252 1402 1354 1430 lumen.
1378 1402 1500 1439 Denique
1513 1412 1546 1432 eo
1566 1406 1780 1435 luculentissima
1791 1407 1839 1436 Dei

1054 1445 1176 1478 probitas
1192 1450 1218 1473 et
1231 1448 1316 1481 gratia
1329 1452 1460 1481 apparet,
1476 1449 1546 1483 quod
1562 1457 1631 1484 quos
1645 1451 1697 1478 sibi
1719 1459 1772 1478 non
1790 1453 1840 1479 ob-

1054 1494 1254 1524 temperaturos
1266 1493 1351 1524 novit.
1362 1500 1408 1520 eos
1419 1494 1580 1528 progignere
1594 1503 1647 1522 non
1664 1497 1837 1531 dedignatur.

1053 1535 1120 1562 Nam
1141 1537 1215 1564 solos
1232 1538 1383 1572 morigeros
1394 1558 1402 1570 ,
1418 1546 1466 1566 sua
1482 1546 1582 1573 causa,
1599 1541 1649 1568 hoc
1663 1547 1704 1569 est
1715 1562 1723 1574 ,
1740 1549 1768 1570 ut
1782 1551 1838 1571 sua:

1054 1581 1185 1609 voluntati
1197 1583 1367 1617 imperioque
1378 1583 1606 1618 obsecundarent,
1619 1591 1646 1612 et
1660 1587 1711 1614 sibi
1728 1593 1836 1622 gratum

1054 1627 1184 1661 facerent,
1193 1628 1320 1663 genuisse
1330 1629 1413 1656 videri
1423 1635 1529 1664 poterat
1539 1639 1546 1657 :
1557 1635 1584 1657 at
1596 1633 1706 1665 quando
1717 1633 1772 1667 jam
1786 1641 1837 1669 pro

1053 1680 1102 1700 sua
1116 1673 1245 1706 bonitate,
1261 1678 1288 1700 et
1301 1674 1387 1702 bonos
1399 1680 1470 1702 creat
1488 1681 1515 1702 et
1530 1677 1626 1709 malos,
1644 1685 1696 1704 non
1712 1678 1837 1713 ignarus,

1053 1718 1152 1746 alteros
1164 1726 1210 1753 per
1222 1719 1358 1753 virtutem,
1374 1726 1420 1754 per
1436 1720 1648 1756 improbitatem,
1663 1722 1761 1752 alteros
1772 1729 1840 1752 :eta-

1053 1767 1106 1791 tem
1122 1768 1231 1792 acturos
1247 1765 1484 1799 (quemadmodum
1500 1767 1580 1794 etiam
1598 1768 1664 1795 solis
1675 1769 1718 1796 sui
1733 1769 1835 1802 lumen,

1050 1810 1127 1844 juxta
1159 1810 1238 1838 bonis
1261 1815 1287 1838 et
1312 1811 1392 1838 malis
1415 1812 1546 1847 impertit,
1557 1817 1584 1840 et
1610 1814 1727 1848 pluviam
1753 1816 1836 1850 justis

1053 1856 1214 1891 injustisque
1226 1857 1248 1891 ’)
1262 1856 1412 1884 clarissima
1427 1857 1551 1892 profecto
1564 1860 1653 1886 evadit
1667 1860 1753 1895 ipsius
1770 1869 1836 1896 pro-

1052 1900 1123 1928 bitas
1146 1906 1227 1936 atque
1252 1902 1404 1936 benignitas
1421 1911 1481 1938 qua
1495 1903 1604 1938 profu'se
1619 1905 1751 1939 deﬂuens,
1774 1907 1837 1934 uni-

1051 1954 1130 1974 versa
1142 1948 1325 1982 amplectitur.
1342 1948 1442 1976 Verum
1456 1949 1526 1977 lianc
1540 1952 1716 1986 quaestionem
1731 1953 1833 1980 dissol-

1051 1992 1139 2020 vimus
1155 2000 1265 2028 quoque
1288 1994 1315 2020 in
1339 1999 1432 2021 nostra
1458 1995 1682 2030 interpretatione
1707 2006 1787 2033 quam
1805 1999 1833 2026 in

1050 2036 1105 2064 divi
1125 2037 1243 2066 Matthtei
1261 2038 1434 2074 Evangelium
1454 2039 1578 2069 fecimus.

1328 2083 1467 2111 CAPUT
1495 2083 1527 2112 V.

1127 2128 1247 2155 Mortalis
1259 2137 1293 2156 an
1308 2129 1470 2157 immortalis
1487 2135 1591 2158 creatus
1605 2132 1640 2159 si!
1653 2133 1751 2161 Adam.

1085 2173 1215 2207 Quaerunt
1228 2175 1285 2206 alii,
1297 2175 1475 2203 mortalemnc
1487 2181 1595 2210 natura,
1606 2185 1639 2204 an
1652 2179 1833 2208 immortalem

1048 2220 1173 2254 genuerit
1193 2219 1263 2248 Deus
1279 2220 1424 2248 Adamum.
1448 2220 1500 2249 Sed
1516 2223 1650 2257 principio
1676 2226 1834 2259 expenden-

206 2262 287 2289 tenia
302 2270 384 2297 quam
397 2264 528 2292 adversus
540 2273 603 2293 cum
617 2268 790 2302 conscripsit,
806 2269 833 2297 in
847 2271 917 2298 hanc
929 2280 993 2299 se"-
1010 2258 1033 2285 Ῑ)
1048 2266 1110 2291 dum
1127 2265 1170 2292 liic
1183 2269 1234 2297 est,
1255 2265 1320 2300 quid
1340 2265 1390 2292 sibi
1407 2265 1472 2293 illud
1491 2267 1564 2300 velit,
1585 2258 1719 2295 Adamum
1735 2275 1833 2297 natura

203 2308 318 2335 tentiam
336 2317 343 2336 :
362 2308 459 2337 Studio
471 2310 609 2339 Creatoris
629 2312 730 2340 factum
743 2319 794 2346 est,
808 2323 843 2343 ne
855 2316 937 2345 arbor
949 2317 995 2344 illa

203 2352 232 2379 in
251 2352 360 2381 occulto
376 2354 539 2388 haberetur;
564 2362 778 2386 consentaneum
799 2361 872 2388 enim
895 2362 946 2389 fuit
966 2367 996 2390 ut

203 2402 383 2432 spectatores,
397 2399 456 2434 ipsa
471 2400 577 2429 arboris
593 2404 760 2438 aspectione,
775 2407 930 2435 mandatum
947 2408 993 2436 Dei

201 2448 284 2478 atque
309 2444 395 2479 legem
420 2445 448 2472 in
467 2447 626 2474 memoriam
654 2455 834 2484 revocarent,
859 2455 886 2479 et
912 2453 993 2480 simul

203 2489 311 2517 Domini
329 2490 373 2517 sui
387 2490 435 2525 qui
449 2491 533 2526 legem
551 2493 659 2526 tulerat,
676 2496 883 2525 recordarentur
904 2509 911 2526 :
925 2507 993 2533 quo-

200 2541 260 2561 rum
285 2542 376 2563 rerum
400 2536 500 2564 oblivio
518 2537 585 2572 ipsis
609 2537 690 2567 facile
709 2542 842 2575 potuisset
859 2544 992 2580 obrepere

200 2578 224 2605 si
240 2579 267 2606 in
283 2580 385 2614 angulo
400 2582 528 2616 quopiam
542 2583 662 2617 paradisi
678 2585 724 2612 illa
740 2591 799 2614 sata
811 2587 919 2617 fuisset.

485 2638 627 2666 CAPUT
657 2640 708 2668 iV.

200 2678 350 2721 Sequuntur
367 2683 541 2723 quastione,
558 2692 617 2719 quae
631 2693 646 2712 ιι
657 2687 757 2713 multis
781 2690 866 2723 (μιαινί
881 2690 985 2718 solent:

235 2719 419 2760 lii-primum,
445 2719 585 2760 rurDeus
610 2723 734 2748 creaverit
758 2719 900 2757 Adamum,
912 2733 988 2760 quem

235 2754 403 2780 peccatorum
417 2753 582 2786 prmciebat.

237 2791 369 2838 Quaerunt
385 2797 518 2830 nonnulli,
536 2805 583 2826 cur
596 2801 730 2829 creaverit
746 2802 880 2833 Adamum
896 2804 984 2838 Deus.

237 2839 247 2855 ν
259 2836 352 2867 Matth.
371 2849 396 2875 v,
412 2843 455 2871 45'.

1045 2309 1188 2336 mortalem
1206 2316 1269 2337 esse
1287 2314 1396 2343 ortum;
1411 2315 1550 2345 spcctctne
1564 2313 1597 2339 ad
1617 2313 1773 2340 universam
1791 2315 1833 2348 ip-

1045 2355 1101 2383 sius
1127 2355 1355 2389 eompositionem
1376 2364 1384 2383 :
1407 2357 1485 2390 quasi
1513 2356 1609 2389 dicas,
1636 2362 1739 2386 natura:
1766 2360 1833 2387 Adae

1047 2400 1164 2428 inditum
1180 2400 1265 2428 fuisse
1277 2405 1308 2428 ut
1322 2402 1413 2428 anima
1428 2402 1592 2430 dissocietur
1607 2410 1621 2430 a
1635 2410 1758 2438 corpore,
1772 2413 1832 2440 quas.

1043 2445 1190 2480 disjunctio
1210 2453 1284 2473 mors
1305 2447 1340 2473 sit
1356 2454 1363 2474 :
1381 2455 1415 2474 an
1431 2455 1496 2475 vero
1512 2449 1664 2476 mortalitas
1680 2450 1712 2476 ad
1730 2458 1831 2485 corpus

1042 2492 1131 2519 solum
1152 2491 1299 2524 referatur,
1313 2497 1343 2519 ut
1357 2492 1420 2519 huic
1435 2493 1559 2520 naturale
1575 2493 1662 2522 fuisse
1679 2499 1828 2529 statuatur,

1043 2537 1154 2565 interire
1180 2541 1263 2571 atque
1289 2537 1422 2565 occidere.
1439 2537 1648 2572 Respondemus
1671 2540 1762 2575 igitur,
1779 2549 1828 2569 nos

1041 2590 1142 2617 carpus
1171 2582 1260 2609 solum
1281 2587 1423 2617 spectare,
1442 2590 1503 2610 cum
1531 2584 1667 2617 dicimus,
1692 2586 1827 2614 Adamum

1042 2633 1140 2655 natura
1168 2628 1311 2656 mortalem
1338 2628 1424 2656 fuisse
1447 2633 1569 2657 creatum
1590 2639 1597 2657 :
1615 2631 1668 2658 hoc
1694 2633 1767 2659 enim
1791 2634 1827 2660 ita

1041 2674 1223 2708 compesitum
1240 2673 1301 2707 fuit,
1316 2678 1347 2701 ut
1371 2678 1467 2709 suapte
1491 2679 1598 2709 natura,
1615 2677 1747 2711 passioni.
1763 2686 1828 2706 cor-

1041 2719 1171 2753 ruptioni,
1189 2719 1269 2747 morti
1285 2719 1401 2754 denique
1417 2724 1490 2748 esset
1506 2721 1661 2756 subjectum
1677 2727 1759 2758 atque
1775 2731 1826 2758 op-

1039 2769 1198 2798 portunum.
1219 2765 1330 2793 interim
1345 2773 1361 2792 a
1384 2772 1497 2801 corpore
1510 2767 1544 2794 ad
1566 2771 1654 2796 totum
1669 2768 1721 2796 hoc
1737 2774 1829 2797 trans-

1037 2808 1143 2843 fertur,
1170 2810 1342 2845 dicimusque
1378 2809 1515 2838 hominem
1551 2816 1646 2840 natura
1683 2813 1825 2842 mortalem
