2027 3077
162 173 212 206 Gul

726 175 775 205 DE
796 174 995 206 PABADISO.
1015 186 1045 193 ο
1072 173 1168 203 PARS
1185 173 1242 203 ΠΙ.

1740 174 1792 205 602

163 241 225 261 e.se
256 236 370 265 natum;
389 238 452 260 nam
480 230 506 258 in
534 230 616 258 rebus
639 229 800 264 compositis
827 229 864 256 ita
893 229 951 257 ﬂeri
967 232 988 260 Α
1004 233 1090 257 stunt.
1108 229 1204 261 Nono,
1221 237 1236 256 a
1256 229 1335 257 nobis
1359 233 1433 257 stant
1455 229 1580 259 doctores
1594 231 1713 263 classici,
1729 240 1792 267 pro-

164 278 267 306 assolet
282 281 311 304 ut
333 277 407 312 quod
426 275 511 311 partis
525 280 568 304 est
586 275 669 302 unius
680 294 689 308 ,
709 275 758 301 toti
775 274 950 301 attribuatur.

165 323 237 351 Sunt
253 327 344 350 tamen
358 322 405 358 qui
420 326 530 357 negent,
548 320 683 348 Adamum
698 324 793 347 natura
807 319 951 346 mortalem

165 376 228 396 esse
251 372 443 404 procreatum;
460 371 523 395 sunt
536 367 620 394 etiam
636 366 682 401 qui
699 365 841 393 mortalem
857 369 883 392 et
900 365 953 391 im-

165 415 308 442 mortalem
325 417 422 442 natura
436 414 560 442 eﬂ'ectum
571 420 632 441 esse
647 413 749 445 velint;
763 411 954 446 suntdenique

167 460 214 494 qui
246 466 332 494 neque
363 459 506 486 mortalem
532 465 619 493 neque
645 457 827 484 immortalem
856 462 951 484 natura

168 505 307 532 conditum
326 504 471 532 afﬂrment.
494 504 546 537 Qui
568 507 668 539 negant
692 503 832 531 mortalem
855 507 953 530 natura

166 554 288 578 creatum
305 558 319 578 a
335 550 389 578 Deo
403 557 463 578 esse
475 569 483 583 ,
499 550 602 581 dicunt,
621 548 703 576 morti
717 549 865 576 obnoxium
890 555 952 576 esse

168 594 269 623 facium
296 603 343 631 par
367 596 487 623 divinam
509 595 672 624 sententiam
691 601 745 629 qua
760 595 795 621 ob
812 599 952 628 peceatum

169 646 212 669 est
228 646 314 670 morte
326 643 470 669 damnatus
483 649 491 669 :
505 645 586 676 atque
602 641 627 668 id
640 645 781 676 peccatum
799 640 838 667 illi
856 640 951 667 mortis

165 693 276 715 causam
299 687 385 715 fuisse
407 687 558 715 secundum
576 686 621 714 illa
643 685 689 714 Dei
705 686 786 713 verba
805 693 814 713 :
830 684 889 717 Quo
907 685 951 712 die

164 733 249 761 ederis
264 733 296 761 de
313 733 361 760 illa
377 733 489 766 arbore,
505 737 588 760 morte
610 732 743 760 morieris.
760 731 844 759 Alteri
857 751 865 764 ,
882 738 953 766 quos

166 778 285 806 diximus
302 779 445 806 mortalem
463 784 545 813 atque
560 778 743 806 immortalem
762 783 859 805 natura
874 777 950 805 illum

166 824 257 852 lacere
272 833 280 852 :
295 826 347 853 hoc
362 825 396 852 ad
409 825 541 856 animum.
558 824 630 852 istud
645 825 680 851 ad
703 829 803 859 corpus
818 825 950 852 referunt.

167 868 252 898 Tertii
267 869 384 905 denique
396 870 442 905 qui
464 875 591 904 utraque.
606 874 633 897 et
648 869 840 896 mortalitatem
856 873 882 896 et
898 869 949 896 ἰιιι-

168 903 363 943 mortalitatem
376 933 384 947 ,
402 903 499 942 natura
512 934 520 946 ,
536 903 575 942 illi
593 915 713 949 ingenita
731 914 817 942 fuisse
839 917 950 949 negant,
967 903 989 931 Β

167 961 337 988 arbitrantur
356 960 444 988 media
468 960 627 988 conditione
642 965 730 988 ortum
754 959 839 987 fuisse
851 980 859 992 ,
882 964 913 987 ut
930 960 954 987 si

168 1004 277 1039 corpori
297 1004 404 1032 deditus
426 1004 508 1031 vitam
525 1004 660 1038 agitaret,
678 1003 804 1030 mortalis
820 1012 827 1030 :
841 1003 884 1030 sin
898 1003 957 1030 ani-

169 1057 221 1077 ma:
235 1057 291 1077 suae
305 1049 433 1084 pnasclara
451 1048 542 1076 studia
555 1052 705 1082 sectaretur
716 1047 884 1082 coleretque.
901 1048 955 1074 int-

169 1095 293 1122 mortalis
315 1095 451 1122 evaderet.
474 1094 528 1122 Nos
553 1101 616 1121 veru
635 1093 799 1126 statuimus,
819 1093 954 1120 Adamum

169 1144 266 1167 natura
281 1139 422 1167 mortalem
436 1146 497 1166 esse
512 1138 701 1173 progenitum,
717 1137 798 1173 idque
813 1138 855 1166 ltis
872 1138 952 1165 colli«

169 1177 259 1220 gimtis
279 1184 458 1219 argumentis.
474 1183 565 1211 Primo
576 1202 584 1216 ,
603 1183 770 1217 compositus
785 1186 827 1210 est
842 1190 873 1210 ex
891 1183 952 1218 pul—

169 1239 232 1259 vere
247 1235 276 1258 ut
293 1231 422 1263 materia;
440 1230 466 1258 id
483 1237 547 1257 vero
564 1229 636 1264 quod
651 1236 685 1256 ex
709 1229 821 1264 pulvere
844 1229 954 1256 confor-

170 1280 273 1303 malum
294 1276 444 1309 ﬁctumque
457 1279 499 1302 est
514 1274 629 1302 mortale
647 1281 708 1301 €538
724 1278 821 1308 suapte
843 1279 952 1305 natura,

170 1327 272 1349 certum
289 1325 342 1348 est.
357 1320 493 1353 Secundo,
508 1319 571 1355 quia
587 1326 648 1347 eum
663 1319 749 1347 virilis
766 1326 798 1346 ac
813 1319 953 1346 muliebris

171 1372 252 1392 sexus
272 1364 430 1392 discrimine
448 1362 575 1390 conditus
600 1365 642 1389 est
666 1369 674 1388 :
699 1361 771 1395 quod
792 1361 954 1388 mortalibus

170 1409 296 1445 congruit
307 1430 316 1442 ,
336 1408 537 1436 immortalibus
557 1415 742 1443 nequaquam.
759 1407 852 1434 Tertio
865 1427 873 1440 ,
888 1407 952 1442 quia

171 1463 329 1490 procreatus
343 1460 385 1482 cst
396 1463 459 1482 cum
476 1455 564 1481 oculis
580 1454 625 1488 qui
643 1460 735 1481 eseam
751 1456 917 1486 appeterent,
928 1456 955 1478 et

171 1501 296 1529 manibus
317 1508 386 1536 quas
406 1500 481 1527 illius
506 1499 631 1527 sumendi
658 1499 746 1533 gratia
770 1498 952 1532 protenderet,

1005 279 1126 310 bamque
1146 276 1219 304 tidei.
1233 275 1302 303 Nam
1329 276 1458 304 dominus
1472 276 1600 309 Joannes,
1618 286 1650 306 ea
1667 279 1790 306 oratione

1006 328 1090 355 quam
1120 321 1153 348 ad
1186 321 1323 356 Stagrium
1343 321 1507 349 monachum
1535 323 1643 357 scripsit
1663 323 1733 359 (3|),
1750 324 1790 352 sic

1004 365 1086 393 habet
1103 374 1110 394 :
1127 366 1255 393 Nondum
1272 371 1373 394 certam
1386 366 1501 394 babebat
1511 367 1631 395 Adamus
1646 369 1788 396 immorta-

1003 411 1088 439 litatis
1114 420 1201 447 spem.
1218 413 1250 440 Et
1274 420 1372 440 rursus
1393 413 1516 440 oratione
1539 421 1619 448 quant
1639 415 1671 442 de
1694 415 1791 442 arbore

1006 456 1128 484 scientia:
1144 457 1207 484 boni
1230 462 1257 484 et
1272 457 1335 483 mali
1352 456 1505 491 composuit
1520 466 1527 485 :
1543 458 1639 485 Anima
1651 478 1660 490 ,
1680 459 1768 493 inquit
1779 479 1786 492 .

1004 506 1102 529 natura
1126 501 1289 529 immortalis
1303 506 1345 529 est
1357 521 1365 534 ,
1383 508 1411 529 at
1430 503 1543 530 mortale
1561 507 1659 530 natura
1675 511 1786 538 corpus.

1005 547 1047 574 Ad
1063 547 1109 574 ubi
1125 547 1175 574 tria
1193 547 1275 574 verba
1291 548 1408 582 explicat
1430 549 1477 582 qui
1496 549 1522 574 in
1538 548 1607 575 libro
1621 547 1673 575 Job
1684 549 1785 583 scripta

1003 596 1112 619 exstant
1126 601 1133 619 :
1149 592 1201 624 Qui
1213 600 1302 619 urna
1322 598 1360 620 est
1377 601 1427 619 non
1444 593 1532 627 ﬁdelis
1544 593 1611 628 (3%),
1630 594 1669 621 sic
1682 594 1720 621 ait
1736 601 1744 621 :
1760 594 1789 622 Si

1004 638 1086 665 homo
1098 645 1160 665 cum
1175 638 1405 666 immortalitatem
1417 643 1514 673 suapte
1528 644 1624 666 natura
1640 647 1693 666 non
1707 640 1790 666 habe-

1003 688 1046 711 ret
1059 704 1067 716 ,
1092 684 1213 711 cervices
1230 683 1343 718 jactavit
1355 704 1362 716 ,
1378 684 1443 719 quid
1459 692 1511 711 non
1533 684 1652 717 fecisset,
1670 685 1692 712 si
1715 686 1788 712 illam

1003 729 1162 757 habuisset?
1185 729 1351 757 Athanasius
1368 737 1496 765 quoque,
1523 730 1645 757 oratione
1664 730 1697 758 de
1722 736 1785 757 orzu

1002 776 1149 811 corporali,
1160 776 1256 804 scribit
1271 775 1358 804 fuisse
1368 776 1506 803 hominem
1521 781 1620 803 natura
1635 776 1790 809 mortalem,

1002 826 1034 849 ut
1047 822 1096 857 qui
1123 829 1157 849 ex
1178 821 1258 849 rebus
1283 821 1365 850 ﬂuxis
1388 825 1460 849 esset
1487 821 1640 856 colligatus.
1666 821 1789 856 Denique

1002 867 1132 902 Cyl-illus.
1151 868 1275 894 oratione
1295 872 1392 894 octava
1417 866 1546 894 adversus
1574 866 1791 901 impiumlulia-

1005 920 1083 945 num,
1096 913 1122 939 in
1137 912 1210 939 hunc
1225 912 1336 939 modum
1352 911 1475 947 loquitur
1487 920 1496 938 :
1511 911 1580 939 Cum
1595 912 1681 938 Adam
1695 916 1790 939 contra

1007 956 1053 983 Dei
1075 957 1162 991 legem
1190 956 1320 990 fecisset,
1337 961 1427 984 morte
1444 960 1488 984 est
1511 957 1676 989 damnatus,
1691 964 1745 992 qua
1763 965 1792 984 rc

1005 1001 1080 1037 quod
1102 1008 1200 1029 natura
1216 1003 1339 1029 mortalis
1352 1006 1436 1033 esset,
1454 1002 1630 1037 arguebatur.
1647 1002 1792 1034 Caeterum,

1005 1047 1134 1075 dominus
1147 1046 1269 1074 Iacobus
1288 1047 1463 1083 Sarugensis,
1480 1055 1511 1074 ea
1528 1048 1652 1075 oratione
1666 1055 1720 1082 qua
1735 1047 1793 1075 dis-

1005 1092 1082 1124 serit,
1099 1092 1216 1119 fueritne
1232 1093 1316 1120 Adam
1330 1092 1456 1120 mortalis
1480 1092 1606 1120 conditus
1624 1100 1658 1120 an
1677 1093 1791 1120 immor-

1006 1138 1068 1166 talis
1082 1157 1091 1172 ,
1107 1138 1213 1169 scribit.
1236 1138 1370 1166 Adamum
1394 1139 1535 1166 mortalem
1557 1143 1585 1166 et
1610 1139 1791 1166 immonalem

1005 1184 1090 1211 fuisse
1110 1184 1269 1216 conditum,
1293 1192 1356 1211 cum
1377 1185 1463 1219 ipsius
1491 1184 1577 1212 libero
1592 1185 1712 1212 arbitrio
1727 1193 1791 1219 per-

1005 1230 1159 1256 mitteretur
1173 1237 1188 1256 a
1208 1229 1261 1257 Deo
1278 1233 1311 1256 ut
1334 1230 1375 1257 vel
1391 1230 1536 1257 observata
1556 1229 1614 1265 lege
1631 1230 1792 1260 immortalis

1004 1281 1092 1308 esset,
1109 1275 1149 1302 vel
1167 1275 1252 1302 fracta
1279 1280 1441 1303 moreretur.
1459 1275 1494 1302 At
1509 1275 1674 1304 Pbilobenus
1688 1297 1695 1307 .
1711 1276 1793 1312 Capi-

1006 1322 1072 1349 tnlis
1088 1329 1148 1356 qua!
1175 1322 1306 1349 adversus
1328 1321 1478 1348 Diodorum
1501 1322 1654 1356 composuit
1672 1331 1678 1349 :
1695 1321 1792 1349 Teme-

1005 1364 1093 1396 raria,
1110 1364 1217 1399 inquit,
1240 1364 1354 1392 audacia
1379 1370 1431 1396 est,
1448 1365 1583 1392 Adamum
1609 1366 1791 1394 immonalem

1004 1410 1095 1437 dicere
1118 1415 1214 1444 suapte
1238 1415 1354 1442 natura,
1373 1412 1430 1437 sive
1446 1416 1504 1437 tum
1531 1418 1593 1438 cum
1618 1411 1790 1446 gignebatur.

1004 1455 1061 1481 sive
1085 1459 1228 1489 postquam
1252 1456 1443 1482 resurrexerit.
1469 1455 1522 1488 Qui
1547 1461 1637 1490 potest
1662 1458 1734 1483 enim
1760 1466 1791 1484 ea

1006 1505 1104 1526 natura
1127 1499 1288 1527 immortalis
1311 1500 1407 1527 haberi
1431 1508 1491 1534 quzc
1510 1508 1542 1527 ex
1567 1501 1652 1528 nibilo
1667 1506 1792 1532 (ιι-θείην.

169 1546 286 1580 denique
297 1552 358 1572 cuttt
372 1546 444 1572 vasis
456 1552 516 1579 qua:
529 1544 686 1571 alimentum
699 1544 854 1577 exciperent
866 1542 954 1569 couti-
970 1564 991 1592 ο
1007 1544 1202 1578 perﬁciturque
1214 1545 1327 1572 alterius
1338 1545 1438 1578 jussu?
1449 1544 1515 1571 Nam
1536 1546 1617 1572 etiam
1639 1546 1660 1572 si
1676 1547 1793 1580 gratuito

170 1595 319 1625 nerenlque
336 1598 343 1616 :
361 1590 418 1617 ba-c
443 1589 515 1616 enim
541 1589 574 1616 iis
598 1589 679 1615 ntodo
702 1587 802 1622 quibus
829 1586 954 1613 mortalis

170 1641 267 1664 natura
289 1636 404 1670 obtigit,
436 1635 496 1663 usui
520 1642 580 1662 esse
607 1639 731 1668 possunt,
751 1632 952 1660 immortalibus

177 1682 277 1709 frustra
301 1681 410 1708 dentur.
433 1679 546 1712 Quarto,
571 1683 675 1706 cauerat
699 1686 742 1704 res
762 1685 831 1712 quas
855 1677 953 1704 Adami

172 1727 258 1761 gratia
282 1726 404 1754 condidit
425 1725 514 1757 Deus,
533 1725 599 1752 satis
618 1728 734 1759 arguunt
758 1722 834 1749 illunt
855 1726 952 1749 natura

172 1772 311 1799 mortalem
321 1779 380 1799 esse
389 1771 500 1798 factum.
508 1770 643 1804 Quorsum
652 1769 724 1796 enim
732 1774 802 1796 terra
810 1776 877 1803 opus
883 1768 954 1796 erat?

177 1825 308 1852 quorsum
327 1817 497 1843 ﬁrmamento
509 1821 548 1847 (ut
558 1815 684 1850 vocant)?
694 1822 824 1849 quorsum
837 1814 953 1841 lucenti-

172 1863 222 1890 bus
238 1863 263 1889 in
281 1863 332 1890 hoc
354 1862 458 1889 stellis?
470 1869 599 1896 quorsum
610 1861 729 1896 piscibus
743 1860 954 1895 volucribusquc

172 1916 232 1943 qua:
243 1909 409 1935 mactantur?
417 1915 547 1942 quorsum
555 1907 696 1942 jumentis,
706 1906 818 1939 aliisque
827 1906 953 1932 animan-

172 1955 244 1981 tibus
255 1961 314 1988 quae
327 1953 423 1987 partim
437 1953 568 1983 serviunt,
580 1952 633 1978 alia
647 1951 781 1978 eduntur?
797 1952 869 1978 Sane
880 1950 954 1978 hisce

170 1998 298 2025 omnibus
317 2005 370 2024 non
383 2001 497 2024 utuntur
512 1996 558 2031 qui
571 1996 625 2022 vita
639 1995 767 2022 fruuntur
780 1994 926 2022 immortali
943 2002 950 2021 :

171 2043 218 2070 sed
242 2043 279 2070 illi
296 2043 346 2070 soli
367 2043 413 2077 qui
438 2042 539 2068 ﬂuxam
562 2046 643 2076 atque
659 2041 789 2068 caducam
805 2041 951 2068 sustinent.

172 2088 284 2122 Quinto,
298 2095 330 2114 ex
346 2088 404 2121 lege
417 2095 475 2121 quae
487 2087 592 2113 Adamo
604 2091 645 2112 est
655 2094 669 2112 a
685 2085 807 2120 genitore
820 2085 874 2112 Deo
886 2092 955 2119 prte-

173 2132 291 2167 scripta,
310 2131 453 2159 coniicitur
468 2131 543 2157 illum
560 2130 667 2158 mortali
685 2130 841 2157 conditione
864 2133 954 2156 ortum

172 2185 256 2206 esse:
273 2177 345 2205 vesci
371 2178 442 2204 enini
461 2184 492 2204 ac
521 2185 575 2204 non
592 2176 663 2204 vesci
690 2176 740 2202 hac
771 2179 818 2202 aut
843 2175 887 2202 illa
916 2182 954 2207 re,

1008 1589 1059 1624 ipsi
1078 1597 1238 1617 concessum
1254 1590 1361 1621 luisset,
1373 1596 1403 1616 ut
1419 1591 1501 1617 vitam
1520 1591 1711 1625 sempiternam
1729 1600 1761 1626 ag
1772 1602 1793 1612 λ-

1008 1639 1059 1666 ret,
1083 1641 1138 1662 non
1164 1634 1224 1661 ideo
1243 1634 1405 1662 immortalis
1434 1639 1531 1662 natura
1561 1635 1693 1663 dicendus
1712 1640 1792 1663 erat:

1006 1681 1105 1716 quippe
1123 1681 1202 1715 cujus
1219 1681 1272 1707 vita
1291 1681 1317 1706 in
1334 1680 1447 1708 alterius
1465 1685 1537 1708 esset
1558 1684 1702 1715 potestate.
1737 1681 1791 1715 lgi.

1007 1731 1052 1755 tur
1067 1732 1095 1754 et
1111 1727 1134 1753 si
1155 1727 1182 1754 in
1202 1730 1332 1753 atternum
1355 1734 1408 1753 non
1427 1726 1524 1754 fuisset
1543 1727 1701 1760 moriturus,
1718 1735 1794 1754 mur-

1008 1773 1069 1800 talis
1094 1778 1182 1799 tatnen
1208 1777 1282 1805 erat;
1302 1779 1397 1806 nempe
1425 1772 1616 1800 immortalitas
1643 1773 1675 1800 ad
1704 1773 1792 1800 soluttt

1007 1820 1091 1846 Deum
1105 1823 1228 1853 spectat;
1243 1823 1269 1846 et
1282 1819 1305 1845 si
1315 1819 1368 1846 ulla
1387 1819 1421 1846 sit
1437 1824 1534 1846 natura
1549 1827 1609 1853 quae
1622 1827 1675 1847 non
1692 1819 1792 1847 dissol-

1006 1866 1079 1893 vitur
1094 1872 1144 1892 nec
1161 1864 1215 1891 ullo
1232 1865 1327 1891 tnortis
1350 1864 1405 1891 lato
1429 1865 1582 1898 perimitur,
1610 1865 1635 1891 id
1653 1873 1684 1892 ex
1707 1866 1792 1900 gratia

1008 1911 1138 1938 donatum
1154 1909 1205 1936 sibi
1229 1910 1262 1936 alt
1277 1909 1322 1936 illo
1339 1909 1438 1942 habet;
1455 1910 1526 1944 quod
1541 1916 1630 1937 autem
1648 1910 1725 1938 alteri
1745 1919 1792 1939 ac-

1009 1961 1117 1991 ceptum
1142 1955 1238 1986 fertur.
1256 1955 1282 1982 id
1307 1963 1402 1982 rursus
1418 1963 1467 1989 pro
1483 1956 1555 1983 illius
1578 1956 1691 1983 arbitrio
1711 1956 1794 1983 adimi

1008 2005 1109 2034 potest.
1124 2000 1259 2028 Caeterum
1275 2002 1308 2028 de
1321 2000 1426 2028 Adamo
1439 2001 1542 2028 clarum
1558 2006 1609 2032 est,
1628 2001 1650 2028 si
1665 2001 1793 2029 mandato

1009 2044 1262 2079 obtemperavisset.
1279 2044 1400 2072 futurum
1416 2044 1500 2072 fuisse
1513 2048 1543 2071 ut
1555 2052 1607 2072 non
1620 2045 1707 2072 obiret
1721 2053 1794 2072 mor-

1010 2095 1080 2123 tem;
1099 2097 1152 2116 non
1167 2090 1239 2124 quod
1263 2090 1309 2117 tali
1337 2090 1492 2117 conditione
1512 2093 1584 2117 esset
1599 2091 1706 2125 genitus
1718 2110 1725 2122 .
1746 2091 1793 2118 sed

1010 2143 1060 2171 pro
1080 2134 1222 2162 Effectoris
1245 2135 1287 2162 sui
1304 2142 1378 2161 mera
1403 2135 1569 2169 benignitate
1580 2153 1588 2166 ,
1605 2143 1702 2162 rursus
1716 2140 1794 2170 post-

1012 2189 1094 2216 quam
1111 2182 1272 2214 resurrexit,
1286 2181 1415 2216 deinceps
1430 2188 1540 2216 quoque
1552 2189 1605 2207 non
1618 2181 1792 2214 moriturum,

175 2224 305 2252 m0rtales
318 2224 468 2259 jubentur,
485 2230 537 2250 non
565 2222 743 2249 immortales.
765 2220 858 2252 Sexto,
884 2221 953 2248 ident
971 2228 995 2257 ι)
1008 2229 1055 2256 sed
1076 2232 1101 2254 ει
1121 2227 1146 2254 id
1172 2235 1279 2262 quoque
1299 2235 1347 2261 ρει-
1365 2227 1479 2261 gramm
1502 2227 1606 2262 opimis
1623 2227 1683 2255 Dei.
1701 2228 1794 2264 Nequa

172 2271 307 2305 colligitur
320 2278 353 2297 ex
365 2269 452 2296 verbis
466 2269 510 2295 Dei
523 2276 583 2303 quae
597 2273 660 2294 ante
673 2268 829 2294 mandatum
841 2266 874 2293 ad
886 2266 956 2293 Ada-

173 2325 247 2344 tnum
263 2316 378 2344 faciebat
394 2315 518 2350 inquiens
533 2323 539 2341 :
562 2314 676 2342 Crescite
688 2318 710 2340 cl
726 2312 953 2347 multiplicamini,

171 2367 195 2389 et
205 2362 377 2388 dominamini
388 2361 502 2396 piscibus
515 2361 600 2387 maris
621 2364 644 2386 el
657 2359 804 2386 volucribus
819 2359 876 2386 tali
887 2379 894 2391 ,
909 2362 953 2385 et:

175 2409 240 2435 Dedi
258 2408 328 2435 vobis
352 2416 428 2435 omne
451 2415 538 2434 semen
558 2407 628 2442 quod
650 2406 806 2438 seminatur,
823 2410 846 2432 ct
868 2405 953 2431 atmiis

173 2453 308 2480 at'borerit
322 2452 394 2480 vobis
407 2460 454 2487 pro
465 2453 532 2478 cibo.
548 2450 680 2486 Septimo,
695 2451 747 2477 nisi
761 2449 868 2477 mortali
882 2454 953 2476 statu

174 2498 288 2526 effectus
305 2499 402 2526 luisset
429 2498 511 2524 etiam
528 2501 558 2524 ut
577 2496 661 2531 legem
686 2495 811 2530 fregisset
833 2502 886 2521 non
905 2495 954 2522 ob-

173 2545 266 2572 ivissct
277 2549 403 2575 mortem,
413 2548 440 2570 ιιι
448 2543 526 2575 obiit;
536 2550 624 2577 neque
633 2542 705 2569 enim
715 2541 851 2572 diabolus,
863 2548 956 2575 quam-

173 2590 214 2617 vis
223 2590 353 2624 peccavit,
366 2588 595 2616 immortalitatem
608 2587 786 2621 amisitquam
795 2586 822 2613 in
832 2594 883 2614 suo
893 2590 953 2614 ortu

172 2639 324 2670 acceperat.
343 2635 445 2662 Octavo
456 2654 465 2667 ,
484 2633 652 2668 compositus
666 2637 709 2660 est
723 2633 808 2660 Adam
822 2639 855 2659 ex
871 2631 954 2659 rebus

173 2675 306 2714 diversis;
321 2681 347 2708 id
360 2687 423 2708 vero
436 2679 597 2714 compositis
611 2678 737 2706 omnibus
749 2677 887 2712 peculiare
900 2681 952 2708 est,

172 2730 202 2753 ut
216 2727 242 2754 in
258 2733 290 2754 ea
312 2725 483 2754 dissolubilia
498 2726 553 2753 sint
571 2732 603 2752 ex
619 2724 720 2759 quibus
736 2723 860 2758 colligata
877 2723 952 2749 exsi-

207 2779 262 2836 (ξι)
274 2795 367 2836 Exstat
381 2795 458 2823 locus
468 2794 513 2822 hic
529 2794 599 2830 apud
615 2794 850 2829 Cbrysostomum,
863 2792 911 2819 lib.
924 2799 955 2823 ll,

170 2830 208 2858 De
222 2830 327 2857 Prot'id.

205 2866 259 2899 ιὲἳ)
278 2860 324 2893 ὒσὶ
339 2866 373 2893 ad
391 2865 526 2901 Stagrinm
538 2864 560 2892 F
562 2869 619 2893 orte
633 2864 668 2892 ibi
682 2871 770 2892 servus
788 2862 853 2890 liber
875 2870 891 2889 ιι
903 2861 957 2890 οσ-

1009 2273 1081 2300 enim
1099 2273 1203 2307 absque
1224 2272 1355 2307 periculo,
1372 2277 1418 2299 aut
1430 2278 1485 2299 tum
1508 2281 1569 2300 cum
1588 2274 1721 2308 gigneret,
1746 2279 1795 2302 aut

1008 2326 1069 2345 cum
1091 2318 1232 2345 suscitabit
1247 2326 1261 2345 a
1275 2319 1400 2351 mortuis,
1416 2318 1509 2346 fecerit
1534 2324 1630 2346 natura
1648 2320 1792 2347 immorta-

1009 2365 1074 2391 lem.
1097 2363 1133 2390 Ex
1149 2364 1190 2391 bis
1208 2364 1335 2392 omttibus
1350 2364 1505 2397 conﬁcitur,
1520 2365 1655 2392 Adamum
1680 2366 1792 2393 mortali

1008 2409 1164 2436 conditione
1179 2413 1349 2443 procreatum
1365 2417 1436 2436 esse.
1454 2409 1564 2436 Interim
1589 2409 1717 2442 fatemur,
1739 2411 1793 2437 int-

1009 2455 1174 2482 mortalitate
1193 2455 1348 2482 donandam
1367 2462 1382 2482 a
1402 2463 1452 2482 suo
1468 2455 1595 2483 Genitore
1620 2455 1722 2488 fuisse,
1738 2463 1792 2483 non

1007 2501 1116 2536 quidem
1136 2501 1265 2533 naturali,
1284 2501 1330 2528 sed
1352 2501 1470 2535 gratuita
1486 2501 1509 2528 si
1528 2501 1578 2536 legi
1594 2502 1742 2536 paruisset.

1279 2574 1419 2603 CAPUT
1447 2574 1506 2602 Vl.

1006 2632 1124 2668 Objectio
1139 2631 1243 2659 Iuliani
1267 2631 1467 2658 llalirarnassei
1479 2631 1536 2666 (35)
1549 2652 1555 2663 ,
1566 2635 1590 2658 et
1606 2630 1662 2665 ejus
1679 2635 1794 2657 αππια-

1281 2667 1358 2701 tionis
1373 2667 1517 2694 hominum.

1036 2722 1161 2751 Julianus
1177 2723 1418 2755 Halicarnasseus,
1442 2727 1469 2750 et
1484 2721 1532 2757 qui
1546 2720 1606 2757 ejus
1623 2726 1704 2749 secta:
1718 2726 1791 2755 sunt,

1008 2791 1139 2830 ntin_o_sug
1152 2792 1267 2830 (J_ob__in,
1284 2792 1352 2830 i_Q.)__
1542 2825 1548 2830 _
1561 2824 1567 2830 _
1602 2824 1617 2830 _
1642 2825 1647 2830 Ι

1005 2827 1102 2889 Ini3:55)
1121 2824 1159 2855 De
1171 2826 1280 2855 Juliano
1294 2824 1505 2855 Halicarnassco
1523 2824 1584 2853 vide
1601 2824 1712 2852 Suidata
1730 2831 1778 2859 pro
