2027 3077
258 169 313 200 603

894 167 1007 198 MOSlS
1027 169 1102 199 ΒΑΗ
1121 168 1244 200 CEPHA

1829 165 1883 198 CM

255 224 351 251 dicunt
368 224 453 252 Adam
470 228 567 252 natura
594 224 734 252 conditum
756 231 817 251 esse
840 224 1023 251 immortalem
1038 233 1045 252 :
1062 230 1085 256 Α
1098 233 1130 253 ea
1141 224 1301 253 dissolubile
1316 231 1350 250 ex
1365 222 1465 258 quibus
1478 222 1566 250 fuerat
1581 221 1773 257 eonjunctum;
1790 230 1885 249 verum

259 270 330 298 sicut
350 270 442 297 anima
455 278 516 297 cum
533 269 652 297 naturali
669 269 875 296 immortalitate
888 274 978 296 creata
995 273 1045 301 est,

258 322 312 340 non
333 318 423 341 autem
440 315 578 349 gratuita;
595 318 623 341 et
636 314 690 342 nisi
710 318 850 349 pectasset
862 334 869 346 ,
886 321 1046 341 mansurum

260 359 344 387 fuisse
355 378 362 391 ,
379 358 531 393 passionis,
550 359 754 394 corruptionis,
777 359 874 386 mortis
886 362 1023 386 exsortem
1038 366 1045 385 :

260 408 287 431 et
299 403 408 438 quidem
424 403 481 431 haec
494 403 586 430 omnia
599 411 632 431 ex
648 408 744 438 suapte
759 408 856 430 natura
867 424 875 436 ,
889 403 990 438 quippe
1001 403 1048 438 qui

262 449 288 475 in
309 456 340 476 ea
358 457 453 477 rursus
473 448 643 477 dissolubilis
660 457 714 476 non
733 449 816 477 fuerit
832 457 865 476 ex
880 449 979 483 quibus
991 453 1050 476 erat

260 497 475 528 coagmentatus.
494 493 580 522 Porro
596 495 662 529 quia
678 494 809 522 adversus
823 494 907 528 legem
924 493 969 520 Dei
986 492 1050 520 fecit

262 543 345 574 atque
369 539 501 574 deliquit,
523 539 584 567 ideo
613 540 759 567 multatum
785 547 846 567 esse
871 543 928 566 tum
954 541 1050 566 animae

262 589 349 612 morte
370 593 430 620 quae
453 591 495 613 est
517 585 683 613 abalienatio
705 593 721 612 a
743 585 799 613 Deo
817 593 863 620 per
885 589 1048 620 peccatum:

263 635 319 656 tum
335 630 475 664 corporis,
493 637 555 665 qua:
568 634 611 657 est
626 629 788 657 dissociatio
806 630 840 656 ab
856 629 905 657 hac
919 630 973 656 vita
989 637 1050 664 quae

262 674 329 709 ipsis
343 675 483 709 corporeis
500 675 628 703 sensibus
641 675 799 710 percipitur.
812 673 860 703 His
875 682 925 702 nos
937 682 1052 710 respon-

263 720 384 747 demus:
402 719 431 747 Si
460 725 589 748 naturam
619 721 741 748 Adamus
766 728 826 748 cum
849 724 1051 755 procrearetur,

264 765 415 800 accepisset
429 765 612 792 immortalem
631 770 661 792 ut
673 773 721 793 vos
733 765 823 792 dicitis
836 773 844 793 :
858 772 890 792 ea
902 773 967 792 sane
980 765 1052 792 haud

268 814 371 837 mutata
386 816 458 837 esset
482 810 508 836 in
524 810 665 837 mortalem
690 818 737 845 per
752 815 904 845 peccatum,
923 815 952 836 ut
965 817 1053 844 neque

267 855 376 883 Satanae
393 855 586 883 immortalitas
601 856 746 888 naturalis,
759 863 820 882 cum
835 855 1000 882 mertalitate
1012 859 1054 882 est

266 905 431 928 commutata
446 905 590 935 postquam
605 901 737 928 adversus
749 900 833 928 Deum
846 900 970 935 deliquit.
985 900 1054 928 [lur-

265 953 314 972 sus
327 955 335 973 :
347 946 370 972 si
382 949 412 972 ut
427 947 517 972 anima
530 945 613 981 (quod
629 953 677 974 vos
693 945 855 979 alIirmatis),
866 945 902 971 ita
918 949 945 972 et
956 952 1056 980 corpus

266 993 365 1017 natura
392 990 546 1018 immortale
569 996 740 1026 procreatum
767 990 837 1022 fuit,
856 994 937 1024 atque
964 990 1054 1024 ipsum

266 1035 367 1064 violare
383 1036 480 1071 legem,
495 1043 550 1064 non
563 1036 645 1064 modo
659 1037 778 1072 corpori,
792 1037 839 1064 sed
857 1036 944 1071 magis
959 1036 1057 1063 animae

266 1080 344 1116 cujus
373 1082 489 1117 imperio
513 1082 579 1110 illud
602 1083 745 1118 regebatur
761 1082 950 1117 imputandum
981 1081 1056 1108 fuit:

269 1136 320 1156 cur
343 1133 452 1162 patrato
469 1128 581 1164 ﬂagitio,
595 1137 694 1164 corpus
711 1129 821 1164 quidem
849 1128 990 1155 mortalem
1008 1134 1057 1154 na-

269 1179 360 1201 turam
379 1173 477 1207 induit,
490 1173 581 1201 anima
596 1181 661 1201 vero
675 1181 752 1201 suam
770 1173 821 1201 sibi
840 1176 937 1200 natura
949 1172 1057 1199 insitam

269 1219 501 1247 immortalitatem
528 1219 658 1246 retinuit?
671 1218 722 1246 Sed
734 1218 830 1245 dicetis
849 1217 929 1244 etiam
941 1217 1059 1244 animam

270 1272 317 1298 per
339 1269 480 1298 peccatum
497 1264 599 1291 obiisse
624 1265 754 1294 morteth
774 1263 827 1290 Sed
848 1262 914 1297 quid
939 1263 1060 1297 carpus?

270 1316 362 1336 annon
381 1309 472 1343 ipsum
489 1316 599 1342 quoque
621 1316 671 1343 per
692 1313 832 1343 peccatum
849 1309 936 1335 obiit?
960 1307 989 1335 Si
1011 1315 1059 1335 ne-

273 1354 354 1389 gatis,
367 1353 430 1381 falsi
443 1353 527 1386 estis;
539 1354 581 1380 sin
594 1353 730 1386 fatemini,
738 1361 788 1380 cur
797 1361 858 1380 cum
870 1353 971 1388 pariter
980 1353 1061 1380 ambo

273 1403 369 1426 natura
381 1403 473 1426 essent
484 1398 650 1426 immortalia
674 1399 832 1435 pariterque
842 1399 990 1434 peccarint,
1001 1407 1061 1427 cor-

272 1451 324 1480 pus
339 1444 440 1479 duplici
467 1448 556 1472 morte
578 1444 704 1472 allectum
722 1449 784 1472 est:
805 1445 924 1471 animam
946 1451 1012 1471 vero
1028 1451 1060 1471 ea

271 1491 329 1518 sola
350 1498 411 1525 quae
438 1490 543 1525 peccati
566 1497 639 1517 mors
662 1490 772 1523 dicitur,
798 1490 915 1518 invasit?
934 1489 1060 1517 Profecto

271 1536 338 1564 nihil
352 1537 396 1564 hic
418 1536 471 1563 illis
484 1536 582 1571 reliqui
593 1541 636 1564 est
647 1536 720 1571 quod
734 1536 917 1571 respondeant
931 1544 938 1563 :
954 1543 1060 1563 verum-

274 1584 349 1610 cnim
368 1590 433 1609 Vtro
451 1582 589 1614 conlicite,
607 1588 654 1609 aut
667 1583 701 1610 ab
716 1582 774 1617 ipsa
787 1587 901 1613 natura,
920 1586 966 1609 aut
980 1590 994 1609 a
1016 1590 1062 1609 ra-

276 1629 351 1655 tione
374 1628 464 1662 petitis
486 1627 673 1662 argumentis,
694 1632 742 1655 aut
763 1628 881 1661 denique
905 1632 1061 1655 sanctorum

273 1674 385 1701 Patrum
402 1673 579 1705 testimoniis,
593 1673 648 1700 nisi
667 1681 767 1708 corpus
783 1681 832 1701 sua
850 1678 946 1700 natura
959 1673 1059 1700 factum

274 1726 335 1746 esse
350 1717 502 1746 immortale
513 1718 590 1753 juxta
602 1726 634 1745 ac
644 1719 773 1750 animam,
787 1726 875 1753 neque
888 1719 913 1745 in
930 1726 961 1745 ea
976 1718 1062 1746 disso-

275 1763 358 1791 lubile
365 1771 425 1791 esse
432 1771 463 1790 ex
474 1763 573 1798 quibus
583 1764 737 1798 colligatum
751 1768 802 1795 est,
815 1768 842 1791 et
855 1764 1062 1791 subscrihemus

277 1808 391 1836 libentes
406 1812 503 1835 vestrae
520 1808 662 1835 sententiae
679 1815 766 1842 neque
785 1808 983 1835 contendamus
1002 1815 1062 1834 am-

279 1853 352 1888 plius
367 1853 486 1888 gratuita
502 1853 708 1880 immortalitate
721 1853 876 1880 donandum
891 1852 974 1880 fuisse
985 1860 999 1879 a
1014 1859 1063 1880 suo

274 1898 415 1933 Genitore,
433 1900 455 1927 si
475 1903 609 1934 prarcepto
623 1898 770 1934 paruisset.

309 1945 418 1972 Audent
429 1945 500 1972 idem
513 1945 616 1972 lanista:
626 1945 758 1972 lacessere
771 1951 819 1971 eos
829 1944 874 1978 qui
883 1951 993 1977 carnem,
1001 1951 1064 1971 cor-

277 1990 433 2026 ruptibilem
446 1995 543 2017 natura
558 1990 663 2023 dicunt,
675 1989 753 2025 quasi
768 1989 796 2016 hi
810 1994 838 2016 et
853 1989 938 2023 ipsam
954 1996 1062 2016 carnem

278 2037 374 2063 malam
404 2043 431 2064 et
456 2037 548 2064 carnis
568 2037 649 2064 simul
672 2035 801 2071 Opificem
826 2035 927 2062 malum
953 2036 1063 2063 faciant.

276 2083 332 2111 Nos
348 2091 412 2111 vero
423 2083 553 2111 adversus
568 2083 618 2110 ista
633 2082 810 2117 producimus
825 2083 953 2109 «lectores
970 2082 1063 2110 Eccle-

277 2129 326 2157 siae
338 2131 443 2164 priscos
459 2129 544 2164 gloria
557 2135 584 2156 et
598 2130 675 2156 laude
685 2129 781 2164 dignos
795 2137 802 2156 :
817 2129 863 2164 qui
877 2134 903 2156 ct
918 2129 940 2156 si
955 2137 1062 2156 carnem

1098 271 1172 298 nulla
1187 275 1246 298 erat
1268 269 1365 297 mortis
1380 269 1407 296 in
1426 269 1485 304 ipso
1509 267 1677 300 efficientia;
1697 275 1786 302 neque
1810 269 1884 295 enim

1099 321 1131 343 ut
1155 316 1252 343 mortis
1280 315 1383 349 laqueis
1417 314 1610 348 subigeretur,
1641 313 1769 340 conditus
1795 313 1886 339 fuerat

1100 360 1183 388 homo
1200 360 1235 387 ab
1252 359 1339 392 initio,
1364 359 1411 386 sed
1429 365 1515 392 neque
1539 365 1635 385 rursus
1654 361 1685 384 ut
1705 362 1811 384 naturze
1826 365 1886 384 scr-

1101 410 1155 432 tem
1177 410 1317 440 superaret
1334 408 1463 438 essetque
1485 403 1661 435 immortalis,
1689 402 1736 429 Sed
1753 410 1801 437 per
1822 410 1887 436 gra-

1101 451 1165 478 tiam
1183 455 1266 485 atque
1280 450 1474 484 benignitatem
1492 448 1643 475 voluntatis
1667 447 1767 474 divina:
1794 454 1888 474 serva-

1101 496 1182 524 batur
1222 495 1256 523 ad
1290 497 1374 522 vitam
1407 494 1598 529 sempiternam
1627 498 1655 521 et
1682 493 1886 525 immortalem,

1101 541 1234 569 voluntati
1258 546 1349 568 autem
1369 540 1486 572 divinat,
1512 544 1608 566 natura
1635 546 1726 566 rerum
1754 539 1889 565 obsistere

1102 587 1207 622 nequit.
1222 586 1306 621 Igitur
1315 590 1342 613 et
1355 586 1377 613 si
1394 589 1491 612 natura
1509 584 1566 619 ipsa
1580 584 1651 619 quod
1667 588 1888 618 coagmentatum

1102 637 1155 665 est,
1176 641 1273 661 rursus
1296 633 1446 661 dissolvere
1470 632 1572 667 cupiat,
1598 636 1688 658 tamen
1716 631 1743 658 in
1767 631 1888 662 homine,

1103 678 1156 705 hoc
1171 678 1273 705 malum
1291 678 1403 705 minime
1417 676 1550 712 quivissct
1565 675 1685 708 efficere,
1698 675 1827 710 impedita
1841 683 1889 709 per

1103 723 1222 751 divinam
1246 723 1412 750 voluntatem
1445 725 1527 756 atque
1558 721 1692 755 gratiam;
1724 720 1782 754 ipsa
1815 720 1889 747 enim

1104 768 1258 796 mortalitas
1287 768 1416 802 absorpta
1445 766 1542 793 fuisset
1568 773 1584 792 a
1609 766 1684 798 vita,
1711 770 1737 792 et
1764 768 1889 791 naturam

1103 813 1268 841 refrenasset
1282 813 1374 839 divina
1389 812 1487 846 gratia.
1502 811 1535 837 At
1553 818 1619 838 vero
1636 810 1809 836 mortalitatis
1826 817 1890 836 cor-

1108 858 1238 893 ruptricis
1263 857 1399 892 corporis,
1414 864 1477 891 qua:
1493 855 1644 883 efficienter
1670 859 1712 881 est
1729 859 1890 885 consecuta,

1105 903 1168 932 fons
1183 908 1211 932 et
1227 904 1305 938 origo
1321 903 1373 930 fuit
1386 907 1528 938 peccatum
1551 906 1632 936 atque
1655 900 1787 927 adversus
1802 900 1890 934 legem

1106 950 1257 977 admissum
1277 949 1395 976 facinus.
1422 948 1500 975 Tunc
1520 948 1593 976 enim
1619 946 1724 980 occepit
1746 953 1821 973 mors
1847 953 1890 978 ea,

1107 1003 1169 1030 qua:
1194 994 1268 1029 quod
1292 994 1474 1028 compositum
1502 997 1543 1020 est
1571 992 1706 1023 dissolvit,
1731 992 1785 1017 vim
1813 998 1891 1018 suam

1107 1045 1189 1075 atque
1214 1040 1403 1067 efficacitatem
1431 1040 1456 1066 in
1483 1038 1594 1066 homine
1617 1045 1646 1064 re
1668 1038 1726 1072 ipsa
1751 1044 1891 1067 exercere,

1107 1085 1219 1119 quando
1236 1085 1328 1111 anima
1342 1092 1388 1119 per
1404 1083 1519 1111 fractam
1540 1083 1625 1116 legem
1645 1083 1801 1109 necessario
1821 1086 1860 1109 est
1877 1090 1892 1108 a

1108 1130 1164 1158 Deo
1181 1130 1333 1157 abalienata
1356 1134 1437 1164 atque
1456 1128 1709 1164 perturbationibus
1725 1127 1810 1165 variis
1826 1126 1892 1153 υσθ-

1108 1181 1152 1202 cta
1175 1175 1368 1210 implicalaque
1383 1183 1390 1201 :
1407 1182 1439 1201 ex
1457 1174 1557 1208 quibus
1581 1177 1686 1200 natura:
1709 1172 1894 1207 perturbatio-

1108 1221 1201 1253 nibus,
1219 1221 1309 1255 ipsum
1334 1221 1416 1247 etiam
1439 1227 1540 1254 corpus
1556 1219 1629 1253 (nam
1647 1223 1673 1245 et
1693 1219 1719 1245 in
1744 1218 1791 1245 illo
1804 1222 1893 1244 enata:

1110 1270 1190 1299 atque
1206 1265 1307 1292 effecta:
1331 1264 1406 1299 sunt)
1423 1264 1599 1299 corruptibile
1620 1271 1681 1291 esse
1701 1263 1893 1297 intelligimus.

1110 1315 1137 1337 et
1156 1310 1377 1343 pronuntiamus.
1395 1310 1592 1337 Concludimus
1609 1317 1685 1344 ergo,
1713 1309 1810 1336 mortis
1830 1315 1893 1335 cor-

1110 1355 1301 1389 ruptionlsque
1317 1354 1440 1382 debitum
1458 1363 1493 1382 ex
1509 1355 1608 1382 violata
1627 1355 1685 1389 lege
1704 1359 1797 1381 natum
1812 1358 1895 1388 atque

1110 1405 1281 1428 contractum
1308 1409 1384 1434 esse;
1412 1409 1466 1428 non
1492 1405 1585 1428 autem
1612 1401 1686 1433 inde,
1704 1400 1776 1435 quod
1795 1406 1894 1433 corpus

1111 1446 1176 1473 Adae
1189 1451 1261 1474 esset
1289 1447 1479 1481 compositum,
1509 1451 1589 1481 atque
1623 1446 1650 1473 in
1675 1454 1706 1473 ea
1734 1453 1767 1472 ex
1795 1444 1896 1480 quibus

1110 1491 1264 1524 constabat,
1292 1492 1463 1519 dissolubile.
1484 1491 1576 1526 Neque
1600 1491 1672 1518 enim
1696 1490 1809 1518 difﬁcile
1834 1495 1896 1517 erat

1112 1537 1234 1565 omnium
1261 1545 1352 1564 rerum
1371 1537 1475 1572 parenti
1495 1537 1559 1569 Deo,
1583 1537 1643 1571 ejus
1659 1536 1705 1569 qui
1723 1535 1894 1569 corruptioni

1112 1584 1256 1619 subjectus
1270 1583 1322 1610 fuit
1339 1590 1388 1618 pro
1412 1588 1517 1609 natura:
1540 1589 1596 1609 sua:
1622 1581 1788 1612 conditione,
1811 1580 1895 1606 vitam

1112 1629 1298 1664 corruptionis
1320 1628 1374 1655 fato
1397 1627 1528 1658 eximere,
1555 1631 1638 1660 atque
1669 1626 1696 1652 in
1712 1625 1765 1652 vita
1794 1625 1896 1659 sempi-

1113 1679 1191 1703 terna
1213 1673 1281 1700 tucri
1298 1680 1529 1707 conservareque.
1543 1672 1583 1699 Ad
1600 1672 1672 1699 hunc
1687 1671 1769 1706 igitur
1785 1670 1897 1698 modum

1114 1719 1241 1746 doctores
1261 1725 1371 1745 carnem
1387 1718 1499 1753 quidem
1520 1722 1615 1752 suapte
1639 1721 1735 1743 natura
1750 1715 1900 1742 dissolubi-

1113 1765 1166 1792 lem
1186 1764 1270 1792 fuisse
1295 1764 1400 1795 dicunt,
1418 1771 1468 1790 nec
1493 1769 1584 1791 tamen
1598 1762 1713 1798 proinde
1741 1765 1788 1788 aut
1810 1761 1898 1795 ipsam

1115 1815 1163 1838 aut
1177 1818 1278 1846 corpus
1295 1818 1310 1838 a
1331 1811 1405 1838 malo
1420 1809 1548 1838 cifeetore
1565 1813 1738 1844 procreatum
1755 1814 1826 1835 esse.

1410 1876 1524 1904 CAPUT
1548 1876 1602 1904 VII.

1308 1935 1370 1962 Alia
1382 1934 1490 1968 objectio
1502 1933 1607 1960 Iuliani
1619 1933 1703 1966 impii.

1153 1991 1269 2019 Ridebat
1294 1991 1404 2026 quidem
1431 1990 1529 2024 impius
1547 1989 1672 2016 Julianus
1687 1987 1759 2022 quod
1785 1985 1900 2018 Mosem,

1117 2037 1246 2065 Ecclesiae
1263 2037 1391 2064 doctores
1417 2036 1540 2062 dicerent
1569 2034 1706 2061 hominem
1729 2031 1900 2066 corruptibili

1117 2088 1217 2110 natura
1243 2086 1406 2117 prognatum
1431 2081 1525 2113 fuisse,
1556 2084 1583 2107 et
1611 2085 1702 2106 tamen
1733 2085 1787 2105 non
1815 2077 1901 2103 fuisse

1118 2133 1269 2161 mortuum,
1290 2128 1327 2154 ita
1358 2127 1465 2154 volente
1481 2126 1548 2152 Deo.
1565 2124 1618 2152 Sed
1637 2124 1661 2152 ei
1685 2122 1830 2158 respondet
1844 2121 1899 2156 Cy-

276 2181 338 2202 esse
349 2178 445 2201 natura
458 2174 664 2208 corruptibilem
677 2175 781 2205 dixere,
794 2181 846 2200 non
859 2178 949 2201 tamen
963 2173 1063 2202 idcirco
1080 2179 1101 2207 ι)
1116 2175 1195 2203 rillus
1213 2183 1219 2201 :
1238 2173 1356 2205 Platoni,
1379 2172 1480 2207 inquil,
1501 2176 1547 2198 tuo
1571 2171 1633 2197 licet
1650 2170 1741 2197 dicere
1763 2168 1841 2203 quasi
1867 2175 1899 2194 ex

281 2219 379 2247 malam
395 2227 454 2246 esse
467 2219 583 2254 professi
599 2224 672 2247 sunt.
686 2219 832 2254 Gregorius
847 2219 930 2251 enim,
944 2220 1066 2247 oratione

275 2272 359 2300 quam
376 2265 410 2292 de
422 2265 520 2292 virtute
533 2264 653 2299 scripsit,
665 2264 701 2304 ad
714 2264 786 2291 hunc
800 2264 919 2299 loquitur
935 2265 1044 2291 modum
1057 2273 1063 2292 :

277 2311 386 2344 Corpus
415 2310 489 2342 omni
517 2317 549 2336 es
580 2313 656 2344 parte
689 2309 869 2344 compositum
901 2314 960 2340 est,
990 2310 1062 2344 quod

279 2359 370 2383 autem
387 2356 567 2390 compositum
585 2360 637 2388 est,
659 2355 685 2382 id
702 2362 781 2382 nemo
796 2355 986 2382 indissolubile
1002 2363 1064 2383 esse

279 2402 401 2434 dixerit;
419 2408 447 2430 at
460 2403 532 2437 quod
549 2401 660 2429 dissolvi
682 2406 781 2436 potest,
803 2401 940 2435 corrumpi
957 2405 1064 2434 potest;

279 2453 322 2477 est
342 2449 424 2484 igitur
449 2455 513 2476 caro
535 2447 704 2482 corruptioni
730 2447 864 2481 subjecta.
889 2447 996 2473 Rursus
1011 2445 1065 2481 Cy-

280 2495 370 2527 rillus,
398 2499 471 2522 tomo
491 2495 572 2521 tertio
597 2493 791 2521 Commentarii
815 2492 842 2519 in
867 2492 1014 2527 Epistulam
1032 2492 1065 2519 ad

281 2541 448 2568 Corinthios.
464 2540 512 2567 Est
526 2539 648 2575 quidem,
671 2539 720 2571 ait,
742 2546 807 2565 caro
826 2542 924 2565 natura
941 2545 992 2565 sua
1006 2545 1066 2565 cor-

282 2587 402 2622 ruptioni
425 2586 541 2614 obnoxia
561 2594 568 2613 :
587 2586 634 2613 sed
649 2590 738 2613 tamen
759 2592 805 2619 per
818 2584 944 2611 virtutem
961 2583 1007 2610 Dei
1022 2583 1065 2611 cui

281 2634 361 2667 plane
379 2633 445 2660 nihil
466 2636 507 2659 est
522 2631 640 2664 difficile,
665 2631 751 2666 ipsam
767 2634 923 2664 superasset
941 2634 1064 2656 naturam

283 2685 364 2715 atque
379 2679 406 2706 in
423 2679 477 2706 vita
501 2679 666 2713 sempiterna
682 2677 778 2705 fuisset
804 2681 980 2704 conservatus
996 2676 1067 2703 Ada-

282 2734 355 2756 tnus,
373 2726 396 2753 si
413 2726 497 2760 legem
512 2725 594 2760 impie
615 2732 671 2752 non
688 2723 826 2751 violasset.
843 2723 974 2750 [lominus
986 2722 1068 2749 Seve-

284 2778 331 2797 rus
352 2770 427 2803 item,
452 2769 578 2796 oratione
602 2777 684 2804 quam
709 2769 839 2796 adversus
867 2767 1067 2795 Felicissimum

284 2815 414 2849 scripsit,
439 2815 497 2842 hazc
519 2815 677 2842 summatim
705 2814 810 2841 habet:
829 2814 930 2849 Suapte
957 2813 1066 2848 quidem

285 2865 382 2887 natura
399 2860 513 2887 mortale
529 2864 555 2886 et
566 2859 739 2894 corruptibile
752 2864 810 2888 erat
823 2867 934 2894 corpus,
949 2863 1031 2893 atque
1041 2859 1067 2885 in

1120 2220 1167 2246 Dei
1183 2226 1312 2254 persona,
1327 2218 1360 2244 ad
1385 2218 1482 2250 solem,
1498 2217 1589 2243 lunam
1606 2219 1772 2248 caelerasque
1786 2213 1899 2240 stellas:

1117 2263 1252 2297 Quoniam
1266 2263 1318 2290 orti
1334 2262 1409 2294 estis,
1427 2261 1595 2288 immortales
1610 2267 1659 2287 vos
1675 2258 1783 2293 quidem
1800 2264 1860 2284 esse
1875 2260 1902 2284 et

1118 2308 1327 2337 indissolubiles
1366 2315 1418 2334 non
1455 2306 1587 2340 potestis,
1621 2304 1779 2338 neutiquam
1810 2307 1899 2329 tamen

1116 2353 1316 2386 dissolvcmini,
1336 2359 1387 2379 nec
1406 2358 1454 2378 vos
1479 2350 1534 2378 ulla
1560 2349 1656 2377 mortis
1676 2347 1729 2374 fata
1754 2347 1902 2381 periment,

1118 2404 1228 2434 propter
1242 2398 1391 2425 consilium
1410 2400 1535 2423 nostrum
1552 2394 1625 2430 quod
1642 2393 1730 2426 majus
1746 2397 1788 2419 est
1806 2391 1902 2417 vincu-

1119 2445 1174 2472 lum
1191 2452 1274 2479 quam
1295 2443 1335 2471 vis
1361 2443 1416 2469 ulla
1442 2449 1503 2476 qua:
1522 2441 1600 2468 vobis
1618 2439 1734 2467 accidat.
1752 2437 1792 2464 Tu
1813 2437 1904 2464 Plato-

1119 2498 1180 2518 nem
1196 2491 1237 2518 vis
1262 2497 1326 2517 vera
1343 2489 1444 2519 dicere,
1460 2492 1488 2514 et
1511 2494 1562 2514 nos
1578 2485 1645 2512 Mosi
1670 2492 1724 2511 non
1748 2482 1903 2513 credemus,

1118 2536 1164 2570 qui
1191 2535 1230 2562 ait
1257 2534 1396 2561 hominem
1425 2539 1479 2559 non
1508 2530 1594 2558 fuisse
1619 2527 1835 2558 dissolvendum,
1866 2525 1904 2551 ita

1119 2581 1227 2608 volente
1244 2580 1320 2607 Deo?
1341 2577 1467 2606 Profecto
1484 2577 1696 2611 haudquaquam
1719 2572 1829 2601 difficile
1850 2570 1905 2598 Deo

1119 2627 1228 2660 fuisset,
1244 2634 1306 2654 eum
1324 2625 1396 2660 quia
1412 2623 1589 2658 corruptione
1604 2619 1801 2655 occupabatur,
1815 2625 1905 2652 quan-

1120 2678 1177 2701 tum
1206 2673 1237 2700 ad
1253 2673 1339 2707 ipsam
1353 2671 1414 2706 ejus
1439 2674 1566 2697 naturam
1591 2666 1742 2702 spectabat,
1759 2671 1874 2699 prorsus
1888 2671 1904 2690 a

1119 2719 1295 2753 corruptione
1307 2717 1446 2745 vindicare
1460 2721 1542 2749 atque
1553 2720 1677 2741 asserere
1694 2711 1815 2739 invitam
1830 2716 1905 2736 sem-

1121 2766 1266 2800 piternam.
1293 2763 1380 2798 Igitur
1403 2761 1455 2788 nisi
1474 2761 1507 2788 de
1531 2759 1631 2786 arbore
1656 2757 1770 2788 edisset,
1788 2757 1904 2782 mortem

1122 2819 1174 2838 non
1199 2810 1331 2836 obivisset
1346 2808 1490 2839 Adamus;
1509 2810 1536 2833 et
1557 2805 1621 2840 quia
1645 2803 1711 2834 cdit.
1727 2802 1803 2829 obiit.
1820 2800 1906 2828 (latte-

1123 2864 1183 2884 rum
1200 2855 1277 2883 Plato
1301 2855 1372 2881 haud
1398 2857 1470 2881 recte
1489 2852 1537 2884 ait,
1565 2850 1662 2883 solem,
1684 2849 1787 2881 lunam,
1813 2846 1906 2874 stellas
