2027 3077
160 207 212 240 6ίῦ

713 211 760 241 DE
781 209 983 242 PARADISO.
1002 224 1036 230 —
1056 210 1151 242 PARS
1173 209 1230 242 Ῑῐῐ.

1729 213 1779 244 606

163 269 275 292 caueras
298 264 467 294 immortales
489 272 562 298 esse,
578 267 678 302 quippe
693 274 753 302 qua:
768 267 859 294 anima
876 266 945 293 vita-
960 270 981 297 Α
998 272 1080 301 atque
1104 267 1187 301 hujus
1214 267 1322 302 generis
1340 267 1402 299 alia,
1427 268 1563 296 diversum
1590 270 1654 303 quid
1684 269 1718 297 ab
1746 278 1779 296 eo

162 316 216 344 que
235 314 357 337 careant.

453 355 567 383 CAPUT
587 355 656 384 VIII.

163 399 283 434 Objectio
310 399 439 428 Theodori
457 405 482 428 et
499 401 628 434 Nestorii,
651 407 729 437 atque
746 403 801 435 ejus
822 402 945 436 [actionis

490 436 615 463 aliorum.

201 490 285 517 Aiunt
303 489 463 518 Theodorus
487 496 515 518 et
540 490 681 519 Nestorius
702 491 802 526 aliique
825 491 870 526 qui
896 491 945 518 hos

162 540 327 570 sequuntur,
344 541 458 563 mortem
479 544 534 563 non
547 537 581 564 ob
596 542 736 572 peccatum
756 538 876 571 legemve
894 537 941 565 Dei

163 580 304 612 violatam,
326 580 460 607 invasisse
477 588 563 616 genus
581 581 743 613 humanum,
762 582 808 609 sed
835 582 945 609 mortali

163 631 213 652 tos
233 625 391 652 conditione
411 633 425 652 a
445 625 501 653 Deo
521 626 628 661 genitos
644 634 723 659 esse;
743 635 830 662 neque
848 635 945 661 quem-

162 679 242 705 quam
273 671 326 696 ulla
360 671 464 698 ratione
489 671 585 699 mortis
613 672 759 699 terminum
786 680 867 707 quem
901 673 945 700 ille

163 721 257 744 nostro
287 717 380 750 generi
411 722 568 752 naturaeque
596 720 799 753 pra'stituerat,
828 720 944 747 vivendo

162 769 396 798 transgressurum
422 763 527 796 fuisse,
558 764 640 791 etiam
671 765 694 792 si
737 764 857 792 Adamus
889 773 942 792 non

161 807 321 842 deliquisset
338 816 344 835 :
362 809 447 835 tnulta
460 809 531 835 enim
548 808 665 836 absurda
683 810 826 844 consequi,
845 809 896 836 nisi
917 809 943 837 id

163 854 199 880 ita
217 862 277 881 esse
295 858 458 881 statuamus.
475 853 525 886 Qui
543 853 627 885 enim,
645 853 783 888 inquiunt,
802 854 944 881 conveniet

161 901 263 933 dicere,
289 900 383 932 Deum,
414 899 492 933 cujus
516 899 657 926 consilium
681 904 740 926 erat
761 907 812 927 nos
835 899 945 926 efﬁcere

162 945 343 977 immortales,
371 949 483 980 propter
507 950 647 980 peccatum
674 944 772 972 fecisse
800 934 982 972 mortales?“

162 991 260 1018 deinde
275 991 297 1018 si
318 995 430 1026 propter
445 991 509 1017 Atla).
528 994 667 1024 peccatum
684 998 732 1016 nos
750 990 848 1017 occidit
861 990 943 1023 Deus,

161 1036 317 1068 ειλιιηρίιιιτ,
334 1040 360 1062 ct
374 1037 465 1070 justus
482 1043 543 1062 eum
565 1035 698 1062 occidisse
723 1039 833 1069 propter
847 1042 944 1069 pecea-

160 1086 245 1113 tores.
267 1087 294 1109 et
322 1088 430 1117 patrum
456 1082 588 1116 supplicia
619 1080 652 1107 ad
680 1080 750 1107 ﬁlios
779 1080 943 1111 extendisse,

161 1135 277 1162 quorum
298 1132 443 1160 utrttmquc
460 1126 612 1161 improbant
629 1130 688 1158 est;
707 1126 744 1152 ait
759 1125 832 1152 enim
857 1132 944 1160 neqtte

162 1176 252 1207 patres
267 1172 415 1199 morituros
435 1179 484 1206 pro
508 1170 582 1202 ﬁliis,
605 1178 694 1206 neque
710 1171 779 1197 ﬁlios
796 1178 846 1205 pro
859 1170 944 1204 patri-

163 1218 223 1244 bus.
246 1216 314 1244 Tum
340 1222 369 1244 ut
399 1218 495 1246 demus
523 1217 657 1244 Adamutn
689 1216 798 1248 obiisse,
824 1217 886 1250 quia
911 1216 944 1244 de

161 1263 259 1290 arbore
286 1263 414 1297 gustavit,
440 1271 521 1298 quam
543 1263 679 1294 dicemus,
705 1261 772 1294 Noe,
799 1261 941 1289 Melchise-

162 1309 229 1336 deeo
242 1329 249 1341 ,
272 1309 428 1337 Abrahamo
452 1309 548 1336 mortis
568 1308 655 1336 fuisse
672 1315 794 1341 causam,
821 1307 943 1342 profecto

163 1355 242 1382 hodie
260 1355 363 1382 nullum
378 1360 421 1383 est
431 1355 530 1388 scelus,
541 1359 588 1382 aut
604 1354 705 1390 grande
720 1358 767 1381 aut
785 1355 853 1386 leve,
868 1354 940 1388 quod

163 1408 177 1427 a
199 1400 320 1434 patribus
339 1400 488 1427 admissum
504 1400 531 1427 in
552 1399 613 1426 ﬁliis
636 1399 843 1433 vindicat:quis
860 1400 943 1433 igitur

162 1445 298 1472 existimet
319 1445 354 1471 ob
377 1445 435 1471 leve
458 1445 526 1471 illud
551 1444 617 1471 Adae
637 1448 791 1478 peccatum,
820 1443 883 1477 quia
911 1443 943 1470 de

163 1489 252 1517 fructu
271 1489 355 1516 vetito
380 1490 556 1523 gustavisset,
578 1489 731 1516 universam
756 1488 943 1522 posteritatem

163 1538 251 1561 morte
267 1534 396 1560 multari?
415 1534 448 1560 Et
462 1541 526 1561 vero
550 1534 573 1561 is
592 1533 646 1561 Deo
669 1541 729 1560 mos
754 1537 796 1560 est
819 1538 848 1560 ut
866 1533 944 1560 malis

164 1580 288 1615 ignoscat
302 1579 436 1606 bonorum
464 1580 560 1613 gratia,
589 1587 643 1606 non
673 1585 761 1606 autem
792 1584 820 1605 ut
844 1579 945 1613 prolms

164 1624 356 1659 improborum
374 1631 457 1651 causa
469 1624 574 1659 perdat,
591 1629 673 1658 atque
691 1629 721 1651 ut
737 1632 786 1659 pro
800 1632 848 1652 sua
863 1624 944 1651 mise-

164 1670 294 1702 ricordia,
313 1670 455 1705 grandium
471 1669 634 1704 ﬂagitiorum
652 1670 768 1705 gratiam
791 1670 947 1697 hominibus

165 1716 256 1750 faciat,
275 1721 380 1744 tantum
396 1717 485 1749 abest,
511 1722 541 1744 ut
553 1717 610 1744 leve
636 1717 771 1752 piaculum
787 1717 947 1752 gravissima

163 1769 243 1795 ptena
258 1761 389 1789 vindicet.
406 1761 516 1794 Adltmc,
532 1762 553 1788 si
570 1766 680 1796 propter
693 1766 835 1796 peccatum
852 1769 947 1788 antan-

164 1808 219 1834 dati
234 1815 329 1835 sumus
341 1808 366 1834 in
389 1808 462 1835 hunc
479 1810 609 1834 mundum
624 1807 823 1840 dissolubilcm,
840 1814 945 1840 magna:

166 1852 288 1887 profecto
299 1853 393 1888 gratia:
403 1853 554 1880 debeantur
568 1858 690 1888 peccato,
701 1858 730 1880 ut
740 1854 811 1887 quod
824 1852 948 1880 creandm

166 1897 249 1933 hujus
272 1898 394 1926 mortalis
409 1899 541 1926 machina:
558 1907 641 1926 causa
657 1899 749 1926 fuerit.
774 1898 907 1925 Praeterea
923 1901 946 1926 si

165 1943 286 1971 Adamus
309 1944 420 1975 occidit,
438 1944 484 1978 qui
500 1945 631 1979 peccavit,
648 1951 698 1971 cur
716 1951 770 1971 non
788 1944 949 1972 occiderunt

165 1989 302 2017 daemones
316 1989 396 2023 longe
416 1989 528 2023 majoris
547 1989 639 2023 ﬂagitii
656 1989 718 2016 rei?
739 1988 766 2016 Si
788 1990 859 2017 dicat
874 1990 946 2023 quis.

165 2033 228 2066 hos_
244 2033 337 2060 animo
361 2033 496 2060 occidisse
513 2041 519 2060 :
536 2033 611 2066 atqui
639 2041 688 2059 cur
717 2033 839 2060 Adamus
866 2033 947 2059 etiam

165 2079 301 2114 corpore?
324 2078 357 2106 Et
371 2079 413 2106 his
430 2077 581 2105 confecisse
595 2082 703 2113 putant,
724 2079 870 2109 Adamum,
891 2079 948 2105 sive

166 2123 349 2151 abstinuisset
364 2123 398 2149 ab
410 2122 508 2149 arbore
521 2129 574 2157 qua
591 2122 640 2149 sibi
658 2123 745 2149 fuerat
761 2122 946 2155 interdictum,

165 2171 223 2198 sive
243 2177 297 2196 non
330 2169 508 2196 abstinuisset
523 2175 636 2203 prorsus
663 2169 826 2195 moriturqu
852 2168 947 2199 fuisse,

163 2223 225 2244 cum
252 2219 327 2242 esset
346 2219 443 2242 natura
469 2214 576 2241 mortali
605 2213 740 2240 conditus.
762 2213 896 2240 (Lauerunt
922 2213 948 2238 in

997 312 1151 346 signiﬁcare
1164 313 1234 346 quod
1251 313 1333 340 verba
1346 313 1438 340 audita
1457 322 1511 348 pra:
1528 322 1556 341 se
1568 314 1667 342 ferunt.
1685 315 1778 349 Itaque

997 364 1046 390 per
1057 361 1165 390 tropum
1185 358 1311 384 similiter
1332 359 1486 392 accipienda
1502 367 1562 386 esse
1579 368 1608 386 ea
1624 361 1704 387 verba
1719 368 1778 394 qua:

998 402 1078 429 nobis
1100 403 1234 429 Adamutu
1261 411 1274 430 a
1293 403 1348 429 Deo
1372 404 1513 430 mortalem
1530 409 1625 431 natura
1651 413 1764 439 prorrea

997 451 1054 474 tum
1079 452 1243 480 memorant,
1266 455 1297 475 ac
1323 449 1422 475 deinde
1439 449 1522 482 legem
1549 449 1600 484 ipsi
1624 451 1777 484 impositam

997 493 1093 525 fuisse,
1120 499 1149 520 ut
1170 495 1192 521 si
1220 495 1311 520 ederet
1333 495 1366 521 de
1390 495 1494 521 arbore
1519 495 1576 526 illa,
1605 500 1779 524 moreretur:

995 546 1093 573 nempe
1119 542 1148 565 Itt
1172 547 1234 566 cum
1267 539 1374 566 audiret
1398 540 1516 566 Adamus
1542 547 1571 566 se
1590 540 1625 566 ob
1652 541 1779 568 violatam

999 583 1083 617 legem
1105 588 1188 618 atque
1211 583 1386 611 rebellionem
1407 585 1532 618 paradiso
1549 585 1658 618 pulsum
1683 587 1780 612 morti-

997 635 1048 662 que
1063 628 1184 654 deditum
1201 635 1271 660 esse,
1287 627 1350 655 odio
1370 628 1481 655 haberet
1496 628 1652 663 fugeretque
1675 637 1778 663 pecca-

998 677 1054 699 tum
1082 673 1324 707 rebellionemque.
1350 672 1402 700 Sed
1429 681 1478 700 nos
1504 674 1536 700 ad
1556 674 1612 700 lucc
1636 675 1781 707 responde-

996 725 1058 744 mus
1083 727 1090 744 :
1112 717 1171 744 Non
1201 718 1237 744 ita
1263 717 1409 752 profecto,
1437 719 1509 749 viri,
1539 726 1616 746 sacra
1638 718 1779 754 Scriptura

995 765 1115 798 loquitur
1130 770 1160 792 ut
1176 772 1225 792 vos
1241 765 1416 797 existimatis,
1435 766 1535 800 quippe
1551 774 1632 801 quam
1653 767 1780 794 omnibus

998 811 1066 838 locis
1080 811 1181 838 diserte
1198 812 1417 845 pronuntiantem
1442 812 1617 843 oﬁ'enditnus,
1636 816 1778 846 peccatum

995 857 1091 884 Adami
1119 865 1231 884 causam
1250 858 1335 885 fuisse
1357 858 1463 891 mortis,
1487 866 1549 885 cum
1575 859 1611 885 illi
1635 859 1698 893 ipsi,
1721 865 1777 886 tum

997 903 1131 929 universa:
1158 903 1332 937 posteritati,
1359 904 1509 930 secundum
1536 904 1626 930 illud:
1651 904 1710 937 Quo
1736 904 1780 931 die

996 948 1140 974 comederis
1157 948 1189 974 de
1209 948 1313 980 arbore,
1339 953 1450 975 mortem
1465 953 1580 983 appetet.
1606 948 1639 975 Et
1659 955 1779 976 rursus:

997 993 1066 1025 Quia
1092 993 1250 1020 auscultt:in
1275 994 1332 1020 voci
1357 995 1449 1021 uxoris
1476 999 1529 1021 tute
1548 998 1626 1028 atque
1645 994 1781 1067 edistﬁ

997 1039 1088 1065 arbore
1108 1047 1159 1067 qua
1180 1039 1227 1065 tibi
1252 1040 1451 1067 interdixerttm.
1475 1041 1617 1067 maledicta
1641 1045 1695 1066 esto

995 1039 1088 1065 arbore
1108 1047 1159 1073 qua
1180 1039 1227 1065 tibi
1252 1040 1451 1071 interdiurttm,
1475 1041 1617 1067 maledicta
1641 1045 1695 1066 esto

994 1090 1100 1119 propter
1117 1090 1149 1111 te.
1170 1084 1203 1111 Et
1222 1084 1294 1119 apud
1311 1085 1402 1112 divum
1420 1085 1533 1112 Paulum
1552 1085 1666 1120 legimus
1681 1094 1688 1112 :
1706 1085 1781 1112 Sicut

994 1138 1039 1165 per
1049 1138 1130 1156 unum
1143 1130 1270 1156 hominem
1282 1135 1416 1164 peccatum
1431 1131 1547 1158 introivit
1565 1132 1591 1158 iu
1605 1133 1740 1161 mundum.
1756 1136 1781 1157 et

994 1183 1039 1210 per
1056 1181 1191 1209 peccatum
1216 1183 1285 1202 mors
1299 1176 1320 1206 ⁸,
1346 1180 1398 1203 etc.
1426 1175 1457 1202 Et
1479 1176 1543 1203 alibi
1561 1185 1568 1204 :
1586 1175 1657 1202 Nam
1686 1178 1782 1210 absque

994 1221 1047 1255 lege
1075 1226 1210 1255 peccatum
1235 1225 1293 1246 erat
1322 1225 1474 1253 mortuum;
1504 1229 1549 1255 ego
1576 1229 1636 1247 vero
1666 1221 1781 1247 vivebant

994 1266 1126 1301 quondam
1150 1265 1247 1299 absque
1272 1264 1327 1299 lege
1349 1265 1412 1298 (hoc
1429 1270 1481 1297 est,
1500 1273 1560 1292 cum
1581 1266 1647 1292 nihil
1667 1266 1782 1293 ntortale

993 1310 1164 1345 cogitarem),
1189 1317 1267 1344 porro
1295 1318 1354 1336 cum
1382 1311 1494 1338 venisset
1523 1312 1680 1338 mamlatum
1710 1311 1782 1345 (ipso

994 1357 1097 1384 scilicet
1113 1356 1225 1389 violato)
1245 1356 1339 1382 reuixit
1358 1361 1506 1390 peccatum,
1523 1365 1570 1391 ego
1586 1365 1645 1384 vero
1661 1361 1780 1384 mortuus

994 1409 1062 1433 sum,
1082 1406 1106 1427 et
1121 1402 1253 1428 inventum
1273 1406 1311 1427 est
1326 1403 1481 1428 mandatum
1498 1403 1567 1437 quod
1575 1407 1612 1428 τι
1630 1404 1686 1429 vita
1703 1407 1780 1435 esset,

996 1446 1090 1472 datum
1112 1447 1199 1480 fuerat
1217 1446 1252 1477 (ci
1270 1446 1315 1480 qui
1330 1447 1380 1481 ipsi
1396 1448 1532 1482 parceret)
1548 1448 1613 1474 mihi
1629 1448 1686 1482 (qui
1703 1448 1781 1483 fregi)

995 1499 1104 1520 mortem
1130 1494 1256 1527 a/ferre'.
1290 1493 1349 1520 Alia
1379 1499 1510 1527 przeterea
1552 1495 1669 1528 plurima
1698 1502 1782 1522 sacra:

998 1539 1147 1572 Scriptura:
1163 1540 1220 1565 lora
1238 1539 1314 1565 facile
1337 1539 1470 1570 invenias.
1490 1546 1552 1573 quae
1573 1547 1635 1566 cum
1656 1539 1701 1566 his
1717 1547 1784 1567 con—

960 1594 981 1622 c
999 1587 1108 1617 gruant,
1128 1588 1210 1618 atque
1231 1583 1332 1610 diserte
1359 1588 1473 1610 mortem
1501 1591 1547 1618 per
1565 1588 1705 1618 peccatum
1732 1592 1783 1612 nos

999 1627 1131 1655 invasisse
1148 1632 1293 1654 testentur.
1317 1628 1350 1654 At
1371 1627 1394 1654 si
1417 1628 1474 1654 haec
1497 1635 1551 1654 non
1567 1628 1701 1661 recipitis.
1718 1635 1782 1662 pro-

998 1672 1065 1699 ferte
1081 1672 1159 1699 nobis
1175 1680 1257 1699 unum
1278 1672 1395 1706 aliquem
1412 1672 1501 1698 locum
1513 1673 1553 1699 .in
1565 1679 1621 1706 quo
1641 1672 1781 1706 Scriptura

998 1717 1080 1749 (litat,
1106 1724 1155 1743 nos
1183 1725 1236 1742 tttm
1265 1718 1333 1743 mori
1359 1721 1469 1751 pr0pter
1495 1721 1654 1751 peccatum,
1687 1725 1780 1744 verum

999 1761 1110 1796 quando
1140 1761 1290 1787 illiusmodi
1317 1761 1393 1788 locus
1419 1768 1553 1796 nusquam
1579 1766 1630 1794 cst,
1665 1761 1782 1788 alterum

999 1807 1066 1833 illud
1085 1814 1178 1833 rerum
1195 1807 1230 1832 sit
1244 1814 1356 1833 necesse
1370 1811 1422 1833 est.
1438 1805 1532 1841 Neque
1549 1807 1620 1833 enim
1638 1812 1784 1834 consenta—

999 1859 1080 1879 neum
1109 1858 1152 1879 est
1179 1857 1209 1878 ut
1234 1859 1266 1879 co
1294 1853 1437 1886 repudiato
1463 1852 1537 1887 quod
1563 1852 1650 1879 sacris
1671 1852 1783 1880 Litteris

1000 1897 1136 1933 proditum
1156 1898 1321 1928 ithcltitttllS,
1351 1898 1376 1924 id
1404 1898 1602 1932 atnplectamur
1616 1897 1689 1932 quod
1716 1905 1783 1924 nus-

1002 1951 1084 1978 quam
1104 1944 1235 1978 scriptum
1259 1947 1359 1970 exstat.
1383 1942 1451 1969 Nam
1477 1943 1509 1969 ad
1534 1950 1565 1970 ea
1588 1943 1644 1969 duo
1660 1951 1720 1977 qua:
1735 1950 1784 1969 vos

999 1997 1049 2016 ceu
1067 1989 1186 2016 absurda
1209 1996 1240 2015 ex
1264 1993 1359 2016 nostra
1380 1989 1425 2014 illa
1450 1988 1584 2015 sententia
1604 1988 1784 2022 colligehatis.

999 2043 1095 2069 nempe
1116 2034 1200 2061 Deum
1224 2034 1348 2061 occidere
1370 2033 1460 2068 justos
1476 2038 1587 2068 propter
1610 2033 1736 2068 injustos.
1753 2037 1782 2059 et

1000 2085 1108 2115 patrum
1131 2080 1235 2107 scelera
1259 2080 1356 2114 punire
1382 2080 1409 2106 in
1426 2079 1501 2111 filiis,
1523 2079 1641 2106 dicimus
1667 2086 1698 2105 ca
1713 2079 1784 2106 haud

1000 2127 1063 2154 inde
1090 2127 1218 2161 consequi
1235 2135 1241 2153 :
1259 2133 1347 2161 neque
1372 2126 1444 2152 enim
1471 2126 1554 2152 Deum
1584 2129 1693 2160 propter
1720 2124 1784 2151 Adi

1001 2172 1168 2206 impietatem
1192 2171 1318 2198 occidere
1344 2171 1430 2204 ipsius
1456 2175 1583 2205 posteros
1607 2169 1665 2197 sive
1682 2169 1785 2203 probos

1001 2218 1057 2243 sive
1081 2215 1232 2250 improbos,
1257 2220 1286 2242 ut
1311 2222 1398 2249 neque
1419 2215 1490 2242 ﬁlios
1506 2215 1541 2241 ob
1558 2221 1589 2240 ea
1611 2221 1672 2248 quae
1694 2217 1785 2246 patres

163 2262 223 2296 ejus
239 2260 387 2295 Scriptura;
401 2260 492 2287 verbis
509 2264 617 2294 tropum
634 2266 707 2291 esse,
730 2266 790 2293 qutc
807 2259 842 2284 ita
861 2258 948 2292 loqui-
961 2259 988 2288 Ι)
1003 2266 1144 2296 patrarere
1163 2261 1264 2296 flagitia
1281 2269 1289 2288 ι
1307 2261 1353 2288 scd
1370 2260 1459 2287 fuerat
1477 2260 1598 2287 Adamus
1615 2263 1711 2286 natura
1724 2258 1786 2293 qui-

164 2311 209 2334 tur
227 2313 258 2333 ac
276 2306 299 2333 si
320 2305 405 2332 Adam
425 2309 535 2339 propter
551 2301 693 2339 peccatum
718 2304 851 2330 obivisset
876 2311 947 2330 mor-

165 2358 230 2386 tem,
254 2352 383 2379 nimirum
400 2350 440 2378 'ut
457 2359 518 2378 cum
537 2350 582 2377 ille
597 2350 704 2377 audiret
732 2355 873 2384 peccatum
893 2349 944 2376 sibi

166 2399 262 2425 mortis
291 2405 403 2424 causam
431 2397 527 2429 fuisse,
558 2395 622 2423 odio
649 2396 770 2426 haberet.
795 2396 945 2428 vitat-etque

164 2449 305 2478 precatum
321 2452 328 2470 :
344 2442 573 2478 quemadmodum
588 2441 682 2468 multis
701 2440 761 2467 aliis
782 2441 849 2467 locis
867 2445 945 2474 tropo

164 2495 215 2515 usa
241 2492 283 2515 est
305 2487 467 2521 Scriptura.
496 2491 526 2514 ut
548 2494 608 2513 cum
640 2485 722 2512 habet
746 2495 752 2512 :
775 2485 807 2512 Et
836 2486 944 2512 tentavit

164 2534 292 2562 Dominus
317 2533 497 2561 Abrahamum
514 2533 544 2566 ¹;
561 2540 650 2566 neque
666 2532 738 2559 enim
764 2532 847 2559 Deum
873 2533 946 2559 Iacto

165 2579 284 2614 periculo
309 2587 378 2613 opus
401 2579 511 2605 habere.
535 2577 641 2605 Rursus
664 2577 710 2604 ubi
726 2578 774 2608 ait.
789 2577 874 2604 Deum
899 2586 946 2605 vo-

165 2624 250 2651 luisse
280 2624 433 2651 intcrﬁcere
463 2623 587 2655 Mosen],
617 2622 711 2649 uxoris
745 2627 833 2649 tamen
864 2630 947 2657 opera

165 2670 304 2709 placatum
346 2668 485 2696 dimisisse
525 2668 601 2695 illum
637 2668 806 2702 impuncm‘.
827 2667 946 2694 Etcum

165 2718 271 2746 narrat,
301 2713 442 2741 Christum
466 2712 558 2740 Jesum
584 2713 648 2740 inde
678 2720 694 2740 a
718 2720 798 2739 mane
821 2712 946 2747 jejunum

164 2766 247 2794 atque
277 2759 430 2787 famelicum
457 2758 608 2786 accessisse
632 2758 665 2785 ad
694 2758 774 2785 ﬁcum
803 2759 946 2791 arborem,

163 2806 255 2833 alieno
281 2813 296 2832 a
325 2804 384 2833 ﬁcis
415 2806 559 2833 nascendis
586 2809 707 2839 tempore
719 2805 740 2833 ⁸.
769 2805 830 2831 Ilaec
855 2805 946 2837 cttim,

450 2893 459 2908 ⁸
471 2893 527 2920 Exo
538 2892 554 2919 l.
573 2901 608 2925 ιγ,
623 2891 667 2918 Ἡ.

200 2891 286 2919 ⁸Ο·“ιι.
305 2900 371 2924 xm,
388 2893 411 2920 I.
450 2892 554 2920 |Exol.
573 2901 608 2924 ιγ,
623 2891 667 2918 Ἡ.
705 2892 714 2906 "
727 2891 809 2919 Marc.
827 2899 863 2924 xt,
880 2891 922 2919 I5.

961 2891 971 2907 ⁸
983 2891 1061 2919 llont.
1080 2901 1104 2924 γ,
1127 2893 1167 2919 I2.

1000 2308 1061 2335 dem
1090 2307 1215 2334 mortalis
1243 2307 1370 2340 genitus,
1396 2305 1610 2332 ronservahatur
1641 2309 1730 2331 tamen
1758 2303 1785 2330 itt

999 2353 1203 2380 inmortalitate
1229 2360 1276 2386 per
1302 2351 1443 2378 Effectoris
1467 2351 1511 2378 sui
1540 2350 1733 2385 benignitatem
1759 2354 1786 2376 et

999 2399 1134 2433 gratiam;
1160 2399 1206 2424 sed
1231 2398 1275 2424 ubi
1293 2398 1378 2430 legem
1396 2397 1525 2424 violasset
1550 2400 1632 2430 atque
1652 2395 1783 2428 deliquis-

999 2447 1050 2474 set.
1076 2443 1193 2470 removit
1220 2443 1254 2469 ab
1282 2443 1340 2476 ipso
1369 2440 1440 2468 Deus
1465 2448 1541 2467 suam
1572 2439 1784 2466 immortalitatis

999 2488 1123 2524 gratiam.
1144 2493 1224 2521 atque
1240 2492 1296 2513 tum
1315 2487 1358 2514 ille
1371 2488 1434 2514 talis
1452 2487 1552 2513 mansit
1568 2484 1657 2519 qualis
1674 2484 1782 2518 alioqui

1000 2539 1096 2560 natura
1123 2532 1230 2564 fuerat;
1260 2533 1311 2559 hoc
1338 2537 1390 2564 est,
1424 2531 1554 2558 mortalis.
1584 2530 1637 2557 Sed
1663 2529 1735 2556 enim
1757 2529 1779 2556 si

1001 2583 1064 2606 ante
1096 2579 1226 2605 amissam
1258 2577 1470 2604 immortalitatis
1496 2575 1611 2611 gratiam
1640 2575 1684 2602 ille
1713 2574 1783 2601 ﬁlios

1000 2628 1183 2660 procreasset,
1212 2628 1268 2650 tum
1297 2630 1362 2650 vero
1390 2622 1443 2650 dici
1467 2622 1612 2657 potuisset,
1637 2627 1684 2648 eos
1709 2619 1784 2646 illius

1000 2670 1071 2697 ﬁlios
1097 2670 1142 2704 qui
1170 2669 1237 2696 nihil
1261 2673 1433 2703 peccassent.
1461 2667 1674 2694 immortalitatis
1696 2665 1782 2698 gratia

1000 2716 1100 2743 merito
1121 2715 1311 2742 destituendos
1338 2722 1392 2742 uon
1420 2713 1514 2740 fuisse.
1545 2713 1645 2739 Verum
1674 2711 1784 2746 quando

1000 2767 1061 2796 post
1077 2761 1202 2796 adeptam
1226 2761 1278 2788 sibi
1299 2761 1407 2788 demum
1430 2758 1643 2786 immortalitatis
1667 2757 1782 2792 gratiam

1001 2807 1104 2842 prolem
1122 2806 1233 2841 gignere
1246 2805 1338 2839 coepit,
1359 2805 1385 2833 id
1400 2805 1471 2840 quod
1488 2804 1572 2839 ipsius
1584 2808 1681 2831 natura
1697 2802 1783 2830 habe-

1207 2895 1216 2911 ⁷
1228 2893 1305 2921 Rom.
1324 2901 1371 2923 vtt.
1387 2893 1414 2922 8.
1431 2893 1458 2920 9.
