2027 3077
267 176 321 208 607

868 175 1005 206 THEOD.
1040 176 1300 207 DAPMNOPATA.

1838 178 1889 209 603

269 233 317 260 bat
329 252 337 266 ,
365 231 566 260 transmittebant
595 231 623 259 in
642 231 712 259 filios
729 241 735 258 :
755 231 782 258 id
807 239 872 259 vero
893 232 966 267 quod
992 237 1056 260 ante
1069 241 1094 265 Α
1108 242 1162 262 non
1177 234 1349 267 deliciarum,
1364 237 1394 261 ut
1407 241 1456 262 vos
1465 233 1638 262 existimatis.
1652 234 1773 269 Denique
1786 238 1860 270 quod
1875 246 1890 263 a

269 279 402 306 amiserat
418 286 506 313 neque
516 280 571 312 jam
588 283 644 306 tum
664 278 792 312 habebat,
814 279 941 307 conferre
957 279 984 306 in
1002 280 1054 307 hos

270 331 324 350 non
342 323 440 357 potuit.
467 323 590 351 Mortalis
613 324 705 359 itaque
729 324 858 351 mortales
878 325 1051 359 procreavit;

269 373 350 403 atque
367 369 432 395 hinc
449 369 571 396 omnium
595 374 724 403 nepotum
741 377 817 397 mors
833 375 982 398 consecuta
997 377 1051 403 est,

267 421 321 441 non
340 418 430 440 autem
454 422 486 441 ex
510 415 583 442 illius
598 415 710 442 delicto.
728 414 784 442 lmo
801 422 865 442 vero
881 415 904 442 si
928 421 1054 444 accurate

266 466 361 486 sacras
384 458 502 486 Litteras
530 460 712 494 perlustretis,
736 461 799 490 erit.
825 461 869 487 ubi
896 467 922 488 et
943 462 1053 496 quando

268 503 352 530 Deum
371 505 521 538 peremisse
543 505 612 533 ﬁlios
629 513 677 540 per
703 511 810 540 patrum
835 515 949 535 causam
975 508 1051 534 inve-

266 549 360 576 niatis.
382 549 450 577 Nam
477 551 549 585 apud
565 550 720 578 Samuelem
747 553 878 586 scriptum
899 557 964 580 est:
981 552 1052 584 Quia

265 587 389 620 recordor
411 595 468 629 ejus
494 595 564 629 quod
589 595 697 622 Amalec
726 595 787 630 fecit
817 595 915 623 Israeti
946 596 1051 623 exeunti

263 637 391 674 ﬂgypto,
404 639 467 666 rode
479 644 518 672 tu,
532 639 609 673 Saul,
620 645 644 667 et
653 645 770 675 pugnata
783 641 907 668 adversus
918 641 992 676 Agag
1005 649 1052 675 po-

264 684 407 719 pulumque
427 685 509 720 ipsius
521 685 543 718 ‘,
570 690 623 712 etc.
651 685 684 713 Et
707 686 773 713 alibi
797 687 927 721 scriptum
952 691 1050 719 exstat,

264 734 376 764 propter
401 729 512 758 Davidis
535 735 675 765 peccatum
702 738 801 759 urores
823 732 908 764 ipsius
937 737 1051 759 constu-

263 775 385 810 prandas
401 782 461 803 esse
469 776 491 802 '.
512 775 545 801 Et
559 783 656 804 rursus
676 777 703 803 in
718 776 930 804 Gabaonitarum
946 778 1050 812 gratia-

266 829 326 848 rum
356 827 511 856 peremptos
541 829 603 849 esse
631 823 780 857 suspendio
804 831 819 850 a
851 823 952 850 Davide
979 823 1051 851 ﬁlios

264 865 377 901 Rephae,
403 866 465 894 tiliae
488 867 601 901 Aie";
618 875 701 902 porro
725 869 798 903 quod
822 875 872 896 ceu
897 869 1048 896 absurdum

262 911 404 946 colligitis,
420 916 575 947 peceatum,
595 913 706 940 creandi
721 913 803 947 hujus
823 914 916 940 nmndi
934 921 1047 941 causam

263 955 350 995 fuisse
373 957 581 991 respondemus,
595 957 621 984 id
637 965 751 993 prorsus
768 957 868 985 falsum
893 966 954 986 esse
968 964 1049 994 atque

263 992 488 1038 Mtinandum.
525 992 645 1030 Interim
664 1003 716 1031 hoc
755 1004 870 1031 libenter
910 992 1048 1036 fatemur,

265 1048 399 1075 mundum
417 1055 479 1075 esse
492 1048 611 1076 hominis
624 1050 777 1084 peccatoris
791 1056 873 1076 causa
888 1049 1046 1082 conditum;

261 1092 344 1127 idque
375 1093 425 1121 hac
445 1093 551 1121 ratione
576 1102 585 1122 :
610 1101 673 1121 nam
697 1094 785 1122 Adam
807 1094 974 1128 simulatque
990 1095 1048 1122 for-

262 1143 355 1166 matus
379 1143 449 1171 erat,
473 1140 617 1167 traductus
639 1144 682 1168 est
699 1140 726 1167 in
741 1140 911 1175 paradisum,
929 1147 979 1168 ceu
1005 1141 1046 1167 lo-

261 1191 325 1211 cum
343 1184 475 1217 medium,
491 1189 522 1212 ut
538 1185 560 1211 si
575 1189 684 1220 pareret
700 1185 751 1219 legi
767 1185 795 1212 in
807 1185 919 1213 cceleste
931 1193 1045 1220 regnum

261 1228 470 1262 subveheretur,
497 1230 539 1257 sin
560 1230 652 1257 minus
673 1234 781 1264 pareret
802 1230 994 1258 detruderetur
1019 1231 1046 1258 in

263 1272 336 1299 hunc
352 1273 495 1305 mundum,
514 1274 540 1300 id
551 1274 624 1308 quod
643 1274 708 1301 alibi
731 1278 774 1302 est
789 1281 805 1301 a
827 1274 908 1302 nobis
926 1275 1047 1309 explica-

264 1324 332 1345 tum.
361 1319 409 1347 Est
435 1319 518 1353 igitur
541 1320 661 1347 hominis
689 1321 842 1355 peccatoris
866 1321 968 1355 gratia,
991 1328 1045 1347 non

262 1369 354 1392 autem
371 1364 485 1399 peccati,
501 1364 616 1392 effectus
630 1365 682 1392 iste
697 1366 816 1394 mundus
829 1375 838 1399 ;
856 1367 935 1394 vallis
947 1374 1045 1400 nempe

263 1408 447 1444 lacrymarum
472 1415 499 1437 et
515 1409 594 1437 locus
607 1410 734 1438 dolorum
764 1411 923 1446 umbraeque
947 1412 1045 1440 mortis

1105 279 1276 306 daemonibus
1294 279 1444 314 collegisti:
1461 284 1666 315 argumentum,
1678 281 1725 315 qui
1746 281 1797 308 etsi
1819 281 1890 308 deli-

1104 331 1224 360 querunt
1246 325 1330 353 etiam
1353 326 1477 359 gravius,
1505 333 1561 354 non
1584 332 1676 353 tamen
1709 330 1775 353 sunt
1802 333 1892 353 morte

1104 368 1232 400 multati,
1266 369 1307 396 sic
1332 369 1509 397 dissolvimus
1536 369 1709 400 :daamouas,
1739 370 1804 404 quia
1829 377 1891 397 sese

1104 414 1267 441 extulissent
1285 419 1367 448 atque
1391 422 1438 449 per
1464 414 1623 449 superbiam
1643 415 1806 448 jactassent,
1827 415 1891 442 ideo

1103 457 1261 485 deturbatos
1289 465 1372 485 esse:
1392 465 1444 484 non
1469 463 1559 484 autem
1593 458 1629 486 ob
1648 464 1787 492 peccatum
1815 467 1891 485 mor-

1103 509 1175 535 tuos,
1193 504 1256 538 quia
1273 511 1288 530 a
1304 511 1394 530 rerum
1409 503 1525 531 Parente
1541 504 1606 536 Deo,
1624 509 1720 531 natura
1738 504 1889 531 immortali

1104 549 1212 575 fuerant
1226 548 1331 583 praediti
1346 552 1402 575 tum
1416 556 1478 575 cum
1495 548 1687 584 gignebantur,
1701 549 1777 583 prius
1790 557 1890 583 nempe

1102 601 1184 628 quam
1208 598 1365 628 peccassent
1382 602 1389 620 :
1405 594 1540 621 Adamum
1565 601 1630 621 vero
1655 600 1792 621 mortuum
1814 602 1890 628 esse,

1102 638 1166 672 quia
1189 638 1315 672 adempta
1338 637 1390 672 ipsi
1414 641 1474 666 erat
1500 637 1716 666 immortalitatis
1740 638 1826 672 gratia
1852 639 1888 665 ob

1102 683 1252 710 admissum
1275 689 1427 717 peccatum.
1448 682 1541 719 Neque
1555 691 1619 710 vero
1640 683 1737 710 iisdem
1756 684 1888 711 omnibus

1102 729 1185 756 rebus
1200 728 1307 764 praediti
1325 736 1420 756 sumus
1436 736 1497 760 nos,
1513 729 1722 762 dmmouesque;
1738 737 1789 756 nos
1809 730 1887 756 enim

1101 783 1149 802 sua
1164 774 1236 802 Deus
1251 775 1337 809 gratia
1354 775 1489 809 dignatur,
1511 774 1570 802 illos
1588 781 1652 801 vero
1666 774 1789 806 minime,
1815 779 1888 801 tam-

1100 821 1151 847 etsi
1172 818 1288 854 plurima
1318 818 1423 845 ratione
1446 818 1574 852 polleant.
1592 819 1676 853 Igitur
1691 826 1724 845 ex
1742 818 1784 845 his
1797 819 1888 845 omni-

1102 866 1152 893 bus
1176 864 1296 892 dilucide
1321 864 1476 896 coniicitur,
1503 872 1553 892 nos
1575 865 1611 892 ob
1636 869 1777 899 peccatum
1803 867 1886 893 mori.

1066 902 1086 929 Β
1103 909 1342 937 Verumenimvero
1371 910 1394 937 si
1416 914 1559 945 propterea
1588 909 1711 944 regnavit
1739 910 1766 936 in
1792 915 1887 936 nostra

1102 961 1199 984 natura
1220 959 1372 990 peccatum,
1401 955 1465 990 quia
1500 955 1586 983 Adam
1618 955 1812 990 praeraricatus
1845 961 1889 982 est

1103 1006 1198 1029 contra
1217 1000 1303 1035 legem
1328 1000 1388 1032 Dei,
1403 1005 1506 1033 quanto
1521 1000 1609 1034 magis
1626 1000 1841 1034 justiﬁcabimur
1860 1006 1888 1027 et

1103 1047 1275 1075 servabimur
1291 1053 1338 1081 per
1352 1046 1435 1073 vitam
1459 1045 1574 1077 Christi,
1593 1045 1638 1080 qui
1654 1051 1681 1073 et
1703 1050 1817 1073 mortetn
1837 1053 1886 1073 su-

1101 1092 1208 1129 peravit
1226 1097 1252 1119 et
1267 1095 1393 1118 naturam
1419 1095 1542 1118 nostram
1558 1091 1636 1122 vicit,
1655 1092 1784 1125 viamque
1803 1091 1890 1119 nobis

1101 1139 1208 1174 aperuit
1231 1137 1328 1166 salutis
1344 1144 1407 1164 eum
1427 1136 1461 1163 de
1482 1137 1554 1164 cmlo
1570 1136 1604 1164 ad
1629 1144 1679 1164 nos
1694 1136 1884 1170 descenderet,

1101 1192 1154 1220 qua
1171 1188 1313 1219 pergentes
1331 1182 1535 1217 perveniremus
1551 1181 1577 1208 iu
1591 1182 1686 1209 beatas
1701 1181 1886 1210 babitaliones

1097 1231 1196 1257 domus
1218 1228 1307 1256 Patris
1335 1227 1408 1255 illius
1430 1227 1502 1262 :qui
1528 1233 1590 1253 cum
1618 1225 1698 1254 Patre
1727 1231 1755 1254 et
1779 1227 1883 1262 Spiritu

1099 1280 1194 1304 sancto
1220 1275 1355 1305 laudetur,
1382 1273 1500 1308 gloriose
1520 1272 1683 1307 praedicetur
1706 1276 1733 1299 ct
1753 1272 1884 1300 adoretur

1098 1328 1149 1356 pro
1165 1320 1249 1348 tantis
1266 1319 1409 1347 beneﬁciis
1420 1326 1481 1353 quae
1496 1318 1523 1345 in
1541 1317 1692 1344 humanum
1710 1325 1797 1352 genus
1811 1326 1882 1345 con-

1098 1366 1170 1398 tulit,
1197 1365 1262 1393 hiuc
1287 1372 1372 1400 usque
1395 1364 1422 1391 in
1447 1363 1642 1399 generationes
1664 1364 1884 1398 generationum.

1095 1413 1193 1439 Amen.

294 1492 325 1520 ⁸Ι
341 1493 409 1531 Reg.
426 1503 470 1529 sv,
485 1495 513 1523 Ξ.
551 1497 561 1512 ⁹
574 1496 595 1522 ΙΙ
607 1497 674 1532 lleg.
688 1505 738 1529 xu,
758 1497 800 1524 ll.
839 1498 862 1513 ¹⁶
874 1497 892 1524 ll
912 1498 977 1533 Reg.
994 1506 1051 1531 xxi,
1065 1497 1091 1530 8,
1107 1497 1134 1524 9.

263 1586 1879 1611 Μ

901 1676 985 1699 ANNO
1009 1677 1121 1699 DOHINI
1143 1677 1240 1700 CMLVI

326 1765 989 1857 THEODOBUS
1053 1765 1806 1857 DAPHNOPATA

946 2002 1217 2048 NOTl'l‘I.\.

757 2110 848 2140 (Oudtn
864 2110 898 2134 De
918 2109 1003 2140 script.
1016 2110 1117 2140 eccles.,
1133 2113 1192 2134 tom.
1207 2110 1237 2140 ll,
1251 2118 1274 2141 p.
1299 2111 1359 2139 iis.)

292 2184 453 2213 Theodorus
469 2184 657 2219 Daphnopata,
679 2184 783 2218 primus
800 2190 814 2209 a
829 2183 941 2210 secretis
962 2188 1043 2218 atque
1070 2183 1202 2218 patricius
1219 2183 1290 2218 apud
1306 2183 1580 2220 Constantinopolim.
1598 2186 1697 2214 claruit
1712 2194 1784 2215 anno
1802 2188 1873 2220 956;

254 2229 333 2263 cujus
361 2229 526 2255 mentionem
555 2228 659 2255 faciunt
685 2226 804 2254 Joannes
833 2227 962 2261 Scylitzes
985 2235 1016 2254 ac
1041 2227 1174 2260 Georgius
1201 2227 1350 2264 Cedrenus,
1367 2232 1480 2262 uterque
1508 2230 1534 2256 iu
1562 2229 1743 2258 llistoriarum
1758 2239 1871 2259 suarum

255 2272 403 2304 ργοαεηιὶἰς,
425 2276 507 2305 atque
525 2271 595 2298 inter
609 2278 657 2298 eos
671 2271 716 2305 qui
734 2269 880 2297 Historiam
898 2270 1074 2305 Bylantinam
1087 2271 1144 2298 sive
1158 2271 1486 2305 Constantiuopolitanam
1504 2273 1681 2307 scripserunt,
1703 2275 1871 2309 praecipuum

255 2315 292 2342 ibi
313 2316 401 2342 locum
417 2315 532 2342 obtinet.
550 2313 667 2342 Elatem
685 2322 738 2349 qua
755 2315 822 2341 visit
838 2314 938 2341 iudicat
963 2315 1050 2341 oratio
1068 2313 1153 2347 ipsius
1176 2314 1203 2339 in
1232 2321 1337 2339 manum
1355 2313 1384 2340 S.
1403 2313 1578 2342 Prcecursoris
1593 2315 1734 2349 Baptism,
1752 2325 1812 2351 ultae
1825 2318 1871 2346 diu

251 2366 404 2393 magnaque
436 2366 512 2389 cura,
528 2358 616 2392 inquit
642 2358 732 2385 Carus
750 2363 822 2384 tutuo
837 2358 869 2390 ll,
888 2366 934 2385 seu
968 2363 1043 2392 parte
1059 2364 1076 2383 Il
1111 2356 1238 2383 Historia.-
1268 2357 1414 2390 (ἕπεται-ἰαί,
1428 2359 1461 2385 ad
1486 2366 1587 2386 annum
1603 2360 1666 2397 956,
1678 2360 1828 2388 Antiochiae
1843 2363 1871 2389 in

251 2402 350 2436 tetnplo
373 2401 404 2428 D.
423 2401 493 2428 Petri
523 2401 656 2428 custodita
682 2400 780 2432 fuerat,
801 2409 881 2436 quam
911 2401 1019 2428 tandem
1038 2401 1106 2428 clam
1138 2401 1270 2435 surripuit
1283 2402 1369 2428 Jobns
1383 2403 1493 2435 quidam
1513 2403 1646 2430 diaconus
1665 2404 1864 2443 Antiochenus,

249 2449 277 2472 ct
293 2445 358 2473 urbe
376 2449 458 2472 noctu
474 2452 611 2482 egressus,
625 2444 823 2472 Chalcedonam
841 2444 946 2481 detulit,
962 2444 1008 2471 ubi
1024 2444 1204 2478 imperatoria:
1221 2445 1324 2471 triremi
1342 2445 1374 2471 ad
1394 2445 1444 2471 huc
1474 2446 1561 2480 ipsum
1584 2447 1690 2474 emissa:
1709 2447 1865 2482 impositam

249 2488 412 2516 illustriores
436 2493 577 2515 senatores
593 2489 770 2522 procedentes
786 2488 904 2521 obviam,
929 2495 990 2514 cum
1008 2487 1153 2521 Polyeucto
1168 2487 1323 2521 patriarcha
1349 2491 1376 2514 et
1398 2487 1524 2515 universo
1537 2489 1610 2515 clero
1628 2494 1654 2516 et
1676 2491 1784 2525 populo.
1801 2500 1863 2519 cum

249 2532 348 2566 cereis,
362 2532 466 2559 facibus
495 2536 522 2558 et
551 2531 696 2564 sullitibus,
713 2539 774 2558 eam
803 2532 829 2558 in
860 2531 988 2566 palatium
1016 2531 1197 2562 deduxerunt,
1222 2538 1292 2558 anno
1306 2530 1413 2558 circiter
1436 2531 1498 2564 956,
1518 2531 1653 2560 referente
1669 2533 1726 2561 inec
1741 2534 1865 2563 Cedreno

250 2575 378 2603 Historiae
394 2574 604 2603 Graeco-Latina:
622 2583 683 2610 pag.
697 2575 759 2602 6l0.
777 2574 837 2602 Mox
853 2575 1007 2602 institutum
1027 2574 1109 2609 hujus
1128 2574 1323 2602 Translationis
1339 2575 1449 2607 festum,
1467 2580 1494 2602 et
1510 2575 1560 2603 hac
1572 2578 1716 2604 occasione
1732 2586 1804 2606 anno
1823 2588 1866 2607 se-

249 2619 353 2654 quenti,
370 2627 432 2646 cum
446 2619 632 2646 anniversaria
650 2619 729 2647 istius
745 2619 807 2646 festi
831 2619 930 2646 rediret
947 2619 1117 2650 solemnitas,
1134 2619 1204 2646 hanc
1230 2620 1380 2646 orationem
1405 2619 1568 2647 Theodorus
1590 2621 1693 2654 habuit,
1709 2623 1747 2649 uti
1767 2631 1863 2651 nume-

251 2664 290 2690 ris
304 2661 376 2696 XVI,
390 2662 474 2695 XVII,
490 2661 575 2689 XVlll
588 2667 615 2690 et
632 2662 704 2696 XIX,
720 2663 778 2698 ipse
789 2663 891 2698 prolixe
907 2667 1011 2690 narrat.
1031 2661 1100 2689 llinc
1117 2662 1175 2697 ejus
1192 2667 1257 2691 tetas
1269 2664 1390 2698 alioquin
1406 2665 1472 2691 satis
1491 2667 1608 2691 obscura
1625 2665 1698 2692 clare
1711 2666 1865 2701 deprehen-

249 2705 332 2733 ditur.
343 2705 404 2734 Η.εο
416 2714 449 2733 ex
463 2706 611 2734 Laurentio
627 2707 708 2734 Surio
721 2707 811 2734 Cavus
826 2707 885 2734 loco
900 2706 1025 2741 allegato.
1039 2706 1155 2741 Scripsit
1168 2715 1277 2742 quoque
1289 2707 1437 2735 Historiam
1449 2709 1504 2736 sive
1517 2709 1663 2736 Clu-oniten
1674 2709 1862 2745 Byzantinum,

249 2751 322 2784 quod
337 2749 453 2784 posteris
466 2749 561 2777 invidit
576 2750 668 2785 lapsus
684 2750 814 2785 temporis
829 2750 951 2778 omnium
967 2750 1069 2778 edacis.
1091 2753 1125 2777 At
1143 2752 1195 2778 alia
1217 2752 1295 2779 nobis
1321 2757 1468 2786 supersunt
1493 2753 1554 2787 ejus
1576 2761 1669 2787 opera,
1683 2763 1744 2789 quae
1761 2756 1862 2784 latinam

249 2793 385 2821 Theodori
400 2795 517 2828 posteris
532 2799 669 2830 utcunque
683 2800 802 2822 servant.
820 2795 932 2822 Exstant
946 2794 1068 2829 ejusdem
1082 2795 1285 2829 Apamhismata
1304 2797 1362 2822 sire
1377 2794 1498 2822 Flosculi
1511 2805 1543 2822 ea:
1564 2797 1643 2824 rariis
1655 2799 1741 2825 sancti
1750 2798 1864 2828 Joannis

248 2837 430 2871 Clirysostomi
459 2838 578 2871 operibus
606 2840 721 2873 excerpti
748 2840 818 2866 inter
843 2847 908 2867 mss.
923 2839 1031 2866 codices
1058 2838 1229 2866 bibliotheca:
1254 2839 1406 2866 Bodleiane
1421 2839 1585 2867 codd.25il
1611 2845 1638 2867 et
1652 2841 1734 2873 25L"),
1750 2843 1777 2869 iu
1795 2851 1863 2870 mss.

250 2881 362 2909 Thema:
381 2880 484 2910 Bodlcii
499 2881 579 2910 codd.
592 2882 645 2910 ξδι
658 2888 684 2910 et
695 2882 758 2915 255,
774 2891 888 2917 quorum
904 2883 1009 2917 primus
1024 2885 1143 2913 continet
1160 2885 1292 2920 ejusmodi
1318 2883 1477 2918 Eclogurum
1500 2893 1639 2914 sermones
1661 2886 1705 2919 52,
1726 2888 1863 2916 secundus
