2027 3077
123 174 176 206 (303
857 171 880 201 Ν
884 173 923 202 U'I

939 171 982 202 lTI
988 173 1008 201 Α
1015 189 1022 196 ο
1689 174 1719 205 (ΖΙ
1728 175 1739 203 .I

123 232 207 258 codex
222 237 362 258 scrtnoncs
380 229 413 256 II
431 237 462 256 ιι
475 229 669 264 Chrysustouto
684 233 827 262 excerptas
853 235 900 262 per
915 227 1088 254 Theudorqu
1111 228 1270 262 magistrum
1285 228 1386 256 dt-zece.
1402 229 1483 257 Ii.|etn
1497 234 1524 257 et
1535 229 1562 257 in
1585 230 1742 265 Augustana

123 275 285 302 bibliotheca
300 274 393 301 codice
414 273 448 301 63
465 273 490 300 itt
507 280 648 300 sermones
664 272 698 299 36
716 272 931 303 distribuuntur,
946 275 999 298 etc.
1024 271 1057 297 Et
1073 271 1099 297 in
1120 271 1155 298 55
1171 272 1260 306 capita
1281 272 1373 302 divisi.
1387 280 1452 300 mss.
1469 273 1579 308 quidem
1596 273 1623 300 in
1639 273 1741 300 biblio-

125 319 201 344 theca
231 317 354 344 Czcsarea
379 316 595 347 Vinlobonensi,
609 316 749 343 codicibus
781 323 847 342 mss.
877 314 1038 348 tlteologicis
1067 314 1169 341 Gnecis
1198 314 1276 342 CLIII
1295 320 1321 342 ct
1336 315 1427 348 CLIV,
1440 321 1469 343 ut
1483 317 1564 343 Itabet
1580 317 1742 345 Lambecius

124 367 198 388 tomo
216 361 260 388 IV.
277 361 543 387 Cotumentariorum
564 359 646 393 hujus
664 359 843 395 bibliotheca,
862 366 921 393 pag.
942 357 990 384 I57
1005 363 1030 384 et
1047 357 1107 389 I59.
1120 359 1151 385 ad
1166 358 1252 386 dictos
1266 359 1375 386 codices
1397 360 1437 386 his
1453 361 1542 387 verbis
1559 369 1565 386 :
1585 369 1594 385 (
1614 359 1743 387 Theodori

124 405 305 439 Daphnopataz
321 404 523 439 Apantltisntata
547 404 600 429 sine
615 403 730 437 flosculi.
751 409 783 428 επ
795 402 875 428 variis
893 402 978 428 sancti
996 400 1108 428 Joannis
1124 401 1304 437 Chrysoslomi
1325 403 1446 437 operibus
1465 403 1588 436 decerpti,
1608 409 1634 430 ct
1657 405 1682 431 in
1698 413 1744 431 ca-

125 450 179 483 pita
199 449 233 476 33
250 448 341 481 divisi,
363 449 420 482 ipsa
446 447 512 474 tituli
538 446 626 473 ϐικεοὶ
649 447 729 473 verba
758 451 832 476 sunt.
856 446 925 471 ‘Am

944 446 1065 480 Θίσματα
1084 445 1132 472 τοῦ
1152 448 1181 472 ἐν
1200 447 1290 480 ἁγίοις
1317 446 1422 481 Πατρὶς
1446 447 1525 482 ἡμῶν
1551 446 1675 473 Ἰωάννου
1695 448 1741 474 τοῦ

123 492 330 527 Χρυσοστόμου,
346 490 559 525 ἀναοροισθέντα
577 490 652 525 παρὰ
667 489 753 524 χι)ροῦ
771 489 910 524 Θεοδώρου

944 489 973 515 οὔ
992 489 1196 523 Δαφνοπᾶτους.
1211 491 1324 516 Exstant
1335 490 1444 524 quidem
1464 491 1521 517 IIIEC
1537 490 1742 524 Apantltismatn

124 536 150 562 in
166 542 279 571 operum
310 535 397 562 sattcti
424 533 537 561 Joannis
563 533 753 568 Cltryaostmni
781 533 902 559 editione
926 531 1020 559 Grtcca
1037 531 1173 559 Saviliana
1195 537 1268 559 tomo
1287 532 1342 565 VII.
1359 540 1421 567 pag.
1437 528 1500 565 665,
1517 539 1542 560 ct
1571 534 1597 560 in
1625 534 1746 560 editione

123 578 333 606 Gneco-Latina
347 577 529 604 Frontoniana
550 582 622 603 torno
640 576 683 608 VI.
698 584 758 610 pag.
775 577 843 608 665;
860 576 906 603 sed
920 577 987 603 ordo
1007 581 1032 603 et
1049 585 1179 604 numerus
1204 578 1349 612 utrobique
1376 579 1513 612 discrepat
1537 578 1572 605 ab
1589 579 1639 605 boc
1653 579 1746 606 codice

122 623 259 654 (lassat-oo,
273 627 301 648 ttt
317 621 467 648 cortfercnti
483 621 548 646 mihi
563 621 659 654 paluit.
685 620 832 654 Insigttilttr
848 626 942 647 auctor
960 620 1038 645 titulo
1059 621 1272 650 pt‘otosect'elarii
1288 629 1319 647 ac
1343 621 1463 654 patricii,
1479 626 1506 648 et
1523 622 1582 647 sine
1601 622 1685 648 dubio
1701 622 1747 648 ille

123 667 180 700 ipse
197 671 248 695 est.
267 667 280 691 ὁ
297 664 476 698 Antenori-:1];
491 663 640 698 θεὸδωρος,
654 664 699 697 qni
729 672 742 690 ει
770 662 874 690 Joanne
901 663 1017 698 Scylilza
1035 668 1062 690 et
1077 662 1195 697 Georgio
1220 663 1343 690 Cedreno
1373 665 1400 691 in
1430 672 1542 691 suarum
1562 663 1744 691 Historiarum

124 710 261 736 Prowmiis
277 709 387 738 citatnr.
406 712 430 734 et
447 709 517 734 inter
531 714 578 733 eos
594 708 639 741 qui
662 706 809 734 Historiam
834 706 1010 742 Ilylantinam
1036 707 1092 734 sive
1112 706 1164 733 CP.
1183 708 1366 741 partiettlalim
1383 708 1560 742 scripserunt,
1579 709 1744 744 piteciputtnt

122 753 158 780 ibi
175 753 263 780 locum
280 752 393 778 obtinet.
414 752 509 778 Exstat
525 759 633 785 quoque
659 751 685 776 in
716 750 809 776 eadem
833 750 997 777 bibliotheca
1013 749 1148 781 (ἱρείη-ιιι,
1165 755 1195 777 ttt
1213 755 1327 778 testatur
1344 751 1413 778 idettt
1441 751 1601 779 Lambecius
1623 758 1696 779 tonto
1710 751 1745 778 IV

120 797 241 830 ejusdem
257 795 440 826 Bibliotltectc.
456 802 518 828 pag.
536 794 582 826 60,
601 795 627 820 in
646 793 742 820 codice
756 802 808 819 ms.
820 791 987 827 Theologico
1006 793 1101 820 Grch
1113 793 1180 825 CXI,
1198 802 1275 822 nunt.
1292 795 1319 827 5,
1332 796 1479 830 etquidem
1496 803 1510 822 a
1525 795 1571 822 fol.
1585 796 1629 828 81,
1645 804 1706 831 pag.
1721 796 1745 828 Ι,

120 848 206 875 usque
223 839 256 866 ad
273 839 320 866 fol.
336 840 381 870 98.
397 846 456 873 pag.
475 838 503 867 2.
520 837 651 864 Theodori
670 837 749 871 primi
765 845 781 862 a
801 837 909 863 secretis
924 841 948 863 et
963 835 1086 869 Patricii,
1103 844 1272 871 cognomento
1289 838 1483 873 Daphnopataz,
1503 840 1589 866 oratio
1612 840 1643 866 de
1666 848 1746 866 manu

120 883 149 911 S.
165 883 279 910 Joannis
298 882 439 916 Baptism.
455 881 596 907 Antiochia
610 879 871 914 Constantinopolim
886 881 1030 911 translata,
1048 881 1127 914 cujus
1144 882 1239 908 titulus
1261 887 1288 909 et
1314 883 1490 917 principium,
1508 883 1648 917 θεοδὼρου
1671 891 1747 918 πρω-

118 928 310 961 τοασηκρὴτου
326 926 374 952 καὶ
390 924 548 959 πατρικίου,
562 923 610 950 τοῦ
630 923 820 957 Δαφνοπάτου,
841 924 920 957 λόγος
935 924 975 953 εἰς
992 923 1043 958 τὴν
1065 925 1095 956 ἐξ
1111 923 1278 960 ’Δντιοχείας
1300 926 1471 961 ἀνακομιδὴν
1496 927 1546 962 τῆς
1573 927 1675 962 σεμνῆς
1699 927 1746 954 καὶ

118 971 214 1002 τιμίας
229 969 320 1005 χειρὸς
338 969 387 994 τοῦ
409 967 490 1001 ἁγίου
516 966 654 999 Ἰωάννου,
667 966 715 992 τοῦ
733 966 893 1001 Προδρόμου
917 967 964 992 καὶ
983 967 1149 996 Βαπτιστοῦ,
1170 967 1290 1004 Incipit;
1314 969 1379 996 Ἰδοὺ
1395 971 1443 997 καὶ
1461 970 1544 997 πάλιν
1559 972 1626 1005 ἡμῖν
1646 973 1659 997 ὁ
1674 971 1747 1006 ῐερδς

118 1014 168 1040 τοῦ
183 1013 302 1049 Χριστοῦ
319 1010 479 1048 ἐπεδήμησε
504 1011 672 1046 Πρόδρομος,
691 1010 746 1036 τῶν
768 1010 852 1036 αὑτοῦ
879 1011 1001 1045 χαρίτων
1020 1012 1162 1044 ἀναδιδοὺς
1189 1013 1314 1046 eaeam;
1335 1013 1370 1040 τὰ
1389 1015 1509 1048 νάματα.
1527 1015 1622 1041 Exstat
1636 1015 1746 1049 quidem

120 1057 178 1084 haec
193 1057 281 1084 oratio
306 1057 378 1090 apud
407 1055 584 1082 Laurentium
604 1054 715 1081 Suriunt
745 1058 819 1080 tumo
839 1053 872 1080 IV
890 1053 927 1080 De
960 1055 1079 1088 probatis
1107 1055 1158 1083 SS.
1186 1058 1316 1084 Historiis
1333 1058 1377 1084 die
1393 1059 1428 1085 29
1443 1059 1569 1094 Augusti.
1587 1060 1632 1086 sed
1649 1058 1747 1086 Latine

119 1106 226 1129 tantum
244 1105 271 1128 et
292 1101 396 1135 absque
423 1099 533 1126 nomine
561 1099 680 1125 auctoris
695 1097 738 1124 sui
755 1096 886 1123 Theodori
912 1097 1104 1133 Dap/tnopalat,
1123 1100 1273 1135 incipitque
1289 1103 1324 1129 ab
1356 1102 1399 1129 Itis
1415 1103 1505 1130 verbis
1522 1112 1528 1129 :
1547 1102 1613 1130 Ecce
1633 1104 1666 1129 ad
1697 1112 1746 1130 nos

119 1152 214 1171 rursus
231 1144 299 1171 venit
313 1147 501 1170 sacrosanctus
518 1141 618 1168 Christi
633 1140 798 1172 Prwcursor.
820 1141 922 1168 abunde
941 1142 1042 1176 ﬂuenta
1066 1143 1186 1170 amittens
1222 1152 1332 1171 suarum
1357 1146 1517 1180 gratiarum.
1541 1145 1667 1180 Ejusdem
1684 1155 1746 1174 ora-

119 1189 204 1215 tionis
214 1187 247 1214 de
256 1188 435 1214 translatione
451 1194 547 1213 manus
558 1185 587 1212 S.
596 1185 709 1211 Joannis
722 1184 858 1219 Baptista.
869 1185 990 1212 meminit
1001 1186 1083 1212 etiam
1097 1185 1150 1213 Leo
1164 1187 1278 1214 All-alius
1291 1188 1316 1214 itt
1329 1188 1449 1214 Diatriba
1460 1188 1497 1215 De
1508 1188 1666 1223 Symeouum
1678 1189 1748 1215 scri-

119 1232 184 1265 ptis,
198 1239 258 1266 pag.
275 1230 319 1264 96.
337 1231 490 1264 ibidemque
505 1237 535 1256 ea
552 1228 645 1255 itidem
663 1233 692 1255 ut
708 1229 734 1254 in
750 1228 802 1254 ltoc
819 1229 913 1255 codice
933 1236 982 1256 ms.
997 1229 1132 1261 Caesareo.
1143 1230 1302 1257 attribuitur
1314 1230 1450 1258 Theodoro
1469 1231 1660 1265 Daplmopata'.
1674 1232 1746 1259 Idem

119 1275 235 1302 Allatius
250 1274 347 1301 ibidem
360 1281 420 1308 pag.
430 1272 465 1299 87
475 1273 554 1299 aliam
571 1272 721 1299 oratiottem
733 1270 869 1298 Theodori
893 1270 1075 1306 DapbnOputze
1097 1273 1199 1308 prafert
1217 1273 1249 1300 In
1271 1273 1446 1301 Natiuitalem
1465 1275 1652 1306 Pra'cursoris,
1664 1275 1703 1306 ei;
1717 1276 1748 1302 τὸ

119 1321 242 1354 γενέσιον
256 1319 301 1345 τοῦ
314 1318 407 1353 τιμίου
420 1318 588 1353 Προδρόμου,
601 1324 661 1351 quae
676 1317 770 1351 incipit
786 1317 817 1343 Et
834 1318 883 1351 μὲν
897 1318 910 1343 ό

946 1315 974 1343 οὖ
991 1317 1077 1348 Λόγου
1095 1316 1184 1351 κήρυξ
1199 1317 1245 1344 καὶ
1257 1318 1422 1352 πρόδρομος,
1433 1323 1514 1352 atque
1530 1319 1556 1344 itt
1572 1319 1664 1346 codice
1678 1318 1746 1346 10H

120 1362 255 1390 Vaticano
271 1363 401 1389 tribuitur
414 1361 583 1389 'I‘Iteodoreto
598 1360 659 1395 llyri
679 1360 817 1394 episeopo,
837 1360 919 1386 Θεοδο

942 1360 997 1386 [του
1023 1361 1175 1386 ἐπισκόπου
1193 1357 1303 1396 Κύρου,
1318 1362 1398 1395 cujus
1414 1362 1487 1389 inter
1506 1363 1592 1396 Opera
1609 1362 1742 1397 impressa

118 1406 214 1434 Gut-ce
238 1411 265 1433 et
288 1405 384 1432 Latine
407 1405 555 1431 invenitur.
580 1404 620 1430 Ad
645 1404 772 1430 eumdem
795 1403 968 1430 Theodorum
991 1403 1197 1438 Dapltnopatam
1222 1405 1349 1438 pertinet.
1369 1405 1526 1432 Encomium
1551 1407 1638 1432 sancti
1663 1405 1746 1433 Pauli

118 1449 234 1484 apostoli
248 1457 280 1475 ea;
294 1448 404 1475 diuersis
421 1447 570 1479 collectum,
592 1447 671 1481 cujus
686 1446 809 1473 meminit
822 1445 876 1473 Leo
892 1447 1007 1474 Allatius
1025 1447 1051 1473 in
1070 1448 1188 1474 Diatriba
1209 1448 1247 1474 De
1262 1447 1435 1483 Symeonibus
1450 1457 1510 1483 pag.
1523 1457 1564 1476 Ill.
1587 1449 1745 1484 Ἐγκώμιον

117 1495 177 1521 ἀπὸ
195 1494 333 1528 διαφόρων
356 1493 443 1526 λόγων
458 1491 505 1518 τοῦ
521 1491 728 1526 Χρυσοστὸμου,
744 1491 785 1522 εἰς
807 1490 852 1516 τὸν
875 1491 917 1524 ἆγε

945 1500 952 1517 t
976 1490 1127 1516 ἀπόστολον
1142 1490 1247 1517 Παῦλον
1269 1492 1320 1518 sub
1336 1493 1446 1518 nomine
1466 1491 1597 1518 Theodori
1613 1494 1745 1525 magistri.

117 1543 147 1565 et
162 1538 268 1571 incipit,
283 1537 338 1571 Τῆς
356 1536 404 1570 μὲν
418 1535 576 1569 ἐπιγραφῆς
592 1535 646 1560 τῶν
662 1533 852 1561 ἁποστολικῶν
869 1534 917 1568 τιρά

944 1542 1007 1559 εων.
1019 1533 1085 1559 Nam
1102 1539 1131 1560 ut
1145 1539 1220 1561 notat
1242 1534 1362 1561 Savilius
1378 1536 1411 1561 ad
1429 1535 1633 1567 Apantltismata
1648 1536 1742 1568 citata,

117 1581 229 1608 illoruttt
247 1585 341 1606 auctor
355 1580 381 1606 in
398 1586 465 1605 mss.
480 1579 621 1605 codicibus
635 1577 766 1605 Vaticano
783 1582 809 1604 et
827 1577 961 1609 Palatino.
973 1577 1059 1604 fertur
1077 1576 1229 1604 Tlteotlorus
1243 1578 1379 1612 magister.
1395 1578 1442 1612 qui
1459 1579 1486 1605 in
1501 1578 1626 1605 Caesareo
1639 1579 1742 1606 diserte

117 1625 297 1658 Daplmopata
318 1623 478 1657 app.~llatur.
499 1622 587 1656 Atque
597 1622 679 1648 etiam
695 1622 746 1648 hoe
762 1621 919 1648 Encomium
934 1621 1068 1655 reperitur
1084 1621 1154 1647 ittter
1179 1621 1384 1654 Apantltiunata
1409 1624 1483 1649 varia
1508 1622 1589 1656 hujus
1606 1622 1746 1650 Theodori

119 1674 150 1699 in
166 1669 285 1695 editione
301 1667 451 1698 Saviliana,
465 1665 582 1701 Operum
597 1665 651 1692 divi
667 1665 863 1700 Cltrysostomi.
877 1664 907 1691 In
926 1664 1121 1692 Dissertatione
1137 1664 1173 1691 De
1186 1664 1316 1699 Operibns
1337 1666 1423 1692 sancti
1440 1664 1554 1693 Joannis
1569 1665 1749 1702 Cltrgsostomi

117 1713 209 1743 editis.
219 1719 279 1746 cap.
293 1710 320 1743 9,
336 1710 453 1737 Savilius
481 1709 564 1736 refert
594 1708 745 1743 Florigeria
762 1707 858 1735 XXXI
885 1716 918 1735 ea:
934 1707 1060 1735 IIomiliis
1086 1709 1174 1735 sancti
1205 1708 1316 1735 Joannis
1345 1708 1529 1744 Chrysostomi
1557 1711 1678 1745 decerpta
1701 1719 1748 1745 per

119 1755 287 1782 Theodorum
299 1755 456 1788 magistrum
472 1753 506 1779 de
520 1760 576 1787 quo
595 1752 744 1786 loquimur,
762 1760 824 1787 qum
848 1752 929 1778 babet
948 1752 1037 1779 dictus
1059 1751 1178 1778 Savilius
1196 1757 1270 1779 tonto
1284 1751 1338 1784 VII,
1354 1760 1415 1787 pug.
1433 1753 1486 1780 665
1502 1753 1631 1782 editionis
1646 1754 1748 1781 Grmcza

119 1798 266 1826 Etonensis
285 1805 371 1832 usque
384 1797 417 1824 ad
439 1795 584 1831 Florilegia
597 1795 730 1829 XLVIII,
744 1795 847 1823 additis
870 1803 919 1822 neu

945 1802 968 1821 te
981 1794 1009 1827 5,
1025 1795 1052 1826 9,
1073 1795 1116 1826 II,
1130 1794 1176 1824 22,
1193 1795 1238 1827 28,
1264 1795 1309 1827 52,
1331 1796 1376 1825 53,
1394 1795 1439 1827 39,
1456 1795 1501 1828 ιο,
1516 1797 1561 1829 Η,
1578 1797 1622 1828 ﬂ.
1639 1797 1683 1828 45.
1701 1797 1745 1828 Η.

117 1842 166 1880 45,
182 1841 226 1873 ιο,
244 1841 277 1868 47
296 1846 323 1868 et
335 1840 380 1867 48.
399 1840 496 1867 Verum
517 1847 551 1866 ex
567 1840 610 1867 Itis
631 1847 711 1874 quam
732 1840 847 1874 plurima
870 1843 1056 1873 excerpuntur
1073 1846 1106 1865 ex
1120 1839 1173 1866 illis
1195 1840 1315 1866 homiliis
1330 1847 1390 1874 quae
1402 1845 1561 1874 supersunt,
1578 1845 1660 1875 atque
1679 1842 1748 1868 adeo

119 1886 186 1914 alibi
199 1885 344 1912 habentur.
363 1885 400 1911 De
417 1884 460 1911 Itis
475 1887 566 1910 autem
581 1883 616 1910 ita
635 1882 754 1910 Savilius
773 1883 800 1910 in
816 1883 888 1910 notis
911 1884 944 1909 ad
967 1887 1072 1910 tantum
1092 1882 1147 1913 VII.
1162 1885 1215 1910 col.
1235 1883 1286 1910 9l9
1304 1884 1433 1910 editionis
1449 1892 1505 1911 suae
1519 1884 1621 1912 (ἷιι-ειιείιε
1634 1893 1640 1911 :
1653 1886 1748 1920 Apau-

124 1929 280 1956 thismatum
294 1935 418 1954 numerus
449 1927 476 1953 in
501 1926 690 1960 manuscriptis
707 1926 761 1961 fere
785 1926 830 1957 52,
848 1927 882 1953 55
898 1926 935 1953 vel
949 1926 995 1959 55,
1010 1927 1106 1961 quibus
1121 1926 1144 1953 si
1159 1928 1249 1953 demas
1271 1926 1298 1957 9.
1320 1927 1364 1958 II,
1378 1933 1401 1953 et
1417 1927 1464 1959 28.
1483 1933 1623 1961 supersunt
1644 1933 1747 1957 tantum

121 1973 212 2007 capita
225 1972 275 2003 51,
289 1970 449 2005 Eclogarunt
462 1970 566 1997 nomine
575 1969 638 2004 jure
657 1969 797 1996 censenda.
816 1969 898 1997 Plura
914 1970 948 1997 de
961 1970 1003 1998 bis
1023 1971 1052 1997 in
1065 1969 1264 1998 Dissertatione
1279 1970 1317 1997 De
1339 1971 1468 2005 Uperibua
1493 1970 1747 2007 Chrysostomianis,

120 2023 183 2050 cap.
200 2015 228 2052 9,
243 2015 276 2041 ad
291 2014 364 2048 qttod
392 2014 522 2040 lectorem
549 2013 694 2044 mittimus.
707 2013 837 2040 omnibus
861 2019 895 2040 ex
924 2012 1028 2040 Savilio
1044 2014 1174 2048 acceptis.
1193 2013 1242 2041 Hic
1258 2013 1419 2041 Theodorus
1437 2019 1531 2041 noster
1549 2015 1740 2050 Dapltnopata.

120 2059 294 2094 postmodum
321 2058 382 2085 aula
418 2057 593 2092 imperatoris
621 2056 760 2089 derelicta.
784 2064 833 2090 pro
853 2064 930 2084 more
959 2056 1118 2084 Graecorum
1143 2057 1304 2090 multorum,
1321 2058 1438 2092 elegisse
1464 2058 1642 2085 monasticam
1662 2061 1745 2085 vitam

120 2102 240 2134 videtur,
251 2107 333 2136 atque
349 2100 493 2135 scripsisse
509 2099 665 2126 Encomium
682 2100 709 2126 in
724 2105 847 2126 sanctum
858 2098 1014 2135 Gregorium
1032 2099 1237 2128 Nazianzenum
1251 2106 1275 2127 et
1293 2100 1557 2135 Constantinopoleos
1572 2103 1749 2137 arcltiepisco.

119 2154 194 2180 pum.
210 2146 248 2172 uti
265 2146 345 2172 habet
356 2144 453 2171 Petrus
470 2143 634 2170 Lambecius
651 2144 719 2171 libro
733 2151 759 2171 vt
775 2143 1042 2171 Commentariorum
1063 2143 1240 2172 Bibliotltece
1253 2144 1386 2172 Caesareae
1401 2145 1631 2177 Vindobonensis.
1639 2151 1714 2180 parte
1726 2153 1747 2178 ι,

121 2190 155 2217 ad
168 2189 288 2217 codicem
306 2197 357 2217 ms.
370 2188 516 2223 juridicutn
532 2187 657 2215 Grazcum
671 2195 747 2215 num.
768 2188 813 2225 I0,
829 2187 933 2223 pag.56
946 2187 989 2214 Itis
1006 2187 1116 2215 verbis:

161 2255 171 2272 ι
188 2246 298 2274 Decimo
314 2250 342 2274 et
354 2245 462 2280 quidem
477 2252 492 2272 a
507 2244 571 2272 folio
584 2244 649 2276 22I,
661 2252 722 2279 pag.
742 2245 768 2276 I,
789 2251 876 2279 usque
900 2244 934 2271 ad
958 2243 1054 2271 folium
1075 2243 1139 2274 292.
1154 2251 1216 2279 pag.
1234 2243 1264 2278 2,
1283 2245 1409 2273 Theodori
1426 2245 1549 2281 Magistri
1566 2248 1652 2274 oratio
1671 2256 1749 2275 enea.

122 2289 245 2317 miastica
262 2290 289 2316 in
313 2294 434 2316 sanctum
451 2287 607 2322 Gregorium
633 2287 851 2320 Nazianzenum,
867 2287 922 2322 cujt

973 2287 1070 2315 titulus
1091 2292 1119 2314 et
1135 2288 1300 2322 principium
1316 2297 1323 2316 :
1339 2289 1426 2323 Λόγος
1442 2291 1664 2325 ὲγκωμιαστικὸς
1680 2291 1748 2326 πρὸς

121 2334 170 2360 τὶν
184 2335 213 2360 ὃν
231 2333 320 2367 ἁγίοις
334 2333 445 2367 Πατέρα
461 2332 539 2367 ἡμῶν
557 2332 775 2367 ἀρχιεπίσκοπον
799 2331 1115 2362 Κωνσταντινουπὸλεως
1137 2332 1185 2357 καὶ
1206 2332 1398 2367 οῑκουμενικὺν
1421 2333 1582 2360 διδάσκαλον
1595 2333 1748 2369 Γρηγόριον

122 2378 168 2404 τὸν
185 2376 329 2410 Θεολόγον,
351 2377 521 2410 συγγραφεὶς
533 2376 610 2410 παρὰ
624 2375 672 2401 τοῦ
681 2375 851 2409 τιμιωτάτου
866 2376 895 2402 ὲν
912 2377 1052 2411 μοναχοίς,
1067 2376 1228 2410 σοφωτάτου
1253 2378 1300 2404 καὶ
1323 2377 1493 2411 λογιωτάτου
1511 2378 1594 2413 κυροῦ
1609 2377 1748 2413 Θεοδώρου

121 2421 169 2448 τοῦ
192 2421 357 2456 μαγίστρου.
369 2420 426 2455 Οὐχ
439 2420 512 2451 ὅπως
523 2419 578 2445 οὐδ’
595 2419 628 2446 ἂν
646 2417 686 2450 εἷς
704 2416 781 2454 οἶμαι
796 2419 852 2446 τῶν
868 2419 988 2451 πάντων,
1006 2419 1061 2445 οὐδ’
1076 2419 1150 2450 ὅπως
1172 2428 1197 2445 τι
1220 2417 1267 2446 οὖν
1287 2421 1350 2454 ἐμοὶ
1367 2422 1530 2455 νεμεσήσαι,
1545 2422 1600 2448 οὐδ’
1619 2422 1750 2453 ἀπονοίας

121 2463 231 2500 ἧστινος
247 2462 295 2491 οὖν
310 2464 376 2496 ἕλοι,
389 2464 437 2490 καὶ
450 2463 578 2498 θράσους,
591 2463 615 2488 si
626 2463 708 2497 μηδὲν
726 2464 796 2497 μήτε
807 2463 837 2489 τὸ
851 2463 966 2498 μέγεθος
983 2463 1216 2498 ὑπολογισάμενος
1233 2463 1280 2490 τοῦ
1296 2464 1430 2499 παρόντος
1445 2465 1625 2499 ἀγῶνος,οὒδ“
1640 2465 1678 2497 ὡς
1694 2469 1747 2492 etc.

125 2508 199 2536 Idem
213 2513 304 2536 autem
320 2507 482 2536 Lambecius
498 2507 568 2534 libro
581 2515 597 2534 ν
610 2507 874 2535 Commentariorum
892 2507 971 2534 dictae
991 2506 1165 2534 Bibliotheca:
1183 2507 1278 2535 codice
1295 2507 1358 2542 266.
1375 2516 1451 2536 num.
1476 2509 1520 2539 I3.
1536 2509 1701 2544 ascripserat
1714 2516 1748 2537 ex

121 2552 289 2587 conjecturis
315 2552 386 2579 idem
414 2551 574 2578 Eucomium
600 2551 708 2578 cuidam
725 2551 853 2587 Symeoni
874 2551 969 2582 Setho,
986 2558 1048 2586 pag.
1064 2550 1130 2583 201,
1145 2550 1189 2578 his
1202 2551 1303 2578 verbis.
1323 2551 1433 2579 Decimo
1453 2552 1536 2579 tertio
1550 2555 1578 2579 et
1606 2551 1715 2587 quidem
1732 2559 1747 2578 a

121 2595 190 2623 folio
203 2596 265 2628 I67,
280 2602 340 2630 pag.
373 2595 400 2626 1,
429 2602 515 2628 usque
545 2595 577 2622 ad
604 2594 699 2622 folium
719 2595 783 2627 232,
817 2603 878 2630 pag.
903 2595 932 2622 2.
953 2594 1085 2629 Anonymi
1108 2594 1246 2629 cujusdam
1278 2594 1402 2631 Magistri
1431 2595 1478 2631 qui
1503 2595 1620 2631 Symeon
1649 2596 1749 2625 Sethus

121 2647 185 2668 esse
215 2638 322 2665 videtur
350 2637 430 2673 (solut
451 2638 523 2665 ettim
550 2638 589 2665 illi
603 2638 686 2665 etiam
714 2639 740 2665 in
763 2639 824 2666 aliis
852 2639 990 2666 nonnullis
1015 2645 1083 2664 mss.
1108 2637 1249 2665 codicibus
1268 2637 1381 2672 Graecis,
1406 2639 1504 2666 titulus
1521 2639 1684 2675 Μαγιστρου
1700 2641 1750 2667 καὶ

128 2681 257 2717 Ῥήτορος
270 2682 488 2708 antonomastice
503 2681 627 2716 attribui)
641 2681 735 2708 Oratio
750 2683 938 2710 encomt‘astica
956 2684 984 2708 in
1011 2686 1133 2708 sanctum
1151 2680 1307 2716 Gregorium
1332 2681 1536 2711 Nazianzenum
1558 2683 1748 2712 Patriarcltam

124 2724 460 2758 Constantinopolitanum,
482 2724 561 2758 cujus
577 2724 671 2751 titulus
685 2729 712 2751 et
731 2726 895 2760 principium
916 2734 923 2752 :

947 2725 1000 2752 Τοῦ
1014 2726 1170 2759 σοφωτάτου
1190 2725 1236 2752 καὶ
1249 2727 1470 2762 ρητορικωτάτου
1485 2728 1646 2763 Μαγίστρου
1667 2727 1747 2763 λόγος

123 2769 347 2804 ἑγχωμιαστικὺς
364 2767 433 2803 πρὸς
451 2768 496 2793 τὸν
514 2769 543 2793 ἐν
564 2767 652 2801 ἁγίοις
669 2768 780 2803 Πατέρα
794 2769 885 2804 ἡμῶν,
903 2769 951 2796 καὶ
966 2769 1157 2802 οῐκουμενικὸν
1171 2769 1343 2804 διδάσκαλον,
1364 2771 1584 2806 ἁρχιεπίσκοπον
1605 2773 1749 2799 Κωνστανη

122 2811 316 2843 τινουπόλεως,
337 2812 490 2847 Γρηγὸριον
505 2811 551 2837 τὶν
578 2811 721 2845 Θεολόγον.
742 2813 799 2847 Οὐχ
823 2814 897 2844 ὃπως
914 2813 969 2839 οὐδ’
994 2813 1028 2841 ἂν
1044 2810 1084 2844 εἷς
1099 2811 1177 2847 οἶμαι
1197 2813 1251 2840 τῶν
1280 2815 1400 2848 πάντων,
1415 2815 1469 2842 οὔδ’
1485 2816 1560 2848 ὃπως
1575 2825 1601 2843 τι
1620 2814 1666 2842 οὖν
1686 2817 1749 2850 ἐμοὶ

119 2856 280 2891 νεμεσήσαι,
299 2855 353 2882 οὐδ’
371 2855 512 2887 ἀπονοίας,
525 2864 534 2880 t
554 2859 607 2883 etc.
623 2854 743 2891 Denique
759 2857 784 2882 in
800 2855 919 2883 bibliotln

948 2864 962 2884 a
980 2856 1233 2893 lntgdunocBatava
1250 2863 1344 2885 nostra
1362 2859 1389 2886 in
1399 2867 1470 2891 mss.
1488 2859 1628 2889 codicibus
1644 2859 1746 2888 Graecia
