2027 3077
286 151 336 184 611
884 151 1022 180 THEOD.
1046 151 1076 180 D.

1127 149 1305 180 ΗΝΟΡΛΤᾹΞ
1854 148 1910 180 612

284 206 372 235 Isaaci
393 205 494 237 Vossii,
511 205 604 233 codice
617 205 710 233 Graeco
723 206 785 238 144,
807 205 866 232 Vim
881 208 965 233 sancti
980 206 1076 234 Theodt

1129 207 1254 237 Sluditae.
1268 205 1315 232 τοῦ
1336 205 1390 232 τῶν
1405 204 1539 231 Στουδιων
1557 204 1722 240 ἡγουμένου,
1739 213 1754 232 a
1771 204 1911 233 Theodoro

285 250 424 284 magistro.
438 249 482 284 qui
496 249 572 283 vulgo
587 250 767 284 Δαφνοπάτης
793 250 901 281 dicitur,
921 251 1086 285 conscripta.
1108 251 1142 278 Et
1163 251 1189 277 in
1208 250 1365 284 Augustana
1381 249 1545 276 bibliotheca
1574 249 1667 276 codice
1696 249 1740 281 68,
1759 249 1811 276 sub
1826 249 1909 277 linem

285 293 400 324 codicis,
417 297 445 319 ut
458 300 490 319 ex
506 292 635 327 Catalogo
651 298 768 320 constat.
791 293 887 321 Petrus
903 293 1064 321 Lambecius
1076 294 1146 322 libro
1162 302 1188 321 tv
1202 293 1466 321 Commentariorum
1493 293 1666 320 bibliothecae
1683 292 1908 321 Vindobonensis

285 336 379 363 codice
391 335 452 366 165,
470 343 530 371 pag.
546 336 609 368 160,
623 341 747 364 recenset
766 341 817 364 hoc
829 337 923 364 codice
937 337 1071 364 Contineri
1088 337 1286 371 Expositioncm
1306 336 1435 364 Theodori
1461 337 1615 363 Antiocheni
1637 337 1663 362 in
1685 336 1824 363 duodecim
1844 345 1909 371 pro~

285 378 376 412 pheta:
395 379 517 410 minores,
535 386 615 412 quem
632 378 730 406 Petrus
747 379 910 407 Lambecius
927 380 1011 408 fuisse
1027 380 1199 415 Mopsuestia:
1214 381 1240 406 in
1253 380 1348 407 Cilicia
1368 380 1524 414 episcopum
1541 383 1626 414 putat.
1640 380 1686 414 qui
1703 387 1775 406 anno
1795 380 1850 407 450
1863 381 1908 407 vel

286 421 368 454 paulo
397 425 458 448 ante
482 421 592 448 obierit.
612 421 698 456 Hujus
726 423 822 449 titulus
852 427 878 450 et
905 423 1076 458 principium,

1127 423 1242 458 εοδὼρου
1273 423 1433 458 ’Δντιοχέως
1457 423 1590 458 ἑρμηνεία
1607 424 1646 454 εἰς
1669 423 1733 453 τοὺς
1748 424 1909 457 προφήτας.

291 462 441 498 Ἐρμηνεία
461 464 540 499 Ὠσηὲ
560 464 607 491 τοῦ
625 465 782 500 Προφήτου,
800 466 840 497 εις
854 466 965 501 ἔλεγχον
980 466 1034 492 τῶν
1050 466 1241 499 ἀϐασανίστως
1252 467 1409 494 ὲπιὸάλλειν
1420 467 1481 498 ταῖς
1499 467 1682 502 προφητικαῖς
1695 466 1910 501 ἐπιχειρούντων

285 507 397 540 φωναῖς.
414 509 495 536 Putat
521 512 611 534 autem
634 507 795 536 Lambecius
819 517 852 536 ex
867 509 955 536 Photii
972 509 1076 536 Bibliat.

1127 519 1148 542 π,
1166 511 1258 538 codice
1271 511 1316 543 58,
1333 511 1377 538 ubi
1404 515 1570 538 memoratur
1584 509 1722 544 Θεοδώρου
1743 509 1909 544 Ἀντιοχέως

283 548 330 575 τοῦ
343 549 533 584 Μοψουεστίας
547 551 682 586 ἑρμηνεία
694 552 744 586 τῆς
762 552 890 584 κτίσεως,
906 553 957 580 hoc
971 560 1039 587 opus
1057 561 1076 580 ai

1127 562 1177 581 :um
1202 559 1325 589 spectare
1341 562 1348 580 :
1367 562 1417 588 ego
1431 559 1520 581 autem
1537 554 1616 588 longe
1636 553 1793 580 recentioris
1808 554 1911 583 astatis.

283 600 315 620 ex
333 594 391 628 ipso
419 595 492 622 illius
511 595 588 622 initio
605 596 677 623 hunc
704 597 930 624 commentarium
959 605 1019 625 esse
1039 598 1157 625 arbitror
1182 602 1264 632 atque
1286 599 1422 632 pertinere
1449 597 1482 624 ad
1509 597 1682 624 Theodorum
1700 596 1908 631 Daphnopatam

284 637 496 668 Antiochenum,
515 639 561 673 qui
576 647 607 666 ex
625 639 679 666 divi
706 640 897 676 Clirysostomi
922 641 1085 669 Antiocheui
1104 642 1233 676 operibus
1254 642 1459 675 Apaulhismata
1482 640 1628 675 excerpsit.
1641 639 1809 667 Sententia":
1827 640 1913 666 Lam-

286 680 353 707 bccii
370 685 481 708 secutus
498 687 540 709 est
552 682 707 710 lli-rnardus
723 684 756 710 de
780 683 969 716 Montl‘aucou,
986 686 1140 713 monachus
1160 685 1354 712 Benedictinus
1378 685 1601 719 congregatioues
1622 683 1650 711 S.
1669 683 1754 711 Mauri
1769 684 1796 710 in
1814 683 1905 710 Gallia

284 723 312 750 in
329 724 419 752 Diario
434 725 625 757 Italico.eilito
638 727 751 754 Parisiis
765 728 792 755 iu
805 729 833 760 4,
850 737 923 755 anno
948 729 1027 759 1702,
1048 729 1118 762 apud
1137 729 1270 756 Joannem
1298 729 1427 762 Anissou,
1446 728 1492 755 ubi
1507 729 1540 754 de
1563 727 1671 755 duobus
1686 727 1747 753 aliis
1763 727 1913 754 Commea-

285 768 345 795 tarii
361 769 441 803 hujus
464 770 491 796 in
509 770 581 796 Italia
600 778 666 798 mss.
681 771 822 798 codicibus
837 772 956 805 loquitur
971 772 1013 798 his
1025 773 1115 799 verbis
1133 780 1194 807 cap.
1214 773 1241 804 5,
1258 773 1302 800 tibi
1314 772 1348 798 de
1363 780 1428 798 mss.
1445 771 1584 798 codicibus
1599 770 1694 798 musti
1712 770 1832 796 Grimani
1845 771 1903 804 agit

285 819 346 846 pag.
371 813 405 840 59
423 822 430 840 :
451 823 459 839 t
480 814 607 841 Theodori
624 815 777 842 Antias/teni
795 816 821 842 in
839 816 982 843 duodecim
1001 817 1157 851 prophetas,
1171 816 1250 850 cujus
1279 817 1370 850 operis
1388 816 1494 842 initium
1513 815 1557 841 Ei:
1573 814 1682 848 ἔλεγχον
1702 813 1757 840 τῶν
1771 814 1906 840 Manul-

284 863 366 888 στως,
376 861 429 883 etc.
441 855 520 884 Liber
528 858 646 885 nondum
659 859 748 885 editus
762 859 876 892 videtur,
892 864 981 886 exstat
996 867 1102 894 quoque
1114 860 1141 886 in
1157 860 1321 887 bibliotheca
1335 859 1457 886 Caesarea
1468 857 1668 885 Vindoboneusi
1686 861 1712 884 et
1724 857 1752 883 in
1766 856 1907 883 Vaticana.

282 898 380 927 Nes<io
390 901 468 935 cujus
483 900 616 928 Theodori
632 902 678 933 sit.
689 909 722 928 an
738 902 909 935 Antioclieni,
922 911 956 930 an
971 903 1145 936 Heracleotze,
1160 911 1193 930 an
1207 903 1318 930 alterius
1328 902 1451 937 ejusdem
1469 901 1597 939 nominis,
1610 901 1656 934 qui
1669 901 1737 926 bene
1757 900 1834 926 multi
1849 899 1911 926 fue-

283 947 356 970 runt.
371 943 432 971 Haec
452 944 651 972 Commentario
671 945 748 972 bona:
763 950 835 973 notae
847 951 920 978 sunt,
933 946 1018 973 codex
1037 954 1143 974 recens.
1164 955 1174 972 ι
1196 947 1226 973 Et
1239 954 1299 981 pag.
1310 946 1356 978 46,
1373 946 1417 973 ubi
1430 946 1463 972 de
1475 945 1637 972 bibliotheca
1657 943 1754 970 Ileletii
1769 943 1902 977 Typaldi;

282 988 480 1023 lrcliiepiscopi
494 989 695 1024 Philadelphim,
706 989 860 1017 Graecorum
875 990 1030 1017 antistitis.»
1041 990 1069 1017 lu
1084 990 1137 1018 alio
1151 992 1243 1019 codice
1260 991 1388 1018 Theodori
1402 989 1591 1016 Antioclieniin
1605 988 1742 1014 duodecim
1757 987 1910 1020 prophetas,

284 1031 329 1058 ide
342 1041 355 1056 ιι
371 1039 450 1066 opus,
463 1032 497 1059 de
513 1041 566 1066 quo
587 1040 669 1068 supra
686 1034 713 1060 in
726 1033 829 1060 :rdibus
839 1033 977 1061 Grimanis
992 1034 1090 1069 agitur.
1107 1034 1135 1061 ln
1151 1035 1257 1062 monito
1271 1034 1304 1061 ad
1320 1033 1549 1061 Commentariuiu
1576 1031 1663 1064 Oscae,
1683 1031 1727 1057 hic
1748 1030 1910 1058 Theodorus

283 1075 349 1102 ciunt
362 1083 441 1102 suum
458 1076 556 1104 librum
577 1077 603 1103 in
620 1076 751 1104 Psalmos.
771 1076 901 1104 Litteram
930 1077 1012 1112 vulgo
1039 1078 1164 1112 explicat.
1192 1077 1409 1105 Commentarius
1422 1077 1498 1103 bonae
1512 1080 1590 1102 uotae.
1606 1074 1664 1101 Non
1680 1073 1790 1101 memini
1803 1082 1837 1100 an
1855 1082 1909 1100 vox

296 1120 446 1154 Λντιοχέως
461 1121 618 1147 ΑηιὶοσΙιεηὶ
633 1121 659 1147 in
677 1121 770 1148 codice
784 1120 898 1154 legatur,
914 1128 947 1147 an
978 1128 993 1147 a
1022 1128 1063 1147 me

1127 1121 1251 1156 opinione
1268 1120 1369 1154 adjecta
1387 1119 1431 1146 sit.
1452 1128 1460 1144 |
1481 1118 1542 1145 llrc
1560 1125 1609 1151 ego
1629 1117 1711 1144 habui
1737 1117 1851 1144 dicenda
1874 1117 1909 1144 de

292 1163 421 1190 'Iteodoro
441 1163 629 1198 Daphnopata,
645 1171 705 1198 qua
719 1163 912 1198 supeditaruut
937 1163 1074 1191 Gerardus
1086 1164 1206 1191 Joannes
1221 1163 1333 1190 Vossius
1352 1162 1399 1190 lib.
1426 1169 1467 1189 Ill.
1492 1161 1528 1188 De
1553 1161 1686 1188 historicis
1715 1159 1828 1191 (ἲν-ατὰ,
1845 1168 1909 1195 pag.

292 1206 350 1232 nihi
381 1207 453 1238 “8;
475 1207 528 1234 Leo
552 1208 668 1234 Allatius
693 1208 720 1234 in
741 1207 859 1234 Diatriba
886 1207 924 1233 De
952 1206 1129 1238 Simeouibut.
1144 1215 1205 1242 pag.
1221 1207 1266 1236 96.
1291 1206 1325 1234 97
1349 1210 1375 1232 ct
1397 1205 1458 1235 111.
1473 1203 1569 1231 Petrus
1585 1203 1757 1234 Lambecius,
1776 1203 1846 1230 libro
1870 1211 1906 1229 Iv.

285 1248 546 1276 Ifoinmentoriornm
559 1249 732 1277 Bibliotheca;
744 1250 873 1277 Caesareae
883 1249 1109 1282 Viudoboneusis,
1122 1258 1182 1285 pag.
1194 1250 1240 1281 60,
1254 1249 1305 1276 157
1318 1254 1344 1276 et
1356 1248 1407 1276 159
1419 1256 1426 1279 ;
1445 1247 1604 1275 Guillclmus
1619 1245 1708 1273 Cavus
1723 1251 1796 1273 tomo
1813 1245 1846 1278 ll,
1860 1253 1910 1273 seu

286 1295 362 1326 parte
379 1299 397 1318 ιι
409 1292 531 1318 Ηὶειονίαι
545 1292 694 1325 litterariis,
708 1293 740 1319 ad
759 1300 857 1319 annum
871 1292 934 1326 956,
948 1300 1002 1328 quo
1018 1293 1073 1320 illiti

1128 1293 1204 1321 llisit.

290 1400 1886 1410 φυῇ-*ἪΜῂ

643 1483 1006 1541 THEODORI
1053 1480 1551 1539 ΒΑΙἮΝΟΡΑΤλἘ

994 1593 1205 1625 ENCOMIUM

663 1696 867 1741 SANCTI
907 1695 1163 1740 JOANNIS
1200 1695 1526 1739 BAPTlST/E.

529 1792 636 1822 Exstat
653 1791 736 1822 inter
753 1799 849 1831 opera
869 1789 1074 1821 Theodoreti.
1098 1789 1176 1820 Vide
1206 1793 1281 1820 tom.
1319 1790 1484 1827 LXXXIV,
1515 1790 1577 1821 col.
1611 1790 1659 1821 33.

1236 1904 1892 1913 ————.——————.—_—___

644 1987 1012 2044 THEODORI
1055 1986 1553 2043 DAPHNOPATfE

978 2117 1208 2163 ORATIO

388 2217 422 2246 IN
451 2214 744 2246 TRANSLATIONEM
761 2214 878 2242 MANUS
897 2213 927 2241 S.
953 2212 1209 2241 PRAECURSORIS
1226 2211 1410 2241 ANTIOCHlA
1426 2211 1780 2243 CONSTANTINOPOLIN.

844 2302 927 2334 (Apud
942 2302 1042 2327 Surium
1057 2303 1086 2327 ad
1098 2302 1164 2327 diem
1178 2302 1208 2327 29
1222 2300 1350 2333 Augusti.)

1092 2390 1127 2397 .—

324 2474 345 2501 1.
360 2472 429 2501 Ecce
457 2471 490 2498 ad
506 2477 557 2497 nos
576 2476 671 2496 rursus
685 2468 760 2495 venit
783 2469 976 2496 sacrosanctus
995 2464 1079 2493 Chri-
1092 2468 1113 2497 Α
1129 2472 1209 2493 suum
1225 2466 1321 2493 festum
1338 2464 1488 2492 ketilicaus.
1501 2463 1582 2492 Venit
1607 2469 1696 2492 autem
1717 2471 1771 2492 non
1788 2468 1818 2492 ut
1834 2466 1912 2500 prius

290 2520 324 2548 sti
343 2519 513 2548 Pracursor,
540 2515 649 2543 abunde
680 2513 781 2541 ﬂuenta
806 2513 934 2540 emitteus
962 2518 1074 2538 suarum

290 2565 439 2601 gratiarum
457 2572 464 2590 ε
481 2567 509 2591 et
529 2569 626 2589 rursus
641 2561 699 2588 dies
717 2560 788 2588 alius
804 2558 919 2586 celebris
942 2557 1075 2589 redditur,

290 2612 337 2647 qui
355 2611 458 2645 majora
482 2613 509 2636 et
525 2608 676 2644 potentiora
693 2607 746 2634 alia
761 2605 880 2633 ostendit
905 2607 1075 2638 argumenta,

291 2666 374 2694 quam
391 2665 453 2693 qua:
468 2659 534 2684 sunt
549 2654 577 2682 in
604 2653 666 2680 aliis
693 2652 753 2687 ejus
781 2651 920 2683 festis;et
945 2656 1005 2681 eos,
1031 2648 1077 2683 qui

291 2705 369 2732 festis
387 2703 568 2733 delectantur,
588 2699 680 2728 evehit
690 2699 723 2726 ad
737 2696 914 2725 excelsiorem
931 2694 1078 2722 miraculo-

291 2756 352 2777 rum
369 2747 626 2775 considerationem.
642 2743 712 2771 Ecce
723 2742 795 2769 Solis
808 2740 925 2776 justitize
946 2739 1037 2766 clarus
1051 2743 1078 2765 et

292 2794 368 2822 omni
394 2800 427 2820 ex
453 2795 531 2826 parte
560 2789 665 2817 lucidus
695 2787 790 2815 lucifer
816 2785 996 2822 resplenduit,
1021 2785 1079 2812 suis

293 2839 380 2867 radiis
391 2838 534 2866 lllustrans
553 2839 637 2863 totam
662 2833 789 2862 Ecclesiae
817 2831 1023 2867 plenitudinem.
1053 2836 1079 2858 et

1125 2519 1172 2545 per
1192 2518 1269 2539 suam
1287 2510 1463 2542 nativitatem,
1479 2517 1567 2544 neque
1579 2514 1608 2536 ut
1627 2510 1734 2542 deinde,
1750 2510 1784 2538 ab
1804 2510 1913 2539 Herode

1127 2555 1224 2582 laetam
1233 2555 1318 2590 ipsius
1327 2554 1424 2589 capitis
1437 2555 1659 2589 amputatiouem,
1670 2562 1759 2589 neque
1770 2559 1799 2581 ut
1806 2560 1912 2589 postea,

1126 2609 1174 2636 per
1187 2609 1314 2628 arcanam
1335 2601 1454 2636 ejusdem
1472 2599 1579 2627 miriﬁci
1594 2600 1690 2635 capitis
1705 2601 1912 2632 revelationem.

1128 2647 1175 2674 sed
1193 2653 1240 2680 per
1257 2653 1379 2677 manum,
1397 2652 1457 2679 qua:
1473 2645 1523 2671 fuit
1535 2644 1575 2672 vel
1596 2644 1662 2679 ipsis
1677 2644 1779 2680 angelis
1795 2652 1912 2673 venera-

1128 2692 1202 2723 bilis.
1220 2699 1280 2726 quae
1293 2689 1395 2718 cmlcsti
1409 2689 1511 2716 lumine
1526 2689 1688 2721 illustratur,
1706 2692 1734 2716 et
1746 2689 1832 2716 sancti
1847 2689 1912 2723 Spi«

1132 2738 1201 2766 ritus
1215 2737 1301 2772 gratia
1315 2735 1503 2767 adunbratur;
1522 2742 1582 2770 qua
1605 2733 1736 2768 quidquid
1760 2738 1820 2761 erat
1844 2735 1909 2769 qui-

1127 2785 1187 2812 dem
1198 2790 1278 2818 grave
1291 2786 1318 2809 et
1344 2785 1492 2812 terrenum,
1523 2780 1549 2806 in
1575 2783 1646 2806 terra
1674 2779 1810 2814 deposuit,
1828 2784 1854 2807 ct
1874 2780 1908 2807 ad

1129 2828 1359 2862 incorruptionem
1369 2826 1491 2853 traducta
1501 2829 1541 2853 est
1552 2824 1693 2862 pervitam
1713 2824 1908 2853 continentem.
