2027 3077
122 137 171 170 (13

662 136 709 166 DE
727 135 834 166 MANU
855 134 885 164 S.
909 134 1192 165 PRrECURSORlS.

1685 131 1738 164 6H.

123 202 181 227 qua:
193 198 250 220 erat
260 200 339 228 supra
354 191 489 219 hominem
502 201 508 222 ;
521 200 580 226 qua:
589 193 664 227 prius
672 193 780 228 quidem
792 191 905 226 ingratis
921 193 941 222 Α
956 192 1008 220 sibi
1024 199 1076 219 non
1104 191 1207 223 liceret,
1223 185 1462 225 propterea'quod
1479 189 1621 224 Philippus
1637 196 1669 215 ex
1694 189 1738 215 illa

123 238 223 266 Judaeis
237 237 469 272 ostenditAgnum
484 237 542 274 Dei,
556 243 582 265 et
591 245 714 265 securem
730 238 762 265 ad
779 238 906 265 arborum

124 284 240 311 radicem
262 284 386 318 positam.
408 287 435 310 et
450 285 617 311 excisioncm
634 283 789 311 minabatur
813 291 909 317 pecca-

126 330 237 357 toribus.

163 374 197 402 ll.
212 375 290 402 Nune
306 379 396 402 autem
408 383 469 402 cuin
486 374 530 401 illa
549 374 605 408 ipsa
621 374 786 409 apparuerit,
801 378 827 401 et
843 381 910 408 pra:-

126 421 249 448 stantiori
263 421 380 455 quodam
400 420 480 447 modo
497 428 594 447 manus
608 420 724 447 evaserit
743 420 910 450 barbaricas,

126 474 140 493 a
156 467 254 502 quibus
266 466 407 493 videbatur
423 465 518 496 teneri,
534 470 660 500 tanquam
671 465 788 502 captiin.
803 472 910 499 aequum

126 516 176 544 est,
196 516 225 539 ut
243 511 269 538 in
292 511 352 538 festi
373 511 492 538 laetitiam
514 511 556 545 pie
570 515 597 537 et
612 510 911 538 reverenti-filciatur

126 562 214 585 coetus
242 565 336 584 eorum
361 557 409 592 qui
437 556 536 584 festum
559 557 678 583 libenter
705 555 859 587 celebrant;
883 559 911 582 et

127 603 211 631 nubes
224 603 346 637 quidem,
363 610 424 637 quae
442 602 590 637 interjeeta:
605 601 722 629 animam
750 601 910 636 impediunt,

125 647 184 682 ejus
200 648 256 681 illa,
275 647 523 683 quminteiligentia
541 647 698 682 percipitur,
713 647 911 674 illuminatione

126 692 253 720 discutiat
269 697 295 719 et
314 692 464 724 dissolvat;
484 693 565 719 alacri
591 697 681 719 autem
699 692 766 727 pede
782 696 807 718 et
819 691 910 719 exsul-

127 742 199 764 tante
214 737 322 772 spiritu,
341 738 373 764 ad
391 745 423 764 ea
437 745 497 772 qua:
512 741 576 764 sunt
592 738 633 764 vel
646 737 711 772 ipsis
723 737 826 771 angelis
839 737 912 764 desi-

127 782 268 816 derabilia,
284 783 410 818 mysteria
435 783 552 810 festinet.
576 782 633 810 Hoc
658 783 780 810 estenitn
813 782 910 809 festum

126 828 272 859 celebrare,
288 833 398 862 paratos
409 835 469 855 esse
484 828 516 854 ad
545 832 670 862 prompto
681 832 708 855 et
719 827 800 854 alacri
815 827 907 854 animo

127 872 325 900 occurrendum
336 872 380 905 iis,
388 880 447 907 qua
455 877 518 899 sunt
529 873 912 905 venerabilia,etextrinsecus

128 917 221 951 figuris
234 921 261 944 et
273 918 392 944 motibus
405 917 465 944 fidei
477 921 504 944 et
518 917 672 945 affectionis
684 918 820 945 internum
833 917 914 944 ardo-

127 971 183 990 rem
197 963 349 990 ostendere.
383 962 431 990 Hic
459 971 523 997 ergo
554 963 620 990 mihi
646 963 717 991 adsit
740 964 829 991 omnis
847 964 895 990 ord

127 1016 222 1036 eorum
241 1010 286 1043 qui
300 1013 363 1036 sunt
381 1009 530 1036 honoriliee
543 1009 569 1036 in
587 1009 703 1037 excelsis
713 1010 810 1036 remoti
824 1017 839 1037 a
857 1016 900 1036 ma

127 1055 206 1086 teria,
219 1059 246 1082 et
257 1061 352 1082 eorum
370 1055 416 1090 qui
432 1059 496 1082 sunt
512 1055 602 1082 adhuc
614 1057 665 1082 ltoc
680 1055 841 1082 circumdati
855 1055 914 1090 pul-

127 1105 191 1125 vere
208 1107 216 1126 :
231 1103 258 1125 et
277 1099 415 1126 communi
432 1104 557 1126 contexta
573 1101 684 1136 chorea,
702 1100 869 1128 luminosutn
886 1107 914 1128 et

128 1149 257 1177 perquam
276 1141 380 1169 clarum
402 1143 602 1170 constituamus
634 1143 783 1176 theatrum,
797 1151 830 1170 eo
845 1144 914 1172 duce

129 1192 247 1225 utentes,
266 1187 311 1222 qui
341 1187 412 1214 inter
432 1193 508 1215 natos
530 1188 674 1215 mulierum
698 1193 740 1216 est
766 1189 912 1217 maximus.

129 1234 195 1261 Nam
210 1233 261 1261 etsi
276 1233 402 1261 humana:
421 1238 526 1261 naturae
552 1235 692 1269 superavit
708 1236 840 1263 terminos
867 1244 913 1270 per

128 1280 211 1307 vitam
229 1287 244 1307 a
261 1287 342 1307 carne
356 1283 384 1307 et
402 1271 515 1315 corpore
543 1280 670 1312 alienam,
695 1285 723 1308 ut
749 1282 795 1316 qui
822 1287 914 1309 tamen

129 1330 285 1352 nostrarum
307 1325 473 1352 naturalium
487 1325 625 1359 particeps
638 1325 689 1352 fuit
706 1327 912 1361 proprietatum,

129 1370 235 1397 laetatur
245 1369 345 1397 nostris
358 1370 391 1397 de
405 1377 434 1398 se
452 1369 580 1397 laudibus
593 1375 617 1397 et
635 1370 875 1410 celebrationibus,
888 1377 915 1400 et

130 1415 229 1442 bonam
248 1415 386 1449 accipiens
402 1415 579 1449 voluntatem,
600 1416 740 1451 copiosam
774 1420 915 1445 remetitur

129 1460 388 1487 remunerationem.

958 238 1057 265 liberos
1076 242 1244 272 susceperat,
1271 237 1393 264 duxisset
1408 237 1434 263 in
1459 236 1662 264 matrimonium
1687 244 1693 261 :
1713 240 1741 262 ot

958 289 1029 311 esset
1044 283 1108 310 illtnl
1120 283 1229 318 quidem
1249 283 1337 310 scelus
1369 282 1435 316 legis
1448 282 1564 314 eversio,
1582 282 1626 308 Dei
1650 286 1739 308 autem

959 329 1135 362 contemptio,
1148 328 1287 355 hominum
1303 335 1367 354 vero
1384 327 1417 353 ad
1434 327 1567 354 deteriora
1589 326 1743 354 adhortatio

959 377 987 400 et
1000 373 1138 404 inductio;
1156 377 1232 404 tunc,
1245 377 1374 407 tanquam
1392 371 1470 398 fortis
1489 372 1588 398 athleta
1611 370 1741 402 Joannes,

960 423 1034 446 recte
1047 419 1199 450 institutus,
1216 423 1243 445 et
1258 419 1284 444 in
1312 417 1452 445 laboribus
1467 417 1544 451 prius
1568 416 1742 447 exercitatus,

961 465 1083 492 veritatis
1106 465 1201 495 armis,
1226 468 1254 491 et
1279 463 1340 490 telis
1367 463 1501 493 munitus,
1518 463 1603 489 aciem
1633 461 1742 496 quidem

961 511 1042 539 struit
1057 511 1188 537 adversus
1202 513 1360 544 tyrannum.
1372 508 1501 541 Quaenam
1515 515 1579 535 vero
1593 515 1624 534 ea
1647 511 1723 534 erant
1736 515 1747 533 ι

963 556 1022 583 Non
1037 556 1097 582 licet
1112 555 1159 581 tibi
1173 555 1266 581 habere
1281 562 1389 581 tutorem
1401 554 1497 587 fratris
1519 553 1559 580 tui
1569 553 1617 588 (l).
1628 552 1650 580 0
1664 552 1746 579 libet--

962 606 1055 633 tatem,
1071 608 1132 636 quae
1145 608 1197 628 non
1215 605 1301 635 potest
1317 601 1412 633 everti,
1428 599 1450 627 0
1460 607 1492 626 os
1505 599 1639 630 divinum,
1653 603 1679 625 et
1693 598 1748 625 lin-

961 655 1054 682 guam,
1072 654 1133 681 quae
1149 653 1164 673 a
1182 645 1237 673 Deo
1252 650 1386 677 movetur,
1412 653 1472 680 quae
1490 646 1516 672 in
1535 645 1623 679 ipsum
1642 651 1689 672 cor
1704 652 1748 672 re—

960 691 1173 726 prehensionttm
1207 691 1320 726 intigens
1343 691 1462 723 aculeos,
1494 690 1567 721 fecit,
1584 693 1614 716 ut
1641 689 1686 716 ille
1702 697 1748 716 su-

961 737 1060 772 perbus
1075 742 1102 764 et
1115 737 1236 764 insolens
1250 737 1371 772 clypeum
1400 736 1531 770 ahjiceret
1552 739 1579 762 et
1597 734 1711 769 fugeret.
1725 733 1748 761 0

962 791 1073 824 mutum
1084 782 1264 810 venerandam
1279 787 1305 809 et
1322 786 1457 811 sanctam.
1469 789 1530 815 quae
1543 781 1575 808 ad
1591 787 1748 808 sermonum

962 834 1035 856 mota
1047 829 1240 860 elocutionem,
1252 827 1497 862 reprehensionum
1511 833 1621 861 quoque
1633 825 1751 860 augebat

963 874 1149 908 asperitatem.
1166 877 1192 900 et
1210 872 1336 900 fiduciam
1358 871 1522 899 ostendebat
1541 876 1568 897 et
1593 870 1747 898 audaciam.

963 919 1023 947 Mos
1034 924 1074 946 est
1088 919 1161 946 enim
1177 918 1211 945 iis
1229 918 1277 952 qui
1292 917 1381 944 verbis
1394 916 1573 946 contendunt,
1590 922 1701 942 manum
1714 914 1750 941 si-

965 965 1021 992 mul
1033 972 1095 992 cum
1107 971 1154 991 ore
1163 967 1317 994 movere.et
1325 963 1444 989 sermoni
1453 962 1513 996 ejus
1527 968 1636 996 quoque
1646 964 1750 986 tnotttm

965 1010 1105 1041 adbibere,
1133 1014 1159 1036 et
1176 1017 1226 1044 per
1255 1014 1400 1042 utrumque
1428 1008 1585 1036 ostendere.
1607 1014 1689 1040 quam
1716 1006 1752 1033 sit

965 1055 1103 1083 conlidens
1118 1059 1144 1081 et
1160 1055 1300 1082 interritus
1312 1055 1346 1086 is,
1363 1054 1409 1087 qui
1423 1053 1553 1087 loquitur.
1564 1052 1633 1079 Hinc
1649 1051 1750 1079 factum

965 1106 1015 1132 est,
1034 1105 1062 1128 ut
1082 1101 1108 1127 in
1125 1107 1272 1132 carcerem,
1283 1104 1309 1127 et
1319 1099 1345 1126 in
1359 1099 1468 1126 vincula
1482 1099 1678 1132 conjiceretnr,
1690 1104 1750 1124 cum

965 1154 1064 1174 vesana
1086 1146 1182 1173 mulier
1193 1145 1325 1173 nefarium
1335 1149 1483 1172 amatorem
1499 1151 1579 1172 suum
1590 1143 1624 1171 ad
1635 1144 1661 1170 id
1676 1149 1751 1170 cout-

965 1193 1089 1228 pulisset.

1001 1238 1033 1266 V.
1053 1238 1154 1266 Deinde
1171 1237 1229 1265 dies
1242 1237 1329 1264 festus
1344 1237 1454 1270 natalis,
1468 1240 1606 1271 potusque
1624 1235 1753 1269 copiosus

966 1289 992 1311 et
1010 1284 1217 1314 immoderatus,
1234 1291 1295 1310 cum
1318 1283 1432 1310 nimium
1446 1282 1539 1309 vinum
1552 1289 1626 1312 eum,
1644 1280 1690 1315 qui
1705 1286 1752 1307 ce-

965 1329 1088 1357 lebrabat
1105 1327 1271 1360 convivium,
1298 1327 1459 1354 devolvisset
1472 1326 1504 1353 ad
1517 1325 1653 1353 delirium.
1670 1323 1753 1350 Peius

965 1378 1057 1402 autem
1075 1380 1198 1408 quaenam
1214 1377 1257 1400 est
1281 1371 1443 1400 delectatio?
1458 1370 1574 1398 Saltatio
1599 1370 1671 1400 filiae,
1693 1375 1754 1404 qua:

965 1425 1025 1448 erat
1040 1421 1125 1447 instar
1139 1419 1304 1450 meretricis,
1321 1422 1348 1446 et
1364 1418 1459 1453 petitio
1475 1417 1627 1449 mercedis;
1643 1419 1669 1442 et
1680 1422 1753 1441 mer-
1791 1410 1794 1411 ⁷

967 1473 1025 1498 ces,
1040 1465 1175 1500 propheta:
1191 1464 1355 1492 interfectio.
1373 1464 1410 1491 Ex
1429 1471 1484 1498 qua
1498 1463 1571 1497 regis
1589 1463 1649 1489 ficta
1666 1460 1753 1488 tristi-

163 1504 209 1532 ιη·
226 1504 359 1532 amem"!
378 1505 438 1539 eius
451 1506 561 1541 quidem
579 1512 740 1542 conceptum
764 1512 791 1535 et
810 1511 913 1540 ortum.
929 1516 951 1545 (ι
967 1512 1004 1538 tia
1014 1515 1123 1546 propter
1131 1515 1256 1542 uestrum.
1267 1511 1339 1545 quod
1352 1518 1415 1537 eum
1429 1507 1753 1539 obsidebatintrinsccus;

128 1555 156 1578 et
166 1551 262 1583 vitam,
275 1558 356 1585 quam
371 1551 425 1586 egit
441 1551 468 1579 in
492 1552 649 1585 solitudine,
665 1558 691 1580 et
707 1553 767 1588 ejus
782 1553 816 1581 ad
828 1554 916 1582 Israe-

130 1596 183 1623 lem
201 1596 401 1634 ostensionetn,
425 1601 452 1624 ct
466 1598 616 1625 veridicum
647 1598 845 1632 testimonium,
869 1607 917 1634 per

129 1640 202 1675 quod
218 1639 263 1667 Dei
277 1648 377 1675 agnum
387 1643 515 1679 ostendit,
525 1646 552 1669 et
566 1643 653 1677 ipsum
672 1644 788 1677 primum
805 1648 832 1672 et
843 1649 917 1679 post-

128 1694 160 1713 ea
185 1687 336 1714 venientem
352 1695 400 1722 per
415 1687 535 1715 divinam
550 1689 753 1722 auctoritatem,
778 1694 804 1718 et
819 1690 916 1718 huma-

130 1739 172 1758 na:
189 1737 293 1761 natura:
307 1733 704 1768 pronuntiavitsusceptionem
718 1743 726 1767 ;
743 1739 770 1762 et
782 1735 916 1770 quemad-

131 1778 242 1804 modum
257 1785 290 1805 ex
304 1777 360 1805 alto
373 1783 485 1806 vocatus
500 1779 574 1806 venit
586 1779 619 1806 ad
633 1778 790 1812 Jordanem.
807 1785 834 1809 et
853 1788 915 1808 cum

131 1830 242 1857 purum,
256 1828 284 1850 et
299 1824 334 1851 ab
349 1824 422 1851 omni
438 1824 498 1852 labe
515 1824 648 1857 alienum,
664 1829 692 1852 et
703 1826 800 1860 quavis
817 1833 916 1861 purga-

133 1868 206 1895 tione
218 1868 386 1903 superiorem
396 1869 572 1904 baptizasset,
595 1870 641 1897 illo
649 1874 776 1897 contactu
786 1871 917 1903 ostendit,

130 1911 235 1940 fontem
249 1914 485 1945 sanctiﬁcationis,
503 1919 530 1942 et
544 1922 605 1949 qua:
633 1915 667 1942 de
688 1916 749 1950 ipso
772 1915 883 1943 ludimus
895 1917 918 1944 is

130 1959 179 1994 qui
197 1958 249 1986 fuit
257 1959 290 1987 ab
299 1959 358 1994 ipso
370 1960 532 1995 baptizatus,
545 1968 593 1995 per
605 1961 747 1989 arundinis
755 1966 782 1988 et
795 1962 916 1989 mollium

132 2004 248 2031 vestium
265 2005 382 2032 amictus
397 2005 616 2038 similitudinem,
630 2006 663 2032 ad
683 2006 743 2040 ejus
755 2006 825 2033 dixit
843 2014 917 2034 com-

131 2048 348 2082 mendationem;
364 2049 423 2083 ejus
436 2050 498 2077 vitae
513 2057 528 2076 a
540 2057 630 2077 rerum
640 2049 838 2084 superﬂuarum
848 2058 914 2078 cura

131 2094 322 2122 abhorrentem
338 2095 550 2130 simplicitatem,
567 2095 630 2122 etin
644 2096 743 2122 virtute
764 2096 918 2123 firmitatem

130 2145 161 2168 et
183 2141 378 2174 constantiam,
399 2145 427 2168 ct
442 2149 506 2169 eum
531 2141 615 2168 veteri
640 2140 705 2168 Elia:
719 2141 861 2176 aequalem,
891 2145 919 2168 et

967 1556 1166 1591 obtemperatio
1193 1560 1296 1588 tamen,
1326 1559 1353 1582 et
1385 1553 1542 1586 submissio,
1575 1557 1602 1580 et
1626 1552 1756 1579 adversus

968 1601 1072 1636 justum
1091 1601 1251 1635 prophetam
1268 1600 1383 1635 prolatio
1396 1599 1538 1628 sententia:
1559 1602 1586 1626 et
1597 1597 1678 1632 paulo
1693 1601 1754 1632 post

967 1649 1050 1680 caput
1065 1645 1091 1672 in
1118 1645 1194 1672 disco
1211 1644 1335 1676 allatum,
1350 1648 1377 1671 et
1393 1644 1546 1671 libidinosae
1574 1647 1601 1669 et
1625 1641 1756 1669 adultera:

969 1690 1077 1718 mulieri
1092 1690 1231 1718 traditum.
1247 1689 1316 1723 Quid
1332 1690 1382 1718 hac
1394 1689 1543 1717 inhumana
1556 1688 1664 1716 actione
1676 1687 1754 1714 inlitt-

968 1737 1086 1769 manius,
1101 1740 1129 1763 et
1146 1736 1233 1771 magis
1247 1735 1403 1763 nefarium?
1421 1735 1491 1769 Quid
1505 1735 1556 1762 hoc
1572 1734 1692 1762 belluiuo
1714 1732 1754 1760 fa-

967 1782 1059 1810 cinore
1077 1782 1163 1816 magis
1180 1782 1307 1809 insanum
1323 1786 1350 1809 et
1376 1781 1536 1814 belluinum,
1555 1781 1694 1808 hominem
1722 1787 1753 1806 ex

967 1827 1027 1862 ipso
1040 1827 1136 1854 matris
1146 1832 1224 1854 utero
1237 1826 1383 1854 sanctitate
1398 1826 1609 1856 circumdatum,
1622 1825 1669 1860 qui
1685 1829 1755 1852 tem-

968 1873 1121 1908 perantiam
1145 1877 1205 1900 erat
1238 1872 1389 1907 amplexus,
1423 1871 1574 1899 castitatem
1607 1871 1755 1902 asciverat,

969 1919 1058 1946 inedia
1068 1925 1097 1946 se
1105 1923 1273 1950 exercuerat,
1286 1919 1320 1944 ab
1328 1918 1401 1945 omni
1413 1917 1605 1952 congressione
1614 1916 1755 1943 hominum

968 1972 999 1992 se
1036 1968 1221 1999 separaverat,
1257 1963 1431 1993 solitudinem
1459 1967 1585 1996 tanquam
1618 1961 1754 1989 civitatem

969 2009 1150 2041 habitaverat,
1165 2010 1211 2044 qui
1225 2009 1307 2036 simul
1322 2016 1384 2036 cum
1403 2008 1461 2044 agri
1478 2007 1573 2036 bestiis
1584 2007 1754 2038 versabatur,

969 2054 1066 2081 cameli
1081 2054 1146 2089 pilis
1172 2054 1323 2089 tegebatur,
1354 2053 1467 2089 pellicea
1493 2060 1560 2080 zona
1585 2052 1754 2086 cingebatur,

969 2101 1041 2127 sicut
1056 2107 1119 2127 aves
1134 2100 1171 2132 id,
1183 2100 1255 2134 qttod
1271 2107 1320 2127 sua
1337 2103 1432 2133 sponte
1446 2098 1620 2129 nascebatur,
1637 2097 1755 2124 habebat

969 2145 1141 2178 alimentum,
1151 2145 1260 2172 carebat
1270 2145 1448 2177 nutrimettlo,
1460 2144 1569 2171 carebat
1584 2142 1755 2174 utensilibus,

131 2185 256 2213 moribus
275 2186 393 2213 similem
410 2186 491 2214 tacite
515 2185 689 2221 signiﬁcans;
706 2190 734 2213 et
750 2193 919 2220 quaecunque
935 2186 958 2214 D
970 2195 996 2218 cl,
1008 2191 1088 2226 plane
1100 2191 1191 2218 carnis
1205 2195 1264 2217 erat,
1277 2198 1375 2225 expers
1391 2199 1397 2218 ε
1415 2190 1461 2225 qui
1479 2194 1551 2217 ιοιυε
1566 2196 1674 2223 quoque
1692 2195 1754 2215 ραι--

131 2235 198 2260 sunt
213 2231 255 2258 his
270 2232 476 2266 consequentia,
486 2231 699 2266 Evangeliorum
713 2231 856 2267 quaternio
871 2238 919 2259 os-

133 2277 227 2305 tendet
240 2278 360 2312 apertius
379 2278 423 2310 iis,
439 2277 485 2313 qui
502 2277 559 2304 haec
577 2281 735 2305 scrutantur
750 2276 917 2312 diligentius.

168 2322 214 2351 ιν.
232 2322 299 2356 Qua:
315 2329 406 2351 autem
423 2324 548 2359 praesenti
563 2323 731 2351 conveniunt
751 2323 916 2355 celebritati,

131 2378 164 2398 ea
184 2374 248 2397 sunt
261 2370 427 2397 enuntianda
445 2374 473 2398 et
483 2370 616 2402 docenda,
638 2374 668 2397 ut
683 2377 744 2398 eum
758 2373 919 2405 argumento

131 2413 195 2442 festi
209 2414 253 2441 hie
267 2422 367 2449 scopus
387 2418 533 2448 congruat,
546 2420 724 2450 nostrumque
741 2415 768 2442 in
784 2415 837 2443 ltoc
848 2419 919 2443 recte

133 2459 254 2487 studium
268 2459 438 2487 conferatur.
455 2460 503 2487 llle
518 2459 544 2487 in
562 2459 689 2488 Mosaicis
705 2460 838 2488 educatus
863 2461 919 2488 do-

132 2503 279 2536 cumentis,
291 2507 319 2530 et
332 2503 440 2530 assidue
458 2503 593 2530 meditans
609 2504 637 2530 in
652 2504 710 2539 lege
724 2503 842 2537 Domini,
860 2505 919 2539 ejus

131 2547 265 2574 custodite
277 2551 304 2574 et
315 2546 500 2574 observationi
514 2548 603 2574 omnia
615 2547 812 2582 postponebat:
830 2549 918 2576 solum

133 2597 236 2629 autem,
258 2597 289 2619 ut
315 2592 342 2619 in
373 2592 432 2626 ejus
461 2597 646 2627 perseveraret
668 2593 917 2628 justitlcationibus,

132 2637 284 2673 plurimum
302 2637 420 2671 ponebat
445 2638 540 2666 studii.
567 2638 635 2666 Cum
654 2646 716 2666 vero
743 2638 863 2667 Herodes
879 2640 920 2666 vir

132 2681 390 2714 tibidinosissimus,
404 2684 516 2718 quierat
527 2683 641 2711 Galiltem
654 2685 800 2718 tetrarcha,
813 2685 920 2713 decreta

132 2728 204 2764 legis
225 2729 438 2764 transgrediens,
459 2729 552 2759 fratris
574 2729 691 2766 Philippi
716 2737 842 2765 uxorem,
857 2738 919 2759 cum

171 2820 179 2836 ³
198 2819 280 2847 Marc.
299 2827 334 2852 Vt,
350 2820 390 2846 l8.

971 2237 1088 2264 nebatur
1101 2240 1222 2264 remotus
1238 2244 1251 2263 a
1269 2236 1393 2269 materia,
1422 2235 1494 2270 quod
1520 2235 1577 2262 haec
1605 2234 1755 2261 materialis

970 2282 1170 2318 coagmentatio
1178 2286 1251 2309 esset
1263 2282 1351 2309 inedia
1366 2284 1506 2309 attenuata
1531 2285 1558 2307 et
1572 2285 1707 2313 emortua,
1728 2284 1755 2307 et

969 2329 1004 2356 ad
1021 2327 1143 2355 materias
1169 2327 1334 2354 vacuitatem
1351 2327 1472 2354 traducta
1485 2330 1596 2360 propter
1621 2324 1753 2359 insignem

969 2372 1175 2404 continentiam;
1195 2379 1268 2404 eum,
1285 2372 1407 2405 inquam,
1422 2378 1471 2405 pro
1483 2370 1599 2404 justitia,
1617 2377 1665 2404 pro
1684 2368 1756 2396 veris

971 2423 1024 2446 tate
1037 2422 1065 2445 et
1080 2425 1115 2444 ne
1140 2417 1180 2444 lex
1198 2416 1224 2444 in
1239 2416 1330 2451 aliquo
1341 2415 1487 2442 violaretur
1502 2414 1681 2446 laborantem,
1696 2413 1754 2440 dari

970 2463 1122 2491 mercedem
1150 2461 1257 2488 mulieri
1271 2460 1411 2487 adulterae.

1005 2507 1050 2535 Vl.
1068 2507 1121 2534 Sed
1137 2514 1254 2541 quonam
1267 2508 1347 2533 modo
1360 2506 1417 2533 haec
1426 2505 1533 2540 quidem
1547 2504 1680 2539 permissa
1691 2509 1756 2532 sunt

970 2552 1005 2580 ab
1028 2560 1061 2580 eo
1082 2552 1129 2587 qui
1144 2552 1235 2579 omnia
1254 2552 1391 2586 sapienter
1412 2550 1594 2582 administrat,
1629 2549 1719 2577 sciunt
1737 2548 1754 2575 ii

970 2598 1070 2633 quibus
1081 2599 1161 2625 datus
1187 2602 1229 2626 est
1247 2597 1359 2632 spiritus
1387 2596 1421 2624 ad
1438 2596 1495 2623 haec
1510 2595 1601 2630 aliqua
1615 2601 1649 2622 ex
1678 2598 1755 2629 parte

970 2643 1169 2677 cognoscenda.
1186 2642 1272 2677 Hujus
1284 2647 1374 2670 autem
1391 2641 1527 2677 discipuli,
1540 2648 1604 2668 etim
1622 2647 1724 2674 corpus
1738 2646 1754 2666 a

970 2690 1058 2724 capite
1073 2689 1189 2716 divisum
1205 2689 1394 2720 abstulissent,
1425 2687 1563 2716 honorata:
1592 2685 1756 2713 mandarunt

971 2735 1128 2771 sepulturas,
1150 2741 1185 2762 ne
1205 2734 1228 2762 si
1244 2733 1295 2762 hoc
1310 2740 1419 2769 quoque
1433 2738 1495 2769 post
1520 2733 1662 2761 decessum
1677 2731 1754 2758 vide-
