2027 3077
281 147 332 178 015

860 146 997 176 THEOD.
1024 142 1284 174 DAPIINOPATE

1849 137 1901 168 Siti

282 209 358 232 retur
372 204 545 232 alibidinosis
557 208 584 232 et
599 205 786 239 voluptuariis.
801 208 872 231 esset
880 203 967 237 major
978 202 1063 229 fomes
1078 206 1101 233 Α
1116 210 1210 237 perarc
1224 202 1383 233 sceleribus,
1395 206 1422 228 et
1436 207 1542 231 eorum,
1558 199 1603 232 qui
1615 205 1664 232 pro
1681 197 1790 224 Christo
1807 196 1902 222 decer-

283 250 402 282 invidim,
410 255 435 276 et
443 249 554 284 majoris
565 248 677 277 sceleris
687 249 800 276 materia
809 247 1064 282 intemperantibus.

284 295 330 323 Sic
342 303 407 330 ergo
438 302 537 330 corpus
566 294 674 328 quidem
704 294 838 328 sepultum
866 293 1065 325 occultabatur.

283 349 345 369 eum
361 347 449 375 neque
471 340 613 373 quisquam
636 338 702 365 illud
726 343 792 366 tunc
819 339 986 373 perscrutari
1006 343 1066 366 stu-

284 387 396 417 duisset,
409 393 496 420 neque
510 386 567 419 ipse
577 384 793 412 manifestasset.
812 383 865 411 Sed
883 385 993 418 quando
1007 385 1069 419 qui-

283 432 345 458 dem
362 431 393 457 ad
405 431 477 457 hunc
488 431 577 457 locum
591 430 712 465 perveni,
727 430 789 456 volo
804 431 836 456 de
848 430 899 456 hoc
908 430 1067 464 prophetico

284 476 470 507 tabernaculo,
485 481 513 503 et
530 476 565 502 de
587 483 680 507 manu,
693 483 754 510 qua:
772 476 796 502 ei
815 475 963 506 coaluerat.
990 475 1068 510 quid-

283 521 358 551 dam,
372 521 444 556 quod
461 529 476 549 e
491 522 577 549 veteri
594 523 691 556 pendet
709 522 876 553 narratione,
907 522 970 548 huic
990 529 1067 548 sacro

283 567 388 593 lill'all‘ﬂ
405 567 561 601 explanare,
578 572 677 602 etquae
693 568 726 595 de
742 569 784 595 his
798 568 951 595 audivimus
971 572 998 595 et
1019 575 1066 594 eo-

283 613 438 646 gnovimus,
455 618 482 640 et
496 620 556 647 qute
570 617 675 640 veteres
702 613 810 640 tradunt
835 613 966 644 historiae,
981 611 1068 646 expli-

283 666 344 686 care
359 659 456 692 fusius,
487 664 514 686 et
528 659 664 686 undenam
680 659 769 686 divina
795 659 850 686 lucc
870 659 957 694 gratia
982 663 1070 685 trans-

283 702 336 729 lata
367 708 409 730 est
435 702 622 734 Antiochiam,
659 707 690 730 et
715 702 825 729 ubinam
852 702 903 728 fuit
923 702 1067 735 repositum

286 748 447 775 translatmn
474 749 661 783 propheticum
691 748 757 774 illttd
798 748 1016 777 tabernaculum.
1042 752 1070 773 et

284 792 409 828 quisnam
425 793 505 819 fuerit
521 794 628 827 quidem
649 794 745 821 modus
764 793 844 827 hujus
873 793 1068 829 translatiot'v,

283 843 311 865 et
327 839 387 871 quis
404 847 499 866 rursus
515 839 658 866 ablationis
677 844 704 865 et
721 839 926 872 exportatinnis.

319 883 378 910 VII.
397 884 516 911 Herodes
530 885 576 918 qtti
595 884 711 911 infantes
729 884 876 916 occiderat,
894 891 955 910 cum
975 883 1070 910 Judai-

285 937 346 957 cum
365 931 511 957 multorum
525 930 704 964 principatum
719 929 886 956 traduxisset
897 929 930 956 ad
945 936 1069 964 regnum,

286 975 397 1009 parebat
411 976 520 1010 quidem
537 975 677 1002 Romanis.
694 975 762 1002 Cum
785 975 877 1002 mttltis
893 980 983 1001 autem
1013 982 1072 1002 mo-

286 1022 326 1048 dis
341 1027 485 1055 qutereret,
501 1027 529 1048 ut
558 1022 597 1049 eis
613 1022 749 1048 videretur
763 1021 911 1048 benevolus
926 1026 953 1048 et
974 1021 1070 1053 fidelis,

284 1067 375 1095 effecit
393 1068 513 1102 quidem,
529 1073 557 1095 ut
570 1067 684 1095 Romani
701 1076 763 1095 eutn
781 1067 904 1102 benignis
920 1068 1073 1102 aspicerent

286 1112 384 1143 oculis.
404 1118 431 1139 et
448 1121 498 1140 nec
519 1113 587 1145 fore,
602 1118 630 1140 ut
645 1113 679 1140 ab
704 1113 744 1140 eis
764 1113 901 1144 deﬁceret,
923 1113 1005 1139 ullam
1023 1112 1071 1138 ba-

285 1157 380 1185 berent
398 1159 594 1193 suspicionem.
613 1158 649 1190 Is,
665 1164 693 1185 ut
710 1159 809 1185 clarior
825 1163 896 1184 esset
921 1165 971 1185 sua
985 1158 1011 1184 in
1025 1165 1073 1184 eos

287 1205 485 1236 benevolentia,
514 1205 583 1232 inter
601 1205 652 1231 alia
673 1204 796 1232 condidit
824 1204 905 1230 etiam
924 1203 1071 1235 civitatem,

289 1251 369 1277 sitam
386 1258 438 1276 non
457 1251 551 1283 prorul
577 1251 611 1277 ab
627 1250 833 1284 Hierosolymis.
854 1249 901 1275 sed
927 1249 1072 1275 distantem

288 1300 393 1322 tantum
423 1296 521 1322 itinere
550 1295 632 1323 unius
657 1295 722 1327 diei,
735 1303 793 1322 eam
815 1302 914 1321 vocans
933 1294 1074 1326 Sebasten,

288 1340 383 1368 Latine
401 1341 561 1375 Augustam,
578 1347 606 1367 nt
626 1341 738 1375 Augusti
756 1340 870 1368 Gtt-saris
887 1339 1069 1375 appellatione

289 1386 455 1420 signiﬁcaret
472 1394 549 1413 suam
565 1386 592 1413 in
609 1394 672 1414 eum
687 1386 903 1413 benevolentiam
917 1389 943 1413 et
958 1386 1076 1412 servitu-

289 1437 352 1459 tem.
371 1431 398 1458 in
412 1440 454 1464 ea,
469 1432 515 1466 qui
539 1435 600 1468 post
626 1432 702 1459 illum
734 1431 853 1458 obtinuit
881 1430 1074 1465 principatum.

290 1479 426 1506 tetrarcha
442 1478 562 1506 Herodes
575 1478 633 1505 tlxit
652 1478 766 1513 regiam,
788 1477 814 1504 in
841 1485 893 1512 qua
918 1477 999 1504 etiam
1026 1476 1076 1504 fuit

289 1523 355 1550 illud
371 1524 538 1555 convivium,
554 1531 609 1558 quo
622 1523 752 1558 propheta
771 1522 824 1549 fuit
835 1522 952 1553 occisus,
964 1527 990 1548 et
1000 1522 1074 1554 juxta

289 1576 371 1604 quam
390 1568 477 1595 fuerat
491 1569 517 1595 in
530 1568 648 1596 vinculis
665 1568 707 1595 hic
719 1574 796 1594 Sacer
810 1567 940 1602 propheta
960 1568 986 1594 in
1004 1574 1074 1602 quo.

290 1613 351 1640 dam
369 1613 513 1640 tenebroso
530 1620 639 1640 reorum
658 1613 809 1640 domicilio.
835 1612 921 1647 Cujus
935 1620 968 1639 ex
984 1617 1075 1640 trans-

291 1666 371 1686 verso
394 1658 515 1685 referunt
546 1659 683 1693 sepultum
714 1657 800 1686 fuisse.
815 1665 915 1693 corpus
941 1659 1075 1693 praeconis

291 1703 423 1731 veritatis.
431 1702 492 1736 Q'uo
503 1703 585 1730 etiam
599 1704 626 1730 in
639 1703 701 1730 loco
709 1703 804 1731 dicunt
817 1703 892 1738 prius
907 1703 991 1731 fuisse
1004 1704 1073 1731 alte-

291 1756 352 1776 rum
368 1749 521 1783 sepulcrum
540 1750 680 1784 prophetae
691 1749 790 1781 Elistci,
803 1750 871 1777 adeo
881 1756 912 1776 ut
926 1749 980 1777 duo
994 1749 1074 1776 loculi

293 1795 450 1822 viderentur
466 1795 547 1822 simul
567 1796 688 1829 jacentes
720 1796 746 1823 itt
773 1803 827 1823 uno
840 1801 867 1823 et
881 1796 976 1824 eodem
1004 1796 1074 1824 loco.

293 1839 334 1868 lbi
367 1847 492 1875 quoque;
509 1841 637 1875 templum
652 1842 800 1869 maximum
813 1843 878 1869 olim
906 1846 1074 1870 exstructum

284 1885 390 1918 fuerat,
406 1885 478 1920 quod
497 1890 608 1920 propter
622 1894 652 1914 ea
670 1895 731 1921 quae
744 1887 771 1914 in
790 1887 849 1922 ipso
864 1887 974 1918 fiebant,
992 1887 1076 1915 mira-

290 1930 351 1960 cula
365 1935 391 1958 et
405 1931 648 1965 pulchritudinem,
663 1931 750 1959 fuerat
768 1932 990 1966 incomparabile.
1006 1932 1075 1960 Cum

288 1975 350 2011 ejus
375 1980 465 2004 autem
483 1980 582 2003 tectum
602 1980 725 2011 tempore
753 1977 923 2010 deﬂuaisset,
953 1978 1005 2005 sub
1031 1978 1075 2005 dio

289 2021 384 2050 relicta
397 2027 461 2048 sunt
478 2021 538 2055 ejus
560 2021 685 2054 aedilicia,
712 2023 780 2049 adeo
794 2027 823 2049 ut
840 2030 893 2050 una
915 2023 972 2050 soia
991 2023 1074 2050 illaesa

289 2067 452 2097 remanserit
470 2067 645 2100 domuncula,
674 2075 737 2102 quae
761 2069 907 2095 vocabatur
932 2075 1074 2096 sacrorum

288 2119 418 2141 vasorum
435 2112 559 2139 custodia
577 2109 604 2139 ﬁt
618 2120 672 2146 qua
688 2113 769 2140 etiam
787 2112 884 2140 inclusi
911 2113 992 2140 loculi
1012 2121 1075 2148 pro-

287 2157 430 2194 phetarum
447 2157 682 2184 conservabantur
696 2159 797 2193 absque
822 2158 877 2186 ullo
898 2159 1072 2186 detrimento.

1120 252 1222 279 larunt,
1238 255 1405 282 quaecunque
1431 252 1509 273 erant
1538 244 1668 279 reliquiae,
1696 247 1742 270 aut
1766 243 1900 276 integrum

1117 294 1332 324 tabernaculum,
1348 297 1396 320 aut
1424 291 1526 327 aliquid
1547 291 1619 318 aliud
1635 298 1666 316 ex
1687 289 1730 318 iis.
1744 292 1819 322 'qua‘.
1837 292 1902 314 sunt

1117 348 1190 375 purae
1206 345 1305 367 nostra:
1317 339 1378 366 lidei
1397 340 1486 371 signa,
1505 345 1535 364 ea
1548 336 1640 362 omnia
1671 334 1725 369 igni
1754 333 1904 360 mandabat

1116 392 1143 414 et
1157 387 1240 414 cineri
1253 395 1260 418 ;
1274 393 1374 419 magno
1383 384 1509 417 deinceps
1522 381 1614 409 studio
1627 379 1700 406 venit
1715 377 1900 407 Antiochiam,
1928 416 1934 419 _

1117 433 1196 460 simul
1213 431 1322 466 quidem
1341 430 1480 456 immunda
1497 431 1658 461 peracturus
1673 423 1801 459 mysteria
1818 423 1844 448 in
1854 430 1901 448 ara

1118 478 1334 510 simulacrqgjm,
1344 484 1401 510 qua:
1408 476 1458 502 sita
1465 479 1505 501 est
1513 473 1545 500 ad
1555 472 1691 506 Daphnen.
1700 475 1727 497 et
1735 469 1814 496 simul
1822 468 1902 495 etiam

1118 516 1347 560 perscruta‘us,
1378 527 1404 549 ct
1420 522 1441 549 si
1455 525 1609 548 sanctorum
1624 516 1726 552 aliquid
1739 517 1765 543 in
1780 523 1812 543 ea
1829 516 1904 541 iuve-

1118 569 1378 603 nissetrepositum,
1408 567 1433 594 id
1456 567 1511 602 igni
1538 564 1728 592 mandaturus.
1756 561 1824 589 Cum
1853 561 1905 588 hoc

1118 624 1182 650 ergo
1197 622 1297 642 saevum
1315 613 1501 641 renuntiatum
1518 616 1589 638 esset
1612 611 1672 644 ejus
1688 609 1839 638 decretum,
1856 606 1903 640 qui

1118 667 1195 690 erant
1205 662 1421 689 Christianarum
1439 659 1567 694 partium.
1585 664 1691 684 sacram
1709 662 1819 682 manum
1834 652 1905 679 Prte-

1119 707 1240 735 cursoris
1251 708 1319 734 clam
1343 707 1368 733 iu
1383 705 1498 740 quadam
1516 709 1591 730 turre
1606 701 1734 731 civitatis,
1751 707 1812 734 quae
1824 706 1905 726 voea—

1121 759 1164 781 tur
1184 754 1274 788 gonia,
1289 754 1314 780 id
1327 758 1378 783 est,
1391 752 1518 786 angulus,
1536 746 1858 778 studueruntincludere,
1870 752 1904 772 ne

1120 800 1178 834 capi
1197 804 1288 834 posset
1299 800 1332 826 ab
1352 798 1507 826 idololatra.
1522 797 1573 830 Qui
1603 800 1692 822 autem
1720 791 1903 828 pentilicalem

1122 847 1212 872 sedem
1229 846 1336 873 tenebat
1352 843 1554 878 Hierosolymis,
1577 849 1639 869 cuin
1669 840 1808 867 auditione
1823 844 1904 865 acce-

1123 892 1206 927 pisset
1220 891 1416 919 exsecrandum
1445 891 1592 920 decretum,
1605 895 1656 915 nec
1673 892 1816 922 tyrannum
1843 891 1904 911 om-

1122 938 1187 964 nino
1201 940 1382 968 moraturum,
1396 936 1460 970 quin
1471 935 1503 962 ad
1520 942 1595 962 sacra
1621 933 1679 959 loca
1695 931 1864 961 ascenderet,
1879 935 1906 957 et

1122 991 1182 1019 qnte
1196 984 1224 1010 in
1239 983 1278 1010 eis
1290 987 1366 1009 erant
1379 981 1578 1017 pretiosissima
1591 986 1717 1013 corpora.
1733 977 1787 1011 igni
1803 984 1906 1004 consu-

1123 1030 1219 1057 menda
1234 1029 1385 1058 mandaret.
1410 1028 1461 1054 hoc
1474 1026 1619 1060 diligenter
1635 1028 1723 1055 curat,
1739 1028 1765 1049 ct
1778 1029 1904 1056 magnum

1123 1075 1231 1103 adhibet
1253 1074 1384 1105 studium,
1401 1077 1428 1099 ut
1443 1080 1457 1099 c
1471 1072 1562 1098 loculo
1575 1070 1711 1098 sublatum
1727 1067 1908 1094 Prteeursoris

1123 1119 1340 1150 tabernaculum,
1361 1118 1559 1145 transmitteret
1573 1114 1737 1143 servandum
1750 1113 1776 1140 in
1795 1113 1907 1140 civitate

1123 1164 1316 1196 Alexandrina,
1334 1163 1387 1190 alio
1403 1162 1520 1197 quodam
1535 1160 1673 1188 communi
1689 1166 1803 1193 corpore
1814 1166 1862 1193 pro
1873 1165 1907 1185 eo

1123 1211 1223 1246 repleta
1236 1209 1417 1244 depositione.

1161 1255 1193 1282 X.
1213 1255 1358 1288 Postquam
1381 1257 1471 1280 autent
1498 1251 1649 1279 Antiochiae
1674 1250 1766 1276 omnia
1781 1256 1909 1284 perscru-

1126 1305 1198 1328 tatus
1215 1301 1258 1327 ille
1273 1299 1383 1334 impius,
1400 1306 1431 1325 ea
1447 1303 1489 1326 est
1507 1304 1667 1333 aggressus,
1690 1303 1750 1330 qua:
1775 1295 1832 1322 fieri
1854 1302 1908 1321 non

1126 1348 1259 1380 poterant,
1284 1350 1345 1370 cum
1372 1343 1505 1369 absconsa
1530 1349 1628 1368 manus
1645 1346 1780 1374 nusquam
1796 1344 1910 1373 εοηιρα-

1126 1395 1208 1421 reret,
1224 1396 1256 1416 eo
1272 1388 1317 1415 ille
1331 1387 1480 1415 sceleratus
1501 1386 1637 1413 desiderio
1654 1385 1810 1415 frustratus,
1838 1388 1865 1410 et
1882 1383 1908 1410 in

1127 1435 1259 1469 reliquum
1282 1432 1468 1468 propheticum
1482 1438 1582 1466 corpus
1599 1430 1690 1458 furore
1713 1429 1844 1464 percitus,
1863 1428 1910 1463 qui

1127 1480 1153 1507 id
1164 1483 1359 1510 sarutareutur,
1376 1478 1467 1505 statim
1479 1477 1553 1504 misit
1563 1483 1650 1510 usque
1659 1475 1693 1502 ad
1711 1474 1909 1509 Hierosolyma,

1088 1536 1109 1565 α
1127 1530 1156 1553 ut
1176 1524 1354 1552 Prmcursoris
1365 1523 1420 1558 igni
1435 1515 1910 1552 mandarenttabernaculum.Quod

1126 1579 1188 1599 cutn
1203 1571 1235 1598 ad
1252 1570 1332 1597 tinem
1350 1574 1423 1596 esset
1449 1569 1606 1599 deductum,
1618 1571 1645 1594 et
1658 1573 1812 1597 commune,
1839 1566 1911 1600 quod

1125 1624 1175 1651 pro
1191 1616 1237 1643 illo
1253 1616 1389 1650 sepultum
1415 1614 1513 1646 fuerat,
1530 1620 1629 1648 corpus
1657 1613 1692 1639 ab
1706 1613 1740 1639 iis
1762 1612 1810 1646 qui
1833 1611 1911 1638 missi

1125 1662 1234 1689 fuerant
1250 1661 1276 1688 in
1300 1661 1418 1688 cinerem
1447 1664 1518 1687 esset
1532 1659 1682 1690 redactum,
1708 1657 1782 1684 illim:
1801 1657 1911 1684 solvens

1125 1706 1351 1733 duxitexet'citum
1360 1704 1392 1731 ad
1399 1703 1573 1732 obsidendam
1584 1703 1724 1733 Edessam.
1735 1706 1828 1736 utpote
1836 1701 1911 1736 quod

1124 1751 1170 1786 qui
1180 1752 1206 1778 in
1217 1758 1248 1777 ca
1260 1749 1427 1783 habitabant,
1437 1749 1546 1784 planum
1560 1753 1635 1776 esset
1648 1755 1695 1776 eos
1709 1752 1782 1775 stare
1796 1755 1810 1774 a
1827 1746 1912 1781 parti-

1124 1797 1175 1824 bus
1189 1796 1416 1823 Christianorum.
1431 1795 1514 1822 Aiunt
1540 1799 1630 1821 autem
1644 1793 1789 1826 quemdam
1806 1800 1838 1819 ex
1851 1791 1910 1819 suis

1125 1842 1245 1873 famulis.
1257 1841 1303 1876 qui
1312 1841 1396 1868 libere
1403 1847 1466 1868 cum
1474 1847 1507 1868 eo
1518 1839 1691 1876 loquebatur,
1699 1842 1726 1866 et
1732 1842 1792 1866 erat
1798 1838 1822 1864 ei
1832 1837 1911 1864 valde

1123 1888 1297 1922 conjunctus.
1314 1895 1347 1914 ex
1363 1887 1454 1913 animo
1470 1893 1536 1913 vero
1551 1893 1595 1913 res
1606 1884 1826 1912 Christianorum
1836 1884 1910 1911 eote-

1124 1934 1171 1961 bat
1185 1938 1211 1960 et
1225 1932 1389 1964 honorabat,
1405 1939 1466 1958 eum
1487 1939 1502 1959 a
1517 1936 1609 1966 empto
1629 1929 1815 1966 prohibuisse,
1831 1933 1859 1957 et
1875 1930 1910 1957 ad

1126 1979 1223 2006 bellum
1248 1977 1381 2005 adversus
1397 1976 1494 2004 Persas
1508 1977 1655 2012 gerendum
1676 1975 1817 2007 incitasse,
1841 1976 1912 2003 civi-

1124 2029 1205 2051 tatem
1219 2031 1281 2050 cum
1295 2023 1385 2054 Vellet,
1405 2023 1431 2049 in
1448 2026 1607 2057 potestatem
1622 2021 1681 2056 ejus
1692 2025 1833 2048 venturam
1849 2021 1911 2055 pol-

1123 2069 1219 2097 licens.
1237 2069 1270 2096 Et
1283 2068 1324 2096 sic
1346 2068 1462 2095 consilio
1484 2068 1687 2103 obtemperans,
1711 2066 1849 2101 profectus
1867 2070 1912 2094 est

1125 2115 1158 2142 ad
1174 2115 1274 2142 bellum
1300 2118 1393 2141 contra
1415 2113 1512 2140 Persas
1529 2113 1687 2147 gerendum.
1705 2112 1732 2138 In
1749 2119 1805 2146 quo
1833 2111 1911 2146 plaga

1125 2158 1255 2186 divinitus
1272 2158 1392 2186 immissa
1408 2164 1566 2193 percussus,
1581 2158 1664 2184 vitam
1686 2155 1914 2184 lluiitmiserabi-

315 2201 467 2230 'Ylll.Cum
482 2209 573 2231 autem
583 2202 672 2232 Lucas
683 2205 847 2239 evangelista
857 2205 1071 2238 circumquaque
1084 2198 1111 2229 Ι)
1124 2204 1194 2232 liter.

287 2254 385 2276 omnes
399 2249 487 2276 obiret
498 2249 635 2283 regiones,
649 2249 695 2277 ubi
704 2250 783 2277 etiam
796 2250 923 2277 obeundo
939 2250 1012 2277 venit
1022 2249 1072 2276 Se-

287 2295 394 2327 basten,
403 2294 554 2323 Antiochia:
565 2300 653 2323 tactus
663 2295 809 2327 desiderio,
820 2295 903 2330 utqui
918 2295 944 2321 in
959 2302 990 2322 ea
1001 2299 1072 2322 esset

287 2346 378 2373 natus,
392 2348 492 2376 magno
506 2340 615 2375 quidem
628 2342 770 2368 tenebatur
785 2341 874 2368 studio
888 2347 996 2368 sacrum
1006 2339 1072 2367 illud

285 2384 470 2414 Praecursoris
485 2394 585 2421 corpus
600 2386 711 2414 tollendi
727 2386 873 2420 integrum.
887 2385 956 2413 Cum
980 2389 1071 2412 autem

285 2439 340 2465 non
359 2437 461 2468 posset.
486 2433 616 2467 quoniam
639 2432 784 2467 diligenter
798 2432 967 2463 servabatur,
983 2431 1071 2458 ablata

285 2487 368 2508 manu
382 2480 504 2510 dextera.
516 2486 576 2507 eam
589 2479 706 2514 portavit
722 2480 748 2506 in
759 2486 835 2506 suam
852 2478 1000 2509 civitatem.
1012 2477 1072 2505 loco

285 2524 402 2560 alicujus
417 2524 528 2552 alterius
543 2524 679 2557 beneficii,
694 2529 721 2552 et
740 2523 855 2551 aliarum
867 2523 1023 2550 divitiarum
1035 2522 1070 2556 ei,

285 2579 346 2606 qua:
359 2571 447 2606 ipsum
464 2570 578 2602 aluerat,
594 2570 666 2598 hanc
678 2569 794 2597 reddens
806 2569 958 2597 mercedem
973 2569 1071 2596 educa-

284 2617 378 2644 tionis.
397 2617 437 2644 Ab
468 2617 515 2644 illo
545 2623 612 2652 ergo
628 2620 751 2650 tempore
769 2616 820 2643 sita
833 2619 892 2642 erat
911 2622 1009 2643 manus
1026 2615 1070 2642 illa

284 2662 355 2696 apud
369 2662 564 2693 Antiochenos,
579 2661 711 2696 inmaguo
722 2661 827 2688 bonore
838 2660 941 2691 habita,
955 2660 1069 2695 etjugis,

284 2716 344 2742 quae
362 2707 390 2735 in
409 2713 441 2735 ea
466 2707 581 2739 habitat,
599 2707 693 2742 gratiae
705 2707 784 2734 ﬁdem
801 2706 904 2734 faciens
917 2706 1068 2734 miraculis.

319 2750 364 2778 lx.
382 2751 450 2778 Cum
470 2757 560 2778 autem
588 2751 712 2779 Julianus
726 2751 865 2788 tyrannice
880 2752 986 2778 clavum
1001 2751 1070 2778 arri-

284 2796 390 2828 puisset
405 2796 522 2831 imperii,
538 2797 668 2830 quoniam
679 2805 736 2828 eos,
755 2798 801 2832 qui
814 2798 900 2833 ipsqu
924 2805 1070 2832 pru‘cesseo

285 2846 356 2873 rant,
384 2846 573 2876 persecutores
587 2847 614 2870 et
629 2842 676 2870 Dei
703 2843 794 2871 iIOSleS
816 2843 995 2871 contendebat
1023 2851 1068 2871 su-

1158 2250 1205 2277 Xl.
1223 2251 1368 2286 Postquam
1388 2254 1476 2278 autem
1489 2249 1522 2276 ad
1532 2248 1624 2277 fideles
1635 2249 1813 2283 imperatores
1822 2247 1912 2275 redie-

1122 2301 1186 2325 runt
1197 2303 1301 2331 sceptra
1312 2297 1536 2328 Romanorum,et
1545 2295 1645 2323 reddita
1655 2295 1704 2322 fuit
1715 2294 1912 2321 librrtastlbrt-

1123 2343 1230 2376 stianis,
1248 2343 1420 2370 nesciebatur
1434 2342 1555 2377 quidem,
1571 2342 1680 2369 ubinam
1696 2344 1769 2368 esset
1793 2340 1913 2374 pretiosa

1124 2396 1232 2421 ntanus,
1247 2390 1281 2416 ab
1296 2389 1586 2423 iisquiAntiochenam
1598 2386 1910 2415 babitabantcivitatem.

1123 2433 1176 2462 Sed
1192 2435 1262 2462 haud
1279 2435 1315 2461 ita
1333 2434 1377 2461 diu
1389 2440 1451 2469 post
1465 2434 1682 2469 perdiviniorem
1699 2432 1847 2459 revelatum
1860 2431 1913 2458 fuit

1124 2479 1255 2507 visionem
1271 2480 1381 2507 ubinam
1400 2484 1473 2507 esset
1499 2479 1641 2506 absconsa.
1658 2477 1744 2511 Quam
1760 2484 1823 2504 eum
1844 2477 1914 2503 lide-

1122 2524 1183 2552 liter
1199 2532 1231 2552 ex
1245 2532 1278 2552 eo
1290 2525 1351 2552 loco
1363 2524 1549 2557 sustulissent,
1568 2523 1596 2550 in
1613 2530 1644 2550 ea
1658 2521 1818 2549 honoranda
1832 2523 1913 2548 erant

1123 2568 1302 2597 insatiabiles.
1333 2568 1400 2596 Cum
1424 2572 1515 2595 autem
1544 2575 1598 2594 non
1637 2574 1733 2602 parum
1763 2565 1913 2592 effluxisset

1123 2615 1265 2649 temporis,
1281 2616 1431 2650 imperator
1443 2614 1616 2642 Justinianus
1633 2614 1705 2640 inter
1718 2612 1783 2646 alia,
1793 2618 1853 2647 qua
1866 2612 1913 2646 pie

1122 2660 1217 2696 gessit,
1232 2660 1296 2688 fecit
1309 2662 1392 2690 etiam
1411 2661 1464 2688 tale
1477 2660 1554 2694 quid.
1575 2659 1648 2686 Hanc
1675 2658 1746 2685 enim
1763 2655 1912 2684 miraculo-

1121 2712 1181 2733 rum
1194 2705 1553 2734 elfectricemPrtecursoris
1582 2704 1733 2735 dexteram,
1757 2708 1791 2729 et
1816 2700 1913 2728 Antio-

1120 2752 1193 2785 chia,
1209 2757 1236 2780 et
1249 2751 1354 2780 Domini
1369 2757 1397 2780 et
1415 2751 1461 2779 Dei
1480 2751 1565 2779 nostri
1580 2750 1713 2781 tunicam,
1723 2756 1782 2783 quae
1798 2751 1867 2778 erat,
1881 2746 1910 2773 in

1120 2800 1228 2827 civitate
1241 2799 1442 2829 .‘llaratscmerc,
1453 2802 1479 2825 et
1497 2797 1615 2824 maxime
1625 2793 1806 2821 venerandum
1816 2795 1909 2826 caput,

1119 2852 1151 2872 ex
1169 2843 1263 2872 Emesa
1277 2844 1415 2872 transtulit
1426 2844 1458 2871 ad
1474 2843 1575 2878 regiam
1591 2840 1740 2872 civitatem,
1753 2846 1761 2865 :
1776 2845 1837 2872 qme
1848 2836 1913 2872 qui-
