2027 3077
172 106 223 139 lil‘l

716 104 764 135 DE
785 104 890 136 MANU
909 106 939 135 S.
959 103 1243 136 I‘RJ‘ZCUIISORIS.

1739 101 1793 135 δῖε

174 167 234 191 dum
251 163 463 191 ostru-lehantnr
479 163 620 196 obsignata
636 163 776 196 signaculo
798 162 884 189 sancti
909 162 956 188 im-
970 165 993 193 Α
1009 161 1034 187 in
1050 162 1165 187 mediam
1185 162 1274 195 gulam
1291 160 1438 194 iaculatus,
1452 159 1511 194 ejus
1526 157 1598 193 jacttt
1621 158 1710 184 statim
1726 164 1793 191 quo.

174 210 308 244 pc-ratoris
322 209 506 239 Constantini,
522 209 555 235 ad
575 209 636 240 hoc,
650 213 678 235 ut
703 216 757 235 non
779 208 895 242 amplius
921 215 953 233 cx

172 257 212 283 eis
227 256 388 283 avelleretur
401 255 435 281 ab
448 255 482 282 iis
508 255 554 289 qui
582 255 824 289 amplecterentur.
850 253 956 280 Ablatis

173 309 238 334 ergo
256 300 418 332 signaculis,
434 307 495 325 cum
510 299 639 332 templum
657 299 849 328 Prmenrsoris.
881 297 953 332 quml

172 346 199 372 in
213 345 352 372 IIelnIomo
365 350 405 371 est
418 345 452 370 ab
465 351 498 371 eo
512 344 687 380 aediﬁcatum,
704 352 750 378 per
767 343 871 370 Domini
884 343 957 370 tuui-

173 397 233 416 cam
256 392 286 416 ct
301 389 434 423 ejusmodi
463 397 556 416 sacras
587 390 788 416 sanetitlcasset
814 388 955 422 reliquias,

173 442 270 462 rurrsus
281 434 385 461 remisit
398 434 456 462 suis
480 435 637 469 obsignatas
662 433 810 468 signaculis
823 440 866 464 eo.
884 433 957 459 unde

173 484 314 517 venerant,
331 479 416 506 solam
429 480 567 506 dexteram
584 479 769 514 prophetiram
798 478 955 512 relinqui-us

173 532 227 550 non
238 525 384 558 signatam,
395 528 425 550 ut
440 532 500 558 qua:
515 528 663 558 angeretur
681 523 838 557 unguentis.
856 528 882 550 et
893 531 956 551 sus-

172 570 314 596 tollerctur
327 569 353 595 in
372 570 440 596 festo
453 568 640 597 Exaltatlonis.

208 613 265 640 XII.
285 614 315 639 Et
327 614 365 640 sic
378 614 487 648 quidem
504 614 537 640 de
550 613 591 641 his
600 615 714 641 relatum
728 617 769 641 est
781 621 796 641 a
808 613 901 641 vetet-il
913 621 955 644 υς,

171 659 233 685 aliis
248 659 299 685 alia
327 659 362 685 de
389 667 470 685 manu
491 659 681 696 narrantibus,
714 661 844 686 conclusa
867 663 955 685 tamen

172 704 198 730 in
214 712 294 731 unam
321 708 348 731 ct
374 705 494 732 eamdem
513 705 574 732 lidci
599 707 747 738 notionem,
760 710 787 732 et
797 705 957 739 expellentia

170 756 280 776 omnem
297 749 525 780 incredulitatem,
556 751 702 778 aberrante
718 751 820 777 nemini
833 751 926 785 procul
942 759 956 777 ιι

172 794 297 821 veritate.
317 794 394 828 Quod
407 795 429 822 si
446 800 554 830 oportet
570 796 652 823 etiam
669 795 785 830 alicujus
800 796 957 823 meminisse

172 841 312 872 miraculi,
328 841 469 868 Antiochia
494 842 636 869 nobiscum
658 843 694 875 ei,
721 843 793 876 quod
823 842 955 872 dicemus.
973 830 993 858 Β

172 887 240 914 feret
252 887 440 914 testimonium
458 896 465 914 :
481 888 553 922 quod
567 888 674 922 quidem
688 888 826 915 auditione
850 895 864 915 a
877 888 956 914 nobis

172 937 314 966 acceptum
327 937 368 959 est
383 939 414 959 ex
435 932 610 967 quibusdam,
626 933 671 967 qui
684 933 742 959 illic
753 937 818 958 sunt
845 932 956 959 versati.

173 975 200 1001 In
216 983 332 1002 caverna
348 976 525 1003 delitescebat
541 977 650 1010 quidam
667 976 752 1003 draco
774 976 800 1002 in
820 975 880 1010 ejus
902 975 959 1002 fini-

173 1021 236 1050 bus.
252 1029 344 1059 intem,
360 1021 406 1055 qui
429 1021 588 1048 habitabant
600 1022 749 1052 civitatem,
761 1022 787 1048 in
801 1023 868 1048 deos
886 1021 956 1048 refc-

173 1071 275 1097 rcntes.
292 1067 480 1102 anniversario
496 1067 816 1094 bounrabantsacrillcio.
830 1066 857 1093 Id
868 1071 956 1093 autem

172 1118 232 1139 erat
245 1113 332 1147 puella
351 1113 437 1147 virgo,
461 1121 522 1147 qius
549 1114 631 1147 patilo
655 1117 720 1140 ante
737 1116 898 1147 pervenerat
923 1112 956 1139 ad

173 1157 356 1192 pubertatem.
371 1162 398 1185 et
409 1165 520 1193 propter
534 1166 587 1185 non
601 1159 732 1193 pollutam
760 1159 955 1192 virginitatem,

171 1204 387 1231 conservabatur
399 1204 510 1232 draconi
526 1204 701 1232 sacrificium.
715 1204 782 1238 Quis
792 1208 851 1233 erat
866 1210 955 1232 autem

174 1249 271 1276 modus
283 1249 410 1276 sacrificii

208 1293 279 1321 XIII.
299 1293 326 1320 In
345 1302 377 1321 eo
393 1295 451 1330 ipso
464 1295 536 1326 loco.
557 1295 582 1322 in
597 1304 651 1330 quo
664 1301 723 1324 crat
749 1304 863 1324 caverna
890 1297 954 1324 dra-

171 1339 260 1371 conis,
275 1341 438 1368 Antiocheni
455 1342 562 1377 publice
586 1342 765 1374 confluentes.
787 1347 814 1370 et
828 1343 955 1378 frequens

172 1385 261 1412 ellecli
287 1386 434 1419 theatrum,
463 1395 524 1414 cum
554 1388 672 1422 puellam
701 1389 955 1422 circumduxissent,

172 1430 330 1464 pmbebant
345 1432 528 1459 devorandam
538 1433 661 1461 draconi.
679 1433 704 1461 Is
717 1441 780 1460 vero
793 1441 956 1469 proserpens

172 1483 329 1508 eeaverna.
351 1481 378 1504 et
393 1478 561 1512 insperatum
588 1484 616 1506 et
638 1480 800 1508 incredibile
821 1487 956 1514 apparens

172 1522 476 1557 miraculum.serprus
504 1529 531 1551 ct
562 1533 659 1559 repens
691 1526 748 1553 suis
780 1526 904 1563 pedibus,
929 1530 957 1553 et

173 1566 357 1601 naturali,qui
373 1573 416 1594 est
434 1568 518 1601 intus.
537 1570 633 1604 spiritu
647 1570 818 1602 incurvatus,
833 1571 957 1598 etinslar

172 1612 253 1639 nulla:
273 1616 329 1639 tum
360 1612 462 1646 factus,
491 1615 575 1642 biauti
596 1623 643 1643 ore
654 1621 679 1643 et
704 1616 817 1644 dilatato
845 1616 956 1644 thorace

171 1658 322 1691 accipiebat
336 1659 515 1690 sacrificium.
532 1665 559 1687 et
574 1661 711 1688 lacerabat
735 1661 875 1689 dentibus.
904 1662 956 1689 Pro

172 1710 248 1729 more
264 1708 352 1730 autem
385 1711 446 1731 sors
461 1704 594 1740 obtigerat
609 1706 716 1733 cuidam
743 1707 909 1738 Christiano,
926 1713 956 1735 ut

172 1754 248 1774 suam
263 1748 341 1774 daret
359 1748 440 1775 filiam
471 1748 584 1776 draconi
611 1750 827 1782 sacritlcandam,
843 1750 889 1785 qni
904 1751 956 1778 sti-

173 1792 254 1819 mulis
266 1793 406 1821 sauciatus
433 1796 617 1828 naturalibus,
637 1803 669 1822 cx
695 1797 778 1823 corde
801 1797 957 1830 suspirabat

172 1838 206 1865 ad
225 1839 372 1866 tnaximum
401 1839 612 1868 I‘raecursorem.
648 1842 680 1868 Et
699 1845 729 1868 ut
757 1842 809 1868 lilia
827 1850 842 1869 a
870 1846 956 1869 marte

172 1885 275 1912 servari
292 1885 388 1920 possit.
406 1887 460 1913 tale
482 1887 546 1921 quid
574 1888 730 1922 excogitat:
744 1887 812 1914 Cum
830 1895 955 1922 magnam

173 1928 228 1956 \‘im
242 1930 301 1956 auri
317 1931 386 1964 apud
403 1938 433 1958 se
442 1931 638 1963 abscondisset,
654 1932 722 1964 petit
738 1937 767 1958 ut
780 1932 830 1958 sibi
849 1932 957 1966 permit:

172 1977 275 2000 teretur
302 1973 417 2001 adorare
443 1982 552 2001 manum
566 1979 688 2002 sanctam
715 1975 749 2002 ab
766 1983 809 2006 eu,
822 1975 867 2009 qui
882 1976 954 2002 illam

172 2017 309 2044 servabat.
326 2018 351 2045 Is
367 2023 458 2045 autem
471 2019 606 2046 concessit
619 2020 792 2051 postulatum.
810 2019 878 2047 Cum
892 2028 956 2047 vero

173 2061 196 2088 is
208 2063 234 2089 in
256 2062 299 2090 bis
315 2067 399 2096 esset,
416 2068 443 2090 ct
457 2065 528 2098 quod
545 2065 675 2092 aﬂ'erebat
700 2073 796 2092 aurqu
830 2066 954 2098 latenter,

171 2111 302 2141 tanquam
317 2109 367 2135 sub
381 2114 511 2142 praetextu
530 2110 674 2143 adorandi,
698 2111 772 2137 humi
801 2111 954 2142 eﬂ'mlisset.

1007 213 1059 239 que
1070 213 1124 230 mor
1131 209 1184 231 tem
1198 206 1222 232 ei
1239 205 1339 231 attulit.

1043 249 1112 278 XIV.
1126 250 1171 277 llis
1182 251 1220 277 sic
1232 249 1326 284 gestis,
1339 253 1415 284 pater
1425 248 1534 283 quidem
1547 247 1634 274 vivam
1651 247 1730 274 tlliam
1744 246 1794 273 do-

1007 305 1081 324 mum
1099 296 1212 327 reducit,
1227 301 1253 323 et
1262 296 1391 330 lacrymis
1402 294 1483 322 simul
1496 299 1521 321 et
1530 293 1629 328 gaudio
1641 293 1734 328 plenus
1745 313 1752 325 ,
1765 296 1793 319 et

1007 350 1021 368 a
1034 342 1205 372 linirabilem,
1233 346 1259 368 et
1284 348 1343 375 qme
1359 344 1454 375 praeter
1471 339 1626 375 opinionem
1641 338 1791 367 acciderat.

1007 388 1067 414 lilia:
1080 395 1194 414 narrans
1206 387 1429 421 redemptionem.
1444 385 1494 418 Qui
1506 389 1594 412 autem
1607 384 1793 411 circumsiste-

1012 434 1058 460 bat
1090 433 1219 468 populus,
1247 433 1347 467 insigni
1364 432 1495 459 miraculo
1516 430 1736 465 obstupefactus,
1751 430 1794 457 in-

1010 484 1102 511 gentes
1128 479 1181 505 Deo
1209 479 1306 514 agebat
1331 478 1442 512 gratias.
1473 478 1532 510 Quo
1557 476 1657 504 factum
1688 481 1744 507 est.
1765 481 1795 503 ut

1008 523 1170 551 Prscursori
1190 525 1320 559 templum
1343 524 1397 550 illic
1410 527 1612 554 construct-ent.
1633 522 1678 549 ubi
1694 522 1793 549 factum

1009 569 1098 596 fuerat
1113 569 1283 600 miraculum.
1296 570 1368 603 quod
1389 569 1564 596 nominarunt
1586 568 1753 602 κρεμαστὸν.
1769 567 1794 593 id

1009 619 1060 646 cst,
1084 622 1258 648 suspensum,
1280 615 1337 641 sive
1365 619 1525 649 propterea,
1543 614 1616 648 quod
1641 620 1721 646 supra
1742 618 1795 638 tet-

1010 666 1066 685 ratu
1084 658 1119 685 sit
1148 659 1236 685 solum
1262 659 1352 692 templi
1367 659 1514 689 elevatum,
1528 658 1584 685 sire
1598 657 1670 692 quod
1687 655 1720 683 ad
1737 661 1797 683 Ian-

1008 707 1062 728 tnm
1099 702 1274 729 aedificiorum
1315 702 1508 729 sublimitatem
1538 702 1599 735 ejus
1626 701 1662 727 sit
1684 705 1795 727 extensa

1010 747 1132 774 latitudo.
1149 752 1178 773 ut
1195 747 1427 781 conspicientibus
1446 754 1528 782 prope
1540 747 1663 773 videaiur
1678 746 1796 780 pendere

1008 791 1035 818 iu
1065 799 1136 819 arare.
1164 793 1192 819 In
1220 799 1351 826 quocum
1388 792 1461 819 hunc
1486 799 1593 818 sacrum
1605 796 1632 818 et
1652 791 1795 818 mirilicum

1008 837 1121 871 digitum
1143 838 1346 872 deposuissent,
1370 845 1431 865 cum
1453 837 1529 865 fcstis
1558 837 1694 864 honorant
1720 836 1798 863 anui-

1009 883 1148 921 \'ersariis,
1181 883 1361 914 miraculum,
1392 885 1463 918 quod
1492 883 1593 910 factum
1617 882 1723 913 fuerat.
1749 889 1797 916 per

1008 929 1298 956 commemorationem
1341 929 1554 955 trausruittentes
1599 927 1632 954 ad
1663 932 1796 961 posteros.

1010 973 1114 1000 Dicitur
1126 974 1207 1001 etiam
1220 975 1292 1001 aliud
1309 982 1417 1010 quoque
1430 976 1527 1001 mirum
1543 974 1595 1002 tale
1610 974 1666 1000 fieri
1676 973 1795 1008 signum.

1010 1018 1096 1053 IInjus
1124 1020 1228 1047 scilicet
1254 1025 1355 1047 sancta:
1389 1027 1484 1047 manus
1514 1019 1661 1054 aliquando
1685 1019 1795 1053 quidem

1007 1065 1117 1092 extendi
1142 1065 1413 1100 digitos.aliquando
1435 1073 1500 1093 vero
1525 1065 1660 1098 contrahi,
1681 1073 1796 1098 quorum

1006 1110 1165 1137 extensione
1177 1110 1286 1145 quidem
1298 1111 1445 1146 significari
1460 1111 1627 1139 fertilitatem
1645 1111 1794 1144 fructuum.

1007 1157 1191 1183 contractione
1203 1161 1293 1183 autem
1310 1157 1428 1191 inopiam
1444 1161 1471 1184 et
1486 1156 1637 1190 penuriam.

1046 1201 1104 1227 XV.
1129 1202 1196 1228 Cum
1224 1206 1315 1228 autem
1337 1203 1426 1233 multi,
1447 1203 1492 1236 qui
1517 1207 1580 1229 ante
1607 1209 1656 1229 nos
1675 1203 1794 1233 fuerunt.

1009 1245 1188 1280 imperatores
1216 1246 1287 1274 hanc
1325 1253 1436 1273 manum
1469 1247 1671 1275 desiderassent
1698 1249 1795 1282 quovis

1008 1293 1090 1319 modo
1119 1292 1275 1327 possidere,
1301 1300 1351 1320 nec
1380 1293 1490 1324 sinere,
1519 1297 1547 1319 ut
1569 1298 1675 1320 tantum
1692 1294 1793 1321 bonum

1007 1342 1127 1364 manerct
1153 1337 1223 1372 apu.l
1248 1337 1378 1364 barbaras
1407 1343 1513 1372 gentes.
1544 1346 1604 1372 qua!
1617 1344 1709 1373 partes
1736 1340 1795 1367 illas

1006 1387 1182 1417 occuparant.
1215 1384 1368 1417 captivum;
1402 1384 1552 1417 augebatur
1571 1384 1692 1418 quidem,
1705 1392 1738 1412 ac
1753 1386 1795 1412 vi-

1006 1429 1083 1463 gobat
1099 1428 1159 1462 ejus
1174 1427 1211 1455 rei
1228 1428 1410 1458 desiderium.
1426 1428 1473 1455 sed
1495 1428 1600 1461 modus,
1617 1437 1671 1464 quo
1689 1430 1714 1457 id
1730 1438 1794 1465 pos-

1009 1474 1141 1505 siderent,
1156 1473 1232 1500 nullo
1250 1474 1330 1500 modo
1346 1474 1459 1501 inveniri
1475 1479 1589 1508 poterat.
1619 1475 1651 1502 Et
1674 1483 1735 1502 cum
1755 1477 1795 1503 eis

1008 1519 1153 1552 aliquando
1176 1519 1263 1546 visum
1289 1523 1372 1550 esset,
1403 1519 1493 1546 dando
1524 1520 1685 1554 pecuniam,
1715 1521 1794 1549 talem

1008 1573 1170 1600 couiparare
1197 1566 1366 1596 thesaurum.
1382 1573 1484 1596 aerem.
1500 1570 1528 1593 ut
1543 1572 1584 1594 est
1595 1567 1622 1594 in
1638 1567 1794 1602 preverbio.

1007 1613 1105 1646 pugnis
1123 1612 1270 1639 caedebant.
1293 1611 1504 1639 Desiderabatur
1527 1620 1590 1648 ergo
1606 1613 1641 1640 ab
1657 1613 1793 1644 omnibus.

1006 1658 1133 1692 aquibus
1153 1665 1249 1684 nomen
1265 1658 1365 1685 Christi
1376 1663 1415 1685 est
1433 1659 1608 1686 invocatum:
1626 1664 1653 1686 et
1675 1659 1793 1694 quicun-

1006 1711 1059 1738 que
1075 1705 1100 1731 in
1115 1704 1174 1738 ejus
1187 1704 1225 1731 rei
1241 1704 1399 1732 versabatur
1413 1705 1585 1740 cogitatione,
1601 1704 1684 1732 Deum
1711 1713 1793 1741 roga-

1009 1749 1056 1776 bat
1081 1749 1228 1783 gemitibus
1257 1749 1495 1781 inenarrabilibus.
1513 1754 1543 1777 ut
1562 1749 1686 1783 benignis
1707 1749 1794 1777 oculis

1009 1799 1090 1820 suum
1122 1793 1255 1827 aspiceret
1277 1794 1415 1828 populum,
1448 1798 1475 1820 et
1502 1793 1560 1828 ejus
1588 1801 1651 1821 eum
1674 1793 1795 1822 efﬁceret

1010 1845 1197 1872 possessorem
1205 1843 1233 1865 et
1243 1843 1433 1871 spectatorem.
1444 1838 1578 1872 Quoniam
1591 1843 1679 1866 autem
1696 1839 1794 1867 divina:

1006 1885 1188 1913 Providentia:
1207 1891 1273 1913 sunt
1300 1886 1391 1912 omnia
1425 1885 1569 1920 praeﬁnita.
1588 1886 1613 1914 el
1635 1885 1682 1920 qui
1702 1887 1794 1913 omnia

1007 1932 1142 1966 praescivit
1179 1936 1242 1958 ante
1274 1931 1406 1958 mundum
1446 1931 1604 1963 conditum.
1634 1930 1793 1966 despicienti

1006 1983 1125 2012 tempora
1143 1982 1243 2005 nostra:
1262 1977 1420 2008 inscientia).
1437 1977 1538 2012 placuit
1557 1984 1604 2012 per
1623 1976 1720 2004 multas
1731 1983 1795 2004 suae

1006 2023 1210 2054 miserationes,
1236 2027 1267 2050 ut
1282 2023 1309 2050 in
1325 2023 1378 2050 hac
1396 2029 1507 2058 quoque
1522 2022 1696 2056 generatione
1717 2030 1794 2049 reve-

1008 2068 1111 2096 larctur
1131 2068 1182 2096 hoc
1201 2076 1329 2103 magnum
1342 2072 1368 2095 et
1382 2067 1487 2102 insigne
1502 2067 1676 2100 miraculum.
1697 2067 1724 2095 in
1739 2075 1792 2103 qua

1005 2114 1204 2141 Constantinus
1221 2118 1249 2140 et
1269 2113 1417 2144 Romanus,
1439 2113 1486 2148 qui
1510 2112 1584 2148 digiti
1602 2117 1673 2140 sunt
1688 2115 1794 2147 magnis

169 2158 244 2179 recta
258 2153 389 2187 processit
411 2154 444 2181 ad
462 2155 638 2182 adorandum.
655 2156 782 2184 Edituus
794 2162 895 2188 autem,
925 2161 954 2184 ut
970 2158 992 2186 D
1008 2159 1142 2190 laudibus.
1169 2159 1203 2186 ab
1226 2158 1285 2193 ipso
1300 2163 1362 2185 ortu
1390 2159 1536 2193 purpureis
1558 2158 1651 2186 fasciis
1669 2159 1794 2189 involuti.

169 2198 216 2232 qui
242 2199 329 2226 avidis
351 2200 437 2227 oculis
457 2201 490 2227 ad
520 2208 617 2228 aurum
632 2203 773 2236 aspiceret.
789 2203 910 2230 cucurrit
920 2203 952 2229 ad

169 2243 236 2271 ilIu-I
262 2245 453 2280 colligendum.
481 2246 527 2273 Ille
541 2252 642 2279 autem,
657 2248 703 2282 qui
717 2249 847 2283 petierat,
860 2253 889 2275 ιιι
901 2249 953 2276 sibi

172 2291 264 2318 liceret
285 2291 409 2324 adorare,
435 2300 497 2319 cum
519 2301 549 2320 se
576 2293 756 2326 incurvasset,
782 2298 809 2322 et
826 2299 911 2322 totum
925 2303 955 2323 se

170 2336 198 2362 in
215 2337 333 2364 loculum
352 2337 510 2366 inclinasset
521 2359 528 2371 ,
545 2338 638 2366 divino
656 2339 795 2367 sauciatus
809 2340 953 2372 desiderio,

169 2389 234 2407 cum
264 2382 423 2410 veneranda:
442 2383 559 2410 dextera:
587 2385 712 2418 pollicem
742 2385 903 2417 osculando.
927 2390 955 2412 et

169 2426 246 2453 labra
277 2427 448 2455 admovendo
476 2429 614 2457 mordicus
638 2430 763 2458 dentibus
782 2431 953 2462 abscidisset,

172 2476 198 2497 rt
228 2473 404 2505 occultasset.
438 2481 452 2501 a
467 2475 568 2509 templo
594 2476 806 2510 quamprimum
830 2478 954 2504 recessit.

157 2517 237 2559 silum
260 2524 349 2545 autem
373 2519 429 2553 jam
449 2520 506 2546 dies
530 2521 703 2548 adventasset
718 2522 856 2553 sacriﬁcii.
877 2527 903 2549 et
914 2523 955 2550 ci-

155 2563 245 2590 lvium
271 2571 430 2598 eorumque,
455 2565 500 2598 qui
523 2565 796 2599 circumbabitabant,
811 2562 990 2594 collectum‘

172 2613 244 2636 esset
261 2609 406 2641 theatrum,
419 2610 524 2637 accedit
540 2615 615 2645 pater
631 2612 746 2645 puellam
772 2612 908 2640 adducens
921 2613 953 2640 ad

173 2653 348 2681 sacrificium.
381 2653 412 2680 Et
424 2662 485 2682 cum
510 2655 603 2683 fuisset
631 2665 712 2692 prope
734 2658 896 2690 draconem,
928 2664 955 2686 et

174 2707 236 2726 cum
249 2699 358 2726 vidisset
375 2705 453 2727 vasto
467 2708 514 2726 ore
533 2701 662 2732 hiantem.
679 2706 706 2729 et
729 2702 872 2731 horrendis
887 2703 956 2731 sibi-

178 2745 212 2770 Iis
239 2751 298 2776 eos,
325 2745 370 2780 qui
387 2745 543 2776 audiebant.
563 2751 717 2780 terrentem,
745 2753 771 2775 et
792 2749 955 2777 sacriﬁcium

177 2789 383 2823 drsiilcrantcm,
397 2798 502 2818 sacrum
517 2791 592 2819 illum
602 2796 630 2820 et
645 2793 825 2822 venerandum
842 2794 955 2830 digitum

327 2839 459 2870 Ιίτιιοι.
481 2839 527 2870 Cn
557 2839 632 2871 CXI.

1008 2202 1137 2236 regebant
1156 2202 1275 2229 habenas
1289 2202 1405 2238 imperii.
1421 2202 1449 2230 Id
1475 2207 1565 2230 autem
1579 2208 1620 2231 est
1636 2204 1795 2231 veneranda:

1008 2247 1189 2276 Pra-cursoris
1201 2255 1298 2276 manus
1310 2249 1472 2284 exportatio,
1488 2254 1516 2276 et
1529 2250 1677 2278 revocatio.

1043 2294 1112 2321 XVI.
1136 2294 1230 2322 Modus
1256 2299 1346 2322 autem
1357 2296 1546 2329 revocationis,
1567 2301 1609 2324 est
1619 2296 1793 2324 valdomira-

1010 2339 1072 2367 bilis
1107 2345 1134 2366 et
1161 2345 1257 2375 pra-ter
1278 2341 1446 2375 opinionem.
1470 2341 1537 2369 Nam
1554 2342 1596 2369 vir
1608 2342 1731 2377 quidam,
1747 2339 1794 2378 qui

1007 2389 1063 2410 erat
1077 2384 1176 2410 relatus
1191 2383 1218 2411 in
1247 2389 1347 2411 sertem
1364 2385 1539 2412 diaconorum
1565 2386 1714 2413 Antiochia!
1727 2387 1794 2413 clvi-

1008 2429 1081 2461 tatis,
1106 2428 1156 2456 Job
1170 2429 1292 2461 nomine.
1318 2437 1435 2464 superno
1468 2431 1627 2466 inspiratus,
1646 2436 1675 2459 et
1701 2432 1795 2459 divino

1009 2475 1066 2501 ιιιιυ
1082 2475 1211 2509 repletus.
1226 2475 1296 2509 apud
1312 2482 1343 2502 se
1365 2476 1511 2510 cogitabat,
1526 2481 1652 2511 possetne
1673 2476 1796 2505 Prmcur-

1008 2519 1080 2547 sor-is
1092 2519 1241 2547 suﬂ‘uratus
1255 2520 1404 2553 dexteram,
1420 2528 1479 2549 eam
1493 2521 1596 2549 donum
1610 2522 1795 2550 desideratum

1008 2566 1101 2601 largiri
1122 2566 1305 2598 Christianis;
1333 2571 1414 2601 atque
1429 2566 1497 2594 adeo
1520 2567 1553 2594 ad
1567 2567 1647 2594 talem
1658 2567 1807 2601 processit.

1009 2612 1218 2645 experientiam.
1247 2611 1392 2639 Pulchrum
1408 2613 1537 2646 templum
1548 2616 1575 2640 et
1589 2612 1725 2640 excelsum
1739 2613 1792 2640 sub

1009 2657 1120 2684 nomine
1147 2657 1218 2684 Petri
1244 2657 1428 2691 apostolorum
1451 2658 1584 2693 principis
1613 2658 1734 2694 positum
1754 2664 1794 2685 est

1011 2703 1038 2731 in
1065 2711 1096 2731 ca
1117 2703 1235 2731 civitate.
1266 2702 1296 2730 In
1327 2703 1410 2739 hujus
1436 2704 1568 2733 vestibulo
1587 2711 1649 2732 cum
1674 2711 1751 2731 suam
1772 2704 1795 2730 in

1010 2748 1121 2776 fecisset
1145 2748 1351 2782 habitationem,
1385 2757 1449 2777 cum
1480 2757 1622 2778 sacrorum
1635 2770 1644 2784 ,
1661 2757 1722 2786 qua
1740 2749 1795 2777 illic

1009 2799 1100 2829 erant,
1126 2801 1251 2825 vasorum
1276 2795 1390 2825 custode
1417 2796 1478 2827 Iuiit
1492 2797 1649 2829 amicitiam,
1675 2801 1744 2825 utea
1760 2795 1795 2824 de

1556 2841 1593 2879 20
