2027 3077
202 101 279 133 "Sig

540 99 679 130 THEOD.
700 96 959 128 ΒΛΡΗΝΟΡᾹΤἙ
975 96 1019 126 DE

1070 94 1143 125 ANU
1160 94 1189 124 S.
1207 92 1494 124 PRIECURSORIS.

1792 91 1847 123 6‘20

229 155 312 185 causa
350 160 478 184 tentaret
493 163 555 183 cum
586 157 646 191 ipso
671 160 726 182 tota
752 159 831 182 nocte
852 153 1012 181 venerandae
1027 152 1235 197 Adirigentem.
1258 151 1344 178 Porro
1375 155 1467 178 autem
1491 149 1593 184 aliquid
1618 155 1726 184 quoque
1748 149 1848 176 accidit

228 202 469 230 manus‘assidere
490 201 600 229 'locnlo.
614 201 760 234 Postquam
777 204 866 226 autern
891 198 1013 233 petitioni

229 253 293 272 non»
311 246 407 272 annuit
418 246 451 278 is,
482 244 525 272 cui
542 245 646 272 credita
672 244 761 271 fuerat
775 244 908 274 custodia,
925 243 1013 276 inopi-

229 295 322 318 natum
332 291 413 326 aqu-id
440 291 573 326 cogitanS,
585 290 617 316 ad
629 290 709 317 aliam
728 289 1014 317 transitmachinatio-

229 344 300 364 nem.
311 337 378 363 Cum
386 342 544 370 utrnptuosa
553 340 579 362 et
589 336 661 362 lauta
676 343 769 362 mensa
787 343 848 362 eum
863 335 1015 362 exhilaras-

229 386 285 412 set,
307 385 333 407 ct
346 382 430 407 amice
439 388 504 407 eum
523 380 555 406 ad
573 380 716 406 hibendutn
733 379 882 411 invitando,
902 379 935 406 ad
953 387 1015 414 pro-

232 425 345 452 fundum
365 425 485 451 ct‘morti
501 425 616 451 similem
642 431 769 451 somnum
794 424 967 456 deduxisset;
988 427 1016 451 et

228 469 592 503 per-quamdamfertestratu
625 468 784 502 intempesta
823 473 905 495 nocte
931 475 960 495 se
988 469 1014 495 in

231 515 358 548 templum
370 514 534 546 fiClllisiSSEI,
552 515 652 541 scnsitn
663 517 690 540 et
709 514 768 540 sine
782 514 907 546 strepitu,
936 520 1015 540 sacro

229 563 323 592 aperto
336 558 424 585 loculo
438 559 465 592 (ο
478 565 534 584 rem
550 562 575 584 et
591 557 662 584 factu
680 560 708 583 et
731 557 822 583 auditu
839 555 1015 589 terribilem!)

231 603 330 637 accipit
356 604 512 636 pretiosam,
527 609 587 637 qua:
598 601 812 633 desiderabatur,
835 601 972 628 dexteram
989 605 1017 627 et

231 656 340 675 summo
368 649 477 676 silentio
503 655 639 678 reversus,
669 647 812 681 diligenter
825 647 933 680 quidem
945 647 1015 681 apud

231 701 261 720 se
274 698 373 727 servat,
388 694 459 728 quod
470 693 574 720 furatus
589 693 688 724 fuerat,
714 700 748 719 ne
761 697 969 727 cognosceretur
982 692 1016 718 ab

231 739 323 773 aliquo
336 739 524 766 barbarorum.

268 784 350 811 XVII.
366 783 434 812 llinc
446 786 583 820 egreditur
597 786 753 817 Antiochia,
770 788 798 812 et
818 785 868 811 iter
885 784 944 811 iniit
960 791 1018 810 ma-

1064 198 1126 224 aliis
1143 197 1230 232 magis
1246 196 1415 229 admirabile,
1428 201 1455 223 et
1468 197 1578 229 dignum
1592 202 1672 222 manu
1693 194 1847 222 veneranda

1064 242 1255 270 Pra-cursoris.
1279 243 1380 269 Aderat
1402 242 1475 268 enim
1501 241 1560 268 dies
1584 240 1673 268 festus
1688 245 1848 268 sanctorum

1065 287 1223 319 Luminum,
1242 287 1268 314 iu
1286 294 1340 321 quo
1366 294 1430 314 vera
1443 286 1488 313 illa
1519 285 1588 318 Lux,
1599 285 1727 313 Jordanis
1748 285 1849 312 ﬂuenta

1065 332 1260 367 complectens,
1285 333 1410 359 humana
1435 335 1540 358 naturae
1556 330 1747 358 eontritionem
1761 329 1848 358 refor-

1065 379 1159 406 mavit.
1190 378 1223 405 Et
1247 378 1375 412 quoniam
1399 377 1569 412 praeedente
1593 376 1639 404 die
1652 376 1757 411 jejunio
1780 383 1850 411 prae-

1065 432 1224 459 purgamur,
1253 424 1352 450 accidit
1379 428 1408 450 ut
1437 423 1463 449 in
1481 423 1538 456 ipsa
1551 422 1618 449 hora
1640 421 1805 456 vespertina,
1821 422 1850 449 in

1065 479 1118 506 qua
1135 479 1194 498 mos
1218 475 1261 498 est
1272 469 1436 497 Christianis
1451 476 1580 504 peragere
1594 467 1851 499 sanctiﬁcationem,

1066 517 1157 544 divina
1171 523 1267 543 manus
1283 515 1422 542 adrenerit
1442 523 1450 542 :
1464 521 1620 549 quamcum
1638 512 1741 540 Christi
1757 520 1852 540 aman-

1067 563 1193 590 tissimus
1223 562 1380 596 imperator,
1414 564 1542 594 tanquam
1566 560 1678 586 caeleste
1700 558 1804 585 donum
1824 563 1852 585 et

1066 609 1101 635 ab
1117 609 1225 635 interitu
1241 608 1359 634 alienum
1371 606 1545 640 suscepisset,
1568 610 1594 632 et
1613 604 1754 638 amplexus
1767 607 1851 634 esset.

1067 654 1254 687 desideriique
1287 658 1314 678 et
1341 651 1401 678 tidei
1427 651 1558 686 laetymas
1572 650 1726 682 ell'udisset,
1746 649 1853 684 reponit

1067 698 1093 726 in
1108 699 1196 725 medio
1220 698 1380 732 templorum
1401 696 1544 728 regalium,
1560 696 1627 722 adeo
1641 700 1670 722 ut
1683 702 1778 721 omnes
1792 701 1853 722 cre-

1068 745 1166 771 derent
1192 744 1266 770 illum
1300 744 1389 778 ipsum
1414 743 1511 770 adesse
1539 741 1699 775 Baptistam,
1720 740 1772 767 etsi
1799 742 1852 767 sub

1068 794 1206 824 aspectum
1238 796 1291 815 non
1320 788 1438 818 caderet.
1469 792 1496 814 ct
1524 785 1678 821 proposilas
1706 792 1791 819 aquas
1801 793 1851 812 sua

234 837 287 864 gno
312 833 385 857 metu
403 830 529 861 ali'ectus.
546 839 578 858 ne
593 839 635 858 res
650 833 723 858 lieret
735 830 876 857 manifesta
889 829 1015 859 inimicis,
1033 837 1053 865 ιι
1067 834 1236 862 ετιηοιῇιῑίιπε
1271 834 1391 859 dextera,
1415 831 1484 858 Hinc
1511 831 1679 858 canebantur
1699 829 1851 865 hymnodiza

232 876 266 902 ad
292 877 496 911 exsequendum
522 878 689 913 propositum
717 877 809 904 multis
843 883 914 910 sape
936 881 1016 902 utens

233 920 368 955 precibus.
397 922 498 949 Locum
514 928 606 949 autem
624 923 692 954 loco,
716 927 743 949 et
755 921 890 948 civitatem
907 921 1017 948 civitate

233 971 415 999 commutans,
448 967 593 994 festinabat
614 968 646 994 ad
661 968 774 994 exitum.
798 966 1016 1000 Cumqnelethi-

234 1010 305 1038 feras
328 1011 389 1038 illas
417 1012 475 1038 vias
496 1011 536 1039 sic
565 1012 738 1046 pervasisset.
763 1011 883 1045 pervenit
900 1011 932 1037 ad
948 1010 1016 1036 lines

233 1056 381 1089 Romanos,
396 1065 523 1092 magnum
535 1059 642 1092 quidem
657 1058 732 1084 illum
751 1061 852 1084 metum
864 1056 1015 1088 excutiens,

233 1101 362 1130 audacius
381 1107 471 1130 autem
491 1109 516 1130 et
530 1103 710 1130 conﬁdentius
720 1101 852 1130 festinans
866 1101 900 1128 ad
915 1101 1015 1135 regiam

235 1150 385 1176 civitatem.
414 1149 562 1183 Postquam
594 1156 658 1175 vero
685 1148 771 1174 ﬁdelis
793 1148 940 1180 imperator
958 1145 1018 1179 ejus

235 1196 345 1222 rescivit
371 1195 528 1227 adventum,
543 1199 569 1220 et
588 1202 618 1220 rc
628 1193 780 1220 admirabili
795 1192 847 1219 fuit
860 1192 1019 1226 obstupefa-

232 1244 307 1271 ctus,
329 1239 440 1266 Christo
452 1240 562 1273 quidem
573 1247 633 1265 .nou
647 1242 751 1273 poti-rat
769 1245 848 1272 agere
860 1237 960 1272 gratias
972 1243 1020 1270 pro

228 1286 377 1320 dignitate,
391 1286 685 1319 utquem‘iusperatum
696 1283 846 1317 impediret
866 1283 993 1317 gaudium
1011 1290 1019 1309 :

235 1338 284 1357 cos
300 1334 402 1362 autem,
417 1329 463 1364 qui
486 1330 537 1356 hoc
549 1333 674 1356 sanctum
695 1335 758 1355 cum
778 1327 896 1363 hymnis,
916 1327 1022 1361 lampa-

227 1375 316 1402 -dibus
333 1380 360 1402 ct
374 1374 519 1409 unguentis
531 1379 625 1401 essent
651 1373 814 1408 suscepturi,
829 1378 856 1400 et
879 1373 911 1399 ad
933 1373 1021 1407 ipsum

229 1420 358 1453 .allaturi,
369 1420 460 1447 emisit
476 1429 484 1447 :
497 1424 526 1447 ut
538 1421 609 1446 sicut
640 1419 697 1454 ipse
711 1426 760 1446 vox
775 1417 919 1446 clamantis
933 1418 960 1444 itt
973 1418 1022 1445 de-

237 1471 310 1493 serto
323 1473 419 1501 parare
432 1466 490 1493 vias
506 1465 623 1498 Domini,
645 1470 672 1492 et
684 1465 796 1492 semitas
808 1469 896 1491 rectas
919 1463 1020 1495 facere,

1067 880 1190 914 spiritus,
1203 879 1277 905 illata
1306 878 1408 905 Iumina
1426 877 1555 911 templqu
1574 875 1773 908 illuminabant,
1793 882 1852 902 om-

1068 926 1142 953 nium
1169 925 1241 952 oculi
1270 923 1302 952 ad
1333 931 1439 950 sacrant
1464 930 1573 956 eapsam
1604 925 1683 949 erant
1706 921 1852 954 aperti,et

1068 973 1178 1004 aspectu
1195 968 1355 996 hauriebam
1369 967 1622 995 sanctilicationem.

1103 1014 1175 1041 XIX.
1196 1013 1242 1041 Sic
1265 1014 1374 1049 quidem
1398 1020 1460 1039 cum
1473 1012 1572 1039 festum
1590 1016 1748 1039 sanctorum
1764 1010 1855 1038 Theo-

1069 1060 1245 1095 plraniorum,
1273 1063 1302 1086 et
1330 1058 1369 1085 sic
1398 1058 1480 1085 etiam
1492 1064 1620 1092 sequens,
1652 1056 1679 1083 in
1713 1063 1768 1091 quo
1781 1057 1853 1084 saeta'

1065 1105 1250 1132 Praecursoris
1266 1103 1396 1130 memoria
1410 1107 1452 1129 est
1460 1102 1541 1129 altius
1550 1102 1627 1129 nobis
1635 1101 1744 1133 tradita,
1755 1102 1856 1136 quippe

1069 1151 1114 1186 qui
1128 1151 1211 1178 divini
1233 1149 1402 1182 baptismatis
1417 1148 1544 1183 mysterio
1565 1147 1856 1182 iuservierit,.peregis-

1069 1202 1162 1222 seruus
1187 1199 1214 1222 et
1233 1193 1489 1224 celebravissemus,
1521 1191 1704 1226 judicavimus
1730 1199 1780 1226 par
1793 1198 1856 1219 esse

1070 1248 1168 1268 manus
1179 1247 1288 1275 quoque
1302 1239 1436 1266 honorare
1446 1237 1643 1272 depositionent
1660 1236 1736 1264 festis
1743 1238 1855 1269 annuis,

1070 1287 1123 1314 hac
1145 1293 1253 1321 quoque
1272 1289 1466 1312 connumerata
1489 1283 1550 1310 aliis
1578 1282 1637 1317 ejus
1652 1282 1739 1315 festis,
1758 1287 1788 1309 ut
1819 1289 1854 1310 ex

1067 1332 1154 1361 rebus
1179 1331 1251 1358 illius
1270 1331 1338 1358 nihil
1354 1330 1389 1358 sit
1403 1337 1457 1357 non
1472 1328 1621 1363 gloriosum
1639 1333 1667 1355 et
1683 1328 1855 1356 admirabile.

1071 1377 1106 1404 Et
1131 1384 1205 1404 nunc
1216 1383 1279 1403 ecce
1302 1375 1380 1404 adest
1394 1376 1444 1402 hoc
1468 1374 1567 1401 festum
1582 1375 1683 1401 clarum
1706 1378 1733 1401 et
1750 1374 1857 1409 insigne

1072 1427 1135 1458 post
1158 1422 1320 1450 circularem
1347 1421 1411 1448 anni
1443 1420 1586 1452 ambitum,
1611 1419 1747 1447 distillans
1777 1419 1856 1446 nobis

1074 1468 1173 1496 imbres
1199 1467 1405 1498 miraculorum,
1429 1470 1457 1493 et
1469 1473 1501 1493 ea
1516 1465 1642 1496 aﬂ‘erens,
1659 1473 1720 1499 quae
1738 1469 1803 1492 sunt
1814 1464 1863 1492 [ιι-ι

235 1514 331 1546 jussus
357 1516 436 1544 erat;
466 1511 501 1538 ita
515 1511 595 1538 etiam
609 1511 659 1545 ipsi
672 1510 855 1537 Christianam
865 1509 1019 1543 ingredienti

1075 1519 1134 1542 tura
1163 1513 1261 1541 animis
1283 1512 1386 1540 nostris
1414 1511 1605 1539 conducibilia.
1624 1510 1673 1537 Est
1693 1517 1758 1546 ergo
1779 1510 1860 1538 nobis

230 1558 386 1589 civitatem,
410 1562 437 1584 et
450 1565 468 1584 a
497 1565 552 1592 qua
566 1557 626 1591 ejus
639 1556 723 1592 gratia
745 1564 798 1583 non
814 1556 893 1590 longe
917 1556 1022 1586 aberat.

234 1608 399 1638 pararentur
419 1603 524 1630 honesti
544 1607 571 1630 et
590 1602 682 1630 decori
707 1603 858 1637 ingressus.
879 1601 946 1628 Cum
959 1608 1024 1635 ergo

236 1649 469 1682 appropinquaret
487 1647 697 1678 Chalcedonem,
712 1647 788 1674 navis
804 1646 913 1681 quidem
925 1646 1024 1672 emissa

240 1697 283 1718 est
305 1694 491 1726 imperatoria,
515 1697 543 1720 et
564 1692 684 1727 pontifex
702 1699 763 1718 cum
782 1691 978 1722 sacerdotibus,
997 1695 1025 1717 et

241 1737 399 1771 quicunque
412 1745 443 1764 ex
460 1741 557 1765 senatu
573 1743 652 1764 erant
675 1737 741 1764 clari
752 1741 778 1764 et
802 1737 921 1764 illustres
932 1736 1023 1768 simul,

242 1784 272 1806 nt
297 1788 405 1809 sacrum
432 1780 507 1808 illum
539 1781 696 1808 thesaurum
725 1781 852 1808 inferrent
869 1781 895 1807 in
912 1780 1024 1816 regiam,

242 1833 304 1852 cum
338 1826 436 1860 quibus
470 1826 589 1853 fidelium
636 1833 745 1861 quoque
785 1826 928 1853 multitudo
959 1827 1026 1853 urbe

241 1879 361 1906 egressa,
386 1872 454 1900 mari
483 1873 507 1899 ei
537 1872 696 1907 navigarunt
722 1872 840 1905 obviam,
854 1877 884 1900 ut
905 1879 968 1900 eum
979 1873 1027 1899 de-

242 1916 384 1945 ducerent.

280 1962 376 1992 XVIII.
390 1963 536 1999 Postquam
551 1967 642 1991 autent
669 1963 718 1991 fuit
726 1969 869 1998 susceptus
885 1963 913 1990 in
928 1970 1027 1990 manus

242 2009 390 2046 pontificis,
405 2014 432 2037 et
444 2011 504 2045 ejus
517 2010 652 2037 ferebatur
666 2009 747 2041 ulnis,
761 2014 787 2036 et
803 2010 829 2036 in
844 2017 917 2036 mare
931 2017 1028 2037 ascert-

239 2056 300 2089 dit,
326 2056 425 2083 licebat
446 2057 538 2084 videre
558 2056 644 2090 ipsam
673 2062 782 2090 quoque
807 2063 885 2090 aqua:
902 2061 1027 2082 naturam

242 2102 376 2137 placidam
407 2107 434 2130 et
465 2102 651 2137 tranquillam,
670 2102 797 2129 mollibus
824 2101 952 2129 ﬂuetibus
965 2106 1029 2129 ante

243 2155 338 2176 navem
354 2148 532 2182 exsilientem,
546 2152 573 2176 ct
592 2148 624 2175 ad
643 2147 818 2183 imperatores
832 2147 892 2183 ejus
915 2155 1027 2175 cursum

1074 1559 1212 1594 propOsita
1239 1557 1313 1584 omni
1341 1565 1375 1584 ex
1400 1561 1477 1591 parte
1514 1556 1631 1591 gloriosa
1650 1560 1678 1583 et
1703 1555 1859 1583 veneranda

1075 1612 1172 1631 manus
1198 1603 1325 1638 Baptistae
1348 1607 1376 1630 et
1400 1602 1589 1633 Pracursoris,
1619 1601 1787 1636 incorporei:
1803 1602 1859 1628 cir-

1074 1651 1200 1677 cumdata
1230 1649 1386 1680 virtutibus.
1415 1655 1475 1683 qua:
1501 1648 1671 1674 admirantur
1689 1648 1777 1675 sancti
1794 1647 1857 1682 Spi—

1076 1696 1144 1722 ritus
1168 1695 1296 1721 virtutem
1325 1701 1385 1728 quae
1401 1694 1428 1720 in
1450 1701 1482 1720 ea
1495 1693 1610 1720 habitat.
1627 1693 1768 1725 Quodnam
1795 1700 1860 1726 ergo

1075 1744 1117 1767 est
1133 1740 1185 1766 hoc
1213 1738 1343 1772 templum
1367 1739 1448 1765 hodie
1461 1736 1618 1772 pulchrius?
1637 1737 1767 1768 Quaenam
1787 1736 1860 1762 mdes

1076 1784 1167 1811 divina
1198 1783 1377 1810 venerabilior
1402 1788 1429 1810 et
1449 1782 1666 1816 magnificentior
1689 1781 1750 1810 hac.
1767 1781 1859 1815 inqua

1076 1830 1121 1857 hic
1144 1837 1222 1857 sacer
1235 1833 1263 1856 et
1275 1829 1383 1856 divinus
1408 1829 1554 1856 thesaurus
1577 1827 1720 1862 repositus,
1735 1827 1861 1852 innume-

1077 1874 1205 1902 rabilium
1233 1875 1366 1901 luminutu
1398 1874 1542 1908 splendore
1552 1881 1614 1900 cum
1626 1872 1782 1904 caelestibus
1794 1878 1860 1898 con-

1077 1921 1163 1947 tendit
1177 1919 1361 1954 spectaculis?
1375 1918 1431 1946 Sub
1439 1920 1540 1954 quihus
1548 1926 1609 1953 qua:
1620 1925 1737 1952 superne
1747 1918 1861 1944 descen-

1076 1966 1144 1993 dunt
1156 1966 1251 2001 gratia:
1261 1966 1347 1993 sancti
1364 1965 1491 2000 Spiritus,
1508 1964 1701 1998 dispensentur
1717 1971 1766 1996 pro
1779 1963 1860 1989 modo

1077 2011 1291 2045 uniuscujusque
1316 2009 1392 2041 fidei,
1411 2017 1516 2041 eorum,
1547 2008 1594 2042 qui
1619 2008 1729 2034 laudant
1751 2012 1778 2033 et
1790 2007 1862 2032 cele-

1078 2057 1167 2088 braut,
1199 2056 1342 2083 animabus
1358 2064 1364 2082 :
1378 2055 1404 2082 in
1416 2055 1525 2082 Christo
1547 2054 1609 2081 Jesu
1627 2055 1741 2081 Dounuo
1755 2058 1860 2084 nostro,

1077 2103 1121 2130 cui
1157 2102 1241 2137 gloria
1275 2106 1301 2129 et
1342 2101 1461 2137 potentia
1491 2102 1518 2127 in
1558 2100 1656 2128 strcula
1687 2099 1859 2127 szrcnlorum.

1078 2148 1174 2176 Amen.
