2027 3077
267 169 1877 201 MM

924 273 1009 296 ANNO
1027 272 1137 296 DOMIHI
1161 273 1221 295 CI“.

268 373 859 467 NICEPHORI
949 371 1632 460 PRESBYTER]
1711 369 1876 457 ΟΡ.

647 532 828 591 VlTA
870 530 930 587 S.
979 527 1289 587 ANDRE/E
1330 527 1508 586 SALI.

386 727 863 775 COMMENTARIUS
905 726 1184 773 PBEVIUS
1219 724 1398 771 CONR.
1434 723 1767 769 JANNINGHI

1033 822 1063 850 S.
1089 821 1116 850 J.

801 904 871 935 (Acts
883 902 926 927 SS.
945 902 1069 932 Bolland.,
1087 901 1142 926 Maii
1159 902 1200 926 die
1216 902 1255 932 28,
1268 906 1285 927 t.
1302 902 1354 931 νω

273 1058 312 1086 De
327 1058 355 1086 S.
377 1058 487 1086 Andreae
513 1056 703 1092 fmuiliarrbur.
732 1054 994 1095 Epiplranio._pnsten
1021 1054 1186 1095 patriam-Im.
1204 1059 1230 1095 ell-
1257 1053 1414 1095 Nicephuro,
1441 1057 1568 1091 scriptore
1589 1057 1726 1090 Actorum,
1749 1059 1893 1095 horumque

845 1090 926 1125 stylo,
941 1095 964 1116 et
982 1095 1059 1116 artare
1077 1097 1108 1115 ac
1120 1090 1192 1116 cultu
1211 1089 1313 1116 Sancti.

314 1171 342 1197 1.
358 1169 497 1203 Sapientis
508 1170 629 1203 proferto
642 1167 763 1194 stultitiae
774 1171 893 1193 actorem
907 1166 933 1193 in
949 1174 1057 1194 scenam
1073 1171 1096 1196 Α
1111 1172 1167 1192 tum
1181 1165 1387 1199 l‘uerit,dillicilc
1397 1173 1439 1195 est
1453 1168 1593 1196 divinare:
1608 1177 1641 1197 eo
1650 1171 1720 1205 quod
1730 1173 1892 1204 monachus.

273 1215 452 1250 producimus
479 1219 604 1241 sanctnm
632 1213 780 1242 Andream,
811 1212 853 1239 cui
881 1212 916 1238 ab
929 1219 960 1238 ea
975 1219 1057 1246 quam

272 1260 327 1294 egit
350 1265 478 1294 persona.
508 1257 669 1291 vivendique
697 1256 766 1284 inter
788 1256 911 1283 homines
942 1256 1057 1288 ratione,

273 1305 387 1332 adhaesit
401 1307 612 1338 cognomentum
622 1302 702 1329 Salus
712 1310 760 1330 seu
777 1301 891 1329 Stultus.
909 1301 1056 1328 Theatrum

276 1349 371 1377 habuit
385 1349 583 1383 amplissimum
608 1347 872 1381 Constantinopolim
892 1347 1058 1377 universam,

274 1396 458 1430 spectaculum
472 1395 558 1422 factus
573 1394 639 1425 Deo.
655 1393 758 1428 angelis
773 1397 801 1420 et
819 1392 986 1424 hominibus,
1011 1392 1058 1419 sed

274 1441 328 1468 alio
340 1446 420 1475 atque
435 1441 488 1467 alio
514 1439 596 1467 modo
614 1447 621 1467 :
638 1438 693 1465 Deo
717 1437 826 1472 quidem
847 1441 875 1464 ct
898 1437 1000 1472 angelis
1015 1444 1059 1463 sa-

275 1485 452 1520 pientissimi,
468 1484 624 1512 hominibus
647 1491 712 1511 vero
730 1482 895 1510 stolidissirni
915 1489 1058 1517 per-sonam

276 1531 412 1559 sustinere
427 1532 513 1559 risus.
529 1531 623 1565 Neque
638 1535 725 1557 tarneu
742 1529 871 1556 omnibus
882 1528 994 1556 omnino
1008 1529 1060 1554 ho-

277 1576 397 1604 minibus
410 1576 445 1603 ita
459 1576 533 1603 visus
546 1581 588 1603 est
600 1583 607 1602 :
619 1575 692 1602 l'uere
702 1582 773 1602 unus
794 1578 821 1600 et
834 1573 901 1601 alter
915 1573 1060 1608 praecipue,

278 1621 376 1655 quibus
391 1622 546 1648 institutum
563 1621 650 1656 ipsius
681 1621 859 1651 innotucrat;
874 1618 999 1646 videlicet
1017 1618 1062 1645 ille

278 1667 346 1702 ipse,
360 1667 406 1702 qui
427 1666 514 1693 Vitam
542 1666 705 1700 conscripsit
725 1663 903 1699 Niccplrorus,
936 1662 1063 1690 Ecclesiae

279 1712 308 1739 S.
321 1713 430 1747 Sophia:
450 1712 610 1747 presbyter;
634 1716 661 1737 et
676 1710 774 1737 nobilis
804 1708 912 1744 juvenis
942 1708 1061 1742 Epipha-

278 1758 351 1789 nius.
366 1762 457 1792 postea
473 1758 635 1788 monachus.
647 1756 809 1789 ἀλλαγέντος
817 1753 922 1781 καὶτοῦ
931 1753 1063 1789 ὀνόματος

278 1804 307 1829 ἐν
318 1804 450 1838 σχήματι,
462 1808 492 1830 ιιι
502 1803 602 1830 dicitur
617 1810 694 1829 num.
712 1801 758 1833 Ωιι,
776 1805 880 1828 mutato
903 1807 964 1827 cum
987 1804 1063 1826 veste

279 1850 435 1882 nomine,et
448 1856 480 1875 es
501 1848 635 1875 monacho
654 1846 807 1882 patriarcha
834 1844 1062 1878 Constantinopon
1077 1831 1100 1859 Β

279 1895 380 1922 litanus
394 1903 402 1926 ;
424 1900 538 1929 uterque
553 1893 667 1921 Andreae
681 1898 756 1921 arcto
779 1890 986 1919 necessitudinis
1001 1889 1061 1915 vin-

277 1941 340 1968 culo
365 1941 539 1974 conjunctus.
574 1939 607 1965 Et
637 1938 804 1973 Ncephorus
831 1935 941 1971 quidem
968 1939 1062 1962 auctor

278 1985 329 2012 fuit
343 1985 455 2011 Andreae
472 1982 622 2011 istiusmodi
643 1982 704 2008 vita:
721 1982 851 2008 rationem
871 1979 1061 2015 amplectendi,

278 2032 391 2064 ejusrlue
403 2031 430 2056 iu
450 2029 577 2055 omnibus
593 2027 767 2055 consiliarius
783 2031 810 2054 et
835 2027 1002 2058 moderator;
1016 2025 1062 2059 qui

280 2075 393 2109 proinde
407 2080 568 2100 arcanorum
582 2072 719 2103 conscius,
744 2071 782 2098 nil
799 2071 897 2097 mirum
922 2073 974 2102 est,
990 2071 1062 2105 quod

279 2127 335 2148 tum
353 2119 490 2146 mirabiles
512 2117 572 2152 ejus
586 2117 705 2144 visiones
719 2120 746 2142 et
764 2120 886 2143 exstases
899 2115 1000 2142 rescire
1013 2122 1062 2149 po-

281 2167 362 2194 lnut'il
379 2173 412 2192 ac
441 2163 538 2191 litteris
554 2162 694 2190 mandare.
712 2161 881 2196 Epiphanius
904 2167 978 2193 vero,
995 2160 1062 2187 ado-

281 2213 385 2238 lescens
404 2209 548 2246 praeclarus
564 2209 590 2235 iu
606 2207 712 2242 primis,
727 2206 850 2233 notitiam
864 2205 977 2232 Andreae
994 2205 1063 2232 divi-

281 2257 354 2283 nitus
379 2259 530 2287 assecutus,
557 2253 645 2288 primo
671 2252 762 2279 statim
788 2258 935 2285 congressu
952 2258 985 2277 es
1002 2250 1063 2285 ipso

281 2302 388 2332 didicit.
407 2299 564 2328 cathedram
585 2299 637 2326 sibi
652 2296 980 2331 Constantiuopolitanam
1004 2302 1064 2322 ma-

281 2355 361 2380 nere;
379 2348 405 2374 in
418 2353 505 2381 eaque
521 2344 654 2373 sententia
668 2344 764 2371 deinde
776 2350 790 2370 a
810 2342 942 2369 morituro
966 2349 1064 2376 prope-

280 2395 351 2422 diem
377 2395 555 2420 conlirmatus
581 2395 633 2418 est.
649 2389 700 2422 Qui
715 2394 742 2416 et
755 2392 842 2415 totuot
865 2387 954 2414 eidem
966 2387 1064 2414 animo:

282 2449 339 2468 sua:
363 2444 463 2466 statum
495 2438 633 2471 detegens.
662 2435 688 2462 iu
712 2434 801 2461 dubiis
828 2432 1023 2464 consiliarium,
1037 2431 1064 2458 in

1109 1210 1148 1237 uti
1173 1211 1275 1238 dictum
1289 1216 1341 1243 est.
1358 1212 1457 1246 lactus,
1475 1213 1588 1241 dimisso
1614 1214 1756 1251 Epiphanii
1772 1220 1893 1252 nomine,

1109 1257 1287 1291 assumpserit
1313 1257 1395 1289 aliud,
1422 1258 1499 1292 juxta
1541 1261 1628 1287 sancti
1672 1262 1892 1296 pradit-tionem;

1109 1302 1188 1336 quale
1201 1307 1290 1330 autem
1311 1303 1490 1337 assumpserit
1506 1311 1642 1339 nusquam
1657 1305 1701 1334 hic
1713 1310 1892 1342 exprimatur.

1110 1346 1252 1376 Videamus
1277 1353 1377 1382 tamen,
1405 1356 1469 1376 num
1484 1356 1538 1384 qua
1553 1349 1596 1377 via
1624 1351 1760 1385 possimus
1777 1361 1809 1380 eo
1830 1362 1894 1389 per-

1109 1392 1224 1428 tingere,
1253 1395 1340 1428 ipsum
1365 1402 1420 1429 quo
1446 1394 1570 1422 Andreas
1599 1395 1666 1423 vixit
1695 1402 1801 1433 tempus
1818 1399 1895 1427 iuda-

1112 1439 1209 1472 guudo.
1235 1439 1336 1467 Dicitur
1351 1439 1396 1467 hic
1419 1448 1434 1466 a
1450 1439 1624 1475 Theoguusto
1643 1443 1772 1477 quodam,
1797 1444 1895 1472 Orien-

1112 1482 1174 1510 talis
1196 1483 1297 1511 militiae
1323 1483 1402 1516 duce,
1435 1485 1462 1512 in
1482 1486 1639 1513 servitutem
1665 1492 1772 1521 emptus
1786 1496 1892 1521 servus,

1113 1536 1123 1553 ί
1143 1528 1284 1561 imperium
1306 1529 1462 1556 moderante
1487 1529 1587 1556 Christi
1605 1531 1793 1559 amantissimo
1807 1533 1896 1567 impe-

1112 1577 1201 1599 ratore
1223 1572 1323 1610 Leone,
1349 1577 1376 1600 et
1393 1573 1502 1600 additur
1524 1575 1571 1601 τοῦ
1599 1575 1737 1609 Μεγάλου,
1756 1581 1787 1603 ut
1807 1578 1893 1611 prima

1113 1618 1201 1646 l'ronle
1232 1619 1315 1646 rideri
1341 1620 1427 1654 possit
1450 1620 1509 1655 ejus
1524 1622 1642 1649 nominis
1658 1623 1772 1657 primus,
1804 1625 1896 1659 appel.

1113 1664 1194 1696 latus,
1212 1664 1312 1698 passim
1323 1672 1340 1692 a
1363 1665 1554 1700 scriptoribus,
1567 1665 1691 1701 Magnus,
1708 1667 1754 1702 qui
1772 1669 1895 1703 regnavit

1113 1710 1229 1738 abauuo
1255 1709 1308 1737 457
1339 1710 1372 1737 ad
1388 1709 1445 1738 7t:
1467 1712 1545 1739 armis
1557 1717 1645 1739 autem
1664 1712 1698 1739 45
1709 1717 1770 1748 post
1795 1712 1894 1741 Leonis

1114 1755 1193 1783 istius
1226 1756 1342 1788 obitum,
1366 1755 1513 1784 iactuscst
1539 1757 1692 1792 patriarcha
1706 1763 1818 1786 sanctus
1829 1758 1894 1793 Epi-

1114 1802 1240 1835 phanius,
1256 1802 1292 1828 25
1319 1802 1433 1837 Augusti
1463 1803 1634 1835 recolendas,
1656 1808 1683 1831 et
1699 1803 1791 1831 sedem
1806 1804 1893 1831 tenuit

1114 1847 1193 1874 antris
1207 1847 1250 1874 16.
1269 1846 1363 1882 Itaque
1375 1849 1433 1875 haec
1458 1855 1512 1875 non
1528 1849 1597 1876 male
1609 1849 1755 1877 convenire
1767 1849 1895 1882 judicans

1113 1891 1229 1926 scriptor
1252 1892 1376 1925 alterius,
1401 1899 1463 1920 eum
1478 1899 1532 1927 quo
1548 1891 1637 1920 Vitam
1659 1893 1835 1925 contulimus.
1851 1902 1896 1921 co-

1113 1938 1191 1969 dicis.
1225 1937 1296 1964 inter
1323 1937 1376 1964 alia
1395 1946 1456 1972 qua:
1480 1938 1662 1965 abbrevisndo
1685 1939 1788 1971 omisit.
1812 1939 1894 1967 etiam

1113 1983 1147 2009 de
1161 1983 1309 2010 mutatione
1318 1983 1436 2010 nominis
1450 1983 1544 2010 tacuit.
1560 1983 1613 2010 Sed
1632 1987 1810 2019 praeterquam
1822 1984 1896 2018 quod

1114 2027 1182 2055 Vita:
1191 2033 1286 2055 auctor
1315 2028 1483 2062 Nicephorus
1493 2035 1527 2055 eo
1541 2033 1634 2055 utatur
1655 2028 1736 2064 stylo,
1756 2030 1802 2064 qui
1817 2029 1897 2064 Ιοιικο

1114 2073 1291 2108 posteriorem
1305 2077 1411 2100 atatem
1429 2073 1532 2108 sapiat;
1559 2073 1660 2101 dicitur
1672 2073 1805 2107 Andreas,
1818 2072 1899 2101 nuur.‘

1115 2118 1159 2150 l5,
1176 2118 1294 2146 illusisse
1319 2119 1432 2151 mundo,
1457 2127 1467 2145 ι
1501 2118 1729 2154 quemadmodum
1756 2119 1803 2147 ille
1831 2119 1896 2147 olim

1113 2164 1282 2191 admirabilis
1319 2163 1454 2199 Symeon,
1484 2173 1494 2190 ι
1516 2164 1610 2200 utique
1634 2169 1662 2193 et
1684 2166 1764 2200 ipser
1786 2171 1899 2201 propter

1114 2208 1252 2236 Christum
1269 2209 1344 2237 stulti
1361 2210 1470 2245 sapiens
1482 2210 1614 2248 imitator,
1628 2219 1638 2237 ι
1655 2211 1701 2246 qui
1713 2211 1833 2238 coliturl
1847 2205 1899 2238 Juo'

1115 2254 1144 2281 lii
1161 2262 1169 2281 :
1187 2255 1232 2282 hic
1252 2259 1342 2283 autem
1371 2256 1514 2283 stultitiam
1549 2256 1679 2284 simulare
1705 2257 1788 2292 ccepit
1809 2257 1898 2291 impe-

1115 2303 1192 2327 rante
1210 2300 1356 2329 Mauritio:
1372 2301 1452 2328 annis
1472 2307 1503 2329 ut
1528 2302 1670 2329 minimum
1703 2302 1898 2337 uuiuquaginta

1115 2349 1177 2380 post
1193 2345 1333 2380 Epiphanii
1349 2347 1510 2381 patriarchae
1529 2352 1655 2375 mortem.

1151 2391 1179 2418 5.
1209 2391 1377 2424 Qumrendus
1404 2400 1470 2428 ergo
1486 2393 1566 2421 nobis
1586 2397 1628 2420 est
1640 2392 1709 2420 alios
1721 2392 1793 2425 Leo.
1814 2392 1900 2420 idem.

1117 2443 1171 2470 que
1197 2436 1410 2464 Arnantissimus
1420 2437 1534 2470 Christi,
1551 2442 1634 2472 atque
1656 2437 1691 2465 ob
1712 2445 1755 2465 res
1769 2438 1900 2473 praeclare

282 2486 412 2521 periculis
427 2483 578 2518 adiutorem
596 2481 701 2508 habuit.
714 2478 866 2514 Colloquia.
878 2478 948 2505 inter
959 2482 1064 2504 ulrum-
1078 2489 1100 2518 α
1119 2486 1209 2516 gestas
1238 2480 1352 2516 Magnus
1376 2482 1563 2517 cognominari
1589 2482 1699 2517 dignus.
1713 2482 1788 2510 Talis
1808 2488 1899 2510 autem

283 2538 337 2565 que
357 2530 458 2559 habita.
478 2530 626 2555 occurrunt
639 2525 796 2559 frequenter
815 2523 959 2550 admodum
975 2530 983 2555 ;
999 2522 1066 2548 alia-

281 2583 335 2610 que
346 2574 454 2601 eximiae
468 2572 576 2599 virtutis
592 2570 727 2605 exempla,
742 2569 775 2596 ad
791 2567 970 2602 Epiphaniqu
997 2574 1067 2601 prte-

283 2624 361 2655 cipue
372 2619 534 2654 spectantia,
553 2618 680 2652 leguntur
695 2620 749 2642 tam
763 2614 859 2646 multa,
876 2617 915 2645 ut,
938 2613 961 2641 si
978 2613 1064 2640 ascri-

281 2672 345 2701 ptus
360 2665 461 2693 sanctis
484 2665 563 2696 roret,
577 2668 604 2689 et
626 2666 700 2690 certo
712 2664 849 2688 constaret
878 2667 933 2694 quo
954 2659 1064 2687 nomine

282 2715 372 2740 dictus
385 2711 541 2746 patriarcha
556 2708 648 2742 luerit,
667 2714 721 2734 non
734 2705 838 2733 modica
849 2705 922 2733 illius
936 2706 989 2733 vita
1001 2705 1066 2732 inde

283 2759 372 2793 tolligi
387 2760 489 2792 posset.

317 2804 345 2835 2.
378 2804 476 2832 Verum
496 2801 607 2838 quando
625 2801 648 2829 is
667 2803 822 2835 assumptus
841 2805 873 2827 au
896 2797 1066 2834 patriarcha-

1031 2919 1048 2928 π

1118 2527 1197 2554 istius
1214 2527 1333 2554 nominis
1354 2527 1446 2555 nullus
1462 2527 1512 2555 fuit
1527 2532 1589 2555 ante
1603 2535 1679 2561 eum,
1693 2535 1773 2563 quem
1789 2528 1835 2555 alii
1850 2529 1901 2556 Sa-

1121 2572 1252 2610 pientem,
1263 2572 1309 2600 alii
1321 2571 1514 2607 Philosophum
1534 2572 1672 2608 appellare
1693 2573 1792 2605 solent.
1808 2573 1900 2601 Basilii

1123 2617 1279 2645 Macedonis
1304 2618 1399 2646 lilium.
1426 2617 1493 2645 Nam
1522 2617 1577 2645 Leo
1600 2617 1755 2651 Isauricus,
1788 2619 1902 2653 ejusque

1118 2671 1203 2698 nepos
1214 2663 1380 2699 Copronymi
1400 2664 1470 2692 illius
1486 2663 1557 2696 Leo.
1571 2663 1711 2692 Chasarus
1741 2671 1756 2690 ι
1781 2669 1903 2692 materno

1117 2716 1216 2744 genere
1244 2710 1345 2742 dictus,
1367 2716 1400 2737 sc
1427 2710 1545 2744 denique
1558 2709 1614 2737 Leo
1640 2709 1787 2741 Armenus.
1808 2709 1902 2738 lcono-

1119 2755 1209 2782 machi
1236 2761 1343 2788 omnes,
1377 2761 1431 2782 non
1456 2759 1597 2782 merentur
1619 2754 1664 2781 hic
1681 2756 1902 2782 commemorari.

1127 2798 1260 2835 Regum-it
1273 2804 1364 2828 autem
1381 2799 1436 2828 Leo
1452 2799 1633 2835 Philosophus
1646 2799 1681 2827 ab
1697 2806 1770 2827 anno
1792 2799 1845 2827 886
1867 2800 1902 2827 sd
