2027 3077
132 133 201 164 "62'!

678 128 890 159 NlCEPHORI
912 127 1146 158 PRESBYTERI
1166 128 1220 159 (ΤΡ.

1713 123 1774 156 624

147 191 211 219 911.
241 191 343 219 Demus
369 190 451 225 igitur
481 194 572 216 natum
603 187 736 215 Andream
763 189 814 215 sttb
837 195 935 214 annum
951 187 1079 222 Aplnres
1112 187 1138 213 iii
1155 185 1321 213 monasterio
1347 192 1431 212 annos
1455 185 1604 217 traductos,
1621 183 1720 212 factum
1733 187 1775 210 vi-

142 238 211 269 ηδ8ο,
225 242 345 270 emptum
362 236 387 263 in
400 236 558 263 servitutem
577 234 661 261 fuisse
677 241 721 260 an.
738 234 846 261 circiter
870 233 933 266 898,

148 284 265 318 cepisse
283 283 422 310 stultitiam
438 281 566 308 simulare
584 287 654 306 anno
669 280 725 306 fere
751 279 814 311 910,
840 280 936 306 antici-

139 329 213 356 .tiain
227 333 317 356 autem
330 327 440 354 inivisse
455 334 516 353 cum
536 325 687 359 Epiphanio
703 333 788 352 annos
816 325 931 351 necdum

152 373 248 408 viginti
269 362 332 399 nato
350 371 401 398 sub
423 377 523 396 annum
541 368 609 401 950;
634 368 812 401 oliieritipse,
827 373 935 393 sextum

136 426 232 453 ‘Sltpla
248 416 447 451 sexagesimum
463 415 550 441 aetatis
574 421 674 440 aiiiitini
688 421 781 447 agens,
795 420 839 438 an.
857 412 936 438 Chri-

147 465 180 491 tti
195 464 303 491 circiter
313 463 374 494 946,
385 462 474 488 sedent
488 459 816 493 Constantinopolitanoin
829 463 936 484 tenente

146 509 362 543 Theojihylaeto,
393 507 508 533 Romani
541 505 715 540 imperatoris
733 504 804 534 ﬁlio;
826 504 867 529 cui
884 503 935 528 sub

144 564 190 583 ait.
210 554 263 582 96‘2
284 555 338 579 vita
359 552 462 584 functo,
495 551 659 578 successerit
688 549 732 576 hic
753 553 845 575 noster
872 547 935 582 Epi-

143 600 269 636 phanius,
286 606 367 629 novo,
387 605 467 631 quem
489 605 550 623 eniti
570 596 662 622 habitti
681 597 866 626 assumpserat
881 602 933 618 no-

142 647 227 677 miiie,
240 644 330 670 dictus
350 642 514 676 Polyctictus
531 650 537 668 ε
554 641 587 667 de
607 647 661 674 quo
676 639 792 666 Cedreni
812 638 935 673 Epitome

146 692 188 719 sic
205 692 285 717 habet
302 698 309 716 :
327 698 337 714 ι
370 688 511 716 Exstincto
538 686 776 720 'l‘ltCOpliylaclo...
804 684 935 711 suﬁicilur

141 737 305 772 l’olycucttts
325 735 488 765 monachus,
510 731 842 764 Coustantitiopolitanus,
873 729 934 754 loti-

143 790 233 818 goque
245 787 366 816 tempore
381 780 530 807 inonastica
541 779 661 804 vitacum
679 777 759 804 laude
771 776 881 802 functus
894 783 901 801 :
922 784 931 799 ν

139 830 206 857 “asc
220 829 311 856 omnia
326 831 420 853 nostro
430 829 492 852 ante
503 824 693 850 monachatnni
709 821 858 856 Epiphanio
867 827 934 854 qua-

990 233 1059 260 derit
1079 232 1272 267 patriarcham.
1306 231 1475 266 Quapropter
1506 238 1600 258 vereor
1620 238 1663 262 ne,
1679 231 1775 258 utalia

987 278 1121 312 quaedam,
1140 278 1181 304 sic
1211 277 1292 304 etiam
1323 276 1398 303 locus
1418 276 1478 308 iste,
1493 276 1540 310 qui
1560 276 1668 302 videtur
1679 276 1774 303 menti-

988 324 1062 351 uisse
1079 323 1225 358 prophetia:
1238 323 1364 357 implelze,
1381 323 1415 349 sit
1428 322 1617 356 interpolatus.
1630 322 1666 349 Ut
1680 328 1775 348 autem

990 370 1041 396 hoc
1067 377 1174 401 verear,
1200 368 1264 395 facit
1288 369 1397 402 primo,
1426 368 1499 401 quod
1527 367 1598 394 nulla
1617 368 1722 394 ratione
1740 367 1777 394 sit

990 414 1155 445 verositiiile,
1170 414 1280 440 dilatant
1299 414 1382 440 fuisse
1399 419 1452 440 tam
1479 414 1613 440 mirabilis
1637 415 1697 441 vitae
1708 414 1777 440 scri-

989 463 1108 495 ptioncm
1138 461 1217 486 annis
1246 465 1298 486 tam
1332 460 1434 492 multis,
1453 464 1479 486 et
1507 467 1558 486 non
1573 460 1663 494 potius
1679 468 1776 486 exara-

988 512 1043 533 tam
1066 515 1126 533 essc
1155 506 1255 532 recenti
1284 506 1374 532 adhuc
1401 508 1541 540 utriusque
1564 511 1618 532 tam
1633 505 1776 540 Nic-ephori

986 560 1068 587 quam
1100 552 1242 586 Epiphanii
1267 555 1407 578 inenmria.
1425 552 1549 579 Secundo
1567 553 1638 586 qtiod
1654 553 1696 579 vix
1714 561 1775 580 crc-

986 598 1066 624 diliilc
1078 598 1123 629 sit,
1136 597 1202 623 adeo
1215 597 1335 631 jejuiiam
1349 599 1513 624 mentionem
1527 596 1678 624 faciendam
1694 598 1776 625 fuisse

987 643 1104 675 suscepti
1135 643 1168 668 ab
1198 642 1350 676 Epiphanio
1363 651 1394 669 ex
1408 643 1501 670 Sancti
1528 643 1704 677 praedictione
1718 651 1777 670 nio-

987 688 1130 719 nachatus,
1144 696 1174 714 ac
1186 688 1283 714 deinde
1295 688 1513 722 patriarcbatus;
1529 689 1635 716 etillnd
1659 690 1732 723 quod
1752 689 1775 716 is

987 739 1049 760 tunc
1072 734 1155 768 gessit
1177 741 1274 759 nomen
1301 734 1411 760 silentio
1423 735 1650 767 prietereundunt,
1669 735 1775 769 siprius

985 787 1066 812 quant
1104 781 1155 806 ista
1172 780 1278 812 ﬁerent,
1310 779 1371 807 Vita
1403 788 1455 807 non
1480 781 1577 807 fuisset
1607 781 1775 815 conscripta.

986 826 1118 857 Quoniam
1133 832 1223 852 autem
1238 831 1384 861 utrumque
1400 835 1451 854 ins.
1477 827 1501 853 in
1518 827 1640 853 eamdem
1659 834 1776 854 consen-

143 878 240 906 drant;
259 874 298 901 uti
314 874 394 899 etiam
421 871 492 906 quod
512 871 581 897 idem
608 868 771 903 Pulyeuctus
790 867 873 892 variis
888 874 933 892 oc-

986 875 1015 898 tit
1032 873 1163 907 phrasitn,
1177 873 1321 899 dicemlum
1340 878 1422 904 esset,
1438 873 1509 907 quod
1524 875 1550 899 in
1573 873 1632 907 ipso
1649 874 1774 908 originali

143 919 299 947 casionibtis
315 917 511 951 imperatorum
531 913 744 948 indignationem
775 910 932 941 incurrerit,

138 973 194 1003 pro
209 963 317 1000 publico
343 964 414 989 bono
431 961 471 987 vel
501 960 607 994 legibus
621 957 814 986 ecclesiasticis
840 957 934 1003 decer-

144 1000 222 1043 tans;
243 1009 315 1044 quod
347 1008 429 1035 etiatn
451 1006 579 1033 coiivenit
603 1004 660 1039 jtm
684 1003 759 1029 dicto
779 1007 856 1027 antea
871 1000 934 1034 Epi-

143 1058 254 1094 phanio,
271 1063 351 1091 quem
382 1054 411 1080 S.
427 1054 550 1080 Andreas
564 1049 766 1086 praenuntiavit,
780 1055 855 1074 nutri.
869 1046 933 1076 ‘25],

143 1111 197 1130 non
213 1105 300 1130 solum
321 1100 514 1135 patriarchani,
543 1097 590 1124 sed
619 1102 644 1122 et
665 1094 852 1122 confessorem
885 1099 934 1126 pro

143 1149 246 1176 Christi
271 1148 381 1174 nomine
395 1146 526 1172 futurum.
553 1143 609 1169 Nec
627 1142 717 1168 obstat
736 1140 808 1174 quod
825 1138 936 1172 Polyeu-

138 1200 218 1221 ctum
240 1193 381 1219 Cedrenus
410 1191 481 1216 dicat
509 1188 595 1225 fuisse
621 1194 636 1213 a
654 1185 809 1220 parentibus
835 1188 937 1209 castra-

143 1245 215 1269 tum,
232 1243 324 1264 noster
357 1243 419 1261 vero
433 1233 603 1268 Epiphanius
615 1232 720 1265 legatur
736 1236 832 1263 graves
845 1228 935 1254 carnis

147 1283 310 1310 tt-iitationes
330 1287 427 1315 passus
443 1287 450 1305 :
467 1280 501 1305 ab
525 1278 568 1304 his
593 1277 665 1303 enim
696 1275 796 1301 liberos
813 1280 936 1300 iinnesse

146 1331 288 1356 eunuchos
310 1331 438 1362 (quorum
471 1324 554 1351 etiam
584 1323 655 1349 inter
680 1322 832 1356 principum
866 1320 935 1346 lilios

147 1376 181 1402 ab
192 1375 256 1402 oliui
275 1369 511 1404 Constantinopoli
524 1370 603 1395 nimis
616 1374 697 1402 quant
721 1367 797 1392 multi
814 1365 935 1398 fuerunt)

146 1423 246 1449 docere
262 1426 313 1446 nos
334 1418 434 1453 poterit
459 1420 570 1443 sanctus
584 1412 703 1440 Joannes
725 1411 935 1444 ClirySOstonius

133 1470 223 1495 ,-l.tom.
240 1466 274 1492 65
292 1466 318 1491 in
346 1462 501 1489 Mattliaeuin
527 1466 662 1490 asserens,
684 1464 730 1484 eos
747 1457 793 1490 qui
824 1456 934 1482 castrati

146 1521 201 1540 non
230 1516 293 1538 stitit
312 1520 320 1536 ι
348 1509 420 1536 haud
437 1509 472 1534 ita
508 1505 662 1540 ingentibus
694 1502 933 1536 conscupiscentiat

135 1558 273 1588 illtictibus
287 1555 397 1590 jactari,
419 1563 427 1579 i
441 1560 522 1587 quain
536 1552 582 1586 qui
600 1559 610 1576 ‹
629 1554 675 1576 aut
693 1557 707 1574 a
725 1553 821 1575 natura
844 1555 933 1574 eunu-

145 1607 214 1632 chus
230 1608 282 1635 est,
297 1607 343 1629 aut
355 1601 388 1627 ab
405 1599 562 1627 hominibus
581 1605 639 1623 eam
656 1595 782 1630 injuriam
796 1602 903 1628 passus.
914 1602 931 1626 ,ι

147 1651 224 1678 Sedit
243 1654 332 1675 autem
345 1646 519 1680 Polyeuctus,
541 1644 610 1670 inter
621 1641 720 1668 inultas
737 1647 806 1674 quas
827 1639 934 1666 fortiter

148 1694 278 1722 sustinuit
304 1691 436 1725 procellas
465 1689 595 1715 ltotnanie
613 1686 740 1714 Ecclesia:
756 1685 875 1717 ,lirniiter
891 1685 934 1710 in-

148 1744 265 1771 haerens,
280 1745 357 1772 aeque
371 1744 402 1762 ac
415 1737 458 1763 sui
469 1736 562 1762 eodem
574 1733 672 1760 saeculo
694 1733 852 1758 decessores
873 1737 935 1757 sucu

127 1805 132 1810 .
144 1791 340 1818 cessoresque,
353 1789 440 1816 usque
466 1781 500 1808 ad
514 1787 616 1807 annum
633 1779 667 1805 ab
679 1778 868 1804 lncarnatione
884 1776 935 1803 Do-

138 1830 215 1859 .niiiti
231 1828 283 1856 980
300 1833 327 1855 et
339 1829 420 1854 ultra.

169 1918 313 1947 ὤρνυντο
329 1916 490 1951 completam
510 1915 593 1942 fuisse
609 1914 697 1941 sancti
715 1913 749 1940 de
768 1913 861 1940 futuro
875 1912 934 1946 ejus

132 1993 134 1996 ,
148 1965 334 2000 patriareltatu
350 1961 533 1997 prophetiam,
546 1960 655 1994 quando
669 1957 838 1986 seribebatur
863 1957 933 1988 Vita,

147 2011 257 2040 videtur
283 2010 404 2036 indicare
432 2011 540 2040 auctor,
555 2007 597 2033 sic
625 2005 740 2032 liiiiens:
756 2014 764 2030 ι
780 2005 934 2038 Conscripsi

148 2055 301 2083 mirabilem
328 2054 399 2080 hanc
421 2057 448 2078 et
461 2051 561 2078 celebri
574 2051 645 2077 fama
666 2050 828 2084 vulgandam
844 2047 934 2075 Vitam

149 2099 350 2136 religiosissimi
375 2096 597 2131 sanctissimique
632 2096 720 2122 Patris
744 2095 875 2125 Andreae,
903 2102 935 2121 ea

149 2148 177 2174 in
196 2149 355 2181 praesentem
376 2145 601 2171 commentarium
617 2143 752 2174 referens,
764 2151 823 2177 qua:
837 2142 934 2175 partim

149 2193 235 2219 oculis
250 2192 317 2218 meis
331 2190 398 2222 vidi,
414 2190 511 2224 partim
528 2189 609 2215 didici
636 2196 669 2214 ex
684 2189 847 2222 Epiphanio,
865 2189 934 2214 lucto

150 2238 195 2267 hic
208 2237 305 2264 deinde
319 2235 546 2262 reverendissinto
558 2235 776 2268 archiepiscopo,
785 2234 934 2260 secundum

148 2283 237 2318 ipsius
252 2281 344 2308 Sancti
357 2279 570 2315 pra-dictionem.
591 2287 600 2305 i
617 2280 652 2306 At
679 2281 757 2313 cujus
771 2279 857 2305 :etatis
873 2284 936 2306 tunc

138 2329 234 2356 ,fuerit
249 2333 354 2357 auctor,
374 2334 453 2360 quem
465 2326 520 2359 jam
541 2325 604 2351 inde
617 2333 631 2350 a
648 2324 780 2358 piincipio
803 2324 936 2350 simulan-

152 2383 192 2402 ιω
206 2374 332 2402 stultitia:
349 2373 474 2399 Andreas
492 2371 587 2398 habuit
613 2371 744 2397 arbitrum
763 2369 937 2396 canseientia:

151 2428 218 2453 suae,
234 2425 315 2454 atque
328 2420 394 2445 adeo
407 2417 478 2444 haud
493 2417 578 2442 multo
597 2416 702 2442 minore
724 2414 937 2449 quadragenario

153 2464 275 2498 reperit?
290 2462 412 2489 ,Fuisset
437 2462 460 2487 is
475 2460 595 2494 profecto
608 2460 664 2493 jam
684 2460 738 2485 fere
752 2458 935 2488 centenarias,

152 2510 262 2545 quando
286 2509 308 2535 is
337 2509 372 2534 de
396 2514 449 2541 quo
462 2507 552 2540 agitur
577 2505 747 2539 patriarcha,
775 2511 937 2537 quocunque

153 2556 272 2591 appelles
290 2555 409 2586 nomine,
423 2552 704 2580 sedcurconsceiidit.
729 2549 936 2582 Quomodocmi-

153 2609 207 2636 que
222 2601 295 2628 enitn
310 2599 514 2633 chronologiain
531 2597 793 2628 ordiiies,.maiiebit,
804 2595 875 2629 quod
893 2594 936 2620 Ni-

153 2647 290 2680 cephoms
302 2646 419 2679 scriptor
447 2643 512 2678 (qui
528 2642 656 2669 sacerdos
672 2645 740 2671 erat,
762 2639 871 2673 quando
882 2640 937 2665 An-

153 2693 234 2719 dreas
245 2693 333 2719 adhuc
347 2691 456 2726 juvenis
478 2690 591 2716 stultum
614 2695 695 2722 agere
712 2686 813 2723 coepit;
835 2686 937 2712 eidem-

153 2744 208 2771 que
232 2736 362 2763 defuncto
391 2740 452 2770 past
478 2742 564 2761 annos
586 2734 673 2760 :ctatis
708 2732 741 2758 66
778 2731 936 2766 supervixit)

152 2781 299 2810 admodum
330 2782 490 2815 grandaevus
516 2786 577 2806 esse
601 2778 734 2810 debuerit,
751 2777 796 2813 qui
819 2777 937 2811 I-.piplia-

144 2828 241 2858 Jlilllll,
268 2827 402 2854 moriente
416 2825 533 2858 Audrea,
551 2831 604 2851 non
619 2825 696 2852 valde
711 2831 858 2857 annosum,
873 2827 938 2860 post

986 918 1073 952 printo
1093 918 1161 944 facta
1190 919 1362 952 interpolalio
1387 919 1432 951 sit,
1447 917 1580 945 cumVita
1606 919 1650 945 illa
1665 920 1774 946 essetin

992 964 1080 990 lucent
1098 964 1233 990 cllercnda
1249 965 1294 990 diu
1308 969 1370 998 post
1383 969 1495 999 mortem
1515 964 1651 991 Auctoris.

1021 1031 1046 1057 5.
1068 1031 1123 1058 Hoc
1140 1035 1230 1057 tamen
1245 1031 1331 1064 posito
1344 1032 1434 1058 minus
1455 1037 1558 1059 ret-tum
1585 1038 1686 1065 manet,
1701 1034 1773 1066 quod

985 1077 1073 1103 dictus
1102 1077 1128 1103 iit
1166 1077 1208 1103 illa
1229 1077 1288 1103 Vita
1318 1077 1494 1111 Epiphanius,
1521 1079 1603 1105 fuerit
1629 1080 1654 1105 in
1679 1080 1775 1106 ordine

986 1122 1203 1156 patriarcltarultt
1251 1128 1423 1156 nuncupatus
1465 1122 1647 1158 Polycucttis.
1685 1125 1775 1158 potius

986 1177 1067 1203 quatit
1090 1169 1242 1200 Antonius;
1268 1169 1313 1203 qui
1332 1173 1393 1203 post
1411 1169 1585 1204 Polyenctum
1603 1176 1628 1196 et
1645 1170 1772 1196 Basiliam

987 1215 1164 1248 (monachum
1191 1214 1300 1248 quidem
1326 1219 1352 1241 et
1366 1215 1466 1249 ipsum,
1488 1216 1534 1242 sed
1551 1215 1729 1242 Scamandri:
1746 1216 1773 1242 in

986 1261 1050 1286 Asia
1076 1259 1173 1286 Minori
1212 1260 1370 1294 oriundum)
1403 1268 1435 1287 ex
1472 1261 1774 1295 Constantinopolitano

987 1303 1075 1330 Stndii
1090 1305 1255 1331 monasterio
1268 1310 1435 1339 assumptus,
1452 1307 1525 1332 circa
1543 1314 1588 1333 an.
1602 1306 1664 1337 980,
1675 1307 1774 1333 deinde

986 1356 1047 1385 post
1058 1354 1162 1376 sextum
1175 1351 1216 1376 sui
1233 1351 1434 1384 patriarchatus
1453 1358 1566 1383 annum,
1595 1360 1645 1378 suo
1661 1359 1773 1378 tnuncre

987 1396 1128 1428 abdicarit,
1141 1396 1234 1422 Sctero
1251 1395 1348 1428 Barda,
1359 1397 1429 1424 doce
1445 1398 1591 1426 exercitus.
1617 1397 1774 1432 insui-gente

987 1447 1080 1467 contra
1105 1441 1283 1475 imperatores
1313 1441 1441 1468 Basiliam
1454 1447 1480 1469 et
1505 1443 1729 1475 Constantinum,
1747 1449 1774 1470 et

987 1488 1068 1521 paulo
1091 1492 1151 1521 pOst
1181 1488 1256 1514 obiit.
1269 1488 1325 1514 Tali
1339 1495 1403 1514 vero
1419 1495 1484 1514 casu
1497 1490 1583 1515 solum
1611 1496 1678 1523 Opus
1690 1495 1773 1519 esset,

946 1536 967 1563 α
984 1532 1035 1558 sub
1060 1537 1196 1558 extremos
1211 1532 1309 1558 Leonis
1335 1532 1565 1565 Sapientisannos
1580 1539 1699 1567 emptum
1717 1535 1772 1559 Att-

987 1577 1091 1607 tlreani,
1119 1577 1236 1610 ctnpisse
1256 1577 1401 1603 stultitiam
1422 1577 1551 1604 simulare
1569 1579 1641 1605 circa
1670 1586 1772 1605 aniiuni

987 1620 1050 1652 920,
1066 1622 1168 1649 obiisse
1183 1629 1246 1649 vero
1261 1623 1333 1649 circa
1352 1622 1424 1655 956;
1439 1631 1501 1649 cum
1523 1622 1691 1658 Nicephorus
1709 1625 1774 1658 qui-

988 1666 1047 1692 dein
1060 1666 1115 1700 jatit
1135 1672 1206 1693 esset
1227 1668 1453 1701 srpttiagetiarius
1469 1673 1514 1695 aut
1529 1677 1561 1696 eo
1584 1670 1685 1704 major;
1712 1670 1774 1704 lupi.

987 1713 1102 1745 phanius-
1133 1720 1213 1745 vero,
1236 1718 1298 1739 tunc
1338 1714 1474 1749 necdum]
1491 1715 1654 1742 tricenarius
1693 1717 1773 1742 annis

987 1763 1081 1792 postea
1095 1763 1124 1785 ut
1147 1759 1286 1784 miiiininm
1300 1760 1335 1786 20
1353 1761 1378 1786 in
1396 1761 1559 1787 monasterio
1577 1762 1683 1793 vixerit,
1695 1768 1773 1787 ante-

988 1810 1069 1836 quuni
1085 1805 1159 1830 Iieret
1170 1805 1321 1838 patriarcha
1335 1813 1342 1837 ;
1362 1806 1388 1832 iii
1404 1814 1469 1840 quo,
1485 1807 1508 1833 si
1529 1806 1586 1840 ipse
1610 1806 1771 1838 l’olveuctus

987 1853 1070 1882 esset,
1087 1850 1174 1875 solum
1186 1850 1287 1876 vixisse
1303 1852 1437 1884 potuisset
1459 1851 1537 1878 annis
1553 1852 1586 1878 12
1601 1854 1639 1879 vel
1658 1853 1699 1879 l4.

1022 1916 1048 1943 6.
1077 1916 1208 1944 Caaterum
1232 1925 1263 1945 ex
1280 1921 1405 1952 tempore
1419 1919 1471 1946 boc
1498 1919 1538 1946 vel
1556 1919 1613 1951 illo,
1633 1919 1770 1953 qttodixi-

988 1970 1049 1989 mus
1059 1963 1160 1989 obiisse
1171 1962 1303 1989 Sanctum
1316 1983 1324 1995 .
1348 1965 1426 1991 facile
1439 1971 1480 1992 est
1496 1966 1627 1992 rationem
1644 1967 1771 1996 rrddme.

988 2015 1038 2034 cur
1053 2007 1246 2034 iiiGrtecoiuni
1262 2008 1370 2036 Muttinis
1380 2017 1411 2036 ac
1438 2011 1607 2044 Synaxariis,
1632 2012 1700 2036 adeo
1726 2011 1771 2036 ille

989 2053 1094 2088 ignotus
1106 2053 1151 2085 sit,
1165 2059 1193 2079 ut
1208 2054 1235 2080 in
1255 2055 1335 2080 unico
1349 2055 1404 2080 dun
1418 2060 1491 2086 axat,
1513 2063 1600 2089 eoque
1626 2057 1770 2082 recentiori

990 2097 1156 2130 Divioiiensi,
1182 2099 1314 2127 hactenus
1343 2105 1467 2134 repertus
1502 2101 1579 2128 fuerit
1605 2109 1619 2127 a
1637 2103 1772 2135 magistris

989 2146 1057 2171 meis
1073 2144 1242 2172 llenscheiiio
1257 2150 1284 2172 et
1297 2145 1491 2180 Papebrochio.
1516 2146 1621 2174 Etenim
1644 2155 1772 2181 quincun-

989 2198 1041 2224 que
1058 2191 1095 2217 illi
1113 2191 1237 2218 viderunt
1251 2194 1276 2218 in
1294 2193 1460 2219 membranis
1475 2200 1595 2226 exarata,
1617 2195 1771 2228 antiquiora

986 2235 1042 2262 fere
1068 2242 1142 2269 sunt,
1169 2242 1216 2264 aut
1247 2238 1340 2264 saltem
1358 2246 1389 2265 ex
1409 2239 1607 2274 antiquioribus
1623 2240 1770 2274 desciipta,

986 2287 1036 2307 nec
1063 2281 1131 2308 ullos
1157 2282 1257 2308 habent
1284 2283 1356 2309 illius
1389 2284 1438 2309 aevi
1468 2284 1635 2310 sanctos:si
1669 2290 1770 2314 tamen,

977 2330 1082 2358 epraeter
1110 2327 1182 2352 hunc
1211 2327 1350 2353 occultum
1382 2328 1496 2360 mundo,
1518 2329 1637 2362 insignes
1665 2329 1771 2363 aliquos

986 2377 1098 2399 sanctos
1122 2372 1217 2398 habuit
1239 2372 1355 2405 Graecia,
1384 2373 1516 2400 l’hotiano
1555 2374 1700 2401 schismate
1723 2376 1769 2401 dlti
1799 2398 1802 2400 _

986 2417 1111 2447 ab,nncta
1127 2418 1169 2442 tab
1200 2417 1301 2443 unione
1329 2418 1471 2449 catholica,
1492 2424 1519 2445 et
1543 2424 1605 2445 tunc
1616 2419 1723 2451 quidem
1737 2420 1769 2445 ad

986 2461 1059 2487 illam
1079 2469 1203 2496 regressa
1234 2470 1282 2496 pro
1311 2467 1441 2496 tempore,
1458 2471 1509 2490 non
1523 2469 1612 2490 tamen
1631 2467 1663 2490 ad
1681 2466 1771 2497 pristi-

987 2514 1050 2533 num
1079 2507 1217 2541 religionis
1240 2507 1391 2540 fervorem;
1425 2510 1495 2535 unde
1531 2516 1590 2535 eain
1622 2509 1712 2535 denuo
1741 2510 1769 2535 in

987 2552 1056 2578 idem
1079 2553 1199 2579 schtsnia
1222 2553 1304 2579 relabi
1330 2553 1454 2587 contigit,
1487 2553 1571 2580 multo
1597 2562 1679 2588 quam
1708 2560 1771 2581 ante

986 2598 1117 2630 deterius,
1150 2603 1260 2624 auclore
1279 2598 1384 2632 Sergio,
1405 2598 1456 2624 sub
1473 2606 1573 2626 annum
1595 2599 1768 2625 titillesimum

987 2644 1057 2671 facto
1071 2645 1237 2678 patriarcha,
1249 2651 1281 2670 ex
1310 2652 1408 2677 genete
1421 2644 1573 2678 impiissimi
1589 2644 1688 2672 Photii.
1703 2645 1768 2672 Illud

987 2693 1077 2714 attlem
1090 2689 1115 2714 in
1132 2691 1226 2715 charta
1252 2689 1323 2715 linea
1342 2688 1474 2722 scriptum
1490 2689 1682 2724 Synaxariuni,
1697 2691 1768 2725 quod

987 2734 1186 2761 Chiilletianum
1214 2742 1285 2769 szrpe
1311 2735 1492 2767 nominamus,
1521 2736 1553 2761 ad
1576 2737 1644 2762 hanc
1660 2736 1694 2763 ‘28
1709 2737 1769 2763 .ilaii

988 2782 1028 2807 sic
1042 2780 1121 2806 habet
1137 2788 1143 2806 :
1162 2779 1190 2805 '0
1203 2778 1277 2813 ἆγιος
1288 2779 1422 2813 Ἀνδρέας.
1436 2781 1448 2805 r3
1462 2780 1506 2806 διὰ
1530 2781 1647 2814 Χριστλιν
1677 2781 1770 2813 uitae,

989 2827 1017 2855 ἐν
1033 2827 1127 2863 εἰρήνῃ
1137 2825 1285 2852 τίλειοῦται
1303 2845 1310 2852 .
1322 2825 1352 2852 S.
1371 2825 1498 2860 Andreas,
1517 2828 1560 2861 qui
1573 2834 1677 2861 propter
1691 2826 1773 2854 Cliti-
