2027 3077
299 175 353 205 625

888 171 975 200 VITA
999 170 1030 198 S.
1053 167 1216 198 ANDIlE/E
1236 167 1332 196 ΒΑΗ.

1869 162 1921 192 CER

298 236 370 257 unm
394 230 490 256 stultus
517 229 579 262 fuit,
609 228 633 254 in
654 235 717 261 par:
745 227 822 253 vitam
840 227 909 261 ﬁnit.
926 226 994 252 Tum
1009 232 1083 251 more
1097 227 1121 255 Λ
1133 224 1226 258 pltare,
1242 221 1574 257 nmgnwsanctissimeque
1590 217 1768 245 DriEcclrt'a
1777 221 1920 254 sacerdote.

300 282 359 301 tero
374 282 424 301 suo
441 276 492 300 hoc
505 273 614 306 subﬁcit
626 271 761 299 dlslielmlt
779 279 786 297 :

335 339 443 366 Παύλου
462 340 490 365 τὸ
507 339 593 372 ῥῆμα,
610 338 656 364 καὶ
669 337 805 372 μεταστὰς
822 337 960 370 ’Λνδρέις,

342 374 437 408 ῚΙμεῖ,
452 374 495 399 διὰ
510 371 630 407 Χριστ-Ων
641 380 672 406 γε
688 373 786 407 pungat,
803 371 964 406 κραυγάζει.

337 441 414 472 Quod
424 440 523 467 Pullus
543 440 604 466 olim
619 440 728 470 cecinit;
745 438 804 464 ltinc
817 437 929 464 Suuclul
958 438 1083 471 migrans,

337 475 395 503 Nat
414 476 489 502 stulti
503 483 591 502 amore
607 474 716 506 Christi,
731 474 882 500 etAndrcos
898 473 979 498 canit.

337 544 365 570 'l.
398 541 538 568 Praedicta:
570 547 652 574 porro
684 538 860 566 obscuritatis
876 537 945 571 apud
965 541 1087 570 posteros

300 592 389 623 potest
399 587 480 613 etiam
497 586 549 612 alia
562 585 659 618 duplex
675 591 755 610 causa
774 582 906 616 assignari
924 586 999 607 :tum
1014 581 1086 614 quod

300 634 361 667 ipso
376 633 481 658 vivente
493 629 677 665 paucissimis,
690 630 727 655 uti
737 628 839 655 dictum
855 632 907 659 est,
919 627 978 661 ejus
990 627 1087 661 agendi

299 677 396 704 tnodtts
420 682 448 703 ct
465 677 572 703 occulta
591 675 724 702 sanctitas
742 673 898 704 innotuerit,
914 681 929 699 a
953 672 1088 706 plerisque

299 730 348 757 pro
375 724 459 749 stulto
477 726 504 748 et
527 721 696 748 dmmoniaco
718 719 827 746 habili:
860 723 916 745 tttm
942 718 1014 752 quod
1029 721 1089 752 post

297 771 426 798 mortem,
442 766 534 793 ablato
552 765 683 792 divinitus
697 770 823 798 corpore,
838 764 920 790 nulla:
938 763 997 798 t-jtts
1029 763 1090 789 reli-

298 813 370 846 quiie
398 811 593 845 sttperfuerint.
623 810 661 836 Ex
689 810 778 844 priore
791 809 891 836 factum
912 813 965 840 est,
987 813 1017 835 ut
1044 816 1090 834 tic-

301 858 377 890 ntini,
393 863 570 892 praeterquam
593 856 773 883 familiaribus
784 856 842 882 suis
865 856 890 881 in
908 855 1089 881 tcslimationc

1135 268 1229 294 Exstat
1253 268 1345 294 eadem
1377 265 1436 292 Vita
1463 273 1515 291 ms.
1530 265 1555 290 in
1579 263 1739 290 bibliotheca
1764 261 1919 292 Viennensi.

1135 317 1164 339 ut
1183 313 1271 347 legere
1289 316 1331 339 est
1346 311 1371 338 in
1389 310 1557 337 Bibliotheca
1572 308 1681 336 Gcsneri
1697 313 1777 335 aucta
1789 308 1921 342 impressa

1135 357 1228 391 Tiguri
1260 365 1330 383 anno
1364 357 1443 387 1585.
1464 355 1506 382 his
1533 354 1622 381 vetbis
1638 363 1645 380 :
1663 362 1674 380 ‹
1694 354 1875 388 Nirepltorus,
1888 354 1922 380 de

1138 402 1196 429 Vita
1221 403 1345 435 Andreae,
1372 402 1438 428 liber
1456 407 1533 428 vetus
1562 399 1589 426 in
1604 404 1699 434 quarto
1716 407 1767 426 ms.
1783 399 1839 426 bib.
1855 398 1922 432 Imp.

1139 447 1258 475 Viennm.
1278 458 1286 473 ι

1173 495 1199 521 9.
1215 494 1281 528 Ego,
1300 493 1424 520 Palribus
1438 491 1609 520 lli-nscltenio
1625 496 1651 518 et
1678 491 1862 524 Papebrocltio
1889 498 1923 518 att

1138 546 1245 573 tri-lpus
1274 540 1383 573 aliquod
1419 539 1499 565 datus
1539 539 1663 571 adjtttor,
1694 537 1922 572 quemadmodum

1141 585 1227 612 Vitaut
1246 586 1330 612 sancti
1345 585 1488 619 Sytneonis
1502 583 1606 618 Stylila:
1634 584 1659 609 itt
1691 587 1782 609 monte
1809 583 1923 610 Mirabili

1139 631 1252 665 tjusque
1279 631 1373 657 matris
1403 634 1505 657 sancta:
1523 629 1635 656 Marthae
1659 629 1762 664 primus
1780 628 1926 657 Latinitate

1141 677 1257 708 donavi;
1290 677 1326 703 ita
1346 681 1372 703 ct
1399 676 1468 703 hanc
1484 675 1568 702 satu-ti
1583 675 1696 701 Andreae
1712 673 1835 701 Latinam
1850 675 1925 702 feci:

1140 723 1186 748 sed
1207 729 1260 749 uo"
1278 722 1372 748 eadem
1389 729 1450 748 cum
1467 720 1608 747 facilitate.
1624 719 1669 746 Illa
1681 721 1755 747 enim
1783 719 1927 754 Sytneonis

1141 766 1201 794 Vita
1217 767 1321 799 Grmta,
1337 767 1374 794 uti
1390 767 1490 801 liquida
1504 766 1664 800 usitatisque
1692 766 1792 801 passim
1815 766 1933 794 vocibus

1140 818 1167 839 et
1206 813 1453 840 constructionibus
1487 812 1642 846 conscripta
1679 816 1739 840 erat
1778 813 1879 839 smculo
1901 821 1935 839 Vl”

1142 864 1269 890 exeunte,
1286 859 1321 885 ita
1337 859 1456 885 suaviter
1471 858 1504 884 ad
1520 858 1621 885 exitum
1643 857 1758 884 deducta
1773 858 1862 885 versio
1875 862 1926 885 est.

299 909 371 930 esset
385 913 393 936 ;
409 904 533 936 adeoque
546 903 597 930 soli
611 901 774 936 Nicepltoro,
796 901 928 935 spiritnali
951 900 1011 934 ejus
1038 900 1088 926 Ρη·
1107 890 1127 919 Β
1143 901 1206 929 ΙΙεΞὲο
1223 910 1288 928 vero
1308 903 1432 934 Δηὼ-επ,
1444 901 1585 928 delicicnte
1596 901 1652 935 jam
1681 901 1737 928 iere
1754 908 1816 928 cum
1842 901 1928 935 majo-

299 950 346 981 tri,
370 957 443 975 cura:
471 948 621 982 iueritcjus
649 947 780 974 adnotare
791 950 866 980 gesta
886 954 946 980 qua,-
966 950 1087 977 noverat,

300 1002 364 1021 cum
379 994 484 1021 iulluita
502 1001 563 1020 cum
580 993 702 1022 lati-rent.
713 999 762 1019 nec
774 999 835 1018 raro
852 992 924 1027 talia,
951 995 978 1016 ttt
991 991 1016 1016 itt
1041 990 1088 1016 ad-

300 1040 469 1067 u-iratiouem
501 1044 628 1072 raperent
656 1042 841 1072 spectatores;
870 1038 916 1064 sed
958 1037 1029 1071 quo]
1054 1035 1089 1063 ab

300 1085 408 1111 ltomine
436 1085 602 1111 dieilloniaco
614 1083 746 1117 prolicisci
761 1081 934 1116 putabantur,
958 1081 1089 1108 daaitionis

299 1130 391 1164 potius
416 1137 498 1164 quatit
526 1129 625 1156 divina:
642 1128 850 1155 ascribebantttr
867 1127 972 1154 virtuti.
989 1126 1026 1153 Ex
1040 1134 1089 1160 po-

302 1176 419 1203 steriore
440 1180 523 1210 patet,
546 1175 650 1202 nullum
677 1173 861 1200 sacrosanctis
888 1173 947 1208 ejus
967 1172 1089 1206 reliquiis

298 1221 398 1248 deferri
425 1221 527 1248 cultum
549 1228 580 1247 ac
611 1219 910 1252 venerationem,mdla
928 1219 1019 1245 adeas
1039 1226 1089 1252 pa-

300 1267 365 1294 trari
379 1266 520 1298 miracula,
534 1274 584 1293 nec
603 1265 748 1293 admodum
762 1266 806 1292 ditt
823 1273 915 1292 carum
930 1265 1087 1291 memoriam

300 1313 327 1339 iu
344 1313 443 1340 animis
457 1313 596 1339 hominum
623 1312 741 1338 residere
769 1311 911 1345 potuisse:
930 1311 952 1337 si
978 1310 1087 1345 quidem

306 1365 367 1391 qua:
382 1358 504 1392 procula
524 1361 670 1392 conspectu
696 1360 801 1387 nostro,
822 1356 903 1383 etiam
930 1357 1089 1391 plerumque

302 1403 396 1436 procul
410 1403 444 1429 ab
459 1402 549 1429 animo
562 1406 664 1429 remota
680 1405 755 1428 sunt.
772 1401 893 1428 llelictus
904 1402 1013 1435 quidem
1029 1405 1090 1435 post

304 1453 412 1481 raptum
428 1447 550 1481 corporis
564 1447 650 1474 sancti
667 1446 774 1473 divinus
789 1446 867 1478 odor,
884 1446 1000 1480 primunt
1025 1453 1090 1480 pau-

303 1493 420 1526 percula:
444 1493 553 1519 cuidam
586 1492 705 1522 mulieri.
738 1496 795 1518 tum
819 1491 881 1517 aliis
910 1490 1036 1524 pluiintis
1057 1498 1089 1516 co

302 1539 522 1569 aecttrrcntibus.
536 1538 718 1564 testiinonium
737 1537 872 1570 prtcbebat
884 1542 997 1563 eatenus
1013 1536 1090 1568 igno—

303 1589 368 1610 latae
387 1583 504 1610 hominis
519 1583 666 1610 sanctitati.
684 1582 771 1609 Vilatn
797 1587 896 1614 tamen,
913 1582 976 1608 licet
998 1581 1089 1608 statim

303 1638 318 1655 a
344 1633 430 1655 tuorte
457 1628 598 1662 scriptam.
629 1628 791 1655 crediderim
824 1627 857 1654 de
877 1626 1008 1654 industria
1026 1633 1091 1660 sup.

306 1681 429 1708 pressam
443 1673 537 1705 fuisse,
551 1678 578 1700 et
594 1674 628 1700 ab
644 1673 796 1708 Epiphanio
819 1677 1007 1704 asscrvatam;
1023 1679 1091 1706 quo.

302 1721 425 1753 aduque
443 1720 484 1746 hic
498 1719 585 1746 factus
604 1719 756 1753 patriarcha
782 1718 984 1753 praedictionem
999 1718 1090 1744 Sancti

303 1766 338 1793 de
365 1775 395 1794 se
421 1765 519 1793 iactatu
541 1766 671 1800 implevit.
690 1765 758 1792 Tum
775 1773 849 1796 vero,
862 1769 968 1791 tnortuo
988 1764 1091 1791 verosi-

305 1812 406 1838 militer
432 1812 488 1846 jam
522 1812 626 1845 pridem
661 1817 781 1843 auctoreI
809 1811 869 1837 data
888 1811 913 1837 i‘n
932 1810 1019 1837 lucem
1040 1810 1088 1840 sit;

304 1858 458 1891 patriarcha
475 1857 533 1892 ipso
547 1857 697 1883 allirmante
712 1864 785 1887 vera,
814 1856 918 1890 sibique
942 1860 1016 1882 certo
1043 1862 1090 1881 co-

306 1905 381 1936 gnita
408 1903 512 1936 fuisse,
544 1910 715 1937 quazcunque
741 1900 910 1936 Ntccpltorus
922 1901 1089 1934 seripscrat;

306 1951 399 1984 itaque
430 1949 536 1976 ittitiutn
563 1947 675 1981 aliquod
691 1947 782 1973 datum
799 1947 897 1978 cultui,
913 1954 960 1981 per
974 1946 1091 1972 nominis

306 1994 509 2028 inScriptiouem
533 1993 560 2020 itt
587 1992 747 2026 Synaxariis
770 1992 948 2026 quibusdam;
966 1991 1036 2026 qttod
1053 1996 1092 2018 ta-

306 2048 368 2067 men
397 2040 540 2074 plerosque
576 2038 786 2072 Synaxariorutn
819 2031 1027 2072 transcriptores
1051 2037 1092 2064 l'u-

308 2088 388 2122 gerit.

344 2134 371 2159 8.
388 2133 428 2159 Ad
459 2131 545 2158 Vitam
569 2131 654 2166 ipsam
670 2132 743 2165 quod
769 2130 876 2163 attinet,
891 2131 991 2164 duplex
1020 2130 1093 2158 illius

308 2178 379 2205 nacti
404 2185 500 2204 sumus
536 2180 684 2210 exeruplar,
709 2183 824 2209 quorum
848 2176 962 2202 alterunt
991 2176 1094 2203 descri-

1143 952 1212 974 state
1243 947 1347 982 imperii
1374 948 1455 974 etiam
1487 947 1584 981 linguae
1602 946 1720 977 cultura,
1752 946 1874 973 barbaris
1900 952 1929 973 ut

1143 992 1277 1024 moribus,
1293 993 1333 1020 sic
1348 992 1485 1020 vocabulis
1510 992 1649 1019 turmatim
1662 992 1927 1027 Constantinopolim

1143 1046 1173 1066 se
1204 1039 1393 1072 intercutibus,
1421 1039 1520 1066 saeculo
1543 1039 1648 1066 decimo
1661 1043 1771 1066 exarata
1795 1038 1837 1073 (ea
1861 1047 1929 1074 pra:-

1143 1085 1236 1111 serlim
1252 1093 1311 1119 qua-
1328 1093 1343 1110 e
1372 1084 1534 1111 bibliotheca
1560 1083 1686 1111 Vaticana
1713 1083 1849 1118 descripta
1864 1085 1927 1118 est)I

1144 1138 1197 1157 non
1219 1131 1300 1157 modo
1315 1130 1464 1164 peregrinis
1479 1137 1506 1156 et
1518 1139 1533 1157 κ
1558 1137 1677 1157 veterum
1707 1130 1863 1157 Graecorum
1878 1138 1928 1157 usu

1144 1176 1255 1203 remotis
1280 1177 1392 1202 vocibus
1419 1183 1499 1210 quam
1537 1176 1661 1209 plurimis
1698 1181 1802 1209 scatet;
1833 1185 1928 1203 verum

1143 1222 1224 1248 ctiam
1242 1229 1288 1255 per
1302 1221 1465 1253 socordiam,
1484 1221 1523 1248 vel
1543 1221 1646 1248 librarii
1671 1222 1769 1254 nostri,
1787 1222 1826 1248 νει
1855 1222 1929 1248 illius

1142 1267 1188 1300 qui
1219 1265 1378 1293 Vaticanum
1404 1266 1542 1301 exetnplar
1555 1266 1673 1296 curavit.
1701 1266 1935 1301 freqtteulissimil,

1144 1312 1230 1338 obsita
1258 1317 1300 1338 est
1321 1311 1477 1346 scriptionis
1508 1312 1624 1344 mcntlis,
1653 1312 1741 1346 iisque
1773 1320 1844 1347 sape
1873 1318 1928 1340 tam

1143 1357 1264 1388 absonis,
1281 1360 1310 1383 ut
1324 1363 1434 1383 sensum
1452 1356 1599 1383 dilliculter
1619 1364 1726 1390 possettt
1749 1357 1933 1392 conjec-laudo

1143 1402 1265 1437 assequi,
1293 1403 1363 1429 unde
1379 1402 1553 1436 interpretari
1579 1403 1698 1436 cupienti
1713 1410 1766 1428 non
1783 1403 1849 1430 lctis
1863 1411 1929 1430 sane

1144 1448 1267 1474 molestia
1281 1452 1308 1474 ct
1325 1455 1400 1475 mora
1418 1447 1522 1474 diutina
1540 1447 1638 1482 injecta
1655 1454 1705 1475 cst.
1727 1447 1760 1474 Ut
1778 1453 1866 1475 autem
1896 1456 1930 1475 eo

1145 1499 1266 1528 tempore
1285 1494 1401 1520 multuttt
1423 1501 1438 1520 ιι
1465 1495 1548 1521 veteri
1564 1494 1711 1522 Gra-cisn-o
1725 1495 1862 1522 deiecerat
1877 1495 1930 1523 tta.

1119 1563 1124 1571 ,
1144 1546 1235 1570 mana,
1259 1547 1340 1573 quam
1360 1539 1503 1572 vocabant,
1521 1538 1547 1565 id
1570 1544 1610 1566 est
1635 1539 1928 1575 Constantina-politam

1142 1585 1232 1619 populi
1267 1585 1377 1618 lingua;
1399 1585 1434 1612 ila
1451 1588 1478 1612 et
1497 1586 1680 1620 grammaticae
1699 1587 1768 1612 ratio
1791 1587 1865 1613 valde
1881 1595 1928 1621 ap-

1141 1635 1218 1664 paret
1241 1630 1353 1656 alterala
1377 1631 1403 1657 in
1419 1638 1471 1657 ms.
1500 1629 1640 1662 Vaticano,
1655 1631 1681 1657 in
1696 1639 1751 1665 quo
1767 1637 1937 1661 constanter.

1141 1675 1231 1709 legere
1246 1679 1298 1708 est,
1314 1676 1480 1710 Δευσχήμων
1493 1680 1519 1702 et
1543 1676 1742 1710 Δευσχημονέω
1754 1684 1802 1710 pro
1815 1679 1927 1713 Λευχεί-

1143 1728 1200 1754 μων
1219 1724 1246 1746 et
1258 1719 1457 1754 Λευχειμονέω,
1471 1720 1667 1755 Δαιμονιοῦντα
1681 1728 1730 1754 pro
1741 1722 1924 1755 Δαιμονῶντα,

1147 1764 1342 1800 Ἀχροούμενος
1355 1772 1404 1799 pro
1429 1765 1622 1800 Ἀχροώμενος,
1639 1767 1823 1794 contrahendo
1839 1776 1871 1793 αο
1899 1768 1929 1794 in

1141 1820 1182 1843 ou,
1198 1811 1269 1845 quod
1281 1816 1308 1838 ct
1322 1812 1390 1838 alias
1403 1819 1489 1845 smpe;
1514 1819 1575 1838 cum
1593 1811 1723 1839 deberent
1741 1813 1847 1840 vocales
1871 1814 1928 1840 ista:

1142 1857 1266 1883 cetttralti
1289 1857 1314 1883 in
1326 1865 1359 1884 ω.
1379 1857 1466 1883 Simili
1482 1858 1562 1883 modo
1587 1857 1613 1883 in
1631 1859 1709 1884 tertia
1728 1866 1843 1892 persona
1859 1864 1927 1886 telit-

1142 1905 1217 1937 poris
1233 1902 1381 1936 imperfecti
1398 1910 1426 1928 εε
1445 1903 1618 1930 contrahitur
1644 1903 1700 1930 fere
1723 1912 1829 1939 semper
1858 1906 1885 1931 itt
1910 1914 1947 1940 ην

1142 1955 1191 1982 pro
1209 1956 1289 1983 et].
1316 1956 1343 1983 ε.
1376 1948 1479 1983 Ἐποίη,
1501 1949 1616 1984 ’Δπήχη,
1649 1949 1809 1985 ἸΙδολέσχη,
1834 1950 1929 1978 Ἀπεν-

1142 1994 1271 2029 χαρίσθη,
1287 2002 1335 2028 pro
1356 1993 1469 2024 Ἐποίει,
1503 1995 1625 2029 ’Λπήχειι
1648 1995 1811 2030 Ἥδολέσχει,
1833 1996 1928 2022 Ἀπευ.

1143 2041 1276 2075 χαρίστει,
1303 2040 1342 2067 sic
1359 2045 1385 2067 et
1402 2048 1430 2065 εο
1447 2040 1563 2067 subinde
1590 2041 1762 2067 contrahitur
1782 2042 1880 2068 ibidem
1901 2044 1927 2069 in

1142 2094 1160 2119 η
1190 2093 1239 2120 pro
1269 2094 1317 2117 oo;
1337 2087 1374 2112 uti
1411 2086 1526 2119 Ὶίγνόην
1558 2093 1606 2120 pro
1629 2086 1767 2119 Ἥγνόουν.
1791 2086 1929 2121 Frequen-

1143 2132 1247 2157 ttssime
1266 2139 1329 2157 vero
1343 2132 1461 2157 secundat
1479 2138 1592 2164 persona
1606 2136 1748 2165 praseutts
1769 2133 1868 2166 passivi
1889 2135 1929 2160 vel

1143 2175 1224 2201 medii
1239 2175 1401 2202 terminatur
1421 2176 1446 2202 in
1459 2183 1519 2202 εσαι
1532 2175 1592 2202 loco
1604 2185 1621 2211 ῃ
1638 2185 1644 2202 :
1661 2177 1750 2209 qualia
1773 2177 1829 2204 luce
1843 2178 1928 2211 ἁναγο

309 2229 383 2257 ptum
409 2223 488 2250 nobis
515 2231 530 2249 e
568 2222 732 2249 bibliotheca
757 2221 881 2247 Vaticana
897 2222 948 2248 sub
965 2226 1026 2247 nota
1043 2229 1090 2247 ttu-

1144 2220 1270 2252 κάξεσαι,
1297 2222 1488 2248 ἁντιτὰσσεσαι
1506 2226 1533 2248 et
1544 2222 1606 2253 alia,
1626 2229 1675 2255 pro
1691 2222 1929 2257 ἁναγκάξῃ,ἀντι-

309 2268 376 2295 meri
408 2268 474 2295 1574
497 2275 559 2295 cum
593 2269 645 2295 hoc
669 2268 760 2297 titulo,
772 2265 833 2297 Βίας
851 2267 897 2292 καὶ
913 2266 1034 2292 πολιτεία
1045 2268 1092 2293 τοῦ

310 2314 448 2348 μακαρίου
470 2314 591 2349 Ἀνδρέου
608 2314 654 2339 τοῦ
673 2313 771 2345 Σαὶοῦ,
785 2313 831 2339 τοῦ
850 2313 889 2344 et;
902 2313 933 2338 τὺ
947 2313 1093 2345 Βυζάντιον

307 2360 354 2393 τῆς
373 2358 555 2393 omnium
577 2357 680 2387 πόλεως
707 2359 868 2392 ποιήσαντος
891 2358 986 2384 ἑαυτὸν
1005 2365 1093 2392 παρα-

309 2403 432 2429 παίοντι.
465 2401 524 2429 Vita
548 2406 572 2428 et
595 2403 756 2428 conversa/io
784 2401 817 2428 Β.
848 2402 960 2428 Andrew
981 2401 1094 2436 Saliqtti

307 2448 447 2483 Byzanzii,
464 2448 526 2475 urbe
543 2449 629 2474 diuino
645 2448 768 2481 prasidio
793 2452 859 2478 tutu,
878 2450 960 2482 seipse
984 2448 1094 2475 stultum

309 2493 585 2520 siumlavit.Allerum
600 2500 615 2519 e
630 2491 797 2518 Bibliotheca
813 2492 1021 2519 eminentissimi
1037 2500 1094 2519 car-

310 2539 409 2565 tlmalis
420 2539 547 2565 Mazarini
563 2537 746 2565 cotnttlodavit
764 2536 852 2567 nobis,
883 2537 1014 2571 tantisper
1031 2545 1092 2564 culti

312 2592 363 2610 ms.
381 2589 473 2610 nostro
499 2582 694 2610 conferendum
708 2585 735 2608 et
753 2581 869 2608 alterum
890 2590 921 2608 ex
935 2584 1021 2609 altero
1031 2590 1095 2609 cor-

312 2629 709 2665 rigendumsupplendumque,
739 2629 771 2657 ll.
802 2627 963 2656 PJacubus
992 2627 1094 2660 Quetil',

311 2674 363 2699 sub
383 2673 433 2700 hoc
454 2675 531 2701 titulo
552 2683 559 2689 '
579 2675 639 2706 Βίος
674 2676 720 2702 καὶ
744 2674 865 2701 πολιτεία
884 2674 929 2700 ταῦ
957 2674 1093 2708 μακαρίου

312 2718 433 2754 Ἀνδρέα,
449 2719 496 2745 τσῦ
526 2720 570 2746 διὰ
583 2721 698 2756 Χριστὸν
720 2719 816 2750 Σαλοῦ,
833 2720 1001 2753 συγγραφεῖς
1017 2718 1090 2752 παρ’

312 2764 478 2799 Νικηφόρςυ,
509 2766 602 2800 Ῑερέως
617 2768 665 2800 τῆς
677 2765 724 2791 τοῦ
739 2765 805 2791 Θεοῦ
832 2765 985 2799 ἁγιωτάτης
1011 2764 1094 2798 μεγά-

312 2809 359 2844 λης
386 2811 559 2845 Ἐκκληπίας.
593 2811 650 2838 Vtut
671 2818 695 2838 et
721 2817 880 2839 conversatio
910 2811 942 2837 Β.
969 2811 1092 2841 Andrea',

310 2858 356 2889 qui
375 2864 480 2892 promer
499 2858 631 2887 Christum
647 2859 741 2886 stultus
757 2860 805 2893 fuit
821 2859 966 2890 cattscripla
985 2866 999 2883 a
1015 2856 1094 2883 Nice-

1143 2267 1241 2301 τάσσῃ.
1257 2265 1316 2293 Non
1337 2267 1426 2294 tniuus
1445 2267 1599 2301 frequentes
1611 2276 1633 2293 ω
1651 2268 1677 2294 in
1699 2275 1713 2294 ο
1731 2268 1852 2300 vertitur,
1866 2268 1929 2294 dum

1143 2317 1301 2338 constanter
1313 2313 1410 2346 legitur
1422 2312 1501 2339 Γονια
1528 2316 1554 2340 et
1572 2312 1741 2346 Ἐνοτίζομαι
1766 2320 1815 2347 pro
1843 2313 1930 2340 Γωνεα

1143 2362 1170 2383 et
1208 2357 1394 2391 Ἐνωτίζομαι.
1428 2357 1560 2384 Similiter
1601 2357 1768 2392 Ἐμπέκτης,
1794 2357 1930 2390 Ἐξέσιθς.

1150 2401 1335 2436 Ἐσδητήριον,
1364 2410 1412 2436 pro
1448 2402 1634 2437 Ἐμπαίκτης,
1667 2402 1809 2435 Ἐξαίσιος,
1828 2403 1930 2437 Moon-

1141 2447 1248 2480 τήριον,
1275 2452 1302 2472 et
1327 2446 1379 2473 alia
1407 2447 1540 2480 ejusmodi
1561 2451 1664 2474 mutata
1695 2455 1723 2472 m
1739 2447 1767 2474 in
1783 2455 1806 2473 ε.
1821 2447 1930 2475 Similes

1144 2491 1244 2526 passim
1255 2491 1370 2518 aliarutn
1392 2491 1543 2519 litterarum
1558 2492 1738 2524 mutationes,
1764 2492 1931 2525 additiones,

1145 2536 1372 2570 transpositiones
1388 2537 1479 2564 videre
1492 2542 1560 2564 erat.

1180 2583 1225 2611 10.
1238 2583 1340 2610 Horum
1357 2584 1486 2618 pleraque
1499 2592 1532 2611 ne
1548 2589 1678 2618 perpetuo
1694 2584 1751 2613 fere
1762 2584 1929 2612 oil'eudiculo

1144 2634 1238 2656 essent
1266 2627 1385 2660 Lectori,
1403 2629 1437 2656 ad
1471 2631 1626 2658 communis
1640 2630 1827 2664 grammatica:
1856 2630 1929 2657 Gr:-

1144 2682 1236 2708 caque
1259 2675 1458 2709 orthographia:
1487 2674 1602 2702 formam
1629 2676 1741 2709 reduxi,
1769 2684 1831 2704 raro
1860 2676 1928 2704 alias

1145 2720 1242 2746 usitata
1271 2720 1297 2746 in
1311 2721 1363 2746 hoc
1392 2727 1473 2754 opere
1496 2720 1614 2747 licentia.
1631 2720 1724 2755 Neque
1746 2721 1924 2754 hoctanlum,

1144 2764 1192 2791 Sed
1223 2764 1294 2791 facta
1320 2766 1462 2800 utriusque
1491 2773 1541 2792 nis.
1571 2767 1604 2792 ad
1629 2767 1742 2794 invicem
1771 2767 1926 2798 collatione.

1145 2811 1227 2837 multa
1242 2811 1267 2837 in
1285 2818 1336 2838 ins.
1358 2810 1488 2838 Vaticano
1506 2813 1622 2839 obscuta
1643 2819 1676 2839 ex
1698 2812 1881 2840 Mazariniano
1894 2813 1926 2838 il-

1145 2856 1267 2889 lustravi.
1299 2864 1348 2885 nec
1377 2865 1478 2892 paucos
1493 2857 1520 2885 io
1536 2858 1582 2885 illo
1598 2859 1763 2886 omissurum
1779 2859 1927 2886 verborum
