  <div class='ocr_page' id='page_1' title='image "/cluster/home/n/w/nwhite01/storage/ocr_20150623/111/njp.32101077772943/370.png"; bbox 0 0 2027 3077; ppageno 0'>
   <div class='ocr_carea' id='block_1_1' title="bbox 154 229 207 261">
    <p class='ocr_par' dir='ltr' id='par_1_1' title="bbox 154 229 207 261">
     <span class='ocr_line' id='line_1_1' title="bbox 154 229 207 261; baseline 0.075 -4"><span class='ocrx_word' id='word_1_1' title='bbox 154 229 207 261; x_wconf 65' lang='grc' dir='ltr'><strong>1⁸ιὶιῖ</strong></span> 
     </span>
    </p>
   </div>
   <div class='ocr_carea' id='block_1_2' title="bbox 736 234 1177 270">
    <p class='ocr_par' dir='ltr' id='par_1_2' title="bbox 736 234 1177 270">
     <span class='ocr_line' id='line_1_2' title="bbox 736 234 1177 270; baseline 0.016 -7"><span class='ocrx_word' id='word_1_2' title='bbox 736 234 825 264; x_wconf 73' lang='lat' dir='ltr'><strong>VITA</strong></span> <span class='ocrx_word' id='word_1_3' title='bbox 846 236 876 265; x_wconf 85' lang='lat' dir='ltr'><strong>S.</strong></span> <span class='ocrx_word' id='word_1_4' title='bbox 896 235 1061 268; x_wconf 68' lang='grc' dir='ltr'><strong>ΑΝυΒΕΕ</strong></span> <span class='ocrx_word' id='word_1_5' title='bbox 1082 239 1177 270; x_wconf 77' lang='lat' dir='ltr'><strong>SALL</strong></span> 
     </span>
    </p>
   </div>
   <div class='ocr_carea' id='block_1_3' title="bbox 1724 238 1775 267">
    <p class='ocr_par' dir='ltr' id='par_1_3' title="bbox 1724 238 1775 267">
     <span class='ocr_line' id='line_1_3' title="bbox 1724 238 1775 267; baseline 0 0"><span class='ocrx_word' id='word_1_6' title='bbox 1724 238 1775 267; x_wconf 46' lang='lat' dir='ltr'><strong>tibi</strong></span> 
     </span>
    </p>
   </div>
   <div class='ocr_carea' id='block_1_4' title="bbox 157 288 954 332">
    <p class='ocr_par' dir='ltr' id='par_1_4' title="bbox 157 288 941 325">
     <span class='ocr_line' id='line_1_4' title="bbox 157 288 941 325; baseline 0.008 -12"><span class='ocrx_word' id='word_1_7' title='bbox 157 289 232 322; x_wconf 72' lang='grc' dir='ltr'>φίλος</span> <span class='ocrx_word' id='word_1_8' title='bbox 249 288 343 320; x_wconf 80' lang='grc' dir='ltr'>αὐτοῦ,</span> <span class='ocrx_word' id='word_1_9' title='bbox 360 289 464 317; x_wconf 61' lang='grc' dir='ltr'>απὰντα</span> <span class='ocrx_word' id='word_1_10' title='bbox 494 299 534 318; x_wconf 84' lang='grc' dir='ltr'><strong>σοι</strong></span> <span class='ocrx_word' id='word_1_11' title='bbox 554 291 709 325; x_wconf 61' lang='grc' dir='ltr'>ἀνα-(γέλα,</span> <span class='ocrx_word' id='word_1_12' title='bbox 725 293 762 324; x_wconf 78' lang='grc' dir='ltr'><strong>ὡς</strong></span> <span class='ocrx_word' id='word_1_13' title='bbox 779 293 826 319; x_wconf 77' lang='grc' dir='ltr'><strong>καὶ</strong></span> <span class='ocrx_word' id='word_1_14' title='bbox 842 292 876 319; x_wconf 84' lang='grc' dir='ltr'><strong>τὰ</strong></span> <span class='ocrx_word' id='word_1_15' title='bbox 887 293 941 319; x_wconf 83' lang='grc' dir='ltr'><strong>τῶν</strong></span> 
     </span>
    </p>
   </div>
   <div class='ocr_carea' id='block_1_5' title="bbox 1006 288 1776 332">
    <p class='ocr_par' dir='ltr' id='par_1_5' title="bbox 1007 295 1776 332">
     <span class='ocr_line' id='line_1_5' title="bbox 1007 295 1776 332; baseline 0 -10"><span class='ocrx_word' id='word_1_16' title='bbox 1007 301 1081 323; x_wconf 85' lang='lat' dir='ltr'><strong>ervet</strong></span> <span class='ocrx_word' id='word_1_17' title='bbox 1099 304 1180 332; x_wconf 86' lang='lat' dir='ltr'><strong>opera</strong></span> <span class='ocrx_word' id='word_1_18' title='bbox 1206 297 1275 332; x_wconf 85' lang='lat' dir='ltr'><strong>ejus,</strong></span> <span class='ocrx_word' id='word_1_19' title='bbox 1301 297 1451 332; x_wconf 76' lang='lat' dir='ltr'><strong>ingressum</strong></span> <span class='ocrx_word' id='word_1_20' title='bbox 1467 299 1496 324; x_wconf 85' lang='lat' dir='ltr'><strong>ct</strong></span> <span class='ocrx_word' id='word_1_21' title='bbox 1515 303 1653 332; x_wconf 68' lang='lat' dir='ltr'><strong>egressum</strong></span> <span class='ocrx_word' id='word_1_22' title='bbox 1669 295 1682 322; x_wconf 79' lang='lat'><strong>?</strong></span> <span class='ocrx_word' id='word_1_23' title='bbox 1704 295 1776 330; x_wconf 82' lang='lat' dir='ltr'><strong>quod</strong></span> 
     </span>
    </p>
   </div>
   <div class='ocr_carea' id='block_1_6' title="bbox 159 335 940 374">
    <p class='ocr_par' dir='ltr' id='par_1_6' title="bbox 159 335 940 374">
     <span class='ocr_line' id='line_1_6' title="bbox 159 335 940 374; baseline 0.006 -14"><span class='ocrx_word' id='word_1_24' title='bbox 159 335 316 369; x_wconf 75' lang='grc' dir='ltr'>ἀλλοτρίων.</span> <span class='ocrx_word' id='word_1_25' title='bbox 329 335 422 364; x_wconf 81' lang='grc' dir='ltr'>Ταῦτα</span> <span class='ocrx_word' id='word_1_26' title='bbox 446 336 493 363; x_wconf 85' lang='grc' dir='ltr'>τοῦ</span> <span class='ocrx_word' id='word_1_27' title='bbox 511 338 680 373; x_wconf 75' lang='grc' dir='ltr'>φουσκαρίου</span> <span class='ocrx_word' id='word_1_28' title='bbox 706 339 852 374; x_wconf 73' lang='grc' dir='ltr'>φήσαντος,</span> <span class='ocrx_word' id='word_1_29' title='bbox 866 339 940 365; x_wconf 72' lang='grc' dir='ltr'>ἔπει-</span> 
     </span>
    </p>
   </div>
   <div class='ocr_carea' id='block_1_7' title="bbox 159 381 521 418">
    <p class='ocr_par' dir='ltr' id='par_1_7' title="bbox 159 381 521 418">
     <span class='ocr_line' id='line_1_7' title="bbox 159 381 521 418; baseline 0.008 -11"><span class='ocrx_word' id='word_1_30' title='bbox 159 388 205 410; x_wconf 74' lang='grc' dir='ltr'><strong>σεν</strong></span> <span class='ocrx_word' id='word_1_31' title='bbox 224 382 322 414; x_wconf 75' lang='grc' dir='ltr'>αὐτοὺς</span> <span class='ocrx_word' id='word_1_32' title='bbox 334 381 421 414; x_wconf 77' lang='grc' dir='ltr'>οὕτως</span> <span class='ocrx_word' id='word_1_33' title='bbox 436 383 521 418; x_wconf 75' lang='grc' dir='ltr'>ἔχειν.</span> 
     </span>
    </p>
   </div>
   <div class='ocr_carea' id='block_1_8' title="bbox 194 474 942 513">
    <p class='ocr_par' dir='ltr' id='par_1_8' title="bbox 194 474 942 513">
     <span class='ocr_line' id='line_1_8' title="bbox 194 474 942 513; baseline 0.004 -12"><span class='ocrx_word' id='word_1_34' title='bbox 194 475 242 502; x_wconf 67' lang='grc' dir='ltr'><strong>κδ’.</strong></span> <span class='ocrx_word' id='word_1_35' title='bbox 252 474 296 502; x_wconf 87' lang='grc' dir='ltr'><strong>Ἑν</strong></span> <span class='ocrx_word' id='word_1_36' title='bbox 311 476 360 511; x_wconf 81' lang='grc' dir='ltr'>μιᾷ</span> <span class='ocrx_word' id='word_1_37' title='bbox 376 476 404 503; x_wconf 73' lang='grc' dir='ltr'><strong>δὲ</strong></span> <span class='ocrx_word' id='word_1_38' title='bbox 423 477 478 504; x_wconf 83' lang='grc' dir='ltr'><strong>τῶν</strong></span> <span class='ocrx_word' id='word_1_39' title='bbox 494 477 605 512; x_wconf 78' lang='grc' dir='ltr'>ἡμερῶν</span> <span class='ocrx_word' id='word_1_40' title='bbox 618 478 788 512; x_wconf 66' lang='grc' dir='ltr'>διερχόμενος</span> <span class='ocrx_word' id='word_1_41' title='bbox 800 477 942 513; x_wconf 75' lang='grc' dir='ltr'>Μακάριος</span> 
     </span>
    </p>
   </div>
   <div class='ocr_carea' id='block_1_9' title="bbox 160 521 944 558">
    <p class='ocr_par' dir='ltr' id='par_1_9' title="bbox 160 521 944 558">
     <span class='ocr_line' id='line_1_9' title="bbox 160 521 944 558; baseline 0.004 -11"><span class='ocrx_word' id='word_1_42' title='bbox 160 521 189 547; x_wconf 81' lang='grc' dir='ltr'>ἒν</span> <span class='ocrx_word' id='word_1_43' title='bbox 202 522 257 552; x_wconf 76' lang='grc' dir='ltr'>τοῖς</span> <span class='ocrx_word' id='word_1_44' title='bbox 269 521 457 556; x_wconf 77' lang='grc' dir='ltr'>ἀρτοπωλίοις,</span> <span class='ocrx_word' id='word_1_45' title='bbox 473 524 596 558; x_wconf 82' lang='grc' dir='ltr'>σνναργᾷ</span> <span class='ocrx_word' id='word_1_46' title='bbox 605 523 678 557; x_wconf 72' lang='grc' dir='ltr'>τρισὶ</span> <span class='ocrx_word' id='word_1_47' title='bbox 690 523 840 555; x_wconf 71' lang='grc' dir='ltr'><strong>νεανίσκοις</strong></span> <span class='ocrx_word' id='word_1_48' title='bbox 850 524 944 556; x_wconf 76' lang='grc' dir='ltr'>ξανθο-</span> 
     </span>
    </p>
   </div>
   <div class='ocr_carea' id='block_1_10' title="bbox 161 567 943 604">
    <p class='ocr_par' dir='ltr' id='par_1_10' title="bbox 161 567 943 604">
     <span class='ocr_line' id='line_1_10' title="bbox 161 567 943 604; baseline 0.003 -11"><span class='ocrx_word' id='word_1_49' title='bbox 161 567 267 600; x_wconf 77' lang='grc' dir='ltr'>κόμοις,</span> <span class='ocrx_word' id='word_1_50' title='bbox 283 567 394 602; x_wconf 73' lang='grc' dir='ltr'>ὡραίοις</span> <span class='ocrx_word' id='word_1_51' title='bbox 425 568 473 595; x_wconf 81' lang='grc' dir='ltr'>καὶ</span> <span class='ocrx_word' id='word_1_52' title='bbox 492 568 564 603; x_wconf 80' lang='grc' dir='ltr'>ψυχῇ</span> <span class='ocrx_word' id='word_1_53' title='bbox 579 568 625 595; x_wconf 79' lang='grc' dir='ltr'><strong>καὶ</strong></span> <span class='ocrx_word' id='word_1_54' title='bbox 643 568 749 604; x_wconf 84' lang='grc' dir='ltr'>σώματι</span> <span class='ocrx_word' id='word_1_55' title='bbox 764 577 771 585; x_wconf 85' lang='grc'><strong>·</strong></span> <span class='ocrx_word' id='word_1_56' title='bbox 801 567 874 602; x_wconf 75' lang='grc' dir='ltr'>εἶχον</span> <span class='ocrx_word' id='word_1_57' title='bbox 888 569 943 604; x_wconf 68' lang='grc' dir='ltr'>γὰρ</span> 
     </span>
    </p>
   </div>
   <div class='ocr_carea' id='block_1_11' title="bbox 160 611 944 649">
    <p class='ocr_par' dir='ltr' id='par_1_11' title="bbox 160 611 944 649">
     <span class='ocr_line' id='line_1_11' title="bbox 160 611 944 649; baseline 0.001 -10"><span class='ocrx_word' id='word_1_58' title='bbox 160 611 266 646; x_wconf 78' lang='grc' dir='ltr'>ἀγαθὴν</span> <span class='ocrx_word' id='word_1_59' title='bbox 291 613 423 646; x_wconf 70' lang='grc' dir='ltr'>ἐργασίαν</span> <span class='ocrx_word' id='word_1_60' title='bbox 441 614 466 639; x_wconf 87' lang='grc' dir='ltr'><strong>οῑ</strong></span> <span class='ocrx_word' id='word_1_61' title='bbox 498 613 652 648; x_wconf 77' lang='grc' dir='ltr'>μείρακες,</span> <span class='ocrx_word' id='word_1_62' title='bbox 677 613 725 640; x_wconf 81' lang='grc' dir='ltr'>τοῦ</span> <span class='ocrx_word' id='word_1_63' title='bbox 754 613 944 649; x_wconf 63' lang='grc' dir='ltr'>πρεσϐυτέρου</span> 
     </span>
    </p>
   </div>
   <div class='ocr_carea' id='block_1_12' title="bbox 160 655 947 693">
    <p class='ocr_par' dir='ltr' id='par_1_12' title="bbox 160 655 947 693">
     <span class='ocr_line' id='line_1_12' title="bbox 160 655 947 693; baseline 0.005 -12"><span class='ocrx_word' id='word_1_64' title='bbox 160 655 322 690; x_wconf 75' lang='grc' dir='ltr'>ὸδηγυῦντος</span> <span class='ocrx_word' id='word_1_65' title='bbox 337 657 436 688; x_wconf 76' lang='grc' dir='ltr'>αὐτοὺς</span> <span class='ocrx_word' id='word_1_66' title='bbox 450 658 490 689; x_wconf 84' lang='grc' dir='ltr'>είς</span> <span class='ocrx_word' id='word_1_67' title='bbox 518 659 609 684; x_wconf 78' lang='grc' dir='ltr'>πᾶσαν</span> <span class='ocrx_word' id='word_1_68' title='bbox 636 657 685 693; x_wconf 73' lang='grc' dir='ltr'><strong>τὴν</strong></span> <span class='ocrx_word' id='word_1_69' title='bbox 700 657 747 684; x_wconf 76' lang='grc' dir='ltr'>τοῦ</span> <span class='ocrx_word' id='word_1_70' title='bbox 766 657 835 684; x_wconf 77' lang='grc' dir='ltr'><strong>θεοῦ</strong></span> <span class='ocrx_word' id='word_1_71' title='bbox 849 658 947 693; x_wconf 73' lang='grc' dir='ltr'>εὐαρὲ-</span> 
     </span>
    </p>
   </div>
   <div class='ocr_carea' id='block_1_13' title="bbox 162 701 947 739">
    <p class='ocr_par' dir='ltr' id='par_1_13' title="bbox 162 701 947 739">
     <span class='ocr_line' id='line_1_13' title="bbox 162 701 947 739; baseline 0.001 -10"><span class='ocrx_word' id='word_1_72' title='bbox 162 709 266 736; x_wconf 70' lang='grc' dir='ltr'>στησιν.</span> <span class='ocrx_word' id='word_1_73' title='bbox 277 702 321 733; x_wconf 80' lang='grc' dir='ltr'><strong>Ὠς</strong></span> <span class='ocrx_word' id='word_1_74' title='bbox 333 701 362 728; x_wconf 74' lang='grc' dir='ltr'><strong>δὲ</strong></span> <span class='ocrx_word' id='word_1_75' title='bbox 379 703 547 737; x_wconf 84' lang='grc' dir='ltr'>συνήντησαν</span> <span class='ocrx_word' id='word_1_76' title='bbox 557 703 597 736; x_wconf 79' lang='grc' dir='ltr'>τῷ</span> <span class='ocrx_word' id='word_1_77' title='bbox 614 703 706 738; x_wconf 68' lang='grc' dir='ltr'><strong>’(ὶσίῳ,</strong></span> <span class='ocrx_word' id='word_1_78' title='bbox 723 704 793 735; x_wconf 78' lang='grc' dir='ltr'>ἔγνω</span> <span class='ocrx_word' id='word_1_79' title='bbox 806 704 821 730; x_wconf 80' lang='grc' dir='ltr'><strong>ό</strong></span> <span class='ocrx_word' id='word_1_80' title='bbox 840 704 947 739; x_wconf 78' lang='grc' dir='ltr'>πρῶτος</span> 
     </span>
    </p>
   </div>
   <div class='ocr_carea' id='block_1_14' title="bbox 166 747 946 784">
    <p class='ocr_par' dir='ltr' id='par_1_14' title="bbox 166 747 946 784">
     <span class='ocr_line' id='line_1_14' title="bbox 166 747 946 784; baseline 0.005 -12"><span class='ocrx_word' id='word_1_81' title='bbox 166 747 220 772; x_wconf 81' lang='grc' dir='ltr'>τῶν</span> <span class='ocrx_word' id='word_1_82' title='bbox 232 747 340 781; x_wconf 76' lang='grc' dir='ltr'>σεμνῶν</span> <span class='ocrx_word' id='word_1_83' title='bbox 357 748 461 775; x_wconf 83' lang='grc' dir='ltr'><strong>παίδων</strong></span> <span class='ocrx_word' id='word_1_84' title='bbox 476 748 589 774; x_wconf 73' lang='grc' dir='ltr'>ἐκείνων</span> <span class='ocrx_word' id='word_1_85' title='bbox 606 749 639 776; x_wconf 81' lang='grc' dir='ltr'><strong>τὰ</strong></span> <span class='ocrx_word' id='word_1_86' title='bbox 650 750 715 784; x_wconf 76' lang='grc' dir='ltr'>περὶ</span> <span class='ocrx_word' id='word_1_87' title='bbox 730 749 775 776; x_wconf 76' lang='grc' dir='ltr'>τοῦ</span> <span class='ocrx_word' id='word_1_88' title='bbox 788 750 946 784; x_wconf 83' lang='grc' dir='ltr'>Μακαρίου,</span> 
     </span>
    </p>
   </div>
   <div class='ocr_carea' id='block_1_15' title="bbox 162 792 947 830">
    <p class='ocr_par' dir='ltr' id='par_1_15' title="bbox 162 792 947 830">
     <span class='ocr_line' id='line_1_15' title="bbox 162 792 947 830; baseline 0.004 -13"><span class='ocrx_word' id='word_1_89' title='bbox 162 792 209 818; x_wconf 73' lang='grc' dir='ltr'>καὶ</span> <span class='ocrx_word' id='word_1_90' title='bbox 225 792 300 825; x_wconf 83' lang='grc' dir='ltr'>λέγει</span> <span class='ocrx_word' id='word_1_91' title='bbox 316 794 372 823; x_wconf 78' lang='grc' dir='ltr'>τοῖς</span> <span class='ocrx_word' id='word_1_92' title='bbox 399 793 504 828; x_wconf 77' lang='grc' dir='ltr'>ἑτέροις</span> <span class='ocrx_word' id='word_1_93' title='bbox 516 801 524 809; x_wconf 89' lang='grc'><strong>·</strong></span> <span class='ocrx_word' id='word_1_94' title='bbox 540 794 708 822; x_wconf 76' lang='grc' dir='ltr'>Πιστεῠσατέ</span> <span class='ocrx_word' id='word_1_95' title='bbox 725 803 780 829; x_wconf 82' lang='grc' dir='ltr'><strong>μοι,</strong></span> <span class='ocrx_word' id='word_1_96' title='bbox 801 796 947 830; x_wconf 61' lang='grc' dir='ltr'>ἀγαπητοὶ,</span> 
     </span>
    </p>
   </div>
   <div class='ocr_carea' id='block_1_16' title="bbox 163 838 947 875">
    <p class='ocr_par' dir='ltr' id='par_1_16' title="bbox 163 838 947 875">
     <span class='ocr_line' id='line_1_16' title="bbox 163 838 947 875; baseline 0.004 -11"><span class='ocrx_word' id='word_1_97' title='bbox 163 838 269 864; x_wconf 76' lang='grc' dir='ltr'>ὑπονοῶ</span> <span class='ocrx_word' id='word_1_98' title='bbox 282 838 328 865; x_wconf 77' lang='grc' dir='ltr'><strong>τδν</strong></span> <span class='ocrx_word' id='word_1_99' title='bbox 342 839 422 865; x_wconf 73' lang='grc' dir='ltr'>σαλδν</span> <span class='ocrx_word' id='word_1_100' title='bbox 432 840 535 866; x_wconf 77' lang='grc' dir='ltr'>ἐκεῖνον</span> <span class='ocrx_word' id='word_1_101' title='bbox 551 840 643 867; x_wconf 83' lang='grc' dir='ltr'>δοῦλον</span> <span class='ocrx_word' id='word_1_102' title='bbox 656 840 702 867; x_wconf 82' lang='grc' dir='ltr'>τοῦ</span> <span class='ocrx_word' id='word_1_103' title='bbox 717 840 785 867; x_wconf 81' lang='grc' dir='ltr'>Θεοῦ</span> <span class='ocrx_word' id='word_1_104' title='bbox 800 841 947 875; x_wconf 72' lang='grc' dir='ltr'>ὑπάρχειν.</span> 
     </span>
    </p>
   </div>
   <div class='ocr_carea' id='block_1_17' title="bbox 166 883 951 921">
    <p class='ocr_par' dir='ltr' id='par_1_17' title="bbox 166 883 951 921">
     <span class='ocr_line' id='line_1_17' title="bbox 166 883 951 921; baseline 0.004 -12"><span class='ocrx_word' id='word_1_105' title='bbox 166 885 237 917; x_wconf 77' lang='grc' dir='ltr'><strong>Ἔφη</strong></span> <span class='ocrx_word' id='word_1_106' title='bbox 252 885 266 910; x_wconf 77' lang='grc' dir='ltr'><strong>ό</strong></span> <span class='ocrx_word' id='word_1_107' title='bbox 280 883 374 919; x_wconf 71' lang='grc' dir='ltr'>ἔτερος</span> <span class='ocrx_word' id='word_1_108' title='bbox 386 892 393 900; x_wconf 83' lang='grc'><em>”</em></span> <span class='ocrx_word' id='word_1_109' title='bbox 432 885 586 920; x_wconf 75' lang='grc' dir='ltr'><strong>Παρακαλῶ</strong></span> <span class='ocrx_word' id='word_1_110' title='bbox 602 894 643 912; x_wconf 88' lang='grc' dir='ltr'><strong>σοι</strong></span> <span class='ocrx_word' id='word_1_111' title='bbox 666 886 695 912; x_wconf 74' lang='grc' dir='ltr'><strong>ιν</strong></span> <span class='ocrx_word' id='word_1_112' title='bbox 709 895 762 914; x_wconf 87' lang='grc' dir='ltr'>τινι</span> <span class='ocrx_word' id='word_1_113' title='bbox 779 886 854 921; x_wconf 82' lang='grc' dir='ltr'>τόπῳ</span> <span class='ocrx_word' id='word_1_114' title='bbox 885 885 951 920; x_wconf 83' lang='grc' dir='ltr'>μετ’</span> 
     </span>
    </p>
   </div>
   <div class='ocr_carea' id='block_1_18' title="bbox 163 928 949 966">
    <p class='ocr_par' dir='ltr' id='par_1_18' title="bbox 163 928 949 966">
     <span class='ocr_line' id='line_1_18' title="bbox 163 928 949 966; baseline 0.003 -12"><span class='ocrx_word' id='word_1_115' title='bbox 163 928 247 955; x_wconf 81' lang='grc' dir='ltr'>αὑτοῦ</span> <span class='ocrx_word' id='word_1_116' title='bbox 266 929 438 964; x_wconf 86' lang='grc' dir='ltr'>συγκαθῆσαι</span> <span class='ocrx_word' id='word_1_117' title='bbox 453 930 537 964; x_wconf 76' lang='grc' dir='ltr'><strong>ἡμᾶς.</strong></span> <span class='ocrx_word' id='word_1_118' title='bbox 552 930 635 964; x_wconf 82' lang='grc' dir='ltr'>Λέγει</span> <span class='ocrx_word' id='word_1_119' title='bbox 651 932 664 958; x_wconf 84' lang='grc' dir='ltr'><strong><em>ὸ</em></strong></span> <span class='ocrx_word' id='word_1_120' title='bbox 680 931 796 966; x_wconf 86' lang='grc' dir='ltr'>πρῶτος·</span> <span class='ocrx_word' id='word_1_121' title='bbox 808 931 839 957; x_wconf 83' lang='lat' dir='ltr'><strong>El</strong></span> <span class='ocrx_word' id='word_1_122' title='bbox 851 931 949 964; x_wconf 74' lang='grc' dir='ltr'>θέλεις,</span> 
     </span>
    </p>
   </div>
   <div class='ocr_carea' id='block_1_19' title="bbox 163 969 988 1012">
    <p class='ocr_par' dir='ltr' id='par_1_19' title="bbox 163 969 988 1012">
     <span class='ocr_line' id='line_1_19' title="bbox 163 969 988 1012; baseline 0.004 -11"><span class='ocrx_word' id='word_1_123' title='bbox 163 974 243 1001; x_wconf 80' lang='grc' dir='ltr'>τοῦτο</span> <span class='ocrx_word' id='word_1_124' title='bbox 263 976 291 1001; x_wconf 84' lang='grc' dir='ltr'>ὲν</span> <span class='ocrx_word' id='word_1_125' title='bbox 310 977 387 1009; x_wconf 81' lang='grc' dir='ltr'>τάχει</span> <span class='ocrx_word' id='word_1_126' title='bbox 410 975 491 1002; x_wconf 84' lang='grc' dir='ltr'>ποιῶ.</span> <span class='ocrx_word' id='word_1_127' title='bbox 521 977 576 1003; x_wconf 83' lang='grc' dir='ltr'><strong>Καὶ</strong></span> <span class='ocrx_word' id='word_1_128' title='bbox 604 976 677 1010; x_wconf 71' lang='grc' dir='ltr'>λέγει</span> <span class='ocrx_word' id='word_1_129' title='bbox 705 976 799 1011; x_wconf 78' lang='grc' dir='ltr'>αὐτῷ’</span> <span class='ocrx_word' id='word_1_130' title='bbox 826 969 988 1012; x_wconf 74' lang='grc' dir='ltr'><strong>Ἀδελφὲ,Β</strong></span> 
     </span>
    </p>
   </div>
   <div class='ocr_carea' id='block_1_20' title="bbox 165 1021 951 1057">
    <p class='ocr_par' dir='ltr' id='par_1_20' title="bbox 165 1021 951 1057">
     <span class='ocr_line' id='line_1_20' title="bbox 165 1021 951 1057; baseline 0.003 -10"><span class='ocrx_word' id='word_1_131' title='bbox 165 1022 276 1056; x_wconf 81' lang='grc' dir='ltr'><strong>ἀγαπᾷς</strong></span> <span class='ocrx_word' id='word_1_132' title='bbox 304 1030 350 1056; x_wconf 83' lang='grc' dir='ltr'><strong>με,</strong></span> <span class='ocrx_word' id='word_1_133' title='bbox 363 1021 444 1056; x_wconf 84' lang='grc' dir='ltr'>δεῦρο</span> <span class='ocrx_word' id='word_1_134' title='bbox 461 1022 636 1056; x_wconf 80' lang='grc' dir='ltr'>συγκάϐησον</span> <span class='ocrx_word' id='word_1_135' title='bbox 656 1021 717 1056; x_wconf 81' lang='grc' dir='ltr'><strong>μεθ’</strong></span> <span class='ocrx_word' id='word_1_136' title='bbox 739 1022 828 1056; x_wconf 80' lang='grc' dir='ltr'><strong>ἡμῶν,</strong></span> <span class='ocrx_word' id='word_1_137' title='bbox 841 1023 884 1049; x_wconf 85' lang='grc' dir='ltr'>ὅτι</span> <span class='ocrx_word' id='word_1_138' title='bbox 896 1023 951 1057; x_wconf 68' lang='grc' dir='ltr'><strong>ἐγὼ</strong></span> 
     </span>
    </p>
   </div>
   <div class='ocr_carea' id='block_1_21' title="bbox 166 1066 952 1102">
    <p class='ocr_par' dir='ltr' id='par_1_21' title="bbox 166 1066 952 1102">
     <span class='ocr_line' id='line_1_21' title="bbox 166 1066 952 1102; baseline 0.006 -11"><span class='ocrx_word' id='word_1_139' title='bbox 166 1067 266 1100; x_wconf 81' lang='grc' dir='ltr'>ἀγαπῶ</span> <span class='ocrx_word' id='word_1_140' title='bbox 280 1075 322 1098; x_wconf 80' lang='grc' dir='ltr'>σε,</span> <span class='ocrx_word' id='word_1_141' title='bbox 337 1066 384 1095; x_wconf 76' lang='grc' dir='ltr'><strong>καὶ</strong></span> <span class='ocrx_word' id='word_1_142' title='bbox 408 1067 432 1093; x_wconf 80' lang='grc' dir='ltr'>οι</span> <span class='ocrx_word' id='word_1_143' title='bbox 447 1067 506 1102; x_wconf 85' lang='grc' dir='ltr'>μετ’</span> <span class='ocrx_word' id='word_1_144' title='bbox 520 1067 587 1101; x_wconf 70' lang='grc' dir='ltr'>ἐμοῦ</span> <span class='ocrx_word' id='word_1_145' title='bbox 603 1066 664 1093; x_wconf 77' lang='grc' dir='ltr'>λίαν</span> <span class='ocrx_word' id='word_1_146' title='bbox 677 1067 806 1095; x_wconf 76' lang='grc' dir='ltr'>ποθοῦσῐν</span> <span class='ocrx_word' id='word_1_147' title='bbox 821 1076 861 1096; x_wconf 90' lang='grc' dir='ltr'><strong>σε.</strong></span> <span class='ocrx_word' id='word_1_148' title='bbox 878 1069 952 1096; x_wconf 83' lang='grc' dir='ltr'><strong>Ἰδὼν</strong></span> 
     </span>
    </p>
   </div>
   <div class='ocr_carea' id='block_1_22' title="bbox 165 1111 950 1148">
    <p class='ocr_par' dir='ltr' id='par_1_22' title="bbox 165 1111 950 1148">
     <span class='ocr_line' id='line_1_22' title="bbox 165 1111 950 1148; baseline 0.004 -11"><span class='ocrx_word' id='word_1_149' title='bbox 165 1111 194 1139; x_wconf 64' lang='grc' dir='ltr'><strong>δὲ</strong></span> <span class='ocrx_word' id='word_1_150' title='bbox 208 1111 275 1138; x_wconf 75' lang='grc' dir='ltr'>αὐτὸ</span> <span class='ocrx_word' id='word_1_151' title='bbox 296 1111 460 1143; x_wconf 80' lang='grc' dir='ltr'>ἐμειδίασεν,</span> <span class='ocrx_word' id='word_1_152' title='bbox 486 1113 533 1138; x_wconf 76' lang='grc' dir='ltr'>καὶ</span> <span class='ocrx_word' id='word_1_153' title='bbox 558 1112 632 1146; x_wconf 78' lang='grc' dir='ltr'>λέγει</span> <span class='ocrx_word' id='word_1_154' title='bbox 647 1112 721 1147; x_wconf 62' lang='grc' dir='ltr'>αὐτῷ</span> <span class='ocrx_word' id='word_1_155' title='bbox 735 1113 764 1145; x_wconf 71' lang='grc' dir='ltr'>εξ</span> <span class='ocrx_word' id='word_1_156' title='bbox 796 1113 926 1148; x_wconf 69' lang='grc' dir='ltr'><strong>ὀνόματος</strong></span> <span class='ocrx_word' id='word_1_157' title='bbox 942 1122 950 1130; x_wconf 89' lang='grc'>·</span> 
     </span>
    </p>
   </div>
   <div class='ocr_carea' id='block_1_23' title="bbox 166 1154 953 1194">
    <p class='ocr_par' dir='ltr' id='par_1_23' title="bbox 166 1154 953 1194">
     <span class='ocr_line' id='line_1_23' title="bbox 166 1154 953 1194; baseline 0.004 -11"><span class='ocrx_word' id='word_1_158' title='bbox 166 1157 203 1183; x_wconf 75' lang='grc' dir='ltr'><strong>Σὺ</strong></span> <span class='ocrx_word' id='word_1_159' title='bbox 224 1154 250 1183; x_wconf 81' lang='grc' dir='ltr'>εἶ</span> <span class='ocrx_word' id='word_1_160' title='bbox 270 1156 428 1190; x_wconf 70' lang='grc' dir='ltr'>Ἐπιφάνιος</span> <span class='ocrx_word' id='word_1_161' title='bbox 446 1157 459 1183; x_wconf 75' lang='grc' dir='ltr'><strong>ὁ</strong></span> <span class='ocrx_word' id='word_1_162' title='bbox 489 1158 565 1191; x_wconf 76' lang='grc' dir='ltr'>φίλος</span> <span class='ocrx_word' id='word_1_163' title='bbox 585 1166 648 1193; x_wconf 88' lang='grc' dir='ltr'><strong>μου,</strong></span> <span class='ocrx_word' id='word_1_164' title='bbox 671 1158 719 1185; x_wconf 74' lang='grc' dir='ltr'><strong>καὶ</strong></span> <span class='ocrx_word' id='word_1_165' title='bbox 751 1158 800 1185; x_wconf 78' lang='grc' dir='ltr'>σὺν</span> <span class='ocrx_word' id='word_1_166' title='bbox 819 1160 858 1194; x_wconf 77' lang='grc' dir='ltr'>τῷ</span> <span class='ocrx_word' id='word_1_167' title='bbox 881 1159 953 1194; x_wconf 73' lang='grc' dir='ltr'>λόγῳ</span> 
     </span>
    </p>
   </div>
   <div class='ocr_carea' id='block_1_24' title="bbox 167 1203 953 1240">
    <p class='ocr_par' dir='ltr' id='par_1_24' title="bbox 167 1203 953 1240">
     <span class='ocr_line' id='line_1_24' title="bbox 167 1203 953 1240; baseline 0.005 -11"><span class='ocrx_word' id='word_1_168' title='bbox 167 1203 308 1237; x_wconf 74' lang='grc' dir='ltr'>ἠσπάσατο</span> <span class='ocrx_word' id='word_1_169' title='bbox 342 1203 434 1235; x_wconf 79' lang='grc' dir='ltr'>αὑτὸν.</span> <span class='ocrx_word' id='word_1_170' title='bbox 462 1204 654 1240; x_wconf 79' lang='grc' dir='ltr'>προσλιπτικῷ</span> <span class='ocrx_word' id='word_1_171' title='bbox 675 1205 784 1240; x_wconf 77' lang='grc' dir='ltr'>ὕμματι</span> <span class='ocrx_word' id='word_1_172' title='bbox 808 1206 837 1233; x_wconf 81' lang='grc' dir='ltr'><strong>τὸ</strong></span> <span class='ocrx_word' id='word_1_173' title='bbox 855 1206 953 1239; x_wconf 78' lang='grc' dir='ltr'>μέλλον</span> 
     </span>
    </p>
   </div>
   <div class='ocr_carea' id='block_1_25' title="bbox 168 1249 952 1287">
    <p class='ocr_par' dir='ltr' id='par_1_25' title="bbox 168 1249 952 1287">
     <span class='ocr_line' id='line_1_25' title="bbox 168 1249 952 1287; baseline 0.004 -12"><span class='ocrx_word' id='word_1_174' title='bbox 168 1249 348 1284; x_wconf 73' lang='grc' dir='ltr'>προσημάνας</span> <span class='ocrx_word' id='word_1_175' title='bbox 369 1249 493 1283; x_wconf 87' lang='grc' dir='ltr'>γίνεσθαι</span> <span class='ocrx_word' id='word_1_176' title='bbox 507 1251 551 1276; x_wconf 64' lang='grc' dir='ltr'><strong>ἐπ’</strong></span> <span class='ocrx_word' id='word_1_177' title='bbox 568 1251 660 1278; x_wconf 77' lang='grc' dir='ltr'>αὐτόν·</span> <span class='ocrx_word' id='word_1_178' title='bbox 685 1251 737 1286; x_wconf 83' lang='grc' dir='ltr'>τῆς</span> <span class='ocrx_word' id='word_1_179' title='bbox 749 1252 803 1287; x_wconf 84' lang='grc' dir='ltr'><strong>γὰρ</strong></span> <span class='ocrx_word' id='word_1_180' title='bbox 818 1252 952 1287; x_wconf 81' lang='grc' dir='ltr'>βασιλίδος</span> 
     </span>
    </p>
   </div>
   <div class='ocr_carea' id='block_1_26' title="bbox 168 1294 952 1332">
    <p class='ocr_par' dir='ltr' id='par_1_26' title="bbox 168 1294 952 1332">
     <span class='ocr_line' id='line_1_26' title="bbox 168 1294 952 1332; baseline 0.005 -13"><span class='ocrx_word' id='word_1_181' title='bbox 168 1295 222 1320; x_wconf 69' lang='grc' dir='ltr'>τῶν</span> <span class='ocrx_word' id='word_1_182' title='bbox 240 1294 344 1320; x_wconf 78' lang='grc' dir='ltr'>πόλεων</span> <span class='ocrx_word' id='word_1_183' title='bbox 367 1294 517 1322; x_wconf 72' lang='grc' dir='ltr'>ιπίσκοπον</span> <span class='ocrx_word' id='word_1_184' title='bbox 531 1296 683 1330; x_wconf 73' lang='grc' dir='ltr'>γεγονέναι.</span> <span class='ocrx_word' id='word_1_185' title='bbox 702 1297 952 1332; x_wconf 80' lang='grc' dir='ltr'>Χειροκρατοῦντες</span> 
     </span>
    </p>
   </div>
   <div class='ocr_carea' id='block_1_27' title="bbox 169 1339 953 1378">
    <p class='ocr_par' dir='ltr' id='par_1_27' title="bbox 169 1339 953 1378">
     <span class='ocr_line' id='line_1_27' title="bbox 169 1339 953 1378; baseline 0.003 -11"><span class='ocrx_word' id='word_1_186' title='bbox 169 1341 197 1367; x_wconf 76' lang='grc' dir='ltr'><strong>δὲ</strong></span> <span class='ocrx_word' id='word_1_187' title='bbox 209 1341 359 1376; x_wconf 62' lang='grc' dir='ltr'>ἀμφότεροι</span> <span class='ocrx_word' id='word_1_188' title='bbox 389 1343 469 1376; x_wconf 76' lang='grc' dir='ltr'>χετρα</span> <span class='ocrx_word' id='word_1_189' title='bbox 496 1342 565 1376; x_wconf 73' lang='grc' dir='ltr'>πρὸς</span> <span class='ocrx_word' id='word_1_190' title='bbox 583 1343 672 1376; x_wconf 76' lang='grc' dir='ltr'>χεῖρα,</span> <span class='ocrx_word' id='word_1_191' title='bbox 689 1339 770 1377; x_wconf 77' lang='grc' dir='ltr'>ἦλθον</span> <span class='ocrx_word' id='word_1_192' title='bbox 794 1344 863 1378; x_wconf 73' lang='grc' dir='ltr'>πρὸς</span> <span class='ocrx_word' id='word_1_193' title='bbox 889 1343 953 1375; x_wconf 74' lang='grc' dir='ltr'>τοὺς</span> 
     </span>
    </p>
   </div>
   <div class='ocr_carea' id='block_1_28' title="bbox 167 1385 954 1422">
    <p class='ocr_par' dir='ltr' id='par_1_28' title="bbox 167 1385 954 1422">
     <span class='ocr_line' id='line_1_28' title="bbox 167 1385 954 1422; baseline 0.004 -11"><span class='ocrx_word' id='word_1_194' title='bbox 167 1385 215 1412; x_wconf 82' lang='grc' dir='ltr'><strong>δύο</strong></span> <span class='ocrx_word' id='word_1_195' title='bbox 229 1385 335 1418; x_wconf 74' lang='grc' dir='ltr'>παῖδας,</span> <span class='ocrx_word' id='word_1_196' title='bbox 351 1387 397 1412; x_wconf 68' lang='grc' dir='ltr'><strong>καί</strong></span> <span class='ocrx_word' id='word_1_197' title='bbox 410 1386 559 1421; x_wconf 78' lang='grc' dir='ltr'>διηγήσατο</span> <span class='ocrx_word' id='word_1_198' title='bbox 577 1387 657 1418; x_wconf 70' lang='grc' dir='ltr'>αὐτὸς</span> <span class='ocrx_word' id='word_1_199' title='bbox 674 1388 688 1414; x_wconf 84' lang='grc' dir='ltr'><strong><em>ὁ</em></strong></span> <span class='ocrx_word' id='word_1_200' title='bbox 710 1387 879 1422; x_wconf 73' lang='grc' dir='ltr'>Ἐπιφάνιος,</span> <span class='ocrx_word' id='word_1_201' title='bbox 893 1388 954 1420; x_wconf 78' lang='grc' dir='ltr'><strong>πῶς</strong></span> 
     </span>
    </p>
   </div>
   <div class='ocr_carea' id='block_1_29' title="bbox 169 1431 954 1466">
    <p class='ocr_par' dir='ltr' id='par_1_29' title="bbox 169 1431 954 1466">
     <span class='ocr_line' id='line_1_29' title="bbox 169 1431 954 1466; baseline 0.004 -9"><span class='ocrx_word' id='word_1_202' title='bbox 169 1431 199 1462; x_wconf 75' lang='grc' dir='ltr'><strong>ἐξ</strong></span> <span class='ocrx_word' id='word_1_203' title='bbox 219 1431 351 1466; x_wconf 62' lang='grc' dir='ltr'>ὀνόματος</span> <span class='ocrx_word' id='word_1_204' title='bbox 382 1432 512 1459; x_wconf 76' lang='grc' dir='ltr'><strong>ἐκάλεσεν</strong></span> <span class='ocrx_word' id='word_1_205' title='bbox 540 1433 632 1460; x_wconf 83' lang='grc' dir='ltr'>αὐτόν.</span> <span class='ocrx_word' id='word_1_206' title='bbox 665 1433 698 1460; x_wconf 86' lang='grc' dir='ltr'><strong>Οί</strong></span> <span class='ocrx_word' id='word_1_207' title='bbox 731 1433 759 1460; x_wconf 71' lang='grc' dir='ltr'><strong>δὲ</strong></span> <span class='ocrx_word' id='word_1_208' title='bbox 788 1433 954 1465; x_wconf 81' lang='grc' dir='ltr'>ἀκούσαντες</span> 
     </span>
    </p>
   </div>
   <div class='ocr_carea' id='block_1_30' title="bbox 169 1476 954 1512">
    <p class='ocr_par' dir='ltr' id='par_1_30' title="bbox 169 1476 954 1512">
     <span class='ocr_line' id='line_1_30' title="bbox 169 1476 954 1512; baseline 0.005 -11"><span class='ocrx_word' id='word_1_209' title='bbox 169 1476 268 1507; x_wconf 70' lang='grc' dir='ltr'>ταῦτα,</span> <span class='ocrx_word' id='word_1_210' title='bbox 281 1476 393 1502; x_wconf 76' lang='grc' dir='ltr'>πλείονα</span> <span class='ocrx_word' id='word_1_211' title='bbox 408 1477 454 1502; x_wconf 86' lang='grc' dir='ltr'><strong>τὸν</strong></span> <span class='ocrx_word' id='word_1_212' title='bbox 471 1477 553 1503; x_wconf 80' lang='grc' dir='ltr'>πόθον</span> <span class='ocrx_word' id='word_1_213' title='bbox 575 1478 621 1504; x_wconf 80' lang='grc' dir='ltr'><strong>καὶ</strong></span> <span class='ocrx_word' id='word_1_214' title='bbox 635 1477 684 1512; x_wconf 82' lang='grc' dir='ltr'>τὴν</span> <span class='ocrx_word' id='word_1_215' title='bbox 698 1478 790 1504; x_wconf 81' lang='grc' dir='ltr'>πίστιν</span> <span class='ocrx_word' id='word_1_216' title='bbox 806 1478 846 1509; x_wconf 82' lang='grc' dir='ltr'><strong>είς</strong></span> <span class='ocrx_word' id='word_1_217' title='bbox 873 1478 954 1505; x_wconf 79' lang='grc' dir='ltr'>αὑτὸν</span> 
     </span>
    </p>
   </div>
   <div class='ocr_carea' id='block_1_31' title="bbox 169 1521 954 1559">
    <p class='ocr_par' dir='ltr' id='par_1_31' title="bbox 169 1521 954 1559">
     <span class='ocr_line' id='line_1_31' title="bbox 169 1521 954 1559; baseline 0.003 -11"><span class='ocrx_word' id='word_1_218' title='bbox 169 1521 361 1548; x_wconf 77' lang='grc' dir='ltr'>ἀνατέθεικαν.</span> <span class='ocrx_word' id='word_1_219' title='bbox 378 1522 551 1554; x_wconf 73' lang='grc' dir='ltr'>Εἰσελθόντες</span> <span class='ocrx_word' id='word_1_220' title='bbox 563 1521 610 1550; x_wconf 81' lang='grc' dir='ltr'><strong>οὖν</strong></span> <span class='ocrx_word' id='word_1_221' title='bbox 624 1523 652 1550; x_wconf 81' lang='grc' dir='ltr'>ὲν</span> <span class='ocrx_word' id='word_1_222' title='bbox 675 1524 715 1550; x_wconf 78' lang='grc' dir='ltr'><strong>ἐνὶ</strong></span> <span class='ocrx_word' id='word_1_223' title='bbox 731 1523 786 1550; x_wconf 85' lang='grc' dir='ltr'><strong>τῶν</strong></span> <span class='ocrx_word' id='word_1_224' title='bbox 800 1524 954 1559; x_wconf 77' lang='grc' dir='ltr'>καθαροπο-</span> 
     </span>
    </p>
   </div>
   <div class='ocr_carea' id='block_1_32' title="bbox 168 1567 955 1604">
    <p class='ocr_par' dir='ltr' id='par_1_32' title="bbox 168 1567 955 1604">
     <span class='ocr_line' id='line_1_32' title="bbox 168 1567 955 1604; baseline 0.003 -12"><span class='ocrx_word' id='word_1_225' title='bbox 168 1567 246 1598; x_wconf 79' lang='grc' dir='ltr'>τίων,</span> <span class='ocrx_word' id='word_1_226' title='bbox 272 1567 413 1602; x_wconf 73' lang='grc' dir='ltr'>ὠνήσαντο</span> <span class='ocrx_word' id='word_1_227' title='bbox 443 1568 524 1604; x_wconf 76' lang='grc' dir='ltr'>ἄρτον</span> <span class='ocrx_word' id='word_1_228' title='bbox 554 1569 601 1596; x_wconf 76' lang='grc' dir='ltr'>καὶ</span> <span class='ocrx_word' id='word_1_229' title='bbox 625 1568 697 1596; x_wconf 77' lang='grc' dir='ltr'>οἶνον</span> <span class='ocrx_word' id='word_1_230' title='bbox 725 1570 773 1596; x_wconf 81' lang='grc' dir='ltr'>καὶ</span> <span class='ocrx_word' id='word_1_231' title='bbox 801 1569 889 1604; x_wconf 75' lang='grc' dir='ltr'>ἰχθὺν,</span> <span class='ocrx_word' id='word_1_232' title='bbox 907 1568 955 1596; x_wconf 75' lang='grc' dir='ltr'>καὶ</span> 
     </span>
    </p>
   </div>
   <div class='ocr_carea' id='block_1_33' title="bbox 994 341 1777 378">
    <p class='ocr_par' dir='ltr' id='par_1_33' title="bbox 994 341 1777 378">
     <span class='ocr_line' id='line_1_33' title="bbox 994 341 1777 378; baseline -0.001 -10"><span class='ocrx_word' id='word_1_233' title='bbox 994 344 1017 369; x_wconf 88' lang='lat' dir='ltr'><strong>sl</strong></span> <span class='ocrx_word' id='word_1_234' title='bbox 1033 343 1138 371; x_wconf 82' lang='lat' dir='ltr'><strong>amicus</strong></span> <span class='ocrx_word' id='word_1_235' title='bbox 1150 344 1209 378; x_wconf 87' lang='lat' dir='ltr'><strong>ejus</strong></span> <span class='ocrx_word' id='word_1_236' title='bbox 1224 351 1265 375; x_wconf 86' lang='lat' dir='ltr'><strong>es.</strong></span> <span class='ocrx_word' id='word_1_237' title='bbox 1289 343 1379 371; x_wconf 83' lang='lat' dir='ltr'><strong>omnia</strong></span> <span class='ocrx_word' id='word_1_238' title='bbox 1394 342 1441 370; x_wconf 90' lang='lat' dir='ltr'><strong>tibi</strong></span> <span class='ocrx_word' id='word_1_239' title='bbox 1462 341 1601 373; x_wconf 85' lang='lat' dir='ltr'><strong>revelabit,</strong></span> <span class='ocrx_word' id='word_1_240' title='bbox 1618 341 1698 368; x_wconf 87' lang='lat' dir='ltr'><strong>etiam</strong></span> <span class='ocrx_word' id='word_1_241' title='bbox 1709 341 1777 368; x_wconf 89' lang='lat' dir='ltr'><strong>alio-</strong></span> 
     </span>
    </p>
   </div>
   <div class='ocr_carea' id='block_1_34' title="bbox 992 386 1779 424">
    <p class='ocr_par' dir='ltr' id='par_1_34' title="bbox 992 386 1779 424">
     <span class='ocr_line' id='line_1_34' title="bbox 992 386 1779 424; baseline 0.001 -11"><span class='ocrx_word' id='word_1_242' title='bbox 992 393 1052 413; x_wconf 86' lang='lat' dir='ltr'><strong>rum</strong></span> <span class='ocrx_word' id='word_1_243' title='bbox 1062 392 1147 422; x_wconf 79' lang='lat' dir='ltr'><strong>gesta.</strong></span> <span class='ocrx_word' id='word_1_244' title='bbox 1164 389 1252 424; x_wconf 78' lang='lat' dir='ltr'><strong>A-Ique</strong></span> <span class='ocrx_word' id='word_1_245' title='bbox 1264 389 1446 417; x_wconf 83' lang='lat' dir='ltr'><strong>llaeoratione</strong></span> <span class='ocrx_word' id='word_1_246' title='bbox 1455 387 1590 423; x_wconf 85' lang='lat' dir='ltr'><strong>persuasit</strong></span> <span class='ocrx_word' id='word_1_247' title='bbox 1607 386 1779 414; x_wconf 79' lang='lat' dir='ltr'><strong>audientibus</strong></span> 
     </span>
    </p>
   </div>
   <div class='ocr_carea' id='block_1_35' title="bbox 991 433 1392 466">
    <p class='ocr_par' dir='ltr' id='par_1_35' title="bbox 991 433 1392 466">
     <span class='ocr_line' id='line_1_35' title="bbox 991 433 1392 466; baseline 0.002 -7"><span class='ocrx_word' id='word_1_248' title='bbox 991 439 1090 466; x_wconf 82' lang='lat' dir='ltr'><strong>caupo,</strong></span> <span class='ocrx_word' id='word_1_249' title='bbox 1107 433 1145 460; x_wconf 84' lang='lat' dir='ltr'><strong>ita</strong></span> <span class='ocrx_word' id='word_1_250' title='bbox 1162 441 1192 460; x_wconf 86' lang='lat' dir='ltr'><strong>se</strong></span> <span class='ocrx_word' id='word_1_251' title='bbox 1208 441 1264 460; x_wconf 84' lang='lat' dir='ltr'><strong>rem</strong></span> <span class='ocrx_word' id='word_1_252' title='bbox 1283 433 1392 461; x_wconf 84' lang='lat' dir='ltr'><strong>habere.</strong></span> 
     </span>
    </p>
   </div>
   <div class='ocr_carea' id='block_1_36' title="bbox 1026 475 1779 514">
    <p class='ocr_par' dir='ltr' id='par_1_36' title="bbox 1026 475 1779 514">
     <span class='ocr_line' id='line_1_36' title="bbox 1026 475 1779 514; baseline -0.004 -9"><span class='ocrx_word' id='word_1_253' title='bbox 1026 477 1070 506; x_wconf 66' lang='grc'><strong>24.</strong></span> <span class='ocrx_word' id='word_1_254' title='bbox 1092 478 1238 507; x_wconf 80' lang='lat' dir='ltr'><strong>Transicns</strong></span> <span class='ocrx_word' id='word_1_255' title='bbox 1260 479 1376 514; x_wconf 87' lang='lat' dir='ltr'><strong>quodam</strong></span> <span class='ocrx_word' id='word_1_256' title='bbox 1396 478 1440 506; x_wconf 88' lang='lat' dir='ltr'><strong>die</strong></span> <span class='ocrx_word' id='word_1_257' title='bbox 1459 478 1581 506; x_wconf 74' lang='lat' dir='ltr'><strong>Andreas</strong></span> <span class='ocrx_word' id='word_1_258' title='bbox 1604 485 1651 511; x_wconf 90' lang='lat' dir='ltr'><strong>per</strong></span> <span class='ocrx_word' id='word_1_259' title='bbox 1679 475 1779 508; x_wconf 71' lang='lat' dir='ltr'><strong>forum,</strong></span> 
     </span>
    </p>
   </div>
   <div class='ocr_carea' id='block_1_37' title="bbox 993 522 1780 558">
    <p class='ocr_par' dir='ltr' id='par_1_37' title="bbox 993 522 1780 558">
     <span class='ocr_line' id='line_1_37' title="bbox 993 522 1780 558; baseline -0.006 -6"><span class='ocrx_word' id='word_1_260' title='bbox 993 525 1039 552; x_wconf 84' lang='lat' dir='ltr'><strong>ubi</strong></span> <span class='ocrx_word' id='word_1_261' title='bbox 1056 532 1139 558; x_wconf 74' lang='lat' dir='ltr'><strong>panes</strong></span> <span class='ocrx_word' id='word_1_262' title='bbox 1150 528 1277 557; x_wconf 86' lang='lat' dir='ltr'><strong>veneunt,</strong></span> <span class='ocrx_word' id='word_1_263' title='bbox 1293 524 1388 552; x_wconf 88' lang='lat' dir='ltr'><strong>obvios</strong></span> <span class='ocrx_word' id='word_1_264' title='bbox 1404 524 1564 551; x_wconf 87' lang='lat' dir='ltr'><strong>babuittres</strong></span> <span class='ocrx_word' id='word_1_265' title='bbox 1583 522 1780 553; x_wconf 86' lang='lat' dir='ltr'><strong>adolescentes,</strong></span> 
     </span>
    </p>
   </div>
   <div class='ocr_carea' id='block_1_38' title="bbox 995 569 1782 606">
    <p class='ocr_par' dir='ltr' id='par_1_38' title="bbox 995 569 1782 606">
     <span class='ocr_line' id='line_1_38' title="bbox 995 569 1782 606; baseline -0.006 -9"><span class='ocrx_word' id='word_1_266' title='bbox 995 570 1101 605; x_wconf 81' lang='lat' dir='ltr'><strong>capillis</strong></span> <span class='ocrx_word' id='word_1_267' title='bbox 1130 570 1207 598; x_wconf 86' lang='lat' dir='ltr'><strong>ﬂavis</strong></span> <span class='ocrx_word' id='word_1_268' title='bbox 1237 570 1366 606; x_wconf 77' lang='lat' dir='ltr'><strong>insignes,</strong></span> <span class='ocrx_word' id='word_1_269' title='bbox 1382 574 1436 597; x_wconf 89' lang='lat' dir='ltr'><strong>tam</strong></span> <span class='ocrx_word' id='word_1_270' title='bbox 1450 569 1539 596; x_wconf 85' lang='lat' dir='ltr'><strong>anima</strong></span> <span class='ocrx_word' id='word_1_271' title='bbox 1568 575 1649 603; x_wconf 87' lang='lat' dir='ltr'><strong>quam</strong></span> <span class='ocrx_word' id='word_1_272' title='bbox 1668 574 1782 600; x_wconf 81' lang='lat' dir='ltr'><strong>corpore</strong></span> 
     </span>
    </p>
   </div>
   <div class='ocr_carea' id='block_1_39' title="bbox 994 611 1784 651">
    <p class='ocr_par' dir='ltr' id='par_1_39' title="bbox 994 611 1784 651">
     <span class='ocr_line' id='line_1_39' title="bbox 994 611 1784 651; baseline -0.008 -7"><span class='ocrx_word' id='word_1_273' title='bbox 994 617 1109 644; x_wconf 88' lang='lat' dir='ltr'><strong>decoros</strong></span> <span class='ocrx_word' id='word_1_274' title='bbox 1127 624 1134 643; x_wconf 88' lang='lat'><strong>:</strong></span> <span class='ocrx_word' id='word_1_275' title='bbox 1152 616 1230 644; x_wconf 82' lang='lat' dir='ltr'><strong>bonis</strong></span> <span class='ocrx_word' id='word_1_276' title='bbox 1262 617 1361 651; x_wconf 84' lang='lat' dir='ltr'><strong>quippe</strong></span> <span class='ocrx_word' id='word_1_277' title='bbox 1381 614 1510 650; x_wconf 79' lang='lat' dir='ltr'><strong>operibus</strong></span> <span class='ocrx_word' id='word_1_278' title='bbox 1533 617 1710 641; x_wconf 84' lang='lat' dir='ltr'><strong>assneverant</strong></span> <span class='ocrx_word' id='word_1_279' title='bbox 1732 611 1784 638; x_wconf 90' lang='lat' dir='ltr'><strong>sub</strong></span> 
     </span>
    </p>
   </div>
   <div class='ocr_carea' id='block_1_40' title="bbox 995 657 1783 696">
    <p class='ocr_par' dir='ltr' id='par_1_40' title="bbox 995 657 1783 696">
     <span class='ocr_line' id='line_1_40' title="bbox 995 657 1783 696; baseline -0.008 -6"><span class='ocrx_word' id='word_1_280' title='bbox 995 663 1120 690; x_wconf 85' lang='lat' dir='ltr'><strong>instituto</strong></span> <span class='ocrx_word' id='word_1_281' title='bbox 1142 662 1234 696; x_wconf 86' lang='lat' dir='ltr'><strong>unius,</strong></span> <span class='ocrx_word' id='word_1_282' title='bbox 1264 661 1311 696; x_wconf 88' lang='lat' dir='ltr'><strong>qui</strong></span> <span class='ocrx_word' id='word_1_283' title='bbox 1339 665 1398 688; x_wconf 83' lang='lat' dir='ltr'><strong>erat</strong></span> <span class='ocrx_word' id='word_1_284' title='bbox 1423 659 1600 695; x_wconf 70' lang='lat' dir='ltr'><strong>provectioris</strong></span> <span class='ocrx_word' id='word_1_285' title='bbox 1626 658 1732 690; x_wconf 67' lang='lat' dir='ltr'><strong>astatis,</strong></span> <span class='ocrx_word' id='word_1_286' title='bbox 1749 657 1783 684; x_wconf 84' lang='lat' dir='ltr'><strong>ad</strong></span> 
     </span>
    </p>
   </div>
   <div class='ocr_carea' id='block_1_41' title="bbox 996 703 1784 742">
    <p class='ocr_par' dir='ltr' id='par_1_41' title="bbox 996 703 1784 742">
     <span class='ocr_line' id='line_1_41' title="bbox 996 703 1784 742; baseline -0.008 -7"><span class='ocrx_word' id='word_1_287' title='bbox 996 716 1077 735; x_wconf 86' lang='lat' dir='ltr'><strong>omne</strong></span> <span class='ocrx_word' id='word_1_288' title='bbox 1107 708 1152 735; x_wconf 89' lang='lat' dir='ltr'><strong>Del</strong></span> <span class='ocrx_word' id='word_1_289' title='bbox 1181 707 1250 734; x_wconf 83' lang='lat' dir='ltr'><strong>bene</strong></span> <span class='ocrx_word' id='word_1_290' title='bbox 1279 707 1407 742; x_wconf 81' lang='lat' dir='ltr'><strong>placitum</strong></span> <span class='ocrx_word' id='word_1_291' title='bbox 1432 706 1500 733; x_wconf 87' lang='lat' dir='ltr'><strong>alios</strong></span> <span class='ocrx_word' id='word_1_292' title='bbox 1527 703 1711 731; x_wconf 78' lang='lat' dir='ltr'><strong>infcrmsntis.</strong></span> <span class='ocrx_word' id='word_1_293' title='bbox 1731 703 1784 730; x_wconf 85' lang='lat' dir='ltr'><strong>Ubi</strong></span> 
     </span>
    </p>
   </div>
   <div class='ocr_carea' id='block_1_42' title="bbox 996 748 1786 785">
    <p class='ocr_par' dir='ltr' id='par_1_42' title="bbox 996 748 1786 785">
     <span class='ocr_line' id='line_1_42' title="bbox 996 748 1786 785; baseline -0.008 -4"><span class='ocrx_word' id='word_1_294' title='bbox 996 762 1062 782; x_wconf 79' lang='lat' dir='ltr'><strong>vero</strong></span> <span class='ocrx_word' id='word_1_295' title='bbox 1081 754 1108 781; x_wconf 77' lang='lat' dir='ltr'><strong>lii</strong></span> <span class='ocrx_word' id='word_1_296' title='bbox 1126 754 1195 780; x_wconf 89' lang='lat' dir='ltr'><strong>inter</strong></span> <span class='ocrx_word' id='word_1_297' title='bbox 1212 760 1241 780; x_wconf 88' lang='lat' dir='ltr'><strong>se</strong></span> <span class='ocrx_word' id='word_1_298' title='bbox 1265 757 1453 783; x_wconf 87' lang='lat' dir='ltr'><strong>occurrerunt.</strong></span> <span class='ocrx_word' id='word_1_299' title='bbox 1482 751 1609 785; x_wconf 74' lang='lat' dir='ltr'><strong>cognovit</strong></span> <span class='ocrx_word' id='word_1_300' title='bbox 1634 748 1786 783; x_wconf 64' lang='lat' dir='ltr'><strong>praecipuus</strong></span> 
     </span>
    </p>
   </div>
   <div class='ocr_carea' id='block_1_43' title="bbox 998 794 1784 832">
    <p class='ocr_par' dir='ltr' id='par_1_43' title="bbox 998 794 1784 832">
     <span class='ocr_line' id='line_1_43' title="bbox 998 794 1784 832; baseline -0.01 -4"><span class='ocrx_word' id='word_1_301' title='bbox 998 801 1052 832; x_wconf 88' lang='lat' dir='ltr'><strong>ille,</strong></span> <span class='ocrx_word' id='word_1_302' title='bbox 1084 800 1198 827; x_wconf 71' lang='lat' dir='ltr'><strong>aliorurn</strong></span> <span class='ocrx_word' id='word_1_303' title='bbox 1229 798 1380 829; x_wconf 86' lang='lat' dir='ltr'><strong>iustitutor,</strong></span> <span class='ocrx_word' id='word_1_304' title='bbox 1415 804 1475 832; x_wconf 68' lang='lat' dir='ltr'><strong>quae</strong></span> <span class='ocrx_word' id='word_1_305' title='bbox 1486 798 1559 824; x_wconf 87' lang='lat' dir='ltr'><strong>circa</strong></span> <span class='ocrx_word' id='word_1_306' title='bbox 1589 794 1621 822; x_wconf 86' lang='grc' dir='ltr'><strong>Β.</strong></span> <span class='ocrx_word' id='word_1_307' title='bbox 1648 794 1784 822; x_wconf 81' lang='lat' dir='ltr'><strong>Andream</strong></span> 
     </span>
    </p>
   </div>
   <div class='ocr_carea' id='block_1_44' title="bbox 1000 839 1787 880">
    <p class='ocr_par' dir='ltr' id='par_1_44' title="bbox 1000 839 1787 880">
     <span class='ocr_line' id='line_1_44' title="bbox 1000 839 1787 880; baseline -0.009 -7"><span class='ocrx_word' id='word_1_308' title='bbox 1000 847 1158 880; x_wconf 72' lang='lat' dir='ltr'><strong>agebantur.</strong></span> <span class='ocrx_word' id='word_1_309' title='bbox 1173 845 1296 879; x_wconf 74' lang='lat' dir='ltr'><strong>dixitque</strong></span> <span class='ocrx_word' id='word_1_310' title='bbox 1309 844 1391 872; x_wconf 85' lang='lat' dir='ltr'><strong>sociis</strong></span> <span class='ocrx_word' id='word_1_311' title='bbox 1405 853 1413 871; x_wconf 86' lang='lat'><strong>:</strong></span> <span class='ocrx_word' id='word_1_312' title='bbox 1434 842 1543 870; x_wconf 85' lang='lat' dir='ltr'><strong>Credite</strong></span> <span class='ocrx_word' id='word_1_313' title='bbox 1562 841 1627 868; x_wconf 84' lang='lat' dir='ltr'><strong>mihi</strong></span> <span class='ocrx_word' id='word_1_314' title='bbox 1640 859 1649 872; x_wconf 91' lang='lat'><strong>,</strong></span> <span class='ocrx_word' id='word_1_315' title='bbox 1667 839 1787 867; x_wconf 80' lang='lat' dir='ltr'><strong>dilectis-</strong></span> 
     </span>
    </p>
   </div>
   <div class='ocr_carea' id='block_1_45' title="bbox 1000 886 1784 926">
    <p class='ocr_par' dir='ltr' id='par_1_45' title="bbox 1000 886 1784 926">
     <span class='ocr_line' id='line_1_45' title="bbox 1000 886 1784 926; baseline -0.01 -7"><span class='ocrx_word' id='word_1_316' title='bbox 1000 892 1074 921; x_wconf 82' lang='lat' dir='ltr'><strong>simi.</strong></span> <span class='ocrx_word' id='word_1_317' title='bbox 1089 891 1214 926; x_wconf 79' lang='lat' dir='ltr'><strong>suspicor</strong></span> <span class='ocrx_word' id='word_1_318' title='bbox 1245 890 1357 917; x_wconf 88' lang='lat' dir='ltr'><strong>stultum</strong></span> <span class='ocrx_word' id='word_1_319' title='bbox 1374 889 1482 916; x_wconf 83' lang='lat' dir='ltr'><strong>istltunc</strong></span> <span class='ocrx_word' id='word_1_320' title='bbox 1507 887 1554 915; x_wconf 84' lang='lat' dir='ltr'><strong>Dei</strong></span> <span class='ocrx_word' id='word_1_321' title='bbox 1572 886 1702 914; x_wconf 79' lang='lat' dir='ltr'><strong>famulum</strong></span> <span class='ocrx_word' id='word_1_322' title='bbox 1714 892 1784 912; x_wconf 84' lang='lat' dir='ltr'><strong>esse.</strong></span> 
     </span>
    </p>
   </div>
   <div class='ocr_carea' id='block_1_46' title="bbox 1002 932 1786 971">
    <p class='ocr_par' dir='ltr' id='par_1_46' title="bbox 1002 932 1786 971">
     <span class='ocr_line' id='line_1_46' title="bbox 1002 932 1786 971; baseline -0.009 -6"><span class='ocrx_word' id='word_1_323' title='bbox 1002 938 1035 965; x_wconf 86' lang='lat' dir='ltr'><strong>Et</strong></span> <span class='ocrx_word' id='word_1_324' title='bbox 1053 938 1120 965; x_wconf 88' lang='lat' dir='ltr'><strong>alter</strong></span> <span class='ocrx_word' id='word_1_325' title='bbox 1137 947 1143 964; x_wconf 74' lang='grc' dir='ltr'><strong>ι</strong></span> <span class='ocrx_word' id='word_1_326' title='bbox 1158 937 1267 970; x_wconf 54' lang='lat' dir='ltr'><strong>Quaeso,</strong></span> <span class='ocrx_word' id='word_1_327' title='bbox 1295 936 1393 971; x_wconf 90' lang='lat' dir='ltr'><strong>inquit,</strong></span> <span class='ocrx_word' id='word_1_328' title='bbox 1425 934 1607 963; x_wconf 82' lang='lat' dir='ltr'><strong>concedamus</strong></span> <span class='ocrx_word' id='word_1_329' title='bbox 1623 932 1715 967; x_wconf 84' lang='lat' dir='ltr'><strong>aliquo</strong></span> <span class='ocrx_word' id='word_1_330' title='bbox 1726 938 1786 959; x_wconf 85' lang='lat' dir='ltr'><strong>ses-</strong></span> 
     </span>
    </p>
   </div>
   <div class='ocr_carea' id='block_1_47' title="bbox 1002 979 1786 1018">
    <p class='ocr_par' dir='ltr' id='par_1_47' title="bbox 1002 979 1786 1018">
     <span class='ocr_line' id='line_1_47' title="bbox 1002 979 1786 1018; baseline -0.01 -7"><span class='ocrx_word' id='word_1_331' title='bbox 1002 984 1057 1011; x_wconf 90' lang='lat' dir='ltr'><strong>suri</strong></span> <span class='ocrx_word' id='word_1_332' title='bbox 1072 992 1134 1011; x_wconf 87' lang='lat' dir='ltr'><strong>cum</strong></span> <span class='ocrx_word' id='word_1_333' title='bbox 1150 984 1218 1018; x_wconf 80' lang='lat' dir='ltr'><strong>ipso.</strong></span> <span class='ocrx_word' id='word_1_334' title='bbox 1236 983 1304 1010; x_wconf 85' lang='lat' dir='ltr'><strong>Tum</strong></span> <span class='ocrx_word' id='word_1_335' title='bbox 1330 982 1435 1017; x_wconf 89' lang='lat' dir='ltr'><strong>primus</strong></span> <span class='ocrx_word' id='word_1_336' title='bbox 1451 992 1457 1008; x_wconf 88' lang='lat'>:</span> <span class='ocrx_word' id='word_1_337' title='bbox 1473 980 1503 1007; x_wconf 82' lang='lat' dir='ltr'><strong>Si</strong></span> <span class='ocrx_word' id='word_1_338' title='bbox 1523 979 1599 1011; x_wconf 86' lang='lat' dir='ltr'><strong>libet,</strong></span> <span class='ocrx_word' id='word_1_339' title='bbox 1625 985 1706 1013; x_wconf 86' lang='lat' dir='ltr'><strong>quam</strong></span> <span class='ocrx_word' id='word_1_340' title='bbox 1723 984 1786 1004; x_wconf 78' lang='lat' dir='ltr'><strong>mox</strong></span> 
     </span>
    </p>
   </div>
   <div class='ocr_carea' id='block_1_48' title="bbox 1002 1024 1786 1060">
    <p class='ocr_par' dir='ltr' id='par_1_48' title="bbox 1002 1024 1786 1060">
     <span class='ocr_line' id='line_1_48' title="bbox 1002 1024 1786 1060; baseline -0.008 -5"><span class='ocrx_word' id='word_1_341' title='bbox 1002 1029 1028 1055; x_wconf 84' lang='lat' dir='ltr'><strong>id</strong></span> <span class='ocrx_word' id='word_1_342' title='bbox 1059 1029 1184 1057; x_wconf 75' lang='lat' dir='ltr'><strong>eﬂ‘ectum</strong></span> <span class='ocrx_word' id='word_1_343' title='bbox 1213 1028 1330 1059; x_wconf 76' lang='lat' dir='ltr'><strong>dedero;</strong></span> <span class='ocrx_word' id='word_1_344' title='bbox 1358 1032 1564 1060; x_wconf 81' lang='lat' dir='ltr'><strong>conversusque</strong></span> <span class='ocrx_word' id='word_1_345' title='bbox 1588 1024 1621 1051; x_wconf 92' lang='lat' dir='ltr'><strong>ad</strong></span> <span class='ocrx_word' id='word_1_346' title='bbox 1636 1027 1786 1051; x_wconf 87' lang='lat' dir='ltr'><strong>sanctum:</strong></span> 
     </span>
    </p>
   </div>
   <div class='ocr_carea' id='block_1_49' title="bbox 1002 1067 1789 1106">
    <p class='ocr_par' dir='ltr' id='par_1_49' title="bbox 1002 1067 1789 1106">
     <span class='ocr_line' id='line_1_49' title="bbox 1002 1067 1789 1106; baseline -0.01 -5"><span class='ocrx_word' id='word_1_347' title='bbox 1002 1075 1107 1106; x_wconf 84' lang='lat' dir='ltr'><strong>Frater,</strong></span> <span class='ocrx_word' id='word_1_348' title='bbox 1120 1074 1167 1105; x_wconf 85' lang='lat' dir='ltr'><strong>ait.</strong></span> <span class='ocrx_word' id='word_1_349' title='bbox 1189 1074 1211 1100; x_wconf 90' lang='lat' dir='ltr'><strong>si</strong></span> <span class='ocrx_word' id='word_1_350' title='bbox 1233 1080 1275 1100; x_wconf 90' lang='lat' dir='ltr'><strong>me</strong></span> <span class='ocrx_word' id='word_1_351' title='bbox 1293 1080 1380 1104; x_wconf 81' lang='lat' dir='ltr'><strong>amas,</strong></span> <span class='ocrx_word' id='word_1_352' title='bbox 1393 1071 1487 1098; x_wconf 83' lang='lat' dir='ltr'><strong>adesto</strong></span> <span class='ocrx_word' id='word_1_353' title='bbox 1503 1070 1557 1097; x_wconf 91' lang='lat' dir='ltr'><strong>huc</strong></span> <span class='ocrx_word' id='word_1_354' title='bbox 1572 1073 1601 1096; x_wconf 92' lang='lat' dir='ltr'><strong>et</strong></span> <span class='ocrx_word' id='word_1_355' title='bbox 1613 1067 1723 1096; x_wconf 84' lang='lat' dir='ltr'><strong>conside</strong></span> <span class='ocrx_word' id='word_1_356' title='bbox 1739 1074 1789 1094; x_wconf 89' lang='lat' dir='ltr'><strong>no-</strong></span> 
     </span>
    </p>
   </div>
   <div class='ocr_carea' id='block_1_50' title="bbox 1003 1112 1789 1153">
    <p class='ocr_par' dir='ltr' id='par_1_50' title="bbox 1003 1112 1789 1153">
     <span class='ocr_line' id='line_1_50' title="bbox 1003 1112 1789 1153; baseline -0.009 -7"><span class='ocrx_word' id='word_1_357' title='bbox 1003 1120 1119 1150; x_wconf 82' lang='lat' dir='ltr'><strong>hiscum,</strong></span> <span class='ocrx_word' id='word_1_358' title='bbox 1147 1119 1209 1153; x_wconf 86' lang='lat' dir='ltr'><strong>quia</strong></span> <span class='ocrx_word' id='word_1_359' title='bbox 1237 1126 1287 1153; x_wconf 78' lang='lat' dir='ltr'><strong>ego</strong></span> <span class='ocrx_word' id='word_1_360' title='bbox 1304 1122 1330 1145; x_wconf 84' lang='lat' dir='ltr'><strong>te</strong></span> <span class='ocrx_word' id='word_1_361' title='bbox 1353 1117 1448 1151; x_wconf 83' lang='lat' dir='ltr'><strong>diligo,</strong></span> <span class='ocrx_word' id='word_1_362' title='bbox 1470 1120 1497 1143; x_wconf 90' lang='lat' dir='ltr'><strong>et</strong></span> <span class='ocrx_word' id='word_1_363' title='bbox 1512 1115 1537 1142; x_wconf 90' lang='lat' dir='ltr'><strong>hi</strong></span> <span class='ocrx_word' id='word_1_364' title='bbox 1555 1114 1661 1142; x_wconf 84' lang='lat' dir='ltr'><strong>sodales</strong></span> <span class='ocrx_word' id='word_1_365' title='bbox 1676 1112 1728 1140; x_wconf 92' lang='lat' dir='ltr'><strong>mei</strong></span> <span class='ocrx_word' id='word_1_366' title='bbox 1748 1116 1789 1139; x_wconf 91' lang='lat' dir='ltr'><strong>le-</strong></span> 
     </span>
    </p>
   </div>
   <div class='ocr_carea' id='block_1_51' title="bbox 1003 1158 1788 1194">
    <p class='ocr_par' dir='ltr' id='par_1_51' title="bbox 1003 1158 1788 1194">
     <span class='ocr_line' id='line_1_51' title="bbox 1003 1158 1788 1194; baseline -0.011 -2"><span class='ocrx_word' id='word_1_367' title='bbox 1003 1168 1100 1194; x_wconf 87' lang='lat' dir='ltr'><strong>nentur</strong></span> <span class='ocrx_word' id='word_1_368' title='bbox 1123 1163 1257 1191; x_wconf 83' lang='lat' dir='ltr'><strong>desiderio</strong></span> <span class='ocrx_word' id='word_1_369' title='bbox 1282 1164 1331 1190; x_wconf 88' lang='lat' dir='ltr'><strong>tui.</strong></span> <span class='ocrx_word' id='word_1_370' title='bbox 1345 1162 1462 1190; x_wconf 89' lang='lat' dir='ltr'><strong>lotuitus</strong></span> <span class='ocrx_word' id='word_1_371' title='bbox 1482 1160 1640 1188; x_wconf 70' lang='lat' dir='ltr'><strong>invitantem</strong></span> <span class='ocrx_word' id='word_1_372' title='bbox 1655 1158 1788 1190; x_wconf 78' lang='lat' dir='ltr'><strong>Andreas,</strong></span> 
     </span>
    </p>
   </div>
   <div class='ocr_carea' id='block_1_52' title="bbox 1003 1202 1789 1242">
    <p class='ocr_par' dir='ltr' id='par_1_52' title="bbox 1003 1202 1789 1242">
     <span class='ocr_line' id='line_1_52' title="bbox 1003 1202 1789 1242; baseline -0.01 -5"><span class='ocrx_word' id='word_1_373' title='bbox 1003 1211 1081 1242; x_wconf 86' lang='lat' dir='ltr'><strong>risit;</strong></span> <span class='ocrx_word' id='word_1_374' title='bbox 1095 1217 1127 1237; x_wconf 88' lang='lat' dir='ltr'><strong>ac</strong></span> <span class='ocrx_word' id='word_1_375' title='bbox 1141 1208 1301 1236; x_wconf 90' lang='lat' dir='ltr'><strong>nominatim</strong></span> <span class='ocrx_word' id='word_1_376' title='bbox 1314 1208 1402 1241; x_wconf 86' lang='lat' dir='ltr'><strong>ipsum</strong></span> <span class='ocrx_word' id='word_1_377' title='bbox 1415 1205 1582 1240; x_wconf 82' lang='lat' dir='ltr'><strong>compellans</strong></span> <span class='ocrx_word' id='word_1_378' title='bbox 1595 1213 1602 1236; x_wconf 86' lang='lat'><strong>;</strong></span> <span class='ocrx_word' id='word_1_379' title='bbox 1622 1203 1676 1235; x_wconf 84' lang='lat' dir='ltr'><strong>Tu,</strong></span> <span class='ocrx_word' id='word_1_380' title='bbox 1688 1202 1789 1237; x_wconf 80' lang='lat' dir='ltr'><strong>inquit.</strong></span> 
     </span>
    </p>
   </div>
   <div class='ocr_carea' id='block_1_53' title="bbox 1004 1249 1791 1290">
    <p class='ocr_par' dir='ltr' id='par_1_53' title="bbox 1004 1249 1791 1290">
     <span class='ocr_line' id='line_1_53' title="bbox 1004 1249 1791 1290; baseline -0.011 -7"><span class='ocrx_word' id='word_1_381' title='bbox 1004 1255 1169 1290; x_wconf 85' lang='lat' dir='ltr'><strong>Epiphanius</strong></span> <span class='ocrx_word' id='word_1_382' title='bbox 1182 1262 1222 1286; x_wconf 90' lang='lat' dir='ltr'><strong>es,</strong></span> <span class='ocrx_word' id='word_1_383' title='bbox 1235 1253 1340 1280; x_wconf 85' lang='lat' dir='ltr'><strong>amicus</strong></span> <span class='ocrx_word' id='word_1_384' title='bbox 1354 1259 1443 1279; x_wconf 84' lang='lat' dir='ltr'><strong>meus.</strong></span> <span class='ocrx_word' id='word_1_385' title='bbox 1461 1252 1521 1284; x_wconf 78' lang='lat' dir='ltr'><strong>Quo</strong></span> <span class='ocrx_word' id='word_1_386' title='bbox 1535 1250 1608 1277; x_wconf 86' lang='lat' dir='ltr'><strong>dicto</strong></span> <span class='ocrx_word' id='word_1_387' title='bbox 1621 1249 1791 1283; x_wconf 76' lang='lat' dir='ltr'><strong>amplexatus</strong></span> 
     </span>
    </p>
   </div>
   <div class='ocr_carea' id='block_1_54' title="bbox 1001 1292 1792 1336">
    <p class='ocr_par' dir='ltr' id='par_1_54' title="bbox 1001 1292 1792 1336">
     <span class='ocr_line' id='line_1_54' title="bbox 1001 1292 1792 1336; baseline -0.013 -8"><span class='ocrx_word' id='word_1_388' title='bbox 1001 1301 1142 1336; x_wconf 87' lang='lat' dir='ltr'><strong>juvenem,</strong></span> <span class='ocrx_word' id='word_1_389' title='bbox 1172 1299 1198 1326; x_wconf 89' lang='lat' dir='ltr'><strong>id</strong></span> <span class='ocrx_word' id='word_1_390' title='bbox 1212 1297 1284 1334; x_wconf 89' lang='lat' dir='ltr'><strong>quod</strong></span> <span class='ocrx_word' id='word_1_391' title='bbox 1305 1297 1425 1325; x_wconf 81' lang='lat' dir='ltr'><strong>futurum</strong></span> <span class='ocrx_word' id='word_1_392' title='bbox 1436 1300 1495 1323; x_wconf 89' lang='lat' dir='ltr'><strong>erat</strong></span> <span class='ocrx_word' id='word_1_393' title='bbox 1507 1294 1671 1330; x_wconf 58' lang='lat' dir='ltr'><strong>praevidens,</strong></span> <span class='ocrx_word' id='word_1_394' title='bbox 1690 1292 1792 1330; x_wconf 72' lang='lat' dir='ltr'><strong>signiti-</strong></span> 
     </span>
    </p>
   </div>
   <div class='ocr_carea' id='block_1_55' title="bbox 1003 1337 1791 1377">
    <p class='ocr_par' dir='ltr' id='par_1_55' title="bbox 1003 1337 1791 1377">
     <span class='ocr_line' id='line_1_55' title="bbox 1003 1337 1791 1377; baseline -0.014 -3"><span class='ocrx_word' id='word_1_395' title='bbox 1003 1347 1074 1374; x_wconf 91' lang='lat' dir='ltr'><strong>cavit</strong></span> <span class='ocrx_word' id='word_1_396' title='bbox 1103 1345 1171 1376; x_wconf 79' lang='lat' dir='ltr'><strong>fore,</strong></span> <span class='ocrx_word' id='word_1_397' title='bbox 1199 1349 1228 1371; x_wconf 92' lang='lat' dir='ltr'><strong>ut</strong></span> <span class='ocrx_word' id='word_1_398' title='bbox 1259 1343 1348 1375; x_wconf 87' lang='lat' dir='ltr'><strong>urbis,</strong></span> <span class='ocrx_word' id='word_1_399' title='bbox 1372 1350 1434 1377; x_wconf 71' lang='lat' dir='ltr'><strong>qua</strong></span> <span class='ocrx_word' id='word_1_400' title='bbox 1460 1341 1532 1368; x_wconf 87' lang='lat' dir='ltr'><strong>inter</strong></span> <span class='ocrx_word' id='word_1_401' title='bbox 1546 1340 1614 1367; x_wconf 83' lang='lat' dir='ltr'><strong>alias</strong></span> <span class='ocrx_word' id='word_1_402' title='bbox 1641 1338 1680 1366; x_wconf 91' lang='lat' dir='ltr'><strong>uti</strong></span> <span class='ocrx_word' id='word_1_403' title='bbox 1698 1337 1791 1372; x_wconf 75' lang='lat' dir='ltr'><strong>regina</strong></span> 
     </span>
    </p>
   </div>
   <div class='ocr_carea' id='block_1_56' title="bbox 1003 1384 1791 1427">
    <p class='ocr_par' dir='ltr' id='par_1_56' title="bbox 1003 1384 1791 1427">
     <span class='ocr_line' id='line_1_56' title="bbox 1003 1384 1791 1427; baseline -0.014 -6"><span class='ocrx_word' id='word_1_404' title='bbox 1003 1394 1115 1424; x_wconf 85' lang='lat' dir='ltr'><strong>eminet,</strong></span> <span class='ocrx_word' id='word_1_405' title='bbox 1129 1392 1275 1427; x_wconf 88' lang='lat' dir='ltr'><strong>episcopus</strong></span> <span class='ocrx_word' id='word_1_406' title='bbox 1294 1392 1444 1417; x_wconf 79' lang='lat' dir='ltr'><strong>crearetur.</strong></span> <span class='ocrx_word' id='word_1_407' title='bbox 1461 1387 1494 1414; x_wconf 81' lang='lat' dir='ltr'><strong>Et</strong></span> <span class='ocrx_word' id='word_1_408' title='bbox 1510 1391 1634 1414; x_wconf 88' lang='lat' dir='ltr'><strong>tenentes</strong></span> <span class='ocrx_word' id='word_1_409' title='bbox 1660 1384 1729 1412; x_wconf 82' lang='lat' dir='ltr'><strong>alter</strong></span> <span class='ocrx_word' id='word_1_410' title='bbox 1752 1384 1791 1411; x_wconf 90' lang='lat' dir='ltr'><strong>al-</strong></span> 
     </span>
    </p>
   </div>
   <div class='ocr_carea' id='block_1_57' title="bbox 1006 1429 1790 1465">
    <p class='ocr_par' dir='ltr' id='par_1_57' title="bbox 1006 1429 1790 1465">
     <span class='ocr_line' id='line_1_57' title="bbox 1006 1429 1790 1465; baseline -0.013 0"><span class='ocrx_word' id='word_1_411' title='bbox 1006 1438 1091 1465; x_wconf 88' lang='lat' dir='ltr'><strong>terius</strong></span> <span class='ocrx_word' id='word_1_412' title='bbox 1108 1443 1218 1463; x_wconf 89' lang='lat' dir='ltr'><strong>mauum</strong></span> <span class='ocrx_word' id='word_1_413' title='bbox 1235 1437 1408 1462; x_wconf 84' lang='lat' dir='ltr'><strong>accesserunt</strong></span> <span class='ocrx_word' id='word_1_414' title='bbox 1434 1431 1468 1459; x_wconf 89' lang='lat' dir='ltr'><strong>ad</strong></span> <span class='ocrx_word' id='word_1_415' title='bbox 1499 1431 1567 1458; x_wconf 89' lang='lat' dir='ltr'><strong>alios</strong></span> <span class='ocrx_word' id='word_1_416' title='bbox 1598 1430 1668 1458; x_wconf 87' lang='lat' dir='ltr'><strong>duos</strong></span> <span class='ocrx_word' id='word_1_417' title='bbox 1683 1429 1790 1456; x_wconf 83' lang='lat' dir='ltr'><strong>adoles-</strong></span> 
     </span>
    </p>
   </div>
   <div class='ocr_carea' id='block_1_58' title="bbox 1005 1475 1791 1515">
    <p class='ocr_par' dir='ltr' id='par_1_58' title="bbox 1005 1475 1791 1515">
     <span class='ocr_line' id='line_1_58' title="bbox 1005 1475 1791 1515; baseline -0.011 -5"><span class='ocrx_word' id='word_1_418' title='bbox 1005 1488 1107 1514; x_wconf 84' lang='lat' dir='ltr'><strong>centes,</strong></span> <span class='ocrx_word' id='word_1_419' title='bbox 1129 1480 1302 1515; x_wconf 86' lang='lat' dir='ltr'><strong>narravitque</strong></span> <span class='ocrx_word' id='word_1_420' title='bbox 1326 1477 1506 1513; x_wconf 86' lang='lat' dir='ltr'><strong>Epiphanius,</strong></span> <span class='ocrx_word' id='word_1_421' title='bbox 1543 1475 1681 1511; x_wconf 90' lang='lat' dir='ltr'><strong>quomodo</strong></span> <span class='ocrx_word' id='word_1_422' title='bbox 1702 1475 1791 1509; x_wconf 86' lang='lat' dir='ltr'><strong>ipsum</strong></span> 
     </span>
    </p>
   </div>
   <div class='ocr_carea' id='block_1_59' title="bbox 1006 1522 1792 1561">
    <p class='ocr_par' dir='ltr' id='par_1_59' title="bbox 1006 1522 1792 1561">
     <span class='ocr_line' id='line_1_59' title="bbox 1006 1522 1792 1561; baseline -0.014 -4"><span class='ocrx_word' id='word_1_423' title='bbox 1006 1537 1056 1557; x_wconf 87' lang='lat' dir='ltr'><strong>suo</strong></span> <span class='ocrx_word' id='word_1_424' title='bbox 1080 1528 1190 1556; x_wconf 88' lang='lat' dir='ltr'><strong>nomine</strong></span> <span class='ocrx_word' id='word_1_425' title='bbox 1201 1526 1410 1561; x_wconf 85' lang='lat' dir='ltr'><strong>compellasset:</strong></span> <span class='ocrx_word' id='word_1_426' title='bbox 1427 1531 1483 1558; x_wconf 92' lang='lat' dir='ltr'><strong>quo</strong></span> <span class='ocrx_word' id='word_1_427' title='bbox 1505 1522 1600 1550; x_wconf 89' lang='lat' dir='ltr'><strong>audito</strong></span> <span class='ocrx_word' id='word_1_428' title='bbox 1626 1522 1676 1554; x_wconf 89' lang='lat' dir='ltr'><strong>illi,</strong></span> <span class='ocrx_word' id='word_1_429' title='bbox 1692 1522 1792 1548; x_wconf 76' lang='lat' dir='ltr'><strong>arden-</strong></span> 
     </span>
    </p>
   </div>
   <div class='ocr_carea' id='block_1_60' title="bbox 1005 1566 1791 1601">
    <p class='ocr_par' dir='ltr' id='par_1_60' title="bbox 1005 1566 1791 1601">
     <span class='ocr_line' id='line_1_60' title="bbox 1005 1566 1791 1601; baseline -0.013 0"><span class='ocrx_word' id='word_1_430' title='bbox 1005 1574 1076 1601; x_wconf 72' lang='lat' dir='ltr'><strong>tiore</strong></span> <span class='ocrx_word' id='word_1_431' title='bbox 1099 1571 1257 1600; x_wconf 78' lang='lat' dir='ltr'><strong>inﬂammati</strong></span> <span class='ocrx_word' id='word_1_432' title='bbox 1284 1569 1420 1597; x_wconf 85' lang='lat' dir='ltr'><strong>desiderio</strong></span> <span class='ocrx_word' id='word_1_433' title='bbox 1442 1567 1572 1598; x_wconf 86' lang='lat' dir='ltr'><strong>hominis,</strong></span> <span class='ocrx_word' id='word_1_434' title='bbox 1605 1566 1738 1600; x_wconf 87' lang='lat' dir='ltr'><strong>majorem</strong></span> <span class='ocrx_word' id='word_1_435' title='bbox 1764 1566 1791 1592; x_wconf 88' lang='lat' dir='ltr'><strong>in</strong></span> 
     </span>
    </p>
   </div>
   <div class='ocr_carea' id='block_1_61' title="bbox 171 1612 954 1662">
    <p class='ocr_par' dir='ltr' id='par_1_61' title="bbox 171 1612 954 1650">
     <span class='ocr_line' id='line_1_61' title="bbox 171 1612 954 1650; baseline 0.004 -12"><span class='ocrx_word' id='word_1_436' title='bbox 171 1612 333 1646; x_wconf 73' lang='grc' dir='ltr'>παρέθηκαν</span> <span class='ocrx_word' id='word_1_437' title='bbox 346 1614 386 1644; x_wconf 79' lang='grc' dir='ltr'><strong>εις</strong></span> <span class='ocrx_word' id='word_1_438' title='bbox 415 1613 544 1640; x_wconf 72' lang='grc' dir='ltr'>ἑστίασιν.</span> <span class='ocrx_word' id='word_1_439' title='bbox 574 1614 648 1641; x_wconf 85' lang='grc' dir='ltr'>Ἰδὼν</span> <span class='ocrx_word' id='word_1_440' title='bbox 661 1615 689 1641; x_wconf 81' lang='grc' dir='ltr'><strong>δὲ</strong></span> <span class='ocrx_word' id='word_1_441' title='bbox 702 1615 715 1641; x_wconf 84' lang='grc'>6</span> <span class='ocrx_word' id='word_1_442' title='bbox 728 1615 820 1646; x_wconf 72' lang='grc' dir='ltr'>Ὀσιος</span> <span class='ocrx_word' id='word_1_443' title='bbox 834 1615 883 1650; x_wconf 85' lang='grc' dir='ltr'>τὴν</span> <span class='ocrx_word' id='word_1_444' title='bbox 911 1615 954 1642; x_wconf 82' lang='grc' dir='ltr'>πί-</span> 
     </span>
    </p>
   </div>
   <div class='ocr_carea' id='block_1_62' title="bbox 1006 1612 1791 1662">
    <p class='ocr_par' dir='ltr' id='par_1_62' title="bbox 1007 1612 1791 1654">
     <span class='ocr_line' id='line_1_62' title="bbox 1007 1612 1791 1654; baseline -0.014 -7"><span class='ocrx_word' id='word_1_445' title='bbox 1007 1619 1066 1654; x_wconf 88' lang='lat' dir='ltr'><strong>ipso</strong></span> <span class='ocrx_word' id='word_1_446' title='bbox 1084 1617 1210 1645; x_wconf 82' lang='lat' dir='ltr'><strong>ﬁduciam</strong></span> <span class='ocrx_word' id='word_1_447' title='bbox 1227 1615 1404 1643; x_wconf 91' lang='lat' dir='ltr'><strong>collocarunt.</strong></span> <span class='ocrx_word' id='word_1_448' title='bbox 1417 1612 1602 1648; x_wconf 71' lang='lat' dir='ltr'><strong>logredientes</strong></span> <span class='ocrx_word' id='word_1_449' title='bbox 1614 1612 1706 1646; x_wconf 82' lang='lat' dir='ltr'><strong>itaque</strong></span> <span class='ocrx_word' id='word_1_450' title='bbox 1716 1617 1791 1637; x_wconf 76' lang='grc' dir='ltr'>ωιιο-</span> 
     </span>
    </p>
   </div>
   <div class='ocr_carea' id='block_1_63' title="bbox 171 1658 953 1696">
    <p class='ocr_par' dir='ltr' id='par_1_63' title="bbox 171 1658 953 1696">
     <span class='ocr_line' id='line_1_63' title="bbox 171 1658 953 1696; baseline 0.005 -12"><span class='ocrx_word' id='word_1_451' title='bbox 171 1662 233 1684; x_wconf 70' lang='grc' dir='ltr'>στιν</span> <span class='ocrx_word' id='word_1_452' title='bbox 257 1658 358 1689; x_wconf 80' lang='grc' dir='ltr'>αὐτῶν,</span> <span class='ocrx_word' id='word_1_453' title='bbox 384 1659 469 1694; x_wconf 72' lang='grc' dir='ltr'>ἐχάρη</span> <span class='ocrx_word' id='word_1_454' title='bbox 484 1660 570 1694; x_wconf 77' lang='grc' dir='ltr'>χαρὰν</span> <span class='ocrx_word' id='word_1_455' title='bbox 593 1660 724 1696; x_wconf 79' lang='grc' dir='ltr'><strong>μεγάλην,</strong></span> <span class='ocrx_word' id='word_1_456' title='bbox 742 1661 788 1687; x_wconf 76' lang='grc' dir='ltr'>καὶ</span> <span class='ocrx_word' id='word_1_457' title='bbox 800 1658 835 1696; x_wconf 82' lang='grc' dir='ltr'>ἧν</span> <span class='ocrx_word' id='word_1_458' title='bbox 854 1661 953 1695; x_wconf 58' lang='lat' dir='ltr'><strong>{moth-</strong></span> 
     </span>
    </p>
   </div>
   <div class='ocr_carea' id='block_1_64' title="bbox 171 1704 954 1742">
    <p class='ocr_par' dir='ltr' id='par_1_64' title="bbox 171 1704 954 1742">
     <span class='ocr_line' id='line_1_64' title="bbox 171 1704 954 1742; baseline 0.005 -12"><span class='ocrx_word' id='word_1_459' title='bbox 171 1704 290 1739; x_wconf 79' lang='grc' dir='ltr'>ουρίζων</span> <span class='ocrx_word' id='word_1_460' title='bbox 305 1705 343 1739; x_wconf 77' lang='grc' dir='ltr'>τῷ</span> <span class='ocrx_word' id='word_1_461' title='bbox 359 1706 472 1739; x_wconf 82' lang='grc' dir='ltr'>στόματι</span> <span class='ocrx_word' id='word_1_462' title='bbox 501 1705 535 1732; x_wconf 82' lang='grc' dir='ltr'><strong>δι’</strong></span> <span class='ocrx_word' id='word_1_463' title='bbox 550 1705 633 1740; x_wconf 83' lang='grc' dir='ltr'><strong>εὐχῆς</strong></span> <span class='ocrx_word' id='word_1_464' title='bbox 654 1706 721 1741; x_wconf 81' lang='grc' dir='ltr'>πρὸς</span> <span class='ocrx_word' id='word_1_465' title='bbox 742 1706 789 1734; x_wconf 78' lang='grc' dir='ltr'>τὸν</span> <span class='ocrx_word' id='word_1_466' title='bbox 816 1707 883 1733; x_wconf 73' lang='grc' dir='ltr'>Θεὸν</span> <span class='ocrx_word' id='word_1_467' title='bbox 904 1707 954 1742; x_wconf 77' lang='grc' dir='ltr'>τὴν</span> 
     </span>
    </p>
   </div>
   <div class='ocr_carea' id='block_1_65' title="bbox 172 1749 953 1787">
    <p class='ocr_par' dir='ltr' id='par_1_65' title="bbox 172 1749 953 1787">
     <span class='ocr_line' id='line_1_65' title="bbox 172 1749 953 1787; baseline 0.004 -12"><span class='ocrx_word' id='word_1_468' title='bbox 172 1750 360 1786; x_wconf 77' lang='grc' dir='ltr'><strong>προσαγωγὴν</strong></span> <span class='ocrx_word' id='word_1_469' title='bbox 371 1751 461 1778; x_wconf 78' lang='grc' dir='ltr'>αὐτῶν</span> <span class='ocrx_word' id='word_1_470' title='bbox 475 1751 605 1783; x_wconf 74' lang='grc' dir='ltr'>ἀναθείς·</span> <span class='ocrx_word' id='word_1_471' title='bbox 626 1749 676 1778; x_wconf 70' lang='grc' dir='ltr'>εἶθ’</span> <span class='ocrx_word' id='word_1_472' title='bbox 698 1751 786 1783; x_wconf 79' lang='grc' dir='ltr'>οὕτως</span> <span class='ocrx_word' id='word_1_473' title='bbox 812 1752 866 1779; x_wconf 81' lang='grc' dir='ltr'>τῶν</span> <span class='ocrx_word' id='word_1_474' title='bbox 887 1761 953 1787; x_wconf 80' lang='grc' dir='ltr'>προ-</span> 
     </span>
    </p>
   </div>
   <div class='ocr_carea' id='block_1_66' title="bbox 175 1795 953 1831">
    <p class='ocr_par' dir='ltr' id='par_1_66' title="bbox 175 1795 953 1831">
     <span class='ocr_line' id='line_1_66' title="bbox 175 1795 953 1831; baseline 0.004 -10"><span class='ocrx_word' id='word_1_475' title='bbox 175 1795 341 1830; x_wconf 76' lang='grc' dir='ltr'>τεθειμένων</span> <span class='ocrx_word' id='word_1_476' title='bbox 365 1796 506 1831; x_wconf 80' lang='grc' dir='ltr'><strong>μετέσχεν,</strong></span> <span class='ocrx_word' id='word_1_477' title='bbox 522 1796 584 1828; x_wconf 76' lang='grc' dir='ltr'><strong>δοὺς</strong></span> <span class='ocrx_word' id='word_1_478' title='bbox 606 1796 654 1823; x_wconf 74' lang='grc' dir='ltr'>καὶ</span> <span class='ocrx_word' id='word_1_479' title='bbox 669 1797 726 1828; x_wconf 77' lang='grc' dir='ltr'>τοῖς</span> <span class='ocrx_word' id='word_1_480' title='bbox 749 1796 820 1828; x_wconf 72' lang='grc' dir='ltr'>νέοις</span> <span class='ocrx_word' id='word_1_481' title='bbox 836 1797 953 1828; x_wconf 73' lang='grc' dir='ltr'><strong>οἰκείαις</strong></span> 
     </span>
    </p>
   </div>
   <div class='ocr_carea' id='block_1_67' title="bbox 173 1841 276 1875">
    <p class='ocr_par' dir='ltr' id='par_1_67' title="bbox 173 1841 276 1875">
     <span class='ocr_line' id='line_1_67' title="bbox 173 1841 276 1875; baseline 0.019 -8"><span class='ocrx_word' id='word_1_482' title='bbox 173 1841 276 1875; x_wconf 79' lang='grc' dir='ltr'>χερσίν.</span> 
     </span>
    </p>
   </div>
   <div class='ocr_carea' id='block_1_68' title="bbox 210 1982 956 2018">
    <p class='ocr_par' dir='ltr' id='par_1_68' title="bbox 210 1982 956 2018">
     <span class='ocr_line' id='line_1_68' title="bbox 210 1982 956 2018; baseline 0 -9"><span class='ocrx_word' id='word_1_483' title='bbox 210 1986 260 2010; x_wconf 82' lang='grc' dir='ltr'>κε’.</span> <span class='ocrx_word' id='word_1_484' title='bbox 276 1982 415 2017; x_wconf 53' lang='lat' dir='ltr'><strong>annotva</strong></span> <span class='ocrx_word' id='word_1_485' title='bbox 424 1983 454 2010; x_wconf 83' lang='grc' dir='ltr'>τὸ</span> <span class='ocrx_word' id='word_1_486' title='bbox 469 1983 557 2018; x_wconf 80' lang='grc' dir='ltr'><strong>ῥῆμα,</strong></span> <span class='ocrx_word' id='word_1_487' title='bbox 570 1982 717 2018; x_wconf 73' lang='grc' dir='ltr'>ἀγαπητοὶ,</span> <span class='ocrx_word' id='word_1_488' title='bbox 729 1984 776 2010; x_wconf 87' lang='grc' dir='ltr'><strong>καὶ</strong></span> <span class='ocrx_word' id='word_1_489' title='bbox 792 1982 896 2016; x_wconf 78' lang='grc' dir='ltr'>πιστὸν,</span> <span class='ocrx_word' id='word_1_490' title='bbox 915 1983 956 2009; x_wconf 82' lang='grc' dir='ltr'>ὅτι</span> 
     </span>
    </p>
   </div>
   <div class='ocr_carea' id='block_1_69' title="bbox 174 2027 957 2064">
    <p class='ocr_par' dir='ltr' id='par_1_69' title="bbox 174 2027 957 2064">
     <span class='ocr_line' id='line_1_69' title="bbox 174 2027 957 2064; baseline -0.001 -9"><span class='ocrx_word' id='word_1_491' title='bbox 174 2029 207 2056; x_wconf 63' lang='lat' dir='ltr'><strong>eo</strong></span> <span class='ocrx_word' id='word_1_492' title='bbox 221 2029 306 2064; x_wconf 79' lang='grc' dir='ltr'>ἣμισυ</span> <span class='ocrx_word' id='word_1_493' title='bbox 322 2027 369 2054; x_wconf 84' lang='grc' dir='ltr'><strong>τοῦ</strong></span> <span class='ocrx_word' id='word_1_494' title='bbox 390 2028 563 2062; x_wconf 78' lang='grc' dir='ltr'>παξαματίου</span> <span class='ocrx_word' id='word_1_495' title='bbox 581 2028 675 2063; x_wconf 77' lang='grc' dir='ltr'>ἧσθιεν</span> <span class='ocrx_word' id='word_1_496' title='bbox 691 2028 755 2063; x_wconf 84' lang='grc' dir='ltr'>ὃλην</span> <span class='ocrx_word' id='word_1_497' title='bbox 768 2029 816 2063; x_wconf 74' lang='grc' dir='ltr'>τὴν</span> <span class='ocrx_word' id='word_1_498' title='bbox 840 2029 957 2063; x_wconf 75' lang='grc' dir='ltr'><strong>ἡμέραν,</strong></span> 
     </span>
    </p>
   </div>
   <div class='ocr_carea' id='block_1_70' title="bbox 175 2073 958 2109">
    <p class='ocr_par' dir='ltr' id='par_1_70' title="bbox 175 2073 958 2109">
     <span class='ocr_line' id='line_1_70' title="bbox 175 2073 958 2109; baseline -0.001 -8"><span class='ocrx_word' id='word_1_499' title='bbox 175 2075 244 2109; x_wconf 79' lang='grc' dir='ltr'>ὅπερ</span> <span class='ocrx_word' id='word_1_500' title='bbox 259 2075 307 2100; x_wconf 79' lang='grc' dir='ltr'>καὶ</span> <span class='ocrx_word' id='word_1_501' title='bbox 331 2073 411 2101; x_wconf 81' lang='grc' dir='ltr'>τοῦτο</span> <span class='ocrx_word' id='word_1_502' title='bbox 438 2073 588 2109; x_wconf 76' lang='grc' dir='ltr'>πεποίηκεν</span> <span class='ocrx_word' id='word_1_503' title='bbox 617 2074 704 2108; x_wconf 80' lang='grc' dir='ltr'>βραχῦ</span> <span class='ocrx_word' id='word_1_504' title='bbox 717 2083 743 2101; x_wconf 89' lang='grc' dir='ltr'><strong>τι</strong></span> <span class='ocrx_word' id='word_1_505' title='bbox 770 2075 914 2109; x_wconf 82' lang='grc' dir='ltr'>μετασχὼν</span> <span class='ocrx_word' id='word_1_506' title='bbox 928 2074 958 2106; x_wconf 79' lang='grc' dir='ltr'>ὲξ</span> 
     </span>
    </p>
   </div>
   <div class='ocr_carea' id='block_1_71' title="bbox 175 2118 959 2154">
    <p class='ocr_par' dir='ltr' id='par_1_71' title="bbox 175 2118 959 2154">
     <span class='ocr_line' id='line_1_71' title="bbox 175 2118 959 2154; baseline 0.001 -9"><span class='ocrx_word' id='word_1_507' title='bbox 175 2120 275 2151; x_wconf 81' lang='grc' dir='ltr'>αὐτῶν,</span> <span class='ocrx_word' id='word_1_508' title='bbox 292 2119 376 2150; x_wconf 70' lang='grc' dir='ltr'>ὲάςας</span> <span class='ocrx_word' id='word_1_509' title='bbox 393 2119 427 2145; x_wconf 76' lang='grc' dir='ltr'><strong>τὰ</strong></span> <span class='ocrx_word' id='word_1_510' title='bbox 456 2118 566 2144; x_wconf 77' lang='grc' dir='ltr'>πλείονα</span> <span class='ocrx_word' id='word_1_511' title='bbox 578 2119 608 2144; x_wconf 83' lang='grc' dir='ltr'>ὲν</span> <span class='ocrx_word' id='word_1_512' title='bbox 620 2120 653 2154; x_wconf 80' lang='grc' dir='ltr'><strong>τῇ</strong></span> <span class='ocrx_word' id='word_1_513' title='bbox 667 2119 791 2154; x_wconf 73' lang='grc' dir='ltr'>τραπέζῃ</span> <span class='ocrx_word' id='word_1_514' title='bbox 802 2128 810 2135; x_wconf 92' lang='grc'><strong>·</strong></span> <span class='ocrx_word' id='word_1_515' title='bbox 839 2121 911 2146; x_wconf 75' lang='grc' dir='ltr'>οἴνου</span> <span class='ocrx_word' id='word_1_516' title='bbox 931 2120 959 2146; x_wconf 70' lang='grc' dir='ltr'><strong>δὲ</strong></span> 
     </span>
    </p>
   </div>
   <div class='ocr_carea' id='block_1_72' title="bbox 176 2163 961 2199">
    <p class='ocr_par' dir='ltr' id='par_1_72' title="bbox 176 2163 961 2199">
     <span class='ocr_line' id='line_1_72' title="bbox 176 2163 961 2199; baseline 0.001 -9"><span class='ocrx_word' id='word_1_517' title='bbox 176 2165 258 2199; x_wconf 78' lang='grc' dir='ltr'>ἡνίκα</span> <span class='ocrx_word' id='word_1_518' title='bbox 273 2173 314 2195; x_wconf 79' lang='grc' dir='ltr'><strong>τις</strong></span> <span class='ocrx_word' id='word_1_519' title='bbox 326 2164 409 2190; x_wconf 73' lang='grc' dir='ltr'>ἐδίδου</span> <span class='ocrx_word' id='word_1_520' title='bbox 425 2163 512 2198; x_wconf 72' lang='grc' dir='ltr'>αὐτῷ,</span> <span class='ocrx_word' id='word_1_521' title='bbox 528 2165 600 2190; x_wconf 80' lang='grc' dir='ltr'>πιεῖν</span> <span class='ocrx_word' id='word_1_522' title='bbox 614 2164 663 2190; x_wconf 79' lang='grc' dir='ltr'><strong>οὐκ</strong></span> <span class='ocrx_word' id='word_1_523' title='bbox 675 2164 796 2197; x_wconf 66' lang='grc' dir='ltr'>ἐφείδετο</span> <span class='ocrx_word' id='word_1_524' title='bbox 809 2172 817 2180; x_wconf 91' lang='grc'><strong>·</strong></span> <span class='ocrx_word' id='word_1_525' title='bbox 835 2164 882 2199; x_wconf 75' lang='grc' dir='ltr'><strong>ἀφ’</strong></span> <span class='ocrx_word' id='word_1_526' title='bbox 897 2165 961 2191; x_wconf 63' lang='lat' dir='ltr'><strong>tau-</strong></span> 
     </span>
    </p>
   </div>
   <div class='ocr_carea' id='block_1_73' title="bbox 175 2208 960 2245">
    <p class='ocr_par' dir='ltr' id='par_1_73' title="bbox 175 2208 960 2245">
     <span class='ocr_line' id='line_1_73' title="bbox 175 2208 960 2245; baseline -0.001 -7"><span class='ocrx_word' id='word_1_527' title='bbox 175 2211 224 2238; x_wconf 83' lang='grc' dir='ltr'><strong>τοῦ</strong></span> <span class='ocrx_word' id='word_1_528' title='bbox 240 2210 294 2245; x_wconf 75' lang='grc' dir='ltr'><strong>γὰρ</strong></span> <span class='ocrx_word' id='word_1_529' title='bbox 305 2210 354 2236; x_wconf 81' lang='grc' dir='ltr'>οὐκ</span> <span class='ocrx_word' id='word_1_530' title='bbox 377 2210 468 2236; x_wconf 76' lang='grc' dir='ltr'>ἔπινεν</span> <span class='ocrx_word' id='word_1_531' title='bbox 482 2208 601 2242; x_wconf 78' lang='grc' dir='ltr'>πώποτε,</span> <span class='ocrx_word' id='word_1_532' title='bbox 613 2210 660 2236; x_wconf 67' lang='grc' dir='ltr'>ἐὰν</span> <span class='ocrx_word' id='word_1_533' title='bbox 675 2209 712 2244; x_wconf 86' lang='grc' dir='ltr'><strong>μή</strong></span> <span class='ocrx_word' id='word_1_534' title='bbox 722 2217 764 2241; x_wconf 87' lang='grc' dir='ltr'>τις</span> <span class='ocrx_word' id='word_1_535' title='bbox 784 2211 864 2236; x_wconf 76' lang='grc' dir='ltr'>αὐτὸν</span> <span class='ocrx_word' id='word_1_536' title='bbox 872 2211 960 2245; x_wconf 84' lang='grc' dir='ltr'>τούτῳ</span> 
     </span>
    </p>
   </div>
   <div class='ocr_carea' id='block_1_74' title="bbox 176 2256 958 2293">
    <p class='ocr_par' dir='ltr' id='par_1_74' title="bbox 176 2256 958 2293">
     <span class='ocr_line' id='line_1_74' title="bbox 176 2256 958 2293; baseline -0.001 -11"><span class='ocrx_word' id='word_1_537' title='bbox 176 2257 313 2283; x_wconf 66' lang='grc' dir='ltr'>ὲπάτισεν.</span> <span class='ocrx_word' id='word_1_538' title='bbox 331 2256 370 2283; x_wconf 80' lang='grc' dir='ltr'><strong>Δι’</strong></span> <span class='ocrx_word' id='word_1_539' title='bbox 394 2256 460 2290; x_wconf 74' lang='grc' dir='ltr'>ὅλης</span> <span class='ocrx_word' id='word_1_540' title='bbox 480 2256 509 2283; x_wconf 83' lang='grc' dir='ltr'><strong>δὲ</strong></span> <span class='ocrx_word' id='word_1_541' title='bbox 532 2257 580 2291; x_wconf 84' lang='grc' dir='ltr'>τῆς</span> <span class='ocrx_word' id='word_1_542' title='bbox 607 2256 754 2291; x_wconf 81' lang='grc' dir='ltr'>ὲὸδομάδος</span> <span class='ocrx_word' id='word_1_543' title='bbox 776 2256 918 2288; x_wconf 79' lang='grc' dir='ltr'>πολλάκις,</span> <span class='ocrx_word' id='word_1_544' title='bbox 942 2257 958 2293; x_wconf 80' lang='grc' dir='ltr'>ἢ</span> 
     </span>
    </p>
   </div>
   <div class='ocr_carea' id='block_1_75' title="bbox 1007 1656 1792 1700">
    <p class='ocr_par' dir='ltr' id='par_1_75' title="bbox 1007 1656 1792 1700">
     <span class='ocr_line' id='line_1_75' title="bbox 1007 1656 1792 1700; baseline -0.013 -8"><span class='ocrx_word' id='word_1_545' title='bbox 1007 1664 1109 1700; x_wconf 78' lang='lat' dir='ltr'><strong>poliunt</strong></span> <span class='ocrx_word' id='word_1_546' title='bbox 1126 1661 1258 1696; x_wconf 85' lang='lat' dir='ltr'><strong>coemptis</strong></span> <span class='ocrx_word' id='word_1_547' title='bbox 1274 1668 1354 1695; x_wconf 88' lang='lat' dir='ltr'><strong>pane,</strong></span> <span class='ocrx_word' id='word_1_548' title='bbox 1365 1659 1430 1687; x_wconf 84' lang='lat' dir='ltr'><strong>vino</strong></span> <span class='ocrx_word' id='word_1_549' title='bbox 1445 1666 1477 1686; x_wconf 92' lang='lat' dir='ltr'><strong>ac</strong></span> <span class='ocrx_word' id='word_1_550' title='bbox 1489 1658 1618 1694; x_wconf 88' lang='lat' dir='ltr'><strong>piscibus,</strong></span> <span class='ocrx_word' id='word_1_551' title='bbox 1638 1656 1792 1685; x_wconf 82' lang='lat' dir='ltr'><strong>convivium</strong></span> 
     </span>
    </p>
   </div>
   <div class='ocr_carea' id='block_1_76' title="bbox 1003 1702 1794 1745">
    <p class='ocr_par' dir='ltr' id='par_1_76' title="bbox 1003 1702 1794 1745">
     <span class='ocr_line' id='line_1_76' title="bbox 1003 1702 1794 1745; baseline -0.011 -7"><span class='ocrx_word' id='word_1_552' title='bbox 1003 1713 1146 1745; x_wconf 86' lang='lat' dir='ltr'><strong>pararunt.</strong></span> <span class='ocrx_word' id='word_1_553' title='bbox 1176 1714 1294 1741; x_wconf 84' lang='lat' dir='ltr'><strong>cumque</strong></span> <span class='ocrx_word' id='word_1_554' title='bbox 1324 1705 1403 1733; x_wconf 81' lang='lat' dir='ltr'><strong>ﬁdem</strong></span> <span class='ocrx_word' id='word_1_555' title='bbox 1423 1712 1517 1732; x_wconf 86' lang='lat' dir='ltr'><strong>eorum</strong></span> <span class='ocrx_word' id='word_1_556' title='bbox 1544 1707 1720 1737; x_wconf 72' lang='lat' dir='ltr'><strong>cognosceret</strong></span> <span class='ocrx_word' id='word_1_557' title='bbox 1738 1702 1794 1729; x_wconf 74' lang='lat' dir='ltr'><strong>An~</strong></span> 
     </span>
    </p>
   </div>
   <div class='ocr_carea' id='block_1_77' title="bbox 1003 1746 1792 1789">
    <p class='ocr_par' dir='ltr' id='par_1_77' title="bbox 1003 1746 1792 1789">
     <span class='ocr_line' id='line_1_77' title="bbox 1003 1746 1792 1789; baseline -0.011 -6"><span class='ocrx_word' id='word_1_558' title='bbox 1003 1756 1094 1786; x_wconf 84' lang='lat' dir='ltr'><strong>dreas,</strong></span> <span class='ocrx_word' id='word_1_559' title='bbox 1122 1752 1223 1789; x_wconf 75' lang='lat' dir='ltr'><strong>ingenti</strong></span> <span class='ocrx_word' id='word_1_560' title='bbox 1247 1751 1374 1787; x_wconf 79' lang='lat' dir='ltr'><strong>perfusus</strong></span> <span class='ocrx_word' id='word_1_561' title='bbox 1401 1746 1511 1785; x_wconf 75' lang='lat' dir='ltr'><strong>gaudio,</strong></span> <span class='ocrx_word' id='word_1_562' title='bbox 1534 1749 1587 1776; x_wconf 89' lang='lat' dir='ltr'><strong>leni</strong></span> <span class='ocrx_word' id='word_1_563' title='bbox 1606 1749 1664 1780; x_wconf 74' lang='lat' dir='ltr'><strong>oris</strong></span> <span class='ocrx_word' id='word_1_564' title='bbox 1676 1755 1792 1775; x_wconf 87' lang='lat' dir='ltr'><strong>susurro</strong></span> 
     </span>
    </p>
   </div>
   <div class='ocr_carea' id='block_1_78' title="bbox 1004 1793 1794 1831">
    <p class='ocr_par' dir='ltr' id='par_1_78' title="bbox 1004 1793 1794 1831">
     <span class='ocr_line' id='line_1_78' title="bbox 1004 1793 1794 1831; baseline -0.011 -3"><span class='ocrx_word' id='word_1_565' title='bbox 1004 1801 1073 1828; x_wconf 80' lang='lat' dir='ltr'><strong>fusis</strong></span> <span class='ocrx_word' id='word_1_566' title='bbox 1098 1799 1133 1826; x_wconf 87' lang='lat' dir='ltr'><strong>ad</strong></span> <span class='ocrx_word' id='word_1_567' title='bbox 1163 1798 1246 1826; x_wconf 85' lang='lat' dir='ltr'><strong>Deum</strong></span> <span class='ocrx_word' id='word_1_568' title='bbox 1261 1796 1397 1831; x_wconf 86' lang='lat' dir='ltr'><strong>precibus,</strong></span> <span class='ocrx_word' id='word_1_569' title='bbox 1415 1795 1564 1830; x_wconf 80' lang='lat' dir='ltr'><strong>proiectum</strong></span> <span class='ocrx_word' id='word_1_570' title='bbox 1582 1794 1734 1825; x_wconf 32' lang='lat' dir='ltr'><strong>insvirtute</strong></span> <span class='ocrx_word' id='word_1_571' title='bbox 1748 1793 1794 1828; x_wconf 83' lang='lat' dir='ltr'><strong>ju-</strong></span> 
     </span>
    </p>
   </div>
   <div class='ocr_carea' id='block_1_79' title="bbox 1005 1839 1796 1874">
    <p class='ocr_par' dir='ltr' id='par_1_79' title="bbox 1005 1839 1796 1874">
     <span class='ocr_line' id='line_1_79' title="bbox 1005 1839 1796 1874; baseline -0.013 0"><span class='ocrx_word' id='word_1_572' title='bbox 1005 1853 1104 1874; x_wconf 86' lang='lat' dir='ltr'><strong>venum</strong></span> <span class='ocrx_word' id='word_1_573' title='bbox 1142 1844 1167 1872; x_wconf 91' lang='lat' dir='ltr'><strong>ei</strong></span> <span class='ocrx_word' id='word_1_574' title='bbox 1207 1841 1434 1872; x_wconf 80' lang='lat' dir='ltr'><strong>commendavit;</strong></span> <span class='ocrx_word' id='word_1_575' title='bbox 1470 1839 1568 1867; x_wconf 81' lang='lat' dir='ltr'><strong>deinde</strong></span> <span class='ocrx_word' id='word_1_576' title='bbox 1602 1839 1679 1866; x_wconf 85' lang='lat' dir='ltr'><strong>cibos</strong></span> <span class='ocrx_word' id='word_1_577' title='bbox 1709 1846 1796 1874; x_wconf 87' lang='lat' dir='ltr'><strong>appo-</strong></span> 
     </span>
    </p>
   </div>
   <div class='ocr_carea' id='block_1_80' title="bbox 1006 1885 1794 1925">
    <p class='ocr_par' dir='ltr' id='par_1_80' title="bbox 1006 1885 1794 1925">
     <span class='ocr_line' id='line_1_80' title="bbox 1006 1885 1794 1925; baseline -0.011 -5"><span class='ocrx_word' id='word_1_578' title='bbox 1006 1893 1075 1921; x_wconf 86' lang='lat' dir='ltr'><strong>sitos</strong></span> <span class='ocrx_word' id='word_1_579' title='bbox 1104 1889 1230 1925; x_wconf 85' lang='lat' dir='ltr'><strong>sumpsit,</strong></span> <span class='ocrx_word' id='word_1_580' title='bbox 1251 1895 1283 1916; x_wconf 90' lang='lat' dir='ltr'><strong>ac</strong></span> <span class='ocrx_word' id='word_1_581' title='bbox 1301 1888 1341 1915; x_wconf 87' lang='lat' dir='ltr'><strong>eis</strong></span> <span class='ocrx_word' id='word_1_582' title='bbox 1358 1887 1440 1915; x_wconf 87' lang='lat' dir='ltr'><strong>etiam</strong></span> <span class='ocrx_word' id='word_1_583' title='bbox 1456 1886 1577 1922; x_wconf 81' lang='lat' dir='ltr'><strong>porrexit</strong></span> <span class='ocrx_word' id='word_1_584' title='bbox 1600 1885 1718 1920; x_wconf 90' lang='lat' dir='ltr'><strong>propriis</strong></span> <span class='ocrx_word' id='word_1_585' title='bbox 1735 1892 1794 1912; x_wconf 66' lang='lat' dir='ltr'><strong>ma.</strong></span> 
     </span>
    </p>
   </div>
   <div class='ocr_carea' id='block_1_81' title="bbox 1008 1939 1099 1967">
    <p class='ocr_par' dir='ltr' id='par_1_81' title="bbox 1008 1939 1099 1967">
     <span class='ocr_line' id='line_1_81' title="bbox 1008 1939 1099 1967; baseline -0.011 -1"><span class='ocrx_word' id='word_1_586' title='bbox 1008 1939 1099 1967; x_wconf 79' lang='lat' dir='ltr'><strong>nibus.</strong></span> 
     </span>
    </p>
   </div>
   <div class='ocr_carea' id='block_1_82' title="bbox 1041 1977 1796 2017">
    <p class='ocr_par' dir='ltr' id='par_1_82' title="bbox 1041 1977 1796 2017">
     <span class='ocr_line' id='line_1_82' title="bbox 1041 1977 1796 2017; baseline -0.013 -4"><span class='ocrx_word' id='word_1_587' title='bbox 1041 1985 1086 2012; x_wconf 84' lang='lat'><strong>‘25.</strong></span> <span class='ocrx_word' id='word_1_588' title='bbox 1105 1985 1171 2012; x_wconf 80' lang='lat' dir='ltr'><strong>Vera</strong></span> <span class='ocrx_word' id='word_1_589' title='bbox 1183 1983 1280 2017; x_wconf 90' lang='lat' dir='ltr'><strong>loquor</strong></span> <span class='ocrx_word' id='word_1_590' title='bbox 1293 1986 1320 2009; x_wconf 90' lang='lat' dir='ltr'><strong>et</strong></span> <span class='ocrx_word' id='word_1_591' title='bbox 1338 1981 1390 2008; x_wconf 74' lang='lat' dir='ltr'><strong>(ide</strong></span> <span class='ocrx_word' id='word_1_592' title='bbox 1409 1979 1502 2013; x_wconf 71' lang='lat' dir='ltr'><strong>digna,</strong></span> <span class='ocrx_word' id='word_1_593' title='bbox 1523 1977 1710 2010; x_wconf 82' lang='lat' dir='ltr'><strong>dilectissimi;</strong></span> <span class='ocrx_word' id='word_1_594' title='bbox 1739 1981 1796 2004; x_wconf 91' lang='lat' dir='ltr'><strong>toto</strong></span> 
     </span>
    </p>
   </div>
   <div class='ocr_carea' id='block_1_83' title="bbox 1009 2023 1797 2058">
    <p class='ocr_par' dir='ltr' id='par_1_83' title="bbox 1009 2023 1797 2058">
     <span class='ocr_line' id='line_1_83' title="bbox 1009 2023 1797 2058; baseline -0.013 0"><span class='ocrx_word' id='word_1_595' title='bbox 1009 2031 1052 2058; x_wconf 87' lang='lat' dir='ltr'><strong>die</strong></span> <span class='ocrx_word' id='word_1_596' title='bbox 1079 2038 1132 2057; x_wconf 84' lang='lat' dir='ltr'><strong>non</strong></span> <span class='ocrx_word' id='word_1_597' title='bbox 1164 2027 1345 2056; x_wconf 79' lang='lat' dir='ltr'><strong>manducabat</strong></span> <span class='ocrx_word' id='word_1_598' title='bbox 1364 2026 1486 2053; x_wconf 78' lang='lat' dir='ltr'><strong>Andreas</strong></span> <span class='ocrx_word' id='word_1_599' title='bbox 1510 2024 1628 2051; x_wconf 85' lang='lat' dir='ltr'><strong>medium</strong></span> <span class='ocrx_word' id='word_1_600' title='bbox 1645 2023 1797 2058; x_wconf 74' lang='lat' dir='ltr'><strong>(u)paxa-</strong></span> 
     </span>
    </p>
   </div>
   <div class='ocr_carea' id='block_1_84' title="bbox 1011 2067 1795 2108">
    <p class='ocr_par' dir='ltr' id='par_1_84' title="bbox 1011 2067 1795 2108">
     <span class='ocr_line' id='line_1_84' title="bbox 1011 2067 1795 2108; baseline -0.013 -5"><span class='ocrx_word' id='word_1_601' title='bbox 1011 2076 1142 2108; x_wconf 82' lang='lat' dir='ltr'><strong>matium;</strong></span> <span class='ocrx_word' id='word_1_602' title='bbox 1174 2074 1255 2108; x_wconf 84' lang='lat' dir='ltr'><strong>idque</strong></span> <span class='ocrx_word' id='word_1_603' title='bbox 1289 2071 1417 2100; x_wconf 77' lang='lat' dir='ltr'><strong>faciebat.</strong></span> <span class='ocrx_word' id='word_1_604' title='bbox 1449 2069 1596 2105; x_wconf 84' lang='lat' dir='ltr'><strong>pauxillum</strong></span> <span class='ocrx_word' id='word_1_605' title='bbox 1634 2067 1736 2103; x_wconf 90' lang='lat' dir='ltr'><strong>aliquid</strong></span> <span class='ocrx_word' id='word_1_606' title='bbox 1761 2073 1795 2094; x_wconf 74' lang='lat' dir='ltr'><strong>ex</strong></span> 
     </span>
    </p>
   </div>
   <div class='ocr_carea' id='block_1_85' title="bbox 1011 2110 1794 2155">
    <p class='ocr_par' dir='ltr' id='par_1_85' title="bbox 1011 2110 1794 2155">
     <span class='ocr_line' id='line_1_85' title="bbox 1011 2110 1794 2155; baseline -0.017 -7"><span class='ocrx_word' id='word_1_607' title='bbox 1011 2120 1143 2155; x_wconf 86' lang='lat' dir='ltr'><strong>appositis</strong></span> <span class='ocrx_word' id='word_1_608' title='bbox 1166 2116 1346 2151; x_wconf 80' lang='lat' dir='ltr'><strong>decerpendo,</strong></span> <span class='ocrx_word' id='word_1_609' title='bbox 1362 2115 1500 2150; x_wconf 83' lang='lat' dir='ltr'><strong>plerisque</strong></span> <span class='ocrx_word' id='word_1_610' title='bbox 1528 2113 1554 2140; x_wconf 91' lang='lat' dir='ltr'><strong>in</strong></span> <span class='ocrx_word' id='word_1_611' title='bbox 1571 2119 1664 2139; x_wconf 89' lang='lat' dir='ltr'><strong>mensa</strong></span> <span class='ocrx_word' id='word_1_612' title='bbox 1682 2110 1794 2138; x_wconf 78' lang='lat' dir='ltr'><strong>relictis.</strong></span> 
     </span>
    </p>
   </div>
   <div class='ocr_carea' id='block_1_86' title="bbox 1010 2156 1799 2201">
    <p class='ocr_par' dir='ltr' id='par_1_86' title="bbox 1010 2156 1799 2201">
     <span class='ocr_line' id='line_1_86' title="bbox 1010 2156 1799 2201; baseline -0.014 -7"><span class='ocrx_word' id='word_1_613' title='bbox 1010 2167 1078 2194; x_wconf 89' lang='lat' dir='ltr'><strong>Cum</strong></span> <span class='ocrx_word' id='word_1_614' title='bbox 1106 2166 1167 2201; x_wconf 86' lang='lat' dir='ltr'><strong>quis</strong></span> <span class='ocrx_word' id='word_1_615' title='bbox 1198 2165 1223 2192; x_wconf 90' lang='lat' dir='ltr'><strong>ei</strong></span> <span class='ocrx_word' id='word_1_616' title='bbox 1248 2163 1341 2190; x_wconf 83' lang='lat' dir='ltr'><strong>vinum</strong></span> <span class='ocrx_word' id='word_1_617' title='bbox 1366 2160 1531 2196; x_wconf 74' lang='lat' dir='ltr'><strong>porrigebat,</strong></span> <span class='ocrx_word' id='word_1_618' title='bbox 1549 2159 1642 2186; x_wconf 84' lang='lat' dir='ltr'><strong>bibere</strong></span> <span class='ocrx_word' id='word_1_619' title='bbox 1655 2165 1707 2185; x_wconf 93' lang='lat' dir='ltr'><strong>non</strong></span> <span class='ocrx_word' id='word_1_620' title='bbox 1719 2156 1799 2184; x_wconf 90' lang='lat' dir='ltr'><strong>dubi-</strong></span> 
     </span>
    </p>
   </div>
   <div class='ocr_carea' id='block_1_87' title="bbox 1013 2203 1796 2244">
    <p class='ocr_par' dir='ltr' id='par_1_87' title="bbox 1013 2203 1796 2244">
     <span class='ocr_line' id='line_1_87' title="bbox 1013 2203 1796 2244; baseline -0.014 -5"><span class='ocrx_word' id='word_1_621' title='bbox 1013 2213 1085 2239; x_wconf 87' lang='lat' dir='ltr'><strong>tabat</strong></span> <span class='ocrx_word' id='word_1_622' title='bbox 1099 2221 1106 2238; x_wconf 90' lang='lat'><strong>:</strong></span> <span class='ocrx_word' id='word_1_623' title='bbox 1122 2212 1144 2238; x_wconf 89' lang='lat' dir='ltr'><strong>si</strong></span> <span class='ocrx_word' id='word_1_624' title='bbox 1168 2210 1258 2238; x_wconf 88' lang='lat' dir='ltr'><strong>nullus</strong></span> <span class='ocrx_word' id='word_1_625' title='bbox 1280 2208 1424 2244; x_wconf 68' lang='lat' dir='ltr'><strong>praberet,</strong></span> <span class='ocrx_word' id='word_1_626' title='bbox 1452 2214 1506 2233; x_wconf 93' lang='lat' dir='ltr'><strong>non</strong></span> <span class='ocrx_word' id='word_1_627' title='bbox 1530 2203 1641 2232; x_wconf 80' lang='lat' dir='ltr'><strong>bibebat</strong></span> <span class='ocrx_word' id='word_1_628' title='bbox 1665 2210 1796 2237; x_wconf 89' lang='lat' dir='ltr'><strong>unquam.</strong></span> 
     </span>
    </p>
   </div>
   <div class='ocr_carea' id='block_1_88' title="bbox 1013 2248 1797 2284">
    <p class='ocr_par' dir='ltr' id='par_1_88' title="bbox 1013 2248 1797 2284">
     <span class='ocr_line' id='line_1_88' title="bbox 1013 2248 1797 2284; baseline -0.014 0"><span class='ocrx_word' id='word_1_629' title='bbox 1013 2256 1070 2284; x_wconf 81' lang='lat' dir='ltr'><strong>Non</strong></span> <span class='ocrx_word' id='word_1_630' title='bbox 1086 2263 1149 2283; x_wconf 79' lang='lat' dir='ltr'><strong>raro</strong></span> <span class='ocrx_word' id='word_1_631' title='bbox 1162 2255 1234 2282; x_wconf 88' lang='lat' dir='ltr'><strong>binis</strong></span> <span class='ocrx_word' id='word_1_632' title='bbox 1250 2253 1365 2282; x_wconf 87' lang='lat' dir='ltr'><strong>ternisve</strong></span> <span class='ocrx_word' id='word_1_633' title='bbox 1378 2251 1484 2283; x_wconf 89' lang='lat' dir='ltr'><strong>diebus,</strong></span> <span class='ocrx_word' id='word_1_634' title='bbox 1504 2256 1707 2283; x_wconf 86' lang='lat' dir='ltr'><strong>nonnumquam</strong></span> <span class='ocrx_word' id='word_1_635' title='bbox 1730 2248 1797 2274; x_wconf 89' lang='lat' dir='ltr'><strong>beb-</strong></span> 
     </span>
    </p>
   </div>
   <div class='ocr_carea' id='block_1_89' title="bbox 176 2292 954 2337">
    <p class='ocr_par' dir='ltr' id='par_1_89' title="bbox 176 2301 954 2337">
     <span class='ocr_line' id='line_1_89' title="bbox 176 2301 954 2337; baseline -0.003 -8"><span class='ocrx_word' id='word_1_636' title='bbox 176 2302 220 2329; x_wconf 80' lang='grc' dir='ltr'>διὰ</span> <span class='ocrx_word' id='word_1_637' title='bbox 228 2302 274 2329; x_wconf 80' lang='grc' dir='ltr'><strong>δύο</strong></span> <span class='ocrx_word' id='word_1_638' title='bbox 293 2302 309 2337; x_wconf 82' lang='grc' dir='ltr'>ἢ</span> <span class='ocrx_word' id='word_1_639' title='bbox 325 2302 408 2337; x_wconf 80' lang='grc' dir='ltr'>τριῶν</span> <span class='ocrx_word' id='word_1_640' title='bbox 421 2301 542 2337; x_wconf 78' lang='grc' dir='ltr'>ἡμερῶν,</span> <span class='ocrx_word' id='word_1_641' title='bbox 556 2301 629 2333; x_wconf 80' lang='grc' dir='ltr'>τινὸς</span> <span class='ocrx_word' id='word_1_642' title='bbox 638 2302 688 2328; x_wconf 82' lang='grc' dir='ltr'>οὐκ</span> <span class='ocrx_word' id='word_1_643' title='bbox 702 2301 823 2335; x_wconf 75' lang='grc' dir='ltr'>ἐγεύετο·</span> <span class='ocrx_word' id='word_1_644' title='bbox 837 2301 932 2336; x_wconf 72' lang='grc' dir='ltr'>ἐπειδὴ</span> <span class='ocrx_word' id='word_1_645' title='bbox 945 2302 954 2327; x_wconf 75' lang='grc' dir='ltr'>ἐ</span> 
     </span>
    </p>
   </div>
   <div class='ocr_carea' id='block_1_90' title="bbox 1006 2292 1798 2337">
    <p class='ocr_par' dir='ltr' id='par_1_90' title="bbox 1011 2292 1798 2329">
     <span class='ocr_line' id='line_1_90' title="bbox 1011 2292 1798 2329; baseline -0.013 -1"><span class='ocrx_word' id='word_1_646' title='bbox 1011 2300 1125 2329; x_wconf 87' lang='lat' dir='ltr'><strong>domada</strong></span> <span class='ocrx_word' id='word_1_647' title='bbox 1139 2298 1276 2327; x_wconf 88' lang='lat' dir='ltr'><strong>totaomni</strong></span> <span class='ocrx_word' id='word_1_648' title='bbox 1288 2297 1350 2324; x_wconf 85' lang='lat' dir='ltr'><strong>cibo</strong></span> <span class='ocrx_word' id='word_1_649' title='bbox 1363 2295 1517 2324; x_wconf 76' lang='lat' dir='ltr'><strong>abstinebat</strong></span> <span class='ocrx_word' id='word_1_650' title='bbox 1533 2301 1667 2328; x_wconf 91' lang='lat' dir='ltr'><strong>:cumque</strong></span> <span class='ocrx_word' id='word_1_651' title='bbox 1683 2292 1798 2319; x_wconf 84' lang='lat' dir='ltr'><strong>Satanas</strong></span> 
     </span>
    </p>
   </div>
   <div class='ocr_carea' id='block_1_91' title="bbox 178 2346 960 2382">
    <p class='ocr_par' dir='ltr' id='par_1_91' title="bbox 178 2346 960 2382">
     <span class='ocr_line' id='line_1_91' title="bbox 178 2346 960 2382; baseline -0.003 -8"><span class='ocrx_word' id='word_1_652' title='bbox 178 2349 295 2379; x_wconf 81' lang='grc' dir='ltr'>σατανᾶς</span> <span class='ocrx_word' id='word_1_653' title='bbox 308 2348 372 2380; x_wconf 79' lang='grc' dir='ltr'>τοὺς</span> <span class='ocrx_word' id='word_1_654' title='bbox 391 2347 519 2378; x_wconf 79' lang='grc' dir='ltr'>πλείονας</span> <span class='ocrx_word' id='word_1_655' title='bbox 531 2347 681 2382; x_wconf 75' lang='grc' dir='ltr'>ὲσκλήρυνε</span> <span class='ocrx_word' id='word_1_656' title='bbox 706 2346 754 2373; x_wconf 82' lang='grc' dir='ltr'>τοῦ</span> <span class='ocrx_word' id='word_1_657' title='bbox 772 2346 872 2381; x_wconf 81' lang='grc' dir='ltr'>μηκέτι</span> <span class='ocrx_word' id='word_1_658' title='bbox 889 2354 960 2381; x_wconf 80' lang='grc' dir='ltr'>παρ-</span> 
     </span>
    </p>
   </div>
   <div class='ocr_carea' id='block_1_92' title="bbox 178 2391 959 2428">
    <p class='ocr_par' dir='ltr' id='par_1_92' title="bbox 178 2391 959 2428">
     <span class='ocr_line' id='line_1_92' title="bbox 178 2391 959 2428; baseline -0.004 -9"><span class='ocrx_word' id='word_1_659' title='bbox 178 2393 251 2427; x_wconf 74' lang='grc' dir='ltr'>έχειν</span> <span class='ocrx_word' id='word_1_660' title='bbox 262 2402 289 2419; x_wconf 89' lang='grc' dir='ltr'><strong>τι</strong></span> <span class='ocrx_word' id='word_1_661' title='bbox 303 2393 389 2428; x_wconf 82' lang='grc' dir='ltr'>αὐτῷ,</span> <span class='ocrx_word' id='word_1_662' title='bbox 406 2393 487 2424; x_wconf 77' lang='grc' dir='ltr'>αὐτὸς</span> <span class='ocrx_word' id='word_1_663' title='bbox 503 2393 531 2419; x_wconf 80' lang='grc' dir='ltr'><strong>δὲ</strong></span> <span class='ocrx_word' id='word_1_664' title='bbox 547 2394 596 2419; x_wconf 75' lang='grc' dir='ltr'><strong>οὐκ</strong></span> <span class='ocrx_word' id='word_1_665' title='bbox 619 2393 690 2428; x_wconf 75' lang='grc' dir='ltr'>ᾔτει,</span> <span class='ocrx_word' id='word_1_666' title='bbox 715 2393 762 2418; x_wconf 83' lang='grc' dir='ltr'><strong>καὶ</strong></span> <span class='ocrx_word' id='word_1_667' title='bbox 777 2392 854 2418; x_wconf 75' lang='grc' dir='ltr'><strong>οὐδὲν</strong></span> <span class='ocrx_word' id='word_1_668' title='bbox 864 2391 959 2425; x_wconf 70' lang='grc' dir='ltr'><strong>ἐκομί-</strong></span> 
     </span>
    </p>
   </div>
   <div class='ocr_carea' id='block_1_93' title="bbox 177 2437 959 2473">
    <p class='ocr_par' dir='ltr' id='par_1_93' title="bbox 177 2437 959 2473">
     <span class='ocr_line' id='line_1_93' title="bbox 177 2437 959 2473; baseline -0.004 -8"><span class='ocrx_word' id='word_1_669' title='bbox 177 2440 247 2472; x_wconf 82' lang='grc' dir='ltr'>ζετο.</span> <span class='ocrx_word' id='word_1_670' title='bbox 266 2439 396 2470; x_wconf 71' lang='grc' dir='ltr'>Πολλάκις</span> <span class='ocrx_word' id='word_1_671' title='bbox 420 2439 474 2473; x_wconf 86' lang='grc' dir='ltr'><strong>γὰρ</strong></span> <span class='ocrx_word' id='word_1_672' title='bbox 505 2438 558 2464; x_wconf 78' lang='grc' dir='ltr'><strong>ὑπὸ</strong></span> <span class='ocrx_word' id='word_1_673' title='bbox 587 2438 666 2473; x_wconf 76' lang='grc' dir='ltr'>δίψης</span> <span class='ocrx_word' id='word_1_674' title='bbox 694 2438 833 2472; x_wconf 72' lang='grc' dir='ltr'>ἐφλέγετο,</span> <span class='ocrx_word' id='word_1_675' title='bbox 861 2437 959 2471; x_wconf 76' lang='grc' dir='ltr'><strong>καὶμὴ</strong></span> 
     </span>
    </p>
   </div>
   <div class='ocr_carea' id='block_1_94' title="bbox 178 2481 959 2518">
    <p class='ocr_par' dir='ltr' id='par_1_94' title="bbox 178 2481 959 2518">
     <span class='ocr_line' id='line_1_94' title="bbox 178 2481 959 2518; baseline -0.004 -8"><span class='ocrx_word' id='word_1_676' title='bbox 178 2483 248 2518; x_wconf 77' lang='grc' dir='ltr'>ἔχων</span> <span class='ocrx_word' id='word_1_677' title='bbox 266 2483 291 2509; x_wconf 80' lang='grc' dir='ltr'><strong>τί</strong></span> <span class='ocrx_word' id='word_1_678' title='bbox 309 2482 517 2516; x_wconf 67' lang='grc' dir='ltr'>εἰσπράξασθαι,</span> <span class='ocrx_word' id='word_1_679' title='bbox 545 2482 681 2517; x_wconf 81' lang='grc' dir='ltr'>εὑρίσκων</span> <span class='ocrx_word' id='word_1_680' title='bbox 710 2482 813 2516; x_wconf 73' lang='grc' dir='ltr'>πηλὸν,</span> <span class='ocrx_word' id='word_1_681' title='bbox 844 2481 959 2508; x_wconf 67' lang='grc' dir='ltr'>ὑδόσται</span> 
     </span>
    </p>
   </div>
   <div class='ocr_carea' id='block_1_95' title="bbox 177 2527 960 2562">
    <p class='ocr_par' dir='ltr' id='par_1_95' title="bbox 177 2527 960 2562">
     <span class='ocr_line' id='line_1_95' title="bbox 177 2527 960 2562; baseline -0.003 -7"><span class='ocrx_word' id='word_1_682' title='bbox 177 2537 223 2555; x_wconf 79' lang='grc' dir='ltr'>τον</span> <span class='ocrx_word' id='word_1_683' title='bbox 252 2528 308 2561; x_wconf 67' lang='grc' dir='ltr'><strong>ἐπὶ,</strong></span> <span class='ocrx_word' id='word_1_684' title='bbox 326 2528 375 2562; x_wconf 81' lang='grc' dir='ltr'>τῆς</span> <span class='ocrx_word' id='word_1_685' title='bbox 404 2528 541 2562; x_wconf 65' lang='grc' dir='ltr'>λεωφόρου</span> <span class='ocrx_word' id='word_1_686' title='bbox 563 2528 601 2558; x_wconf 83' lang='grc' dir='ltr'><strong>ὡς</strong></span> <span class='ocrx_word' id='word_1_687' title='bbox 625 2528 678 2554; x_wconf 69' lang='grc' dir='ltr'><strong>ἀπὸ</strong></span> <span class='ocrx_word' id='word_1_688' title='bbox 703 2527 782 2554; x_wconf 80' lang='grc' dir='ltr'>ὑετοῦ</span> <span class='ocrx_word' id='word_1_689' title='bbox 819 2527 960 2561; x_wconf 81' lang='grc' dir='ltr'>γεγονότα,</span> 
     </span>
    </p>
   </div>
   <div class='ocr_carea' id='block_1_96' title="bbox 177 2572 962 2608">
    <p class='ocr_par' dir='ltr' id='par_1_96' title="bbox 177 2572 962 2608">
     <span class='ocr_line' id='line_1_96' title="bbox 177 2572 962 2608; baseline -0.004 -7"><span class='ocrx_word' id='word_1_690' title='bbox 177 2575 277 2601; x_wconf 82' lang='grc' dir='ltr'>κλίνων</span> <span class='ocrx_word' id='word_1_691' title='bbox 307 2574 337 2600; x_wconf 83' lang='grc' dir='ltr'><strong>τὸ</strong></span> <span class='ocrx_word' id='word_1_692' title='bbox 359 2574 436 2606; x_wconf 84' lang='grc' dir='ltr'>γόνυ,</span> <span class='ocrx_word' id='word_1_693' title='bbox 461 2572 579 2607; x_wconf 78' lang='grc' dir='ltr'>ὲνεφύσα</span> <span class='ocrx_word' id='word_1_694' title='bbox 598 2573 673 2607; x_wconf 84' lang='grc' dir='ltr'><strong>αὑτῷ</strong></span> <span class='ocrx_word' id='word_1_695' title='bbox 698 2572 879 2608; x_wconf 80' lang='grc' dir='ltr'>σταυροειδῶς</span> <span class='ocrx_word' id='word_1_696' title='bbox 891 2572 962 2608; x_wconf 67' lang='grc' dir='ltr'>τρὶς,</span> 
     </span>
    </p>
   </div>
   <div class='ocr_carea' id='block_1_97' title="bbox 179 2618 964 2654">
    <p class='ocr_par' dir='ltr' id='par_1_97' title="bbox 179 2618 964 2654">
     <span class='ocr_line' id='line_1_97' title="bbox 179 2618 964 2654; baseline -0.001 -9"><span class='ocrx_word' id='word_1_697' title='bbox 179 2621 227 2647; x_wconf 67' lang='grc' dir='ltr'>καὶ</span> <span class='ocrx_word' id='word_1_698' title='bbox 247 2620 332 2651; x_wconf 76' lang='grc' dir='ltr'>οὕτως</span> <span class='ocrx_word' id='word_1_699' title='bbox 345 2618 410 2646; x_wconf 79' lang='grc' dir='ltr'>αὐτὸ</span> <span class='ocrx_word' id='word_1_700' title='bbox 423 2619 526 2651; x_wconf 74' lang='grc' dir='ltr'>ἔπινεν,</span> <span class='ocrx_word' id='word_1_701' title='bbox 541 2618 611 2645; x_wconf 79' lang='grc' dir='ltr'>ὥστε</span> <span class='ocrx_word' id='word_1_702' title='bbox 633 2618 801 2654; x_wconf 74' lang='grc' dir='ltr'>θεωροῦντας</span> <span class='ocrx_word' id='word_1_703' title='bbox 817 2619 880 2650; x_wconf 73' lang='grc' dir='ltr'>τοὺς</span> <span class='ocrx_word' id='word_1_704' title='bbox 891 2627 964 2653; x_wconf 86' lang='grc' dir='ltr'>παρ-</span> 
     </span>
    </p>
   </div>
   <div class='ocr_carea' id='block_1_98' title="bbox 177 2705 960 2740">
    <p class='ocr_par' dir='ltr' id='par_1_98' title="bbox 177 2705 960 2740">
     <span class='ocr_line' id='line_1_98' title="bbox 177 2705 960 2740; baseline -0.003 -6"><span class='ocrx_word' id='word_1_705' title='bbox 177 2733 190 2737; x_wconf 38' lang='grc' dir='ltr'><em>α</em></span> <span class='ocrx_word' id='word_1_706' title='bbox 228 2707 272 2740; x_wconf 74' lang='grc' dir='ltr'><strong>Η)</strong></span> <span class='ocrx_word' id='word_1_707' title='bbox 288 2707 354 2733; x_wconf 81' lang='lat' dir='ltr'><strong>Aliis</strong></span> <span class='ocrx_word' id='word_1_708' title='bbox 367 2706 554 2740; x_wconf 71' lang='lat' dir='ltr'><strong>paximatium,</strong></span> <span class='ocrx_word' id='word_1_709' title='bbox 569 2705 760 2739; x_wconf 66' lang='lat' dir='ltr'><strong>pasamidium,</strong></span> <span class='ocrx_word' id='word_1_710' title='bbox 772 2710 798 2732; x_wconf 90' lang='lat' dir='ltr'><strong>et</strong></span> <span class='ocrx_word' id='word_1_711' title='bbox 813 2713 960 2740; x_wconf 71' lang='lat' dir='ltr'><strong>paxamas;</strong></span> 
     </span>
    </p>
   </div>
   <div class='ocr_carea' id='block_1_99' title="bbox 179 2740 960 2776">
    <p class='ocr_par' dir='ltr' id='par_1_99' title="bbox 179 2740 960 2776">
     <span class='ocr_line' id='line_1_99' title="bbox 179 2740 960 2776; baseline -0.003 -8"><span class='ocrx_word' id='word_1_712' title='bbox 179 2742 214 2768; x_wconf 82' lang='lat' dir='ltr'><strong>de</strong></span> <span class='ocrx_word' id='word_1_713' title='bbox 240 2750 294 2776; x_wconf 78' lang='lat' dir='ltr'><strong>quo</strong></span> <span class='ocrx_word' id='word_1_714' title='bbox 306 2741 417 2776; x_wconf 57' lang='lat' dir='ltr'><strong>Sui-las.</strong></span> <span class='ocrx_word' id='word_1_715' title='bbox 433 2740 478 2766; x_wconf 81' lang='lat' dir='ltr'><strong>Bis</strong></span> <span class='ocrx_word' id='word_1_716' title='bbox 490 2747 584 2767; x_wconf 86' lang='lat' dir='ltr'><strong>coctus</strong></span> <span class='ocrx_word' id='word_1_717' title='bbox 606 2741 693 2775; x_wconf 84' lang='lat' dir='ltr'><strong>panis,</strong></span> <span class='ocrx_word' id='word_1_718' title='bbox 705 2741 751 2776; x_wconf 86' lang='lat' dir='ltr'><strong>qui</strong></span> <span class='ocrx_word' id='word_1_719' title='bbox 772 2741 841 2774; x_wconf 84' lang='lat' dir='ltr'><strong>apud</strong></span> <span class='ocrx_word' id='word_1_720' title='bbox 858 2741 960 2767; x_wconf 79' lang='lat' dir='ltr'><strong>Roma-</strong></span> 
     </span>
    </p>
   </div>
   <div class='ocr_carea' id='block_1_100' title="bbox 180 2775 961 2810">
    <p class='ocr_par' dir='ltr' id='par_1_100' title="bbox 180 2775 961 2810">
     <span class='ocr_line' id='line_1_100' title="bbox 180 2775 961 2810; baseline -0.001 -7"><span class='ocrx_word' id='word_1_721' title='bbox 180 2785 242 2808; x_wconf 84' lang='lat' dir='ltr'><strong>nos,</strong></span> <span class='ocrx_word' id='word_1_722' title='bbox 271 2783 366 2810; x_wconf 78' lang='lat' dir='ltr'><strong>ueinpe</strong></span> <span class='ocrx_word' id='word_1_723' title='bbox 403 2775 577 2810; x_wconf 79' lang='lat' dir='ltr'><strong>Byzantinos,</strong></span> <span class='ocrx_word' id='word_1_724' title='bbox 598 2779 628 2801; x_wconf 91' lang='lat' dir='ltr'><strong>ut</strong></span> <span class='ocrx_word' id='word_1_725' title='bbox 655 2776 711 2801; x_wconf 87' lang='lat' dir='ltr'><strong>vult</strong></span> <span class='ocrx_word' id='word_1_726' title='bbox 727 2775 834 2810; x_wconf 79' lang='lat' dir='ltr'><strong>Lipsius</strong></span> <span class='ocrx_word' id='word_1_727' title='bbox 862 2775 961 2810; x_wconf 69' lang='lat' dir='ltr'><strong>dicitur</strong></span> 
     </span>
    </p>
   </div>
   <div class='ocr_carea' id='block_1_101' title="bbox 177 2806 959 2846">
    <p class='ocr_par' dir='ltr' id='par_1_101' title="bbox 177 2806 959 2846">
     <span class='ocr_line' id='line_1_101' title="bbox 177 2806 959 2846; baseline -0.001 -8"><span class='ocrx_word' id='word_1_728' title='bbox 177 2806 319 2846; x_wconf 66' lang='lat' dir='ltr'><strong>pasamas.</strong></span> <span class='ocrx_word' id='word_1_729' title='bbox 334 2806 431 2846; x_wconf 47' lang='lat' dir='ltr'><strong>&quot;Plura&#39;</strong></span> <span class='ocrx_word' id='word_1_730' title='bbox 442 2809 546 2846; x_wconf 69' lang='lat' dir='ltr'><strong>dehac</strong></span> <span class='ocrx_word' id='word_1_731' title='bbox 554 2806 635 2846; x_wconf 20' lang='lat' dir='ltr'><strong>‘voce</strong></span> <span class='ocrx_word' id='word_1_732' title='bbox 649 2806 784 2846; x_wconf 84' lang='lat' dir='ltr'><strong>congessit</strong></span> <span class='ocrx_word' id='word_1_733' title='bbox 800 2806 959 2846; x_wconf 78' lang='lat' dir='ltr'><strong>Rosweidus</strong></span> 
     </span>
    </p>
   </div>
   <div class='ocr_carea' id='block_1_102' title="bbox 179 2844 961 2873">
    <p class='ocr_par' dir='ltr' id='par_1_102' title="bbox 179 2844 961 2873">
     <span class='ocr_line' id='line_1_102' title="bbox 179 2844 961 2873; baseline -0.004 -1"><span class='ocrx_word' id='word_1_734' title='bbox 179 2844 207 2872; x_wconf 76' lang='lat' dir='ltr'><strong>in</strong></span> <span class='ocrx_word' id='word_1_735' title='bbox 224 2845 399 2873; x_wconf 86' lang='lat' dir='ltr'><strong>Onomastico</strong></span> <span class='ocrx_word' id='word_1_736' title='bbox 416 2844 448 2871; x_wconf 82' lang='lat' dir='ltr'><strong>ad</strong></span> <span class='ocrx_word' id='word_1_737' title='bbox 464 2845 537 2871; x_wconf 79' lang='lat' dir='ltr'><strong>Vitas</strong></span> <span class='ocrx_word' id='word_1_738' title='bbox 554 2844 674 2871; x_wconf 85' lang='lat' dir='ltr'><strong>Patrum.</strong></span> <span class='ocrx_word' id='word_1_739' title='bbox 692 2845 809 2870; x_wconf 83' lang='lat' dir='ltr'><strong>Arduam</strong></span> <span class='ocrx_word' id='word_1_740' title='bbox 835 2851 899 2870; x_wconf 84' lang='lat' dir='ltr'><strong>vero</strong></span> <span class='ocrx_word' id='word_1_741' title='bbox 913 2844 961 2870; x_wconf 87' lang='lat' dir='ltr'><strong>ab-</strong></span> 
     </span>
    </p>
   </div>
   <div class='ocr_carea' id='block_1_103' title="bbox 178 2878 958 2912">
    <p class='ocr_par' dir='ltr' id='par_1_103' title="bbox 178 2878 958 2912">
     <span class='ocr_line' id='line_1_103' title="bbox 178 2878 958 2912; baseline 0 -7"><span class='ocrx_word' id='word_1_742' title='bbox 178 2880 335 2907; x_wconf 68' lang='lat' dir='ltr'><strong>stinentiun</strong></span> <span class='ocrx_word' id='word_1_743' title='bbox 372 2879 457 2906; x_wconf 76' lang='lat' dir='ltr'><strong>fuisse</strong></span> <span class='ocrx_word' id='word_1_744' title='bbox 483 2879 556 2906; x_wconf 89' lang='lat' dir='ltr'><strong>illam</strong></span> <span class='ocrx_word' id='word_1_745' title='bbox 581 2879 815 2909; x_wconf 77' lang='lat' dir='ltr'><strong>Andrem,medio</strong></span> <span class='ocrx_word' id='word_1_746' title='bbox 826 2878 958 2912; x_wconf 80' lang='lat' dir='ltr'><strong>quotidie.</strong></span> 
     </span>
    </p>
   </div>
   <div class='ocr_carea' id='block_1_104' title="bbox 182 2913 956 2950">
    <p class='ocr_par' dir='ltr' id='par_1_104' title="bbox 182 2913 956 2950">
     <span class='ocr_line' id='line_1_104' title="bbox 182 2913 956 2950; baseline -0.001 -10"><span class='ocrx_word' id='word_1_747' title='bbox 182 2922 235 2941; x_wconf 84' lang='lat' dir='ltr'><strong>non</strong></span> <span class='ocrx_word' id='word_1_748' title='bbox 267 2915 336 2949; x_wconf 81' lang='lat' dir='ltr'><strong>plus,</strong></span> <span class='ocrx_word' id='word_1_749' title='bbox 352 2914 505 2950; x_wconf 79' lang='lat' dir='ltr'><strong>paxamatio</strong></span> <span class='ocrx_word' id='word_1_750' title='bbox 522 2914 666 2949; x_wconf 81' lang='lat' dir='ltr'><strong>vescentis,</strong></span> <span class='ocrx_word' id='word_1_751' title='bbox 683 2913 784 2948; x_wconf 77' lang='lat' dir='ltr'><strong>patebit</strong></span> <span class='ocrx_word' id='word_1_752' title='bbox 809 2921 840 2941; x_wconf 74' lang='lat' dir='ltr'><strong>ex</strong></span> <span class='ocrx_word' id='word_1_753' title='bbox 861 2913 956 2944; x_wconf 73' lang='lat' dir='ltr'><strong>[tumlti</strong></span> 
     </span>
    </p>
   </div>
   <div class='ocr_carea' id='block_1_105' title="bbox 1015 2338 1799 2382">
    <p class='ocr_par' dir='ltr' id='par_1_105' title="bbox 1015 2338 1799 2382">
     <span class='ocr_line' id='line_1_105' title="bbox 1015 2338 1799 2382; baseline -0.013 -9"><span class='ocrx_word' id='word_1_754' title='bbox 1015 2346 1194 2382; x_wconf 87' lang='lat' dir='ltr'><strong>plurimorum</strong></span> <span class='ocrx_word' id='word_1_755' title='bbox 1212 2343 1321 2375; x_wconf 71' lang='lat' dir='ltr'><strong>animis,</strong></span> <span class='ocrx_word' id='word_1_756' title='bbox 1349 2346 1377 2369; x_wconf 93' lang='lat' dir='ltr'><strong>ut</strong></span> <span class='ocrx_word' id='word_1_757' title='bbox 1395 2349 1430 2368; x_wconf 84' lang='lat' dir='ltr'><strong>ne</strong></span> <span class='ocrx_word' id='word_1_758' title='bbox 1448 2340 1513 2375; x_wconf 91' lang='lat' dir='ltr'><strong>quid</strong></span> <span class='ocrx_word' id='word_1_759' title='bbox 1533 2343 1677 2374; x_wconf 74' lang='lat' dir='ltr'><strong>erogarent</strong></span> <span class='ocrx_word' id='word_1_760' title='bbox 1687 2338 1724 2364; x_wconf 92' lang='lat' dir='ltr'><strong>illi</strong></span> <span class='ocrx_word' id='word_1_761' title='bbox 1741 2345 1799 2364; x_wconf 89' lang='lat' dir='ltr'><strong>am-</strong></span> 
     </span>
    </p>
   </div>
   <div class='ocr_carea' id='block_1_106' title="bbox 1013 2385 1796 2426">
    <p class='ocr_par' dir='ltr' id='par_1_106' title="bbox 1013 2385 1796 2426">
     <span class='ocr_line' id='line_1_106' title="bbox 1013 2385 1796 2426; baseline -0.009 -10"><span class='ocrx_word' id='word_1_762' title='bbox 1013 2393 1095 2426; x_wconf 85' lang='lat' dir='ltr'><strong>plius,</strong></span> <span class='ocrx_word' id='word_1_763' title='bbox 1122 2389 1332 2418; x_wconf 84' lang='lat' dir='ltr'><strong>obstinationem</strong></span> <span class='ocrx_word' id='word_1_764' title='bbox 1363 2387 1524 2417; x_wconf 84' lang='lat' dir='ltr'><strong>induxisset,</strong></span> <span class='ocrx_word' id='word_1_765' title='bbox 1554 2392 1586 2412; x_wconf 87' lang='lat' dir='ltr'><strong>ac</strong></span> <span class='ocrx_word' id='word_1_766' title='bbox 1612 2385 1671 2418; x_wconf 87' lang='lat' dir='ltr'><strong>ipse</strong></span> <span class='ocrx_word' id='word_1_767' title='bbox 1689 2389 1796 2410; x_wconf 88' lang='lat' dir='ltr'><strong>omnem</strong></span> 
     </span>
    </p>
   </div>
   <div class='ocr_carea' id='block_1_107' title="bbox 1013 2429 1798 2472">
    <p class='ocr_par' dir='ltr' id='par_1_107' title="bbox 1013 2429 1798 2472">
     <span class='ocr_line' id='line_1_107' title="bbox 1013 2429 1798 2472; baseline -0.013 -7"><span class='ocrx_word' id='word_1_768' title='bbox 1013 2437 1120 2472; x_wconf 86' lang='lat' dir='ltr'><strong>petendi</strong></span> <span class='ocrx_word' id='word_1_769' title='bbox 1148 2442 1242 2463; x_wconf 86' lang='lat' dir='ltr'><strong>curam</strong></span> <span class='ocrx_word' id='word_1_770' title='bbox 1266 2433 1417 2468; x_wconf 84' lang='lat' dir='ltr'><strong>abjiceret;</strong></span> <span class='ocrx_word' id='word_1_771' title='bbox 1444 2431 1510 2459; x_wconf 88' lang='lat' dir='ltr'><strong>nihil</strong></span> <span class='ocrx_word' id='word_1_772' title='bbox 1529 2431 1677 2466; x_wconf 86' lang='lat' dir='ltr'><strong>quidquam</strong></span> <span class='ocrx_word' id='word_1_773' title='bbox 1703 2429 1735 2456; x_wconf 86' lang='lat' dir='ltr'><strong>ad</strong></span> <span class='ocrx_word' id='word_1_774' title='bbox 1750 2437 1798 2456; x_wconf 89' lang='lat' dir='ltr'><strong>su-</strong></span> 
     </span>
    </p>
   </div>
   <div class='ocr_carea' id='block_1_108' title="bbox 1013 2474 1798 2513">
    <p class='ocr_par' dir='ltr' id='par_1_108' title="bbox 1013 2474 1798 2513">
     <span class='ocr_line' id='line_1_108' title="bbox 1013 2474 1798 2513; baseline -0.013 -3"><span class='ocrx_word' id='word_1_775' title='bbox 1013 2482 1205 2510; x_wconf 86' lang='lat' dir='ltr'><strong>stentationem</strong></span> <span class='ocrx_word' id='word_1_776' title='bbox 1222 2478 1382 2513; x_wconf 88' lang='lat' dir='ltr'><strong>accipiebat.</strong></span> <span class='ocrx_word' id='word_1_777' title='bbox 1407 2477 1475 2504; x_wconf 86' lang='lat' dir='ltr'><strong>Hinc</strong></span> <span class='ocrx_word' id='word_1_778' title='bbox 1487 2476 1635 2511; x_wconf 65' lang='lat' dir='ltr'><strong>saepissime</strong></span> <span class='ocrx_word' id='word_1_779' title='bbox 1649 2474 1694 2502; x_wconf 87' lang='lat' dir='ltr'><strong>siti</strong></span> <span class='ocrx_word' id='word_1_780' title='bbox 1714 2478 1798 2501; x_wconf 56' lang='lat' dir='ltr'><strong>aestu—</strong></span> 
     </span>
    </p>
   </div>
   <div class='ocr_carea' id='block_1_109' title="bbox 1016 2519 1798 2561">
    <p class='ocr_par' dir='ltr' id='par_1_109' title="bbox 1016 2519 1798 2561">
     <span class='ocr_line' id='line_1_109' title="bbox 1016 2519 1798 2561; baseline -0.013 -6"><span class='ocrx_word' id='word_1_781' title='bbox 1016 2536 1076 2559; x_wconf 84' lang='lat' dir='ltr'><strong>ans.</strong></span> <span class='ocrx_word' id='word_1_782' title='bbox 1091 2526 1194 2561; x_wconf 81' lang='lat' dir='ltr'><strong>etquid</strong></span> <span class='ocrx_word' id='word_1_783' title='bbox 1207 2524 1314 2553; x_wconf 86' lang='lat' dir='ltr'><strong>consilii</strong></span> <span class='ocrx_word' id='word_1_784' title='bbox 1330 2527 1440 2558; x_wconf 86' lang='lat' dir='ltr'><strong>caperet</strong></span> <span class='ocrx_word' id='word_1_785' title='bbox 1453 2523 1592 2557; x_wconf 76' lang='lat' dir='ltr'><strong>ignorans,</strong></span> <span class='ocrx_word' id='word_1_786' title='bbox 1608 2525 1715 2555; x_wconf 84' lang='lat' dir='ltr'><strong>reperto</strong></span> <span class='ocrx_word' id='word_1_787' title='bbox 1728 2519 1798 2546; x_wconf 79' lang='lat' dir='ltr'><strong>forte</strong></span> 
     </span>
    </p>
   </div>
   <div class='ocr_carea' id='block_1_110' title="bbox 1016 2566 1796 2606">
    <p class='ocr_par' dir='ltr' id='par_1_110' title="bbox 1016 2566 1796 2606">
     <span class='ocr_line' id='line_1_110' title="bbox 1016 2566 1796 2606; baseline -0.012 -7"><span class='ocrx_word' id='word_1_788' title='bbox 1016 2573 1042 2599; x_wconf 81' lang='lat' dir='ltr'><strong>in</strong></span> <span class='ocrx_word' id='word_1_789' title='bbox 1056 2573 1141 2606; x_wconf 86' lang='lat' dir='ltr'><strong>platea</strong></span> <span class='ocrx_word' id='word_1_790' title='bbox 1156 2571 1211 2597; x_wconf 90' lang='lat' dir='ltr'><strong>luto</strong></span> <span class='ocrx_word' id='word_1_791' title='bbox 1220 2577 1289 2604; x_wconf 89' lang='lat' dir='ltr'><strong>aqua</strong></span> <span class='ocrx_word' id='word_1_792' title='bbox 1297 2569 1387 2603; x_wconf 87' lang='lat' dir='ltr'><strong>pluvia</strong></span> <span class='ocrx_word' id='word_1_793' title='bbox 1405 2568 1529 2600; x_wconf 87' lang='lat' dir='ltr'><strong>subacto,</strong></span> <span class='ocrx_word' id='word_1_794' title='bbox 1550 2566 1679 2594; x_wconf 79' lang='lat' dir='ltr'><strong>curvabat</strong></span> <span class='ocrx_word' id='word_1_795' title='bbox 1693 2571 1796 2600; x_wconf 75' lang='lat' dir='ltr'><strong>genua;</strong></span> 
     </span>
    </p>
   </div>
   <div class='ocr_carea' id='block_1_111' title="bbox 1016 2610 1798 2650">
    <p class='ocr_par' dir='ltr' id='par_1_111' title="bbox 1016 2610 1798 2650">
     <span class='ocr_line' id='line_1_111' title="bbox 1016 2610 1798 2650; baseline -0.009 -5"><span class='ocrx_word' id='word_1_796' title='bbox 1016 2626 1048 2645; x_wconf 84' lang='lat' dir='ltr'><strong>ac</strong></span> <span class='ocrx_word' id='word_1_797' title='bbox 1065 2622 1171 2644; x_wconf 89' lang='lat' dir='ltr'><strong>ternum</strong></span> <span class='ocrx_word' id='word_1_798' title='bbox 1183 2616 1272 2644; x_wconf 86' lang='lat' dir='ltr'><strong>crucis</strong></span> <span class='ocrx_word' id='word_1_799' title='bbox 1282 2615 1389 2650; x_wconf 73' lang='lat' dir='ltr'><strong>signum</strong></span> <span class='ocrx_word' id='word_1_800' title='bbox 1418 2613 1546 2641; x_wconf 89' lang='lat' dir='ltr'><strong>instando</strong></span> <span class='ocrx_word' id='word_1_801' title='bbox 1577 2612 1709 2645; x_wconf 78' lang='lat' dir='ltr'><strong>formans,</strong></span> <span class='ocrx_word' id='word_1_802' title='bbox 1735 2610 1798 2638; x_wconf 85' lang='lat' dir='ltr'><strong>inde</strong></span> 
     </span>
    </p>
   </div>
   <div class='ocr_carea' id='block_1_112' title="bbox 1016 2701 1796 2738">
    <p class='ocr_par' dir='ltr' id='par_1_112' title="bbox 1016 2701 1796 2738">
     <span class='ocr_line' id='line_1_112' title="bbox 1016 2701 1796 2738; baseline -0.006 -5"><span class='ocrx_word' id='word_1_803' title='bbox 1016 2706 1062 2733; x_wconf 90' lang='lat' dir='ltr'><strong>lib.</strong></span> <span class='ocrx_word' id='word_1_804' title='bbox 1078 2713 1120 2736; x_wconf 83' lang='lat' dir='ltr'><strong>ut,</strong></span> <span class='ocrx_word' id='word_1_805' title='bbox 1136 2712 1212 2732; x_wconf 91' lang='lat' dir='ltr'><strong>num.</strong></span> <span class='ocrx_word' id='word_1_806' title='bbox 1226 2704 1272 2738; x_wconf 80' lang='lat'><strong>3|,</strong></span> <span class='ocrx_word' id='word_1_807' title='bbox 1290 2703 1335 2730; x_wconf 91' lang='lat' dir='ltr'><strong>ubi</strong></span> <span class='ocrx_word' id='word_1_808' title='bbox 1353 2702 1517 2736; x_wconf 81' lang='lat' dir='ltr'><strong>singularem</strong></span> <span class='ocrx_word' id='word_1_809' title='bbox 1546 2701 1640 2738; x_wconf 83' lang='lat' dir='ltr'><strong>Pieris</strong></span> <span class='ocrx_word' id='word_1_810' title='bbox 1658 2701 1796 2738; x_wconf 84' lang='lat' dir='ltr'><strong>abstinen-</strong></span> 
     </span>
    </p>
   </div>
   <div class='ocr_carea' id='block_1_113' title="bbox 1015 2737 1799 2770">
    <p class='ocr_par' dir='ltr' id='par_1_113' title="bbox 1015 2737 1799 2770">
     <span class='ocr_line' id='line_1_113' title="bbox 1015 2737 1799 2770; baseline -0.005 -3"><span class='ocrx_word' id='word_1_811' title='bbox 1015 2741 1079 2767; x_wconf 86' lang='lat' dir='ltr'><strong>tiam</strong></span> <span class='ocrx_word' id='word_1_812' title='bbox 1097 2740 1247 2767; x_wconf 85' lang='lat' dir='ltr'><strong>insinuans.</strong></span> <span class='ocrx_word' id='word_1_813' title='bbox 1282 2748 1291 2764; x_wconf 73' lang='grc' dir='ltr'><strong>ε</strong></span> <span class='ocrx_word' id='word_1_814' title='bbox 1311 2738 1427 2764; x_wconf 85' lang='lat' dir='ltr'><strong>Tantum</strong></span> <span class='ocrx_word' id='word_1_815' title='bbox 1455 2744 1551 2768; x_wconf 90' lang='lat' dir='ltr'><strong>unum,</strong></span> <span class='ocrx_word' id='word_1_816' title='bbox 1568 2737 1799 2770; x_wconf 76' lang='lat' dir='ltr'><strong>inqui_t,pasima-</strong></span> 
     </span>
    </p>
   </div>
   <div class='ocr_carea' id='block_1_114' title="bbox 1015 2766 1797 2811">
    <p class='ocr_par' dir='ltr' id='par_1_114' title="bbox 1015 2766 1797 2811">
     <span class='ocr_line' id='line_1_114' title="bbox 1015 2766 1797 2811; baseline -0.005 -10"><span class='ocrx_word' id='word_1_817' title='bbox 1015 2766 1080 2811; x_wconf 79' lang='lat' dir='ltr'><strong>tium</strong></span> <span class='ocrx_word' id='word_1_818' title='bbox 1096 2779 1124 2801; x_wconf 89' lang='lat' dir='ltr'><strong>et</strong></span> <span class='ocrx_word' id='word_1_819' title='bbox 1138 2766 1357 2811; x_wconf 63' lang='lat' dir='ltr'><strong>quinqueolivas</strong></span> <span class='ocrx_word' id='word_1_820' title='bbox 1370 2772 1396 2798; x_wconf 92' lang='lat' dir='ltr'><strong>iu</strong></span> <span class='ocrx_word' id='word_1_821' title='bbox 1413 2771 1475 2811; x_wconf 70' lang='lat' dir='ltr'><strong>cibo</strong></span> <span class='ocrx_word' id='word_1_822' title='bbox 1493 2766 1685 2811; x_wconf 56' lang='lat' dir='ltr'><strong>acc_ipiebat&#39;,&#39;§</strong></span> <span class='ocrx_word' id='word_1_823' title='bbox 1705 2772 1797 2805; x_wconf 83' lang='lat' dir='ltr'><strong>quoti-</strong></span> 
     </span>
    </p>
   </div>
   <div class='ocr_carea' id='block_1_115' title="bbox 1014 2805 1798 2839">
    <p class='ocr_par' dir='ltr' id='par_1_115' title="bbox 1014 2805 1798 2839">
     <span class='ocr_line' id='line_1_115' title="bbox 1014 2805 1798 2839; baseline -0.003 -3"><span class='ocrx_word' id='word_1_824' title='bbox 1014 2810 1068 2839; x_wconf 84' lang='lat' dir='ltr'><strong>die,</strong></span> <span class='ocrx_word' id='word_1_825' title='bbox 1085 2813 1113 2835; x_wconf 90' lang='lat' dir='ltr'><strong>ut</strong></span> <span class='ocrx_word' id='word_1_826' title='bbox 1137 2805 1222 2835; x_wconf 53' lang='lat' dir='ltr'><strong>r&#39;eorf</strong></span> <span class='ocrx_word' id='word_1_827' title='bbox 1237 2807 1286 2834; x_wconf 90' lang='lat' dir='ltr'><strong>Hic</strong></span> <span class='ocrx_word' id='word_1_828' title='bbox 1310 2811 1399 2834; x_wconf 80' lang='lat' dir='ltr'><strong>autem</strong></span> <span class='ocrx_word' id='word_1_829' title='bbox 1413 2805 1510 2833; x_wconf 81' lang='lat' dir='ltr'><strong>Noster</strong></span> <span class='ocrx_word' id='word_1_830' title='bbox 1530 2805 1642 2834; x_wconf 79' lang='lat' dir='ltr'><strong>dimidio</strong></span> <span class='ocrx_word' id='word_1_831' title='bbox 1655 2810 1798 2834; x_wconf 84' lang='lat' dir='ltr'><strong>contentus</strong></span> 
     </span>
    </p>
   </div>
   <div class='ocr_carea' id='block_1_116' title="bbox 1014 2840 1798 2874">
    <p class='ocr_par' dir='ltr' id='par_1_116' title="bbox 1014 2840 1798 2874">
     <span class='ocr_line' id='line_1_116' title="bbox 1014 2840 1798 2874; baseline -0.006 -4"><span class='ocrx_word' id='word_1_832' title='bbox 1014 2848 1072 2870; x_wconf 89' lang='lat' dir='ltr'><strong>erat</strong></span> <span class='ocrx_word' id='word_1_833' title='bbox 1087 2851 1094 2870; x_wconf 88' lang='lat'><strong>:</strong></span> <span class='ocrx_word' id='word_1_834' title='bbox 1108 2843 1174 2874; x_wconf 88' lang='lat' dir='ltr'><strong>imo,</strong></span> <span class='ocrx_word' id='word_1_835' title='bbox 1208 2843 1245 2869; x_wconf 92' lang='lat' dir='ltr'><strong>uti</strong></span> <span class='ocrx_word' id='word_1_836' title='bbox 1274 2849 1336 2869; x_wconf 79' lang='lat' dir='ltr'><strong>mox</strong></span> <span class='ocrx_word' id='word_1_837' title='bbox 1362 2841 1498 2873; x_wconf 85' lang='lat' dir='ltr'><strong>subditur,</strong></span> <span class='ocrx_word' id='word_1_838' title='bbox 1516 2841 1627 2868; x_wconf 91' lang='lat' dir='ltr'><strong>biduum</strong></span> <span class='ocrx_word' id='word_1_839' title='bbox 1645 2840 1798 2866; x_wconf 83' lang='lat' dir='ltr'><strong>tridunmvo</strong></span> 
     </span>
    </p>
   </div>
   <div class='ocr_carea' id='block_1_117' title="bbox 1014 2875 1801 2939">
    <p class='ocr_par' dir='ltr' id='par_1_117' title="bbox 1014 2875 1801 2939">
     <span class='ocr_line' id='line_1_117' title="bbox 1014 2875 1801 2939; baseline -0.003 -36"><span class='ocrx_word' id='word_1_840' title='bbox 1014 2877 1262 2939; x_wconf 61' lang='lat' dir='ltr'><strong>ﬁtlhebdomadam</strong></span> <span class='ocrx_word' id='word_1_841' title='bbox 1291 2876 1437 2909; x_wconf 81' lang='lat' dir='ltr'><strong>aliquando</strong></span> <span class='ocrx_word' id='word_1_842' title='bbox 1461 2879 1546 2903; x_wconf 79' lang='lat' dir='ltr'><strong>totam</strong></span> <span class='ocrx_word' id='word_1_843' title='bbox 1569 2876 1678 2910; x_wconf 77' lang='lat' dir='ltr'><strong>jejunus</strong></span> <span class='ocrx_word' id='word_1_844' title='bbox 1699 2875 1801 2902; x_wconf 69' lang='lat' dir='ltr'><strong>transi-</strong></span> 
     </span>
     <span class='ocr_line' id='line_1_118' title="bbox 1032 2920 1067 2939; baseline 0 0"><span class='ocrx_word' id='word_1_845' title='bbox 1032 2920 1045 2939; x_wconf 70' lang='grc' dir='ltr'><strong>ει</strong></span> <span class='ocrx_word' id='word_1_846' title='bbox 1062 2932 1067 2939; x_wconf 93' lang='grc'>.</span> 
     </span>
    </p>
   </div>
   <div class='ocr_carea' id='block_1_118' title="bbox 1032 2917 1823 2945">
    <p class='ocr_par' dir='ltr' id='par_1_118' title="bbox 1032 2917 1823 2945">
     <span class='ocr_line' id='line_1_119' title="bbox 1032 2917 1823 2945; baseline 0.005 -4"><span class='ocrx_word' id='word_1_847' title='bbox 1032 2917 1067 2943; x_wconf 65' lang='grc' dir='ltr'>ιιι.</span> <span class='ocrx_word' id='word_1_848' title='bbox 1795 2928 1823 2945; x_wconf 67' lang='grc' dir='ltr'>δι</span> 
     </span>
    </p>
   </div>
   <div class='ocr_carea' id='block_1_119' title="bbox 1330 2960 1366 2979">
    <p class='ocr_par' dir='ltr' id='par_1_119' title="bbox 1330 2960 1366 2979">
     <span class='ocr_line' id='line_1_120' title="bbox 1330 2960 1366 2979; baseline -0.028 -10"><span class='ocrx_word' id='word_1_849' title='bbox 1330 2960 1366 2979; x_wconf 37' lang='grc' dir='ltr'><strong>κν</strong></span> 
     </span>
    </p>
   </div>
  </div>
