2027 3077
222 133 276 166 635

806 134 897 164 VlTA
917 135 948 166 S.
968 134 1132 164 ANDRE/E
1149 134 1246 165 SALI.

1789 139 1843 170 635

223 189 270 214 καὶ
287 186 445 222 θαυμάσατε
457 195 464 204 ⁸
491 187 572 215 εἰκὼν
598 187 704 223 Πατρος
733 188 819 223 ἥλιος,
837 190 915 221 aitet;
929 189 1007 224 ἡλίου

1063 190 1181 218 siderate
1198 191 1242 217 hic
1258 189 1338 217 trium
1352 198 1531 225 personarum
1555 193 1699 221 essentiam
1718 201 1798 220 unam
1817 195 1843 221 in

222 234 297 266 Υἱὸς,
313 234 403 270 θέρμη
416 234 466 269 τῆς
491 234 600 263 ἀκτῖνος
614 235 644 261 τὸ
657 234 789 269 πανάγιον
813 234 939 269 Πνεῦμα·
959 235 1007 261 καὶ

222 282 237 306 ὁ
255 281 304 315 μὲν
319 280 396 315 ἥλιος
420 280 525 307 οὐδέπω
559 281 717 307 καταλείπει
740 281 787 307 τὸν
811 281 937 315 οὐρανὸν,
968 281 1006 313 ὡς
1021 303 1030 310 .

225 326 281 352 υἱὸν
295 326 323 353 δὲ
340 326 387 358 τὰς
419 327 531 358 ἀκτῖνας
546 327 602 358 τοῖς
618 327 664 353 ἐπὶ
683 327 735 361 γῆς
748 326 920 359 ἀποστέλλει,
948 326 1010 360 θέρ-

225 379 280 406 μην
306 373 366 403 ταῖς
394 372 486 399 ἀκτῖσι
501 371 531 399 τὸ
555 372 689 406 πανάγιον
717 372 830 407 Πνεῦμα
857 372 1010 407 εὐεργετεῖν

229 417 277 444 καὶ
307 416 421 444 Θάλπειν
452 416 483 444 τὸ
507 418 560 444 τῶν
588 417 739 453 ἀνθρώπων
768 417 856 450 γένος.
889 417 1010 452 Τοιούτῳ

221 461 315 496 τρόπῳ
337 461 384 488 καὶ
402 461 417 487 ὁ
440 461 544 496 Πατὴρ,
575 461 775 496 παντοκράτωρ
800 459 943 494 πεφυκὼς,
965 461 1011 486 ἐπὶ

221 507 273 540 γῆς
284 507 313 532 οὺ
336 507 481 542 κατῆλθεν,
495 507 648 534 ὰπέσταλεν
674 507 703 534 δὲ
725 507 754 534 τὸ
766 507 948 541 ἀπαύγασμα.
962 506 1010 532 καὶ

220 552 272 587 τὴν
288 553 316 578 ἒν
331 552 370 588 τῷ
393 552 594 587 ἁπαυγάσματι
622 552 727 588 θέρμην
752 552 801 579 τοῦ
827 551 1006 587 παρακλήτου

223 597 392 632 Πνεύματος,
408 598 456 625 καὶ
484 598 604 625 σέσωκεν
633 598 684 633 τὴν
710 597 924 633 τετραπέρατον.
942 597 1009 630 Ἀγε

221 642 253 678 δή
268 651 315 678 μοι
329 644 358 669 ὲν
388 643 428 678 τῷ
442 643 528 678 μέσῳ,
544 642 592 669 καὶ
607 641 689 668 αὑτὸν
707 642 801 676 ἄρτον,
813 642 843 668 ὃν
861 640 923 668 καθ’
941 640 1008 676 ὴμέ-

225 697 274 723 ραν
288 688 428 724 ὲσοίομεν,
442 688 559 724 ἀπδγὰρ
575 687 661 721 σίτου,
682 687 729 715 καὶ
738 687 845 720 ὕδατος,
862 687 909 714 καὶ
924 686 1010 722 πυρὸς

220 734 270 769 τὴν
288 734 438 768 ταυτότητα
465 734 607 769 κέκτηται,
635 731 676 766 τίς
701 734 750 760 καὶ
767 733 849 765 αὐτὸς
879 734 912 760 ἐκ
926 733 1010 769 τριῶν

223 779 400 806 ὑποστάτεων
417 779 618 814 γνωριζόμενος
635 787 642 794 ·
659 777 774 812 τοιούτῳ
787 778 886 813 τρόπῳ
904 778 1010 813 ὑπολη-

223 825 305 851 πτέον
326 826 391 860 περὶ
417 824 468 859 τῆς
497 823 715 859 τρισυποςτάτου
739 824 844 855 huic;
871 823 1008 858 θεότητος.

1062 234 1197 269 principio
1212 241 1274 266 suo,
1290 239 1317 262 et
1332 235 1513 263 admiramini.
1532 235 1620 272 Imago
1631 237 1721 265 Patris
1735 238 1776 264 sol
1791 243 1842 270 est,

1062 280 1155 308 radius
1170 280 1236 309 solis
1255 280 1351 313 Filius,
1363 281 1436 310 calor
1454 282 1522 310 radii
1544 282 1660 318 Spiritus
1675 288 1786 312 sanctus
1799 292 1805 311 :
1817 288 1846 311 et

1061 326 1100 353 sol
1116 327 1225 361 quidem
1255 335 1393 362 nunquam
1427 328 1527 356 deserit
1540 329 1658 361 coelum;
1675 330 1765 357 radios
1782 337 1845 356 vero

1062 379 1137 404 suos,
1153 377 1280 407 tanquam
1300 372 1381 406 ﬁlios,
1401 373 1581 401 incolentibus
1596 379 1693 402 terram
1709 375 1825 402 demittit
1837 395 1845 408 ,

1061 417 1151 444 calore
1163 425 1222 450 suo,
1235 418 1382 445 humanum
1398 426 1483 453 genus
1492 423 1662 447 recreaturos
1675 420 1844 455 foturosque.

1063 461 1193 490 Similiter
1210 463 1291 490 etiam
1305 463 1392 496 Pater,
1407 463 1454 498 qui
1471 465 1642 498 omnipotens
1663 469 1714 497 est,
1731 472 1784 492 non
1800 465 1848 492 dc-

1062 508 1167 535 scendit
1184 508 1210 535 in
1240 513 1351 541 terram,
1366 509 1440 536 misit
1457 513 1547 536 autem
1562 509 1733 544 splendorem
1754 518 1845 542 suum,

1061 554 1088 579 in
1114 560 1200 587 eoque
1228 554 1345 581 calorem
1375 553 1494 588 Spiritus
1507 555 1698 587 consolatoris,
1716 560 1741 582 et
1757 555 1848 582 salvos

1061 598 1124 626 fecit
1141 604 1259 634 quatuor
1272 600 1339 627 lines
1357 599 1431 628 orbis
1451 604 1540 627 teme.
1553 603 1608 636 Age
1623 608 1715 636 porro,
1727 601 1848 635 proferte

1061 644 1088 671 in
1118 644 1236 671 medium
1261 645 1336 671 illum
1366 645 1453 680 ipsum
1472 652 1569 679 panem
1589 653 1643 681 quo
1664 646 1784 681 quotidie
1802 653 1848 674 ve-

1061 688 1182 721 scimur;
1213 695 1303 716 nonne
1323 696 1355 716 ex
1385 688 1535 722 frumento,
1562 698 1594 716 ex
1623 697 1704 724 aqua,
1734 694 1761 717 et
1775 690 1847 725 igne,

1060 733 1221 761 substantiis
1239 734 1325 761 tribus
1338 733 1465 767 diversis,
1480 742 1550 761 unus
1565 735 1690 770 idemque
1709 735 1786 770 panis
1802 744 1848 764 co-

1063 778 1204 813 gnoseitur
1218 778 1244 805 in
1258 779 1337 806 talem
1353 779 1468 806 formam
1493 780 1639 808 coaluisse.
1662 780 1756 816 Neque
1770 781 1849 809 aliter

1060 823 1225 858 opinandum
1239 829 1280 852 est
1294 825 1327 852 de
1343 825 1424 853 unius
1443 824 1555 853 Deitatis
1584 826 1739 861 tripliritate
1755 834 1848 859 perso-

229 870 409 902 Ἀκούσαντες
425 870 553 898 δὲταῦτα
574 870 599 896 ei
620 870 773 904 φιῗιόσοφοι,
800 870 848 897 καὶ
861 869 1010 904 ἀντοφθαλ-

1062 877 1169 896 narum.
1185 869 1331 905 Postquam
1348 870 1410 898 talia
1427 871 1568 898 audissent
1596 872 1762 907 philosophi,
1779 873 1847 900 nihil

224 917 309 951 μῆσαι
324 916 363 952 τῷ
376 916 488 952 μείρακι
504 916 541 952 μὴ
555 916 705 952 ἰσχύοντες,
722 915 947 950 καταπλαγέντες
961 917 1011 951 τὴν

223 961 307 989 αὐτοῦ
325 961 422 996 σοφίαν
439 963 485 989 καὶ
506 961 626 994 σύνεσιν,
650 961 744 988 οὐκέτι
756 961 822 996 περί
839 969 916 993 τινος
928 962 1011 997 συζή-

223 1015 302 1042 τησιν
315 1008 491 1042 ιποιήσαντο,
506 1007 556 1042 τὴν
573 1006 638 1042 παρ’
654 1005 736 1046 αὐτῷ
764 1006 881 1038 δεδιότες
895 1007 1011 1033 ἀντεπε-

225 1051 355 1088 ρώτησιν,
373 1052 411 1088 μὴ
429 1061 563 1087 καταισχυ
570 1052 652 1079 νοῶσι
665 1052 789 1088 καθάπερ
803 1053 864 1080 τινὰ
879 1054 1010 1088 σοφιστὴν

223 1098 340 1125 ὲνὼττιον
364 1099 453 1134 δήμου
481 1098 674 1134 κατῄσχυνεν,
704 1099 793 1134 φήσας
814 1099 884 1134 πρὸς
908 1099 1009 1126 αὐτόν’

223 1144 356 1180 ϐρύλαιον
380 1144 436 1180 (66)
461 1144 599 1180 πτερῶδες
630 1144 749 1179 ἡργηται
765 1144 809 1172 διὰ
834 1145 1010 1180 θέτιν,ἢοὺκ

222 1189 343 1224 ἧργηται
353 1197 361 1222 ;
371 1189 454 1216 Τοῦδε
465 1190 518 1225 γὰρ
527 1189 709 1225 excivisset;
726 1191 828 1222 ἐκεῖνος
843 1191 955 1225 εὐήκοος
964 1200 1011 1225 γε-

223 1234 346 1269 νὸμε-λο;,
359 1235 461 1268 γελοῖον
471 1235 578 1262 πάντων
585 1235 770 1262 ἀπεδείκνυτο·
783 1236 897 1271 τῶνγὰρ
912 1236 1010 1271 Αρείου

223 1281 396 1317 λυκοκέρκων
424 1281 532 1316 μυστῶν
564 1279 605 1313 εἷς
635 1280 828 1316 ἐχρημάτιζεν.
868 1281 1012 1308 Ἀναστάν-

221 1333 269 1358 τες
278 1324 326 1354 οὖν
336 1327 424 1362 σιωπῇ
432 1326 481 1361 τῆς
492 1326 642 1361 τραπέζης,
653 1324 721 1360 πρὸς
734 1325 769 1352 τὰ
783 1325 870 1352 οἰκεῖα
880 1325 1010 1361 ἐχώρουν.

1062 914 1209 950 quidquam
1224 916 1387 950 reperientes
1399 917 1470 953 quod
1480 917 1660 945 adolescentis
1669 918 1847 953 prudentibus

1062 960 1150 988 etl‘atis
1166 966 1342 995 opponerent,
1360 962 1486 990 admirati
1503 967 1567 990 sunt
1588 963 1764 992 Vehementer
1780 973 1849 998 pra:-

1062 1006 1163 1033 claram
1178 1006 1251 1035 illius
1266 1007 1427 1042 sapientiam
1439 1013 1520 1043 atque
1537 1009 1732 1042 eruditionem,
1745 1009 1847 1036 nullam

1064 1051 1124 1078 ausi
1150 1052 1278 1087 deinceps
1297 1060 1407 1081 movere
1429 1054 1606 1089 qumstionem
1620 1062 1675 1090 pra:
1690 1055 1798 1088 timore,
1817 1063 1850 1082 ne

1065 1096 1135 1124 forte
1151 1097 1208 1132 ipse
1225 1098 1492 1134 vicissimquidpiam
1504 1100 1664 1128 soivendum
1677 1107 1848 1135 proponeret,

1065 1143 1137 1170 unde
1151 1143 1403 1178 confunderentur’;
1415 1146 1643 1180 quemadmodum
1660 1153 1745 1181 nuper
1757 1145 1850 1180 sophi-

1064 1193 1132 1216 stant
1146 1190 1302 1225 quempiam
1319 1195 1460 1225 spectante
1476 1191 1577 1226 popqu
1592 1191 1735 1227 insigniter
1750 1190 1849 1219 conin-

1064 1235 1152 1268 derat,
1171 1236 1211 1262 sic
1234 1239 1426 1270 percunctatus
1444 1246 1451 1264 :
1469 1236 1562 1264 Trulla
1576 1238 1646 1265 sitne
1661 1245 1694 1265 ex
1710 1237 1849 1272 proposito

1065 1286 1171 1314 ansata,
1185 1289 1219 1308 an
1236 1284 1310 1308 non?
1323 1281 1389 1314 Quae
1405 1282 1487 1310 verba
1506 1290 1568 1310 curn
1587 1283 1689 1311 sciolus
1709 1283 1758 1310 iste
1770 1282 1850 1310 audi-

1065 1330 1117 1356 ret,
1144 1326 1266 1353 omnium
1281 1327 1349 1354 risui
1363 1331 1405 1354 est
1417 1326 1557 1361 expositus
1576 1335 1584 1354 :
1602 1331 1661 1355 erat
1685 1333 1803 1361 namque
1817 1333 1848 1352 ex

223 1373 387 1400 Arianorum
418 1371 605 1399 sacerdotibus
633 1379 713 1399 unus.
742 1371 832 1404 Quare
867 1372 1028 1408 philosophi,
1049 1373 1129 1400 tacite
1153 1374 1244 1400 relicta
1272 1380 1363 1400 meust
1410 1378 1561 1408 surgentes,
1588 1374 1698 1402 domum
1717 1381 1746 1402 se
1772 1380 1848 1402 suam

225 1421 341 1455 quisque
357 1420 540 1447 contulerunt.

936 1477 1050 1506 CAPUT
1073 1477 1127 1503 \‘ll.

226 1535 400 1571 Epiphanius,
414 1535 526 1563 Andron:
540 1535 692 1570 funtiiiaris,
704 1534 806 1563 obvium
823 1535 897 1562 habet
912 1537 1055 1597 dwnltiouem
1068 1554 1076 1566 ,
1089 1537 1113 1560 et
1128 1537 1264 1594 tet‘italur:
1286 1531 1328 1559 cui
1340 1532 1371 1558 ab
1385 1532 1490 1559 Andrea
1511 1532 1589 1567 hujus
1608 1536 1678 1559 arte:
1695 1533 1849 1561 atteriunlur

863 1576 887 1597 ει
901 1579 968 1597 remo
989 1579 1014 1596 ια
1025 1575 1153 1597 ruaaerun
1168 1575 1211 1594 ur.

863 1576 887 1598 ει
901 1575 1014 1597 rentcdm
1025 1575 1211 1604 suggeruntur.

261 1630 319 1662 μη’.
337 1626 380 1658 Ὠς
390 1626 419 1653 δὲ
429 1626 537 1662 εἴρηται
548 1625 703 1662 Εμπροπὺιν
715 1626 755 1653 ὃτι
765 1627 844 1661 χεῖρα
857 1627 924 1661 πρὸς
936 1627 1010 1662 χεῖρα

1096 1625 1141 1654 48.
1159 1624 1370 1653 Ambulantibus
1393 1624 1495 1660 itaque,
1507 1625 1612 1659 junctis
1632 1625 1703 1654 inter
1712 1633 1742 1654 se
1758 1627 1848 1654 mani~

224 1672 333 1707 κρατῶν
347 1673 393 1699 τδν
408 1672 486 1706 ἅγιον
503 1672 633 1707 ’Δνδρέαν
647 1673 661 1699 ό
680 1672 837 1707 Ἑπιφάνιος
849 1692 856 1705 ,
871 1671 1017 1708 ζητοῦντες

225 1716 353 1752 εὒκαιρον
371 1716 453 1744 τόπον
468 1716 515 1744 τοῦ
531 1717 661 1752 ὁμιλῆσαι
676 1735 684 1748 ,
709 1716 734 1743 οι
759 1716 944 1747 συναντῶντες
971 1715 1010 1751 τῷ

231 1763 383 1798 Ἑπιφανίῳ
414 1762 588 1798 δικαζόμενοι
621 1762 715 1796 ἔλεγον
732 1769 740 1777 ·
766 1761 823 1788 Οὐκ
848 1761 933 1793 ἐλεεῖς
960 1760 1009 1796 τὴν

228 1807 342 1835 σεαυτοῦ
362 1807 475 1844 νεότητα
488 1817 495 1841 ς
517 1808 554 1843 μὴ
569 1807 671 1838 τοίνυν,
686 1805 839 1841 γλυκύτατε
853 1805 956 1837 νεανία,
970 1805 1010 1840 τῷ

225 1854 405 1890 δαιμονιαρίῳ
430 1854 516 1889 τούτῳ
536 1854 584 1880 καὶ
615 1852 689 1888 σαλῷ
711 1852 944 1887 συμπαρεδρεύων
963 1852 1010 1878 καὶ

226 1900 424 1936 συνοδοιπορῶν
437 1900 523 1935 αὐτῷ,
540 1900 578 1935 μή
594 1907 659 1926 ποτε
678 1899 692 1925 6
712 1897 831 1933 πονηρδς
848 1897 930 1925 αὐτοῦ
953 1898 1010 1924 δαί-

228 1955 286 1980 μων
318 1945 428 1981 ζηλώσῃ
455 1953 503 1972 σου
526 1945 556 1971 τὸ
583 1944 692 1976 κάλλος,
711 1943 760 1979 τὴν
783 1943 948 1979 ὡραιότητα.
963 1943 1010 1970 καὶ

225 1991 314 2026 ἔρωτά
326 2000 366 2018 σοι
379 1991 490 2026 θέμενος
499 1990 678 2026 παρακρούσῃ
696 1998 744 2017 σου
756 1998 764 2006 ·
777 1989 868 2017 ἱκαναὶ
875 1990 929 2023 γάρ
941 1990 1009 2016 εἰσιν

225 2039 253 2065 αἱ
268 2037 419 2072 προφάσεις
435 2036 482 2063 τοῦ
494 2036 581 2063 δεινοῦ
596 2036 790 2071 πολεμήτορος,
805 2035 834 2062 ⁸0
847 2035 875 2062 δὲ
884 2035 1009 2070 θεοφιὶὴς

225 2083 334 2114 νεανίας
348 2081 567 2117 ἁνταπεκρίνατο
588 2081 680 2113 αὐτοῖς
693 2084 708 2116 ’ί
718 2081 840 2116 ’Δδελφοὶ
857 2081 904 2108 καὶ
919 2081 1008 2107 Πατέ-

225 2138 283 2165 ρες,
302 2129 356 2164 πρὸ
377 2129 423 2155 τοῦ
438 2128 566 2163 γενέσθαι
583 2128 627 2154 τὸν
641 2127 753 2163 ὄλεθρον
776 2127 871 2154 τοῦτον
892 2127 936 2153 ἐπ’
958 2127 1008 2153 αὺ-

224 2175 279 2208 τὸν,
293 2174 447 2210 προσφιλής
462 2182 507 2209 μοι
522 2173 629 2210 ὑπῆρχε
646 2173 717 2205 λίαν,
737 2173 784 2200 καὶ
810 2174 826 2208 ἠ
852 2173 959 2208 ἀγάπη,
976 2173 1009 2208 ἦν

225 2221 295 2256 πρὸς
320 2219 453 2255 ἀλλήλους
471 2220 591 2255 εἴχομεν,
620 2219 785 2255 ἀσύγκριτος
808 2217 842 2254 ἦν
858 2227 866 2234 ·
888 2218 935 2246 νῦν
961 2215 1008 2245 οὖν

224 2266 295 2302 ὑπὲρ
309 2267 371 2293 ὅσον
384 2265 497 2297 ἔπαθεν,
512 2265 672 2300 εὐχάριστόν
698 2265 772 2291 ἐστιν
797 2264 835 2299 μὴ
861 2263 1007 2299 προσέχειν

226 2321 260 2347 με
277 2312 371 2338 τοῦτον
385 2311 432 2338 καὶ
447 2311 532 2337 ἐλεεῖν
547 2318 554 2326 ”
570 2310 727 2345 γέγραπται
743 2309 797 2345 γὰρ
809 2310 854 2336 ἐπὶ
866 2309 1007 2345 συνδέσμῳ
1023 2304 1045 2332 1)

225 2356 327 2390 φιλίας,
344 2355 462 2387 Μείζονα
474 2354 574 2390 ταύτης
587 2354 700 2390 ἀγάπην
716 2355 805 2387 οὐδεὶς
821 2355 889 2390 ἔχει,
908 2355 952 2382 ἵνα
966 2363 1007 2386 τις

224 2402 258 2438 θῇ
273 2401 323 2436 τὴν
336 2401 426 2437 ψυχὴν
443 2401 525 2428 αὐτοῦ
541 2401 612 2436 ὑπὲρ
631 2401 686 2428 τῶν
703 2401 788 2435 φίλων
803 2401 896 2428 αὐτοῦ.
915 2400 1008 2428 Ταῦτα

224 2447 442 2482 ἀνταπεκρίνατο
455 2448 511 2479 τοῖς
527 2446 562 2473 τὰ
583 2447 696 2473 τοιαῦτα
720 2446 844 2481 λέγουσιν
863 2453 871 2462 '
896 2454 1006 2481 ιιιαριιιγ⁴

223 2493 316 2528 γιλίαν
331 2494 386 2528 γὰρ
399 2491 471 2528 εἶχεν
485 2493 514 2518 ὲν
537 2492 612 2526 νόμῳ
634 2491 688 2518 ἀπὸ
709 2491 757 2519 τοῦ
775 2491 880 2519 δικαίου
899 2491 1006 2526 ἀνδρὸς,

223 2538 302 2570 ὲκτδς
316 2539 372 2569 τοῖς
385 2537 536 2568 νεανίσκοις
548 2538 604 2568 τοῖς
618 2537 762 2570 ἀγαπῶσιν
775 2537 868 2570 αὐτὸν,
886 2535 925 2571 μὴ
937 2536 1005 2562 ἁπο-

222 2585 366 2620 γυμνῶσαι
379 2586 428 2619 τὴν
441 2583 578 2611 πολιτείαν
591 2583 674 2610 αὐτοῦ
689 2592 754 2611 τινι.

1061 1671 1122 1705 bus,
1144 1671 1374 1706 quemadmodum
1403 1678 1486 1707 supra
1505 1672 1669 1700 mentionem
1687 1672 1776 1701 facere
1791 1681 1848 1701 me-

1061 1716 1139 1749 mitti,
1152 1716 1255 1744 sanctis
1284 1716 1390 1744 Andrea
1407 1720 1434 1744 et
1459 1715 1622 1751 Epiphanio,
1644 1718 1846 1752 qumrentihus-

1060 1767 1115 1795 que
1140 1765 1323 1795 opportunum
1351 1759 1509 1788 conferendi
1530 1760 1601 1788 inter
1626 1768 1656 1788 se
1671 1761 1781 1795 locum;
1799 1763 1846 1797 qui

1060 1806 1169 1834 obviam
1184 1806 1297 1839 liehant,
1313 1806 1465 1840 arguebant
1493 1805 1684 1841 Epiphanium,
1701 1807 1821 1837 dicentes
1838 1819 1846 1836 :

1059 1852 1176 1880 Nullane
1196 1852 1349 1887 juventutis
1381 1852 1517 1879 miseratio
1532 1857 1558 1879 te
1577 1857 1631 1880 tum
1657 1854 1739 1888 capit,
1754 1854 1847 1882 adole-

1060 1905 1141 1926 scens
1167 1897 1349 1926 suavissime?
1365 1896 1436 1930 Noli,
1462 1905 1564 1932 quaeso,
1579 1905 1641 1925 cum
1666 1899 1776 1926 homine
1789 1900 1847 1931 illo.

1060 1949 1118 1971 tum
1133 1951 1148 1970 a
1164 1944 1287 1971 daemone
1300 1944 1417 1976 ineesso,
1434 1946 1491 1970 tum
1506 1950 1520 1970 a
1535 1947 1606 1971 statu
1616 1945 1716 1972 mentis
1731 1944 1846 1979 deiecto,

1060 1994 1107 2017 aut
1124 1989 1350 2017 consuetudinem
1371 1993 1418 2016 aut
1445 1988 1602 2016 societatem
1624 1989 1693 2016 inire
1712 1997 1766 2017 :ne
1778 1990 1848 2018 forte

1059 2042 1177 2070 nequam
1190 2035 1263 2062 illius
1274 2025 1449 2066 daemoniu'm,
1466 2034 1680 2068 pulchritudinis
1694 2035 1847 2070 dignitatis-

1059 2088 1113 2116 que
1125 2085 1179 2108 tua:
1193 2080 1326 2114 invidum,
1343 2080 1445 2108 amoris
1454 2079 1574 2107 simulati
1589 2081 1680 2115 specie
1697 2080 1848 2109 circumre-

1060 2128 1116 2153 niat
1129 2126 1338 2162 supplantetque
1354 2129 1397 2158 te;
1415 2125 1539 2160 plurimae
1551 2126 1623 2153 enim
1636 2131 1700 2153 sunt
1717 2127 1847 2161 gravissi-

1059 2172 1097 2199 mi
1112 2173 1186 2200 illius
1203 2172 1353 2200 adversarii
1369 2171 1595 2199 machinationes.
1617 2172 1721 2205 Quibus
1735 2174 1771 2200 ita
1784 2173 1848 2208 Epi-

1059 2217 1177 2252 phanius
1192 2218 1332 2252 respondit
1347 2226 1355 2244 :
1372 2217 1484 2245 Fratres
1505 2217 1671 2253 Patrcsque.
1687 2219 1846 2254 priusquam

1059 2264 1112 2291 iste
1124 2268 1304 2299 occuparetur
1320 2272 1335 2291 a
1347 2264 1547 2296 cacodzemone,
1575 2271 1704 2299 perquam
1721 2266 1787 2293 mihi
1807 2266 1846 2293 ia-

1061 2310 1174 2337 tniliaris
1210 2310 1334 2343 exstitit;
1355 2310 1539 2345 charitasque,
1564 2318 1617 2346 qua
1631 2310 1702 2338 inter
1719 2319 1768 2339 nos
1786 2312 1847 2339 dili-

1061 2356 1202 2391 gebamus,
1234 2360 1309 2383 tanta
1333 2356 1396 2388 fuit,
1424 2360 1453 2383 ut
1469 2356 1537 2383 nihil
1552 2363 1738 2390 supra:nunc
1763 2358 1846 2392 igitur

1061 2408 1123 2428 cum
1155 2401 1181 2428 in
1212 2400 1394 2428 calamitatem
1429 2401 1499 2428 hanc
1528 2400 1633 2434 incidit,
1650 2409 1713 2428 num
1737 2409 1844 2436 atqumn

1060 2446 1175 2482 putatis,
1202 2447 1305 2474 nullam
1332 2453 1376 2474 me
1389 2446 1489 2473 misero
1509 2453 1618 2481 operam
1637 2454 1746 2479 παι-πυ,
1763 2448 1845 2475 mis:-

1060 2493 1205 2520 ricordiam
1237 2493 1365 2519 exhibere
1390 2492 1521 2519 nullam?
1557 2491 1693 2527 Scriptum
1718 2497 1760 2520 est
1772 2494 1844 2521 enim

1060 2538 1095 2566 de
1121 2537 1271 2565 amicorum
1301 2537 1516 2571 conjunctione:
1536 2546 1545 2563 ε
1574 2536 1845 2572 Majorembacdile-

1059 2584 1176 2611 ctionem
1199 2590 1280 2610 nemo
1305 2583 1396 2615 habet,
1416 2586 1445 2609 ut
1460 2583 1578 2609 animam
1599 2590 1675 2610 suam
1690 2588 1772 2618 portat
1783 2584 1845 2619 quis

222 2638 272 2665 pro
299 2629 396 2656 amicis
430 2628 488 2656 suis
514 2628 536 2655 ‘.
566 2637 575 2654 ι
606 2630 693 2664 Διῳκ
708 2629 765 2656 hanc
787 2629 930 2664 responsio
949 2634 1007 2657 erat
1025 2629 1180 2665 Epipltanii,
1198 2637 1251 2664 qua
1266 2636 1346 2656 suam
1366 2637 1427 2656 cttnt
1443 2628 1549 2656 Andrea
1572 2629 1784 2657 familiaritatem
1801 2630 1842 2657 in-

258 2696 362 2724 ‘Joan.
383 2703 427 2727 xv.
445 2694 489 2722 l5.

258 2752 314 2787 (66)
345 2750 415 2787 Quid
431 2751 475 2779 hic
487 2751 755 2787 Tpodnatoviinl'ra
770 2751 797 2778 in
816 2750 913 2787 Mazar.
935 2753 1004 2779 scri-

222 2790 293 2817 bitur
304 2786 456 2822 spodium.
472 2787 498 2814 in
513 2786 645 2814 Vaticano
658 2786 819 2821 Ἐγχείριον.
837 2786 936 2821 Utique
958 2795 1006 2814 vas

223 2821 349 2852 "turmale
372 2827 399 2849 ct
427 2822 585 2855 rotundum,
613 2822 692 2857 quale
708 2827 748 2849 est
764 2821 856 2855 trulla,
871 2829 932 2857 qum
945 2829 1007 2856 pru-

1057 2758 1118 2790 pter
1144 2758 1248 2790 aptatas
1264 2754 1288 2781 ci
1311 2762 1394 2782 ansas
1418 2754 1565 2790 Μερῶδες,
1579 2756 1656 2790 quasi
1683 2756 1768 2787 alata.
1783 2755 1842 2783 ﬁeri

1059 2789 1186 2827 dicitur._
1199 2788 1257 2815 Non
1286 2794 1375 2827 tamen
1393 2788 1564 2826 satis'capio
1581 2788 1646 2827 quid
1676 2791 1720 2820 hic
1735 2791 1840 2819 elcnchi

1059 2823 1140 2852 lateat
1154 2823 1285 2853 adversus
1302 2826 1427 2852 Arianos.
1520 2823 1528 2826 ⁷
1589 2823 1610 2841 ’-
