  <div class='ocr_page' id='page_1' title='image "/cluster/home/n/w/nwhite01/storage/ocr_20150623/111/njp.32101077772943/387.png"; bbox 0 0 2027 3077; ppageno 0'>
   <div class='ocr_carea' id='block_1_1' title="bbox 127 92 179 126">
    <p class='ocr_par' dir='ltr' id='par_1_1' title="bbox 127 92 179 126">
     <span class='ocr_line' id='line_1_1' title="bbox 127 92 179 126; baseline 0.038 -2"><span class='ocrx_word' id='word_1_1' title='bbox 127 92 179 126; x_wconf 74' lang='lat'><strong>691</strong></span> 
     </span>
    </p>
   </div>
   <div class='ocr_carea' id='block_1_2' title="bbox 662 91 1203 124">
    <p class='ocr_par' dir='ltr' id='par_1_2' title="bbox 662 91 1203 124">
     <span class='ocr_line' id='line_1_2' title="bbox 662 91 1203 124; baseline -0.002 0"><span class='ocrx_word' id='word_1_2' title='bbox 662 93 869 124; x_wconf 76' lang='lat' dir='ltr'><strong>NICEPilORl</strong></span> <span class='ocrx_word' id='word_1_3' title='bbox 888 91 1129 122; x_wconf 81' lang='lat' dir='ltr'><strong>PRESBYTERl</strong></span> <span class='ocrx_word' id='word_1_4' title='bbox 1148 93 1203 123; x_wconf 76' lang='grc' dir='ltr'><strong>ΕΡ.</strong></span> 
     </span>
    </p>
   </div>
   <div class='ocr_carea' id='block_1_3' title="bbox 1699 92 1754 123">
    <p class='ocr_par' dir='ltr' id='par_1_3' title="bbox 1699 92 1754 123">
     <span class='ocr_line' id='line_1_3' title="bbox 1699 92 1754 123; baseline -0.018 0"><span class='ocrx_word' id='word_1_5' title='bbox 1699 92 1754 123; x_wconf 74' lang='grc'><strong>692</strong></span> 
     </span>
    </p>
   </div>
   <div class='ocr_carea' id='block_1_4' title="bbox 130 148 924 186">
    <p class='ocr_par' dir='ltr' id='par_1_4' title="bbox 130 149 914 186">
     <span class='ocr_line' id='line_1_4' title="bbox 130 149 914 186; baseline 0 -10"><span class='ocrx_word' id='word_1_6' title='bbox 130 159 178 186; x_wconf 62' lang='grc' dir='ltr'>μοι·</span> <span class='ocrx_word' id='word_1_7' title='bbox 207 149 386 184; x_wconf 90' lang='lat' dir='ltr'><strong>septimanam</strong></span> <span class='ocrx_word' id='word_1_8' title='bbox 405 151 518 179; x_wconf 83' lang='lat' dir='ltr'><strong>solidam</strong></span> <span class='ocrx_word' id='word_1_9' title='bbox 549 152 737 179; x_wconf 87' lang='lat' dir='ltr'><strong>miserandum</strong></span> <span class='ocrx_word' id='word_1_10' title='bbox 759 151 785 177; x_wconf 90' lang='lat' dir='ltr'><strong>in</strong></span> <span class='ocrx_word' id='word_1_11' title='bbox 804 149 914 177; x_wconf 90' lang='lat' dir='ltr'><strong>modum</strong></span> 
     </span>
    </p>
   </div>
   <div class='ocr_carea' id='block_1_5' title="bbox 975 148 1755 186">
    <p class='ocr_par' dir='ltr' id='par_1_5' title="bbox 975 148 1755 184">
     <span class='ocr_line' id='line_1_5' title="bbox 975 148 1755 184; baseline 0 -8"><span class='ocrx_word' id='word_1_12' title='bbox 975 149 1115 184; x_wconf 73' lang='grc' dir='ltr'>ὲῦδομάδος</span> <span class='ocrx_word' id='word_1_13' title='bbox 1142 148 1383 184; x_wconf 78' lang='grc' dir='ltr'>ἐταλαιπωρήθης,</span> <span class='ocrx_word' id='word_1_14' title='bbox 1406 148 1551 184; x_wconf 82' lang='grc' dir='ltr'>βρώματος</span> <span class='ocrx_word' id='word_1_15' title='bbox 1575 150 1622 176; x_wconf 67' lang='grc' dir='ltr'>καὶ</span> <span class='ocrx_word' id='word_1_16' title='bbox 1652 150 1755 182; x_wconf 80' lang='grc' dir='ltr'>πόσιως</span> 
     </span>
    </p>
   </div>
   <div class='ocr_carea' id='block_1_6' title="bbox 131 196 916 232">
    <p class='ocr_par' dir='ltr' id='par_1_6' title="bbox 131 196 916 232">
     <span class='ocr_line' id='line_1_6' title="bbox 131 196 916 232; baseline 0 -10"><span class='ocrx_word' id='word_1_17' title='bbox 131 204 157 223; x_wconf 78' lang='lat' dir='ltr'><strong>te</strong></span> <span class='ocrx_word' id='word_1_18' title='bbox 189 196 321 231; x_wconf 80' lang='lat' dir='ltr'><strong>aﬂligens,</strong></span> <span class='ocrx_word' id='word_1_19' title='bbox 350 197 412 224; x_wconf 87' lang='lat' dir='ltr'><strong>cibo</strong></span> <span class='ocrx_word' id='word_1_20' title='bbox 427 202 547 232; x_wconf 86' lang='lat' dir='ltr'><strong>potuque</strong></span> <span class='ocrx_word' id='word_1_21' title='bbox 566 197 736 229; x_wconf 76' lang='lat' dir='ltr'><strong>absﬁnuisti,</strong></span> <span class='ocrx_word' id='word_1_22' title='bbox 763 201 916 231; x_wconf 86' lang='lat' dir='ltr'><strong>prostratus</strong></span> 
     </span>
    </p>
   </div>
   <div class='ocr_carea' id='block_1_7' title="bbox 132 240 916 275">
    <p class='ocr_par' dir='ltr' id='par_1_7' title="bbox 132 240 916 275">
     <span class='ocr_line' id='line_1_7' title="bbox 132 240 916 275; baseline -0.003 -7"><span class='ocrx_word' id='word_1_23' title='bbox 132 241 220 274; x_wconf 85' lang='lat' dir='ltr'><strong>humi,</strong></span> <span class='ocrx_word' id='word_1_24' title='bbox 247 240 317 268; x_wconf 90' lang='lat' dir='ltr'><strong>duro</strong></span> <span class='ocrx_word' id='word_1_25' title='bbox 335 241 393 269; x_wconf 86' lang='lat' dir='ltr'><strong>solo</strong></span> <span class='ocrx_word' id='word_1_26' title='bbox 404 241 580 275; x_wconf 68' lang='lat' dir='ltr'><strong>decumbens,</strong></span> <span class='ocrx_word' id='word_1_27' title='bbox 600 241 674 268; x_wconf 89' lang='lat' dir='ltr'><strong>omni</strong></span> <span class='ocrx_word' id='word_1_28' title='bbox 690 241 788 269; x_wconf 84' lang='lat' dir='ltr'><strong>solatio</strong></span> <span class='ocrx_word' id='word_1_29' title='bbox 803 240 916 268; x_wconf 85' lang='lat' dir='ltr'><strong>destitu-</strong></span> 
     </span>
    </p>
   </div>
   <div class='ocr_carea' id='block_1_8' title="bbox 132 287 918 323">
    <p class='ocr_par' dir='ltr' id='par_1_8' title="bbox 132 287 918 323">
     <span class='ocr_line' id='line_1_8' title="bbox 132 287 918 323; baseline -0.001 -9"><span class='ocrx_word' id='word_1_30' title='bbox 132 293 193 321; x_wconf 87' lang='lat' dir='ltr'><strong>tus;</strong></span> <span class='ocrx_word' id='word_1_31' title='bbox 211 287 237 315; x_wconf 91' lang='lat' dir='ltr'><strong>in</strong></span> <span class='ocrx_word' id='word_1_32' title='bbox 267 288 354 323; x_wconf 86' lang='lat' dir='ltr'><strong>iisque</strong></span> <span class='ocrx_word' id='word_1_33' title='bbox 381 293 436 315; x_wconf 88' lang='lat' dir='ltr'><strong>tam</strong></span> <span class='ocrx_word' id='word_1_34' title='bbox 450 288 582 315; x_wconf 85' lang='lat' dir='ltr'><strong>violenter</strong></span> <span class='ocrx_word' id='word_1_35' title='bbox 596 289 761 322; x_wconf 85' lang='lat' dir='ltr'><strong>perdurasti,</strong></span> <span class='ocrx_word' id='word_1_36' title='bbox 790 291 820 314; x_wconf 92' lang='lat' dir='ltr'><strong>ut</strong></span> <span class='ocrx_word' id='word_1_37' title='bbox 834 294 918 322; x_wconf 82' lang='lat' dir='ltr'><strong>prope</strong></span> 
     </span>
    </p>
   </div>
   <div class='ocr_carea' id='block_1_9' title="bbox 134 332 916 366">
    <p class='ocr_par' dir='ltr' id='par_1_9' title="bbox 134 332 916 366">
     <span class='ocr_line' id='line_1_9' title="bbox 134 332 916 366; baseline -0.001 -7"><span class='ocrx_word' id='word_1_38' title='bbox 134 332 257 361; x_wconf 75' lang='lat' dir='ltr'><strong>alifucris</strong></span> <span class='ocrx_word' id='word_1_39' title='bbox 271 341 287 360; x_wconf 91' lang='lat' dir='ltr'><strong>a</strong></span> <span class='ocrx_word' id='word_1_40' title='bbox 303 337 388 360; x_wconf 88' lang='lat' dir='ltr'><strong>tuorle</strong></span> <span class='ocrx_word' id='word_1_41' title='bbox 408 341 462 366; x_wconf 72' lang='lat' dir='ltr'><strong>pra:</strong></span> <span class='ocrx_word' id='word_1_42' title='bbox 475 333 572 360; x_wconf 89' lang='lat' dir='ltr'><strong>ardore</strong></span> <span class='ocrx_word' id='word_1_43' title='bbox 584 333 677 364; x_wconf 87' lang='lat' dir='ltr'><strong>nimio,</strong></span> <span class='ocrx_word' id='word_1_44' title='bbox 694 341 709 360; x_wconf 88' lang='lat' dir='ltr'><strong>a</strong></span> <span class='ocrx_word' id='word_1_45' title='bbox 722 334 767 360; x_wconf 88' lang='lat' dir='ltr'><strong>siti</strong></span> <span class='ocrx_word' id='word_1_46' title='bbox 779 333 916 360; x_wconf 82' lang='lat' dir='ltr'><strong>excitato:</strong></span> 
     </span>
    </p>
   </div>
   <div class='ocr_carea' id='block_1_10' title="bbox 133 377 917 413">
    <p class='ocr_par' dir='ltr' id='par_1_10' title="bbox 133 377 917 413">
     <span class='ocr_line' id='line_1_10' title="bbox 133 377 917 413; baseline -0.003 -8"><span class='ocrx_word' id='word_1_47' title='bbox 133 386 195 405; x_wconf 80' lang='lat' dir='ltr'><strong>cuin</strong></span> <span class='ocrx_word' id='word_1_48' title='bbox 209 386 272 406; x_wconf 87' lang='lat' dir='ltr'><strong>vero</strong></span> <span class='ocrx_word' id='word_1_49' title='bbox 289 385 360 405; x_wconf 68' lang='grc' dir='ltr'>θυι-ιο</span> <span class='ocrx_word' id='word_1_50' title='bbox 378 378 425 405; x_wconf 91' lang='lat' dir='ltr'><strong>tibi</strong></span> <span class='ocrx_word' id='word_1_51' title='bbox 442 385 502 405; x_wconf 88' lang='lat' dir='ltr'><strong>esse</strong></span> <span class='ocrx_word' id='word_1_52' title='bbox 512 378 621 405; x_wconf 72' lang='lat' dir='ltr'><strong>deberet</strong></span> <span class='ocrx_word' id='word_1_53' title='bbox 633 378 781 413; x_wconf 73' lang='lat' dir='ltr'><strong>pauxillum</strong></span> <span class='ocrx_word' id='word_1_54' title='bbox 796 377 917 405; x_wconf 82' lang='lat' dir='ltr'><strong>alimenti</strong></span> 
     </span>
    </p>
   </div>
   <div class='ocr_carea' id='block_1_11' title="bbox 134 424 919 460">
    <p class='ocr_par' dir='ltr' id='par_1_11' title="bbox 134 424 919 460">
     <span class='ocr_line' id='line_1_11' title="bbox 134 424 919 460; baseline 0 -9"><span class='ocrx_word' id='word_1_55' title='bbox 134 432 230 459; x_wconf 87' lang='lat' dir='ltr'><strong>parare</strong></span> <span class='ocrx_word' id='word_1_56' title='bbox 245 429 271 452; x_wconf 87' lang='lat' dir='ltr'><strong>et</strong></span> <span class='ocrx_word' id='word_1_57' title='bbox 287 431 404 457; x_wconf 86' lang='lat' dir='ltr'><strong>sumere,</strong></span> <span class='ocrx_word' id='word_1_58' title='bbox 426 425 472 452; x_wconf 92' lang='lat' dir='ltr'><strong>illo</strong></span> <span class='ocrx_word' id='word_1_59' title='bbox 488 425 546 460; x_wconf 92' lang='lat' dir='ltr'><strong>ipso</strong></span> <span class='ocrx_word' id='word_1_60' title='bbox 561 425 654 452; x_wconf 88' lang='lat' dir='ltr'><strong>relicto</strong></span> <span class='ocrx_word' id='word_1_61' title='bbox 674 425 783 452; x_wconf 75' lang='lat' dir='ltr'><strong>abivisti</strong></span> <span class='ocrx_word' id='word_1_62' title='bbox 797 424 919 452; x_wconf 87' lang='lat' dir='ltr'><strong>incurius</strong></span> 
     </span>
    </p>
   </div>
   <div class='ocr_carea' id='block_1_12' title="bbox 135 469 918 504">
    <p class='ocr_par' dir='ltr' id='par_1_12' title="bbox 135 469 918 504">
     <span class='ocr_line' id='line_1_12' title="bbox 135 469 918 504; baseline -0.003 -8"><span class='ocrx_word' id='word_1_63' title='bbox 135 470 202 496; x_wconf 87' lang='lat' dir='ltr'><strong>nulli</strong></span> <span class='ocrx_word' id='word_1_64' title='bbox 217 471 343 504; x_wconf 77' lang='lat' dir='ltr'><strong>cuiquam</strong></span> <span class='ocrx_word' id='word_1_65' title='bbox 356 470 483 497; x_wconf 85' lang='lat' dir='ltr'><strong>mandato</strong></span> <span class='ocrx_word' id='word_1_66' title='bbox 501 470 614 497; x_wconf 84' lang='lat' dir='ltr'><strong>curandi</strong></span> <span class='ocrx_word' id='word_1_67' title='bbox 643 470 750 497; x_wconf 83' lang='lat' dir='ltr'><strong>obsonii</strong></span> <span class='ocrx_word' id='word_1_68' title='bbox 767 469 894 504; x_wconf 88' lang='lat' dir='ltr'><strong>imposito</strong></span> <span class='ocrx_word' id='word_1_69' title='bbox 911 477 918 495; x_wconf 92' lang='lat'><strong>:</strong></span> 
     </span>
    </p>
   </div>
   <div class='ocr_carea' id='block_1_13' title="bbox 134 513 920 549">
    <p class='ocr_par' dir='ltr' id='par_1_13' title="bbox 134 513 920 549">
     <span class='ocr_line' id='line_1_13' title="bbox 134 513 920 549; baseline 0.001 -9"><span class='ocrx_word' id='word_1_70' title='bbox 134 514 201 541; x_wconf 71' lang='lat' dir='ltr'><strong>vade</strong></span> <span class='ocrx_word' id='word_1_71' title='bbox 218 513 310 549; x_wconf 81' lang='lat' dir='ltr'><strong>igitur,</strong></span> <span class='ocrx_word' id='word_1_72' title='bbox 328 518 354 541; x_wconf 89' lang='lat' dir='ltr'><strong>et</strong></span> <span class='ocrx_word' id='word_1_73' title='bbox 366 514 480 549; x_wconf 86' lang='lat' dir='ltr'><strong>inspice,</strong></span> <span class='ocrx_word' id='word_1_74' title='bbox 498 522 563 542; x_wconf 92' lang='lat' dir='ltr'><strong>num</strong></span> <span class='ocrx_word' id='word_1_75' title='bbox 592 514 672 547; x_wconf 76' lang='lat' dir='ltr'><strong>forte,</strong></span> <span class='ocrx_word' id='word_1_76' title='bbox 689 515 816 542; x_wconf 84' lang='lat' dir='ltr'><strong>adustum</strong></span> <span class='ocrx_word' id='word_1_77' title='bbox 830 518 920 541; x_wconf 85' lang='lat' dir='ltr'><strong>calore</strong></span> 
     </span>
    </p>
   </div>
   <div class='ocr_carea' id='block_1_14' title="bbox 134 559 918 594">
    <p class='ocr_par' dir='ltr' id='par_1_14' title="bbox 134 559 918 594">
     <span class='ocr_line' id='line_1_14' title="bbox 134 559 918 594; baseline 0.001 -9"><span class='ocrx_word' id='word_1_78' title='bbox 134 559 230 590; x_wconf 84' lang='lat' dir='ltr'><strong>nimio,</strong></span> <span class='ocrx_word' id='word_1_79' title='bbox 250 560 325 594; x_wconf 80' lang='lat' dir='ltr'><strong>gravi</strong></span> <span class='ocrx_word' id='word_1_80' title='bbox 345 559 455 587; x_wconf 89' lang='lat' dir='ltr'><strong>domum</strong></span> <span class='ocrx_word' id='word_1_81' title='bbox 479 560 574 588; x_wconf 86' lang='lat' dir='ltr'><strong>nidore</strong></span> <span class='ocrx_word' id='word_1_82' title='bbox 589 560 739 594; x_wconf 78' lang='lat' dir='ltr'><strong>compleat;</strong></span> <span class='ocrx_word' id='word_1_83' title='bbox 770 560 918 594; x_wconf 85' lang='lat' dir='ltr'><strong>periculum</strong></span> 
     </span>
    </p>
   </div>
   <div class='ocr_carea' id='block_1_15' title="bbox 133 604 920 636">
    <p class='ocr_par' dir='ltr' id='par_1_15' title="bbox 133 604 920 636">
     <span class='ocr_line' id='line_1_15' title="bbox 133 604 920 636; baseline 0.001 -6"><span class='ocrx_word' id='word_1_84' title='bbox 133 605 205 631; x_wconf 85' lang='lat' dir='ltr'><strong>enim</strong></span> <span class='ocrx_word' id='word_1_85' title='bbox 236 604 336 631; x_wconf 91' lang='lat' dir='ltr'><strong>nullum</strong></span> <span class='ocrx_word' id='word_1_86' title='bbox 362 609 414 636; x_wconf 88' lang='lat' dir='ltr'><strong>est.</strong></span> <span class='ocrx_word' id='word_1_87' title='bbox 441 613 474 632; x_wconf 92' lang='lat' dir='ltr'><strong>ne</strong></span> <span class='ocrx_word' id='word_1_88' title='bbox 494 609 605 633; x_wconf 84' lang='lat' dir='ltr'><strong>coactus</strong></span> <span class='ocrx_word' id='word_1_89' title='bbox 631 605 675 633; x_wconf 91' lang='lat' dir='ltr'><strong>hic</strong></span> <span class='ocrx_word' id='word_1_90' title='bbox 688 604 808 632; x_wconf 81' lang='lat' dir='ltr'><strong>ﬁdelium</strong></span> <span class='ocrx_word' id='word_1_91' title='bbox 833 610 920 631; x_wconf 78' lang='lat' dir='ltr'><strong>coetus</strong></span> 
     </span>
    </p>
   </div>
   <div class='ocr_carea' id='block_1_16' title="bbox 133 650 919 685">
    <p class='ocr_par' dir='ltr' id='par_1_16' title="bbox 133 650 919 685">
     <span class='ocr_line' id='line_1_16' title="bbox 133 650 919 685; baseline 0 -10"><span class='ocrx_word' id='word_1_92' title='bbox 133 650 281 683; x_wconf 79' lang='lat' dir='ltr'><strong>dilabatur,</strong></span> <span class='ocrx_word' id='word_1_93' title='bbox 311 651 471 685; x_wconf 82' lang='lat' dir='ltr'><strong>priusquam</strong></span> <span class='ocrx_word' id='word_1_94' title='bbox 504 651 594 678; x_wconf 88' lang='lat' dir='ltr'><strong>omnia</strong></span> <span class='ocrx_word' id='word_1_95' title='bbox 634 656 745 685; x_wconf 72' lang='lat' dir='ltr'><strong>tu,qn:e</strong></span> <span class='ocrx_word' id='word_1_96' title='bbox 769 650 919 682; x_wconf 82' lang='lat' dir='ltr'><strong>consuesti,</strong></span> 
     </span>
    </p>
   </div>
   <div class='ocr_carea' id='block_1_17' title="bbox 133 695 568 731">
    <p class='ocr_par' dir='ltr' id='par_1_17' title="bbox 133 695 568 731">
     <span class='ocr_line' id='line_1_17' title="bbox 133 695 568 731; baseline 0.007 -10"><span class='ocrx_word' id='word_1_97' title='bbox 133 695 285 722; x_wconf 84' lang='lat' dir='ltr'><strong>orationum</strong></span> <span class='ocrx_word' id='word_1_98' title='bbox 298 703 380 730; x_wconf 86' lang='lat' dir='ltr'><strong>pensa</strong></span> <span class='ocrx_word' id='word_1_99' title='bbox 395 696 568 731; x_wconf 87' lang='lat' dir='ltr'><strong>persolveris.</strong></span> 
     </span>
    </p>
   </div>
   <div class='ocr_carea' id='block_1_18' title="bbox 167 738 922 775">
    <p class='ocr_par' dir='ltr' id='par_1_18' title="bbox 167 738 922 775">
     <span class='ocr_line' id='line_1_18' title="bbox 167 738 922 775; baseline -0.001 -9"><span class='ocrx_word' id='word_1_100' title='bbox 167 739 213 767; x_wconf 74' lang='lat'><strong>5‘2.</strong></span> <span class='ocrx_word' id='word_1_101' title='bbox 227 739 289 767; x_wconf 80' lang='lat' dir='ltr'><strong>llaec</strong></span> <span class='ocrx_word' id='word_1_102' title='bbox 302 747 383 775; x_wconf 85' lang='lat' dir='ltr'><strong>atque</strong></span> <span class='ocrx_word' id='word_1_103' title='bbox 405 741 471 774; x_wconf 85' lang='lat' dir='ltr'><strong>alia,</strong></span> <span class='ocrx_word' id='word_1_104' title='bbox 497 741 579 768; x_wconf 90' lang='lat' dir='ltr'><strong>etiam</strong></span> <span class='ocrx_word' id='word_1_105' title='bbox 591 740 754 772; x_wconf 89' lang='lat' dir='ltr'><strong>elIicaciora,</strong></span> <span class='ocrx_word' id='word_1_106' title='bbox 785 743 867 774; x_wconf 87' lang='lat' dir='ltr'><strong>utque</strong></span> <span class='ocrx_word' id='word_1_107' title='bbox 881 738 922 766; x_wconf 88' lang='lat' dir='ltr'><strong>vi-</strong></span> 
     </span>
    </p>
   </div>
   <div class='ocr_carea' id='block_1_19' title="bbox 131 786 922 821">
    <p class='ocr_par' dir='ltr' id='par_1_19' title="bbox 131 786 922 821">
     <span class='ocr_line' id='line_1_19' title="bbox 131 786 922 821; baseline -0.001 -8"><span class='ocrx_word' id='word_1_108' title='bbox 131 786 267 813; x_wconf 77' lang='lat' dir='ltr'><strong>debattlur</strong></span> <span class='ocrx_word' id='word_1_109' title='bbox 278 793 366 821; x_wconf 59' lang='lat' dir='ltr'><strong>aqua,</strong></span> <span class='ocrx_word' id='word_1_110' title='bbox 382 791 544 821; x_wconf 86' lang='lat' dir='ltr'><strong>suggerente</strong></span> <span class='ocrx_word' id='word_1_111' title='bbox 558 786 675 821; x_wconf 89' lang='lat' dir='ltr'><strong>superbo</strong></span> <span class='ocrx_word' id='word_1_112' title='bbox 704 786 827 814; x_wconf 76' lang='lat' dir='ltr'><strong>daemone</strong></span> <span class='ocrx_word' id='word_1_113' title='bbox 843 793 849 810; x_wconf 94' lang='lat'>:</span> <span class='ocrx_word' id='word_1_114' title='bbox 864 791 922 812; x_wconf 91' lang='lat' dir='ltr'><strong>ma-</strong></span> 
     </span>
    </p>
   </div>
   <div class='ocr_carea' id='block_1_20' title="bbox 132 823 960 866">
    <p class='ocr_par' dir='ltr' id='par_1_20' title="bbox 132 823 960 866">
     <span class='ocr_line' id='line_1_20' title="bbox 132 823 960 866; baseline -0.001 -8"><span class='ocrx_word' id='word_1_115' title='bbox 132 831 304 859; x_wconf 88' lang='lat' dir='ltr'><strong>chinationes</strong></span> <span class='ocrx_word' id='word_1_116' title='bbox 317 832 376 866; x_wconf 78' lang='lat' dir='ltr'><strong>ejus</strong></span> <span class='ocrx_word' id='word_1_117' title='bbox 392 831 534 866; x_wconf 85' lang='lat' dir='ltr'><strong>perspicue</strong></span> <span class='ocrx_word' id='word_1_118' title='bbox 549 838 720 866; x_wconf 81' lang='lat' dir='ltr'><strong>cognoscens</strong></span> <span class='ocrx_word' id='word_1_119' title='bbox 742 829 919 866; x_wconf 85' lang='lat' dir='ltr'><strong>Epiphanius,</strong></span> <span class='ocrx_word' id='word_1_120' title='bbox 939 823 960 850; x_wconf 72' lang='grc' dir='ltr'><strong><em>Β</em></strong></span> 
     </span>
    </p>
   </div>
   <div class='ocr_carea' id='block_1_21' title="bbox 135 875 920 911">
    <p class='ocr_par' dir='ltr' id='par_1_21' title="bbox 135 875 920 911">
     <span class='ocr_line' id='line_1_21' title="bbox 135 875 920 911; baseline -0.003 -7"><span class='ocrx_word' id='word_1_121' title='bbox 135 878 206 904; x_wconf 87' lang='lat' dir='ltr'><strong>hunc</strong></span> <span class='ocrx_word' id='word_1_122' title='bbox 222 877 249 904; x_wconf 94' lang='lat' dir='ltr'><strong>in</strong></span> <span class='ocrx_word' id='word_1_123' title='bbox 269 878 378 904; x_wconf 89' lang='lat' dir='ltr'><strong>modum</strong></span> <span class='ocrx_word' id='word_1_124' title='bbox 394 877 532 904; x_wconf 85' lang='lat' dir='ltr'><strong>insidianti</strong></span> <span class='ocrx_word' id='word_1_125' title='bbox 546 877 684 911; x_wconf 67' lang='lat' dir='ltr'><strong>respondit</strong></span> <span class='ocrx_word' id='word_1_126' title='bbox 699 885 708 904; x_wconf 88' lang='lat'><strong>:</strong></span> <span class='ocrx_word' id='word_1_127' title='bbox 725 876 779 904; x_wconf 89' lang='lat' dir='ltr'><strong>Deo</strong></span> <span class='ocrx_word' id='word_1_128' title='bbox 788 883 859 904; x_wconf 62' lang='lat' dir='ltr'><strong>cura;</strong></span> <span class='ocrx_word' id='word_1_129' title='bbox 868 875 920 904; x_wconf 84' lang='lat' dir='ltr'><strong>erit</strong></span> 
     </span>
    </p>
   </div>
   <div class='ocr_carea' id='block_1_22' title="bbox 133 923 920 958">
    <p class='ocr_par' dir='ltr' id='par_1_22' title="bbox 133 923 920 958">
     <span class='ocr_line' id='line_1_22' title="bbox 133 923 920 958; baseline -0.005 -7"><span class='ocrx_word' id='word_1_130' title='bbox 133 923 253 951; x_wconf 81' lang='lat' dir='ltr'><strong>edulium</strong></span> <span class='ocrx_word' id='word_1_131' title='bbox 273 931 306 950; x_wconf 54' lang='lat' dir='ltr'><strong>mi</strong></span> <span class='ocrx_word' id='word_1_132' title='bbox 318 931 376 955; x_wconf 85' lang='lat' dir='ltr'><strong>um,</strong></span> <span class='ocrx_word' id='word_1_133' title='bbox 392 923 519 951; x_wconf 88' lang='lat' dir='ltr'><strong>nutrienti</strong></span> <span class='ocrx_word' id='word_1_134' title='bbox 538 923 670 958; x_wconf 89' lang='lat' dir='ltr'><strong>quidquid</strong></span> <span class='ocrx_word' id='word_1_135' title='bbox 688 923 771 956; x_wconf 86' lang='lat' dir='ltr'><strong>vivit,</strong></span> <span class='ocrx_word' id='word_1_136' title='bbox 784 923 841 958; x_wconf 86' lang='lat' dir='ltr'><strong>ipse</strong></span> <span class='ocrx_word' id='word_1_137' title='bbox 855 928 920 956; x_wconf 81' lang='lat' dir='ltr'><strong>pro~</strong></span> 
     </span>
    </p>
   </div>
   <div class='ocr_carea' id='block_1_23' title="bbox 134 965 921 1003">
    <p class='ocr_par' dir='ltr' id='par_1_23' title="bbox 134 965 921 1003">
     <span class='ocr_line' id='line_1_23' title="bbox 134 965 921 1003; baseline -0.005 -6"><span class='ocrx_word' id='word_1_138' title='bbox 134 974 221 997; x_wconf 83' lang='lat' dir='ltr'><strong>tector</strong></span> <span class='ocrx_word' id='word_1_139' title='bbox 248 969 310 997; x_wconf 78' lang='lat' dir='ltr'><strong>vitae</strong></span> <span class='ocrx_word' id='word_1_140' title='bbox 342 976 421 996; x_wconf 71' lang='lat' dir='ltr'><strong>meae.</strong></span> <span class='ocrx_word' id='word_1_141' title='bbox 451 968 527 996; x_wconf 84' lang='lat' dir='ltr'><strong>Talia</strong></span> <span class='ocrx_word' id='word_1_142' title='bbox 554 969 661 1003; x_wconf 87' lang='lat' dir='ltr'><strong>itnpuro</strong></span> <span class='ocrx_word' id='word_1_143' title='bbox 688 968 771 1000; x_wconf 82' lang='lat' dir='ltr'><strong>hosti,</strong></span> <span class='ocrx_word' id='word_1_144' title='bbox 785 965 921 1002; x_wconf 85' lang='lat' dir='ltr'><strong>precantis</strong></span> 
     </span>
    </p>
   </div>
   <div class='ocr_carea' id='block_1_24' title="bbox 133 1011 920 1047">
    <p class='ocr_par' dir='ltr' id='par_1_24' title="bbox 133 1011 920 1047">
     <span class='ocr_line' id='line_1_24' title="bbox 133 1011 920 1047; baseline -0.005 -5"><span class='ocrx_word' id='word_1_145' title='bbox 133 1015 254 1042; x_wconf 85' lang='lat' dir='ltr'><strong>animum</strong></span> <span class='ocrx_word' id='word_1_146' title='bbox 271 1015 298 1042; x_wconf 91' lang='lat' dir='ltr'><strong>in</strong></span> <span class='ocrx_word' id='word_1_147' title='bbox 311 1015 416 1043; x_wconf 87' lang='lat' dir='ltr'><strong>diversa</strong></span> <span class='ocrx_word' id='word_1_148' title='bbox 428 1014 534 1042; x_wconf 81' lang='lat' dir='ltr'><strong>trahere</strong></span> <span class='ocrx_word' id='word_1_149' title='bbox 551 1017 660 1047; x_wconf 75' lang='lat' dir='ltr'><strong>certato,</strong></span> <span class='ocrx_word' id='word_1_150' title='bbox 673 1018 761 1041; x_wconf 88' lang='lat' dir='ltr'><strong>mente</strong></span> <span class='ocrx_word' id='word_1_151' title='bbox 771 1011 902 1046; x_wconf 73' lang='lat' dir='ltr'><strong>objiciens</strong></span> <span class='ocrx_word' id='word_1_152' title='bbox 912 1031 920 1044; x_wconf 90' lang='lat'><strong>,</strong></span> 
     </span>
    </p>
   </div>
   <div class='ocr_carea' id='block_1_25' title="bbox 133 1056 922 1095">
    <p class='ocr_par' dir='ltr' id='par_1_25' title="bbox 133 1056 922 1095">
     <span class='ocr_line' id='line_1_25' title="bbox 133 1056 922 1095; baseline -0.004 -9"><span class='ocrx_word' id='word_1_153' title='bbox 133 1066 160 1089; x_wconf 76' lang='grc' dir='ltr'><strong>ιι</strong></span> <span class='ocrx_word' id='word_1_154' title='bbox 185 1061 276 1088; x_wconf 88' lang='lat' dir='ltr'><strong>crucis</strong></span> <span class='ocrx_word' id='word_1_155' title='bbox 305 1061 382 1095; x_wconf 83' lang='lat' dir='ltr'><strong>signo</strong></span> <span class='ocrx_word' id='word_1_156' title='bbox 398 1068 428 1088; x_wconf 92' lang='lat' dir='ltr'><strong>se</strong></span> <span class='ocrx_word' id='word_1_157' title='bbox 447 1060 583 1093; x_wconf 86' lang='lat' dir='ltr'><strong>muniens,</strong></span> <span class='ocrx_word' id='word_1_158' title='bbox 613 1059 646 1086; x_wconf 89' lang='lat' dir='ltr'><strong>ad</strong></span> <span class='ocrx_word' id='word_1_159' title='bbox 672 1059 752 1086; x_wconf 82' lang='lat' dir='ltr'><strong>tinem</strong></span> <span class='ocrx_word' id='word_1_160' title='bbox 774 1065 859 1092; x_wconf 88' lang='lat' dir='ltr'><strong>usque</strong></span> <span class='ocrx_word' id='word_1_161' title='bbox 875 1056 922 1084; x_wconf 80' lang='lat' dir='ltr'><strong>0f-</strong></span> 
     </span>
    </p>
   </div>
   <div class='ocr_carea' id='block_1_26' title="bbox 133 1102 922 1141">
    <p class='ocr_par' dir='ltr' id='par_1_26' title="bbox 133 1102 922 1141">
     <span class='ocr_line' id='line_1_26' title="bbox 133 1102 922 1141; baseline -0.008 -7"><span class='ocrx_word' id='word_1_162' title='bbox 133 1106 187 1134; x_wconf 84' lang='lat' dir='ltr'><strong>ticii</strong></span> <span class='ocrx_word' id='word_1_163' title='bbox 203 1106 284 1134; x_wconf 81' lang='lat' dir='ltr'><strong>isthic</strong></span> <span class='ocrx_word' id='word_1_164' title='bbox 300 1106 429 1141; x_wconf 81' lang='lat' dir='ltr'><strong>perstitit.</strong></span> <span class='ocrx_word' id='word_1_165' title='bbox 456 1105 526 1134; x_wconf 86' lang='lat' dir='ltr'><strong>Tum</strong></span> <span class='ocrx_word' id='word_1_166' title='bbox 553 1106 588 1133; x_wconf 90' lang='lat' dir='ltr'><strong>ad</strong></span> <span class='ocrx_word' id='word_1_167' title='bbox 616 1112 646 1134; x_wconf 89' lang='lat' dir='ltr'><strong>se</strong></span> <span class='ocrx_word' id='word_1_168' title='bbox 665 1111 801 1136; x_wconf 76' lang='lat' dir='ltr'><strong>remeans,</strong></span> <span class='ocrx_word' id='word_1_169' title='bbox 818 1102 922 1130; x_wconf 72' lang='lat' dir='ltr'><strong>invenit</strong></span> 
     </span>
    </p>
   </div>
   <div class='ocr_carea' id='block_1_27' title="bbox 134 1147 922 1185">
    <p class='ocr_par' dir='ltr' id='par_1_27' title="bbox 134 1147 922 1185">
     <span class='ocr_line' id='line_1_27' title="bbox 134 1147 922 1185; baseline -0.004 -9"><span class='ocrx_word' id='word_1_170' title='bbox 134 1154 247 1178; x_wconf 89' lang='lat' dir='ltr'><strong>cunctos</strong></span> <span class='ocrx_word' id='word_1_171' title='bbox 274 1150 302 1177; x_wconf 90' lang='lat' dir='ltr'><strong>in</strong></span> <span class='ocrx_word' id='word_1_172' title='bbox 329 1150 539 1178; x_wconf 82' lang='lat' dir='ltr'><strong>admirationem</strong></span> <span class='ocrx_word' id='word_1_173' title='bbox 566 1154 659 1185; x_wconf 87' lang='lat' dir='ltr'><strong>raptos</strong></span> <span class='ocrx_word' id='word_1_174' title='bbox 677 1149 712 1176; x_wconf 87' lang='lat' dir='ltr'><strong>ob</strong></span> <span class='ocrx_word' id='word_1_175' title='bbox 730 1147 922 1176; x_wconf 79' lang='lat' dir='ltr'><strong>suavissimam</strong></span> 
     </span>
    </p>
   </div>
   <div class='ocr_carea' id='block_1_28' title="bbox 135 1192 923 1230">
    <p class='ocr_par' dir='ltr' id='par_1_28' title="bbox 135 1192 923 1230">
     <span class='ocr_line' id='line_1_28' title="bbox 135 1192 923 1230; baseline -0.005 -8"><span class='ocrx_word' id='word_1_176' title='bbox 135 1195 228 1222; x_wconf 79' lang='lat' dir='ltr'><strong>odoris</strong></span> <span class='ocrx_word' id='word_1_177' title='bbox 254 1194 444 1230; x_wconf 80' lang='lat' dir='ltr'><strong>lragrantiam,</strong></span> <span class='ocrx_word' id='word_1_178' title='bbox 471 1202 525 1229; x_wconf 90' lang='lat' dir='ltr'><strong>qua</strong></span> <span class='ocrx_word' id='word_1_179' title='bbox 553 1194 652 1222; x_wconf 90' lang='lat' dir='ltr'><strong>domus</strong></span> <span class='ocrx_word' id='word_1_180' title='bbox 684 1192 923 1229; x_wconf 80' lang='lat' dir='ltr'><strong>perfundebatur:</strong></span> 
     </span>
    </p>
   </div>
   <div class='ocr_carea' id='block_1_29' title="bbox 136 1235 926 1274">
    <p class='ocr_par' dir='ltr' id='par_1_29' title="bbox 136 1235 926 1274">
     <span class='ocr_line' id='line_1_29' title="bbox 136 1235 926 1274; baseline -0.004 -9"><span class='ocrx_word' id='word_1_181' title='bbox 136 1239 267 1274; x_wconf 82' lang='lat' dir='ltr'><strong>auditque</strong></span> <span class='ocrx_word' id='word_1_182' title='bbox 291 1239 440 1274; x_wconf 81' lang='lat' dir='ltr'><strong>pendentes</strong></span> <span class='ocrx_word' id='word_1_183' title='bbox 456 1239 556 1266; x_wconf 86' lang='lat' dir='ltr'><strong>animis</strong></span> <span class='ocrx_word' id='word_1_184' title='bbox 573 1243 654 1273; x_wconf 85' lang='lat' dir='ltr'><strong>atque</strong></span> <span class='ocrx_word' id='word_1_185' title='bbox 672 1238 841 1272; x_wconf 79' lang='lat' dir='ltr'><strong>ignorantes,</strong></span> <span class='ocrx_word' id='word_1_186' title='bbox 853 1235 926 1263; x_wconf 88' lang='lat' dir='ltr'><strong>unde</strong></span> 
     </span>
    </p>
   </div>
   <div class='ocr_carea' id='block_1_30' title="bbox 138 1282 927 1318">
    <p class='ocr_par' dir='ltr' id='par_1_30' title="bbox 138 1282 927 1318">
     <span class='ocr_line' id='line_1_30' title="bbox 138 1282 927 1318; baseline -0.004 -7"><span class='ocrx_word' id='word_1_187' title='bbox 138 1284 246 1311; x_wconf 81' lang='lat' dir='ltr'><strong>tandem</strong></span> <span class='ocrx_word' id='word_1_188' title='bbox 274 1284 395 1312; x_wconf 81' lang='lat' dir='ltr'><strong>suavitas</strong></span> <span class='ocrx_word' id='word_1_189' title='bbox 411 1284 455 1311; x_wconf 92' lang='lat' dir='ltr'><strong>illa</strong></span> <span class='ocrx_word' id='word_1_190' title='bbox 478 1284 621 1318; x_wconf 81' lang='lat' dir='ltr'><strong>aspiraret,</strong></span> <span class='ocrx_word' id='word_1_191' title='bbox 634 1288 763 1318; x_wconf 85' lang='lat' dir='ltr'><strong>tanquam</strong></span> <span class='ocrx_word' id='word_1_192' title='bbox 780 1282 814 1310; x_wconf 89' lang='lat' dir='ltr'><strong>de</strong></span> <span class='ocrx_word' id='word_1_193' title='bbox 824 1290 853 1310; x_wconf 90' lang='lat' dir='ltr'><strong>re</strong></span> <span class='ocrx_word' id='word_1_194' title='bbox 866 1282 927 1309; x_wconf 81' lang='lat' dir='ltr'><strong>inu-</strong></span> 
     </span>
    </p>
   </div>
   <div class='ocr_carea' id='block_1_31' title="bbox 138 1326 927 1364">
    <p class='ocr_par' dir='ltr' id='par_1_31' title="bbox 138 1326 927 1364">
     <span class='ocr_line' id='line_1_31' title="bbox 138 1326 927 1364; baseline -0.004 -8"><span class='ocrx_word' id='word_1_195' title='bbox 138 1329 220 1356; x_wconf 89' lang='lat' dir='ltr'><strong>sitata</strong></span> <span class='ocrx_word' id='word_1_196' title='bbox 238 1329 410 1364; x_wconf 87' lang='lat' dir='ltr'><strong>interpellare</strong></span> <span class='ocrx_word' id='word_1_197' title='bbox 437 1336 509 1362; x_wconf 86' lang='lat' dir='ltr'><strong>sese,</strong></span> <span class='ocrx_word' id='word_1_198' title='bbox 520 1328 655 1356; x_wconf 63' lang='lat' dir='ltr'><strong>“dicentes</strong></span> <span class='ocrx_word' id='word_1_199' title='bbox 673 1336 681 1355; x_wconf 89' lang='lat'><strong>:</strong></span> <span class='ocrx_word' id='word_1_200' title='bbox 696 1327 754 1354; x_wconf 85' lang='lat' dir='ltr'><strong>lluc</strong></span> <span class='ocrx_word' id='word_1_201' title='bbox 765 1326 849 1359; x_wconf 85' lang='lat' dir='ltr'><strong>adsis,</strong></span> <span class='ocrx_word' id='word_1_202' title='bbox 863 1326 927 1353; x_wconf 87' lang='lat' dir='ltr'><strong>bere</strong></span> 
     </span>
    </p>
   </div>
   <div class='ocr_carea' id='block_1_32' title="bbox 140 1372 926 1410">
    <p class='ocr_par' dir='ltr' id='par_1_32' title="bbox 140 1372 926 1410">
     <span class='ocr_line' id='line_1_32' title="bbox 140 1372 926 1410; baseline -0.005 -9"><span class='ocrx_word' id='word_1_203' title='bbox 140 1379 233 1402; x_wconf 85' lang='lat' dir='ltr'><strong>noster</strong></span> <span class='ocrx_word' id='word_1_204' title='bbox 261 1374 371 1408; x_wconf 87' lang='lat' dir='ltr'><strong>dilecte,</strong></span> <span class='ocrx_word' id='word_1_205' title='bbox 390 1374 628 1410; x_wconf 84' lang='lat' dir='ltr'><strong>incomparabilem</strong></span> <span class='ocrx_word' id='word_1_206' title='bbox 654 1374 724 1401; x_wconf 90' lang='lat' dir='ltr'><strong>hanc</strong></span> <span class='ocrx_word' id='word_1_207' title='bbox 751 1372 926 1407; x_wconf 83' lang='lat' dir='ltr'><strong>fragrantiam</strong></span> 
     </span>
    </p>
   </div>
   <div class='ocr_carea' id='block_1_33' title="bbox 139 1418 926 1456">
    <p class='ocr_par' dir='ltr' id='par_1_33' title="bbox 139 1418 926 1456">
     <span class='ocr_line' id='line_1_33' title="bbox 139 1418 926 1456; baseline -0.005 -8"><span class='ocrx_word' id='word_1_208' title='bbox 139 1421 236 1454; x_wconf 81' lang='lat' dir='ltr'><strong>olface,</strong></span> <span class='ocrx_word' id='word_1_209' title='bbox 267 1428 326 1456; x_wconf 72' lang='lat' dir='ltr'><strong>quae</strong></span> <span class='ocrx_word' id='word_1_210' title='bbox 357 1421 428 1449; x_wconf 91' lang='lat' dir='ltr'><strong>unde</strong></span> <span class='ocrx_word' id='word_1_211' title='bbox 456 1420 570 1456; x_wconf 83' lang='lat' dir='ltr'><strong>prodeat</strong></span> <span class='ocrx_word' id='word_1_212' title='bbox 600 1420 701 1447; x_wconf 87' lang='lat' dir='ltr'><strong>rescire</strong></span> <span class='ocrx_word' id='word_1_213' title='bbox 723 1418 812 1446; x_wconf 89' lang='lat' dir='ltr'><strong>nullus</strong></span> <span class='ocrx_word' id='word_1_214' title='bbox 827 1421 926 1453; x_wconf 82' lang='lat' dir='ltr'><strong>potest.</strong></span> 
     </span>
    </p>
   </div>
   <div class='ocr_carea' id='block_1_34' title="bbox 139 1463 927 1501">
    <p class='ocr_par' dir='ltr' id='par_1_34' title="bbox 139 1463 927 1501">
     <span class='ocr_line' id='line_1_34' title="bbox 139 1463 927 1501; baseline -0.005 -7"><span class='ocrx_word' id='word_1_215' title='bbox 139 1466 263 1500; x_wconf 83' lang='lat' dir='ltr'><strong>Cumque</strong></span> <span class='ocrx_word' id='word_1_216' title='bbox 278 1467 440 1494; x_wconf 84' lang='lat' dir='ltr'><strong>accessisset</strong></span> <span class='ocrx_word' id='word_1_217' title='bbox 459 1465 628 1501; x_wconf 84' lang='lat' dir='ltr'><strong>Epiphanius</strong></span> <span class='ocrx_word' id='word_1_218' title='bbox 638 1463 723 1492; x_wconf 86' lang='lat' dir='ltr'><strong>sensit</strong></span> <span class='ocrx_word' id='word_1_219' title='bbox 747 1467 774 1491; x_wconf 90' lang='lat' dir='ltr'><strong>et</strong></span> <span class='ocrx_word' id='word_1_220' title='bbox 790 1463 850 1498; x_wconf 86' lang='lat' dir='ltr'><strong>ipse</strong></span> <span class='ocrx_word' id='word_1_221' title='bbox 862 1470 927 1490; x_wconf 86' lang='lat' dir='ltr'><strong>sua-</strong></span> 
     </span>
    </p>
   </div>
   <div class='ocr_carea' id='block_1_35' title="bbox 137 1507 927 1543">
    <p class='ocr_par' dir='ltr' id='par_1_35' title="bbox 137 1507 927 1543">
     <span class='ocr_line' id='line_1_35' title="bbox 137 1507 927 1543; baseline -0.008 -3"><span class='ocrx_word' id='word_1_222' title='bbox 137 1513 248 1540; x_wconf 85' lang='lat' dir='ltr'><strong>vitatem</strong></span> <span class='ocrx_word' id='word_1_223' title='bbox 265 1512 358 1540; x_wconf 89' lang='lat' dir='ltr'><strong>odoris</strong></span> <span class='ocrx_word' id='word_1_224' title='bbox 371 1511 536 1543; x_wconf 87' lang='lat' dir='ltr'><strong>mirabilem,</strong></span> <span class='ocrx_word' id='word_1_225' title='bbox 548 1514 575 1538; x_wconf 89' lang='lat' dir='ltr'><strong>et</strong></span> <span class='ocrx_word' id='word_1_226' title='bbox 592 1510 629 1538; x_wconf 90' lang='lat' dir='ltr'><strong>rei</strong></span> <span class='ocrx_word' id='word_1_227' title='bbox 655 1509 774 1538; x_wconf 82' lang='lat' dir='ltr'><strong>novitate</strong></span> <span class='ocrx_word' id='word_1_228' title='bbox 785 1507 927 1543; x_wconf 82' lang='lat' dir='ltr'><strong>perculsus</strong></span> 
     </span>
    </p>
   </div>
   <div class='ocr_carea' id='block_1_36' title="bbox 135 1553 928 1593">
    <p class='ocr_par' dir='ltr' id='par_1_36' title="bbox 135 1553 928 1593">
     <span class='ocr_line' id='line_1_36' title="bbox 135 1553 928 1593; baseline -0.008 -8"><span class='ocrx_word' id='word_1_229' title='bbox 135 1562 188 1586; x_wconf 88' lang='lat' dir='ltr'><strong>cst.</strong></span> <span class='ocrx_word' id='word_1_230' title='bbox 211 1558 353 1593; x_wconf 79' lang='lat' dir='ltr'><strong>Ingressus</strong></span> <span class='ocrx_word' id='word_1_231' title='bbox 379 1564 444 1585; x_wconf 89' lang='lat' dir='ltr'><strong>vero</strong></span> <span class='ocrx_word' id='word_1_232' title='bbox 468 1555 644 1587; x_wconf 84' lang='lat' dir='ltr'><strong>cubiculum,</strong></span> <span class='ocrx_word' id='word_1_233' title='bbox 676 1554 721 1582; x_wconf 91' lang='lat' dir='ltr'><strong>ubi</strong></span> <span class='ocrx_word' id='word_1_234' title='bbox 747 1553 855 1582; x_wconf 72' lang='lat' dir='ltr'><strong>[oculus</strong></span> <span class='ocrx_word' id='word_1_235' title='bbox 869 1556 928 1581; x_wconf 89' lang='lat' dir='ltr'><strong>erat</strong></span> 
     </span>
    </p>
   </div>
   <div class='ocr_carea' id='block_1_37' title="bbox 135 1596 928 1637">
    <p class='ocr_par' dir='ltr' id='par_1_37' title="bbox 135 1596 928 1637">
     <span class='ocr_line' id='line_1_37' title="bbox 135 1596 928 1637; baseline -0.01 -7"><span class='ocrx_word' id='word_1_236' title='bbox 135 1602 300 1630; x_wconf 82' lang='lat' dir='ltr'><strong>carbonibus</strong></span> <span class='ocrx_word' id='word_1_237' title='bbox 329 1601 437 1637; x_wconf 87' lang='lat' dir='ltr'><strong>plenus,</strong></span> <span class='ocrx_word' id='word_1_238' title='bbox 459 1605 488 1628; x_wconf 81' lang='lat' dir='ltr'><strong>et</strong></span> <span class='ocrx_word' id='word_1_239' title='bbox 517 1600 759 1634; x_wconf 81' lang='lat' dir='ltr'><strong>circumspectans,</strong></span> <span class='ocrx_word' id='word_1_240' title='bbox 792 1596 928 1631; x_wconf 81' lang='lat' dir='ltr'><strong>conspicit</strong></span> 
     </span>
    </p>
   </div>
   <div class='ocr_carea' id='block_1_38' title="bbox 136 1642 925 1682">
    <p class='ocr_par' dir='ltr' id='par_1_38' title="bbox 136 1642 925 1682">
     <span class='ocr_line' id='line_1_38' title="bbox 136 1642 925 1682; baseline -0.006 -8"><span class='ocrx_word' id='word_1_241' title='bbox 136 1647 263 1682; x_wconf 82' lang='lat' dir='ltr'><strong>juvenem</strong></span> <span class='ocrx_word' id='word_1_242' title='bbox 280 1646 419 1680; x_wconf 80' lang='lat' dir='ltr'><strong>dignitatis</strong></span> <span class='ocrx_word' id='word_1_243' title='bbox 433 1645 550 1677; x_wconf 67' lang='lat' dir='ltr'><strong>eximiae,</strong></span> <span class='ocrx_word' id='word_1_244' title='bbox 563 1644 734 1679; x_wconf 88' lang='lat' dir='ltr'><strong>proceritatis</strong></span> <span class='ocrx_word' id='word_1_245' title='bbox 746 1642 925 1675; x_wconf 69' lang='lat' dir='ltr'><strong>admirandae,</strong></span> 
     </span>
    </p>
   </div>
   <div class='ocr_carea' id='block_1_39' title="bbox 138 1687 927 1724">
    <p class='ocr_par' dir='ltr' id='par_1_39' title="bbox 138 1687 927 1724">
     <span class='ocr_line' id='line_1_39' title="bbox 138 1687 927 1724; baseline -0.003 -7"><span class='ocrx_word' id='word_1_246' title='bbox 138 1697 249 1724; x_wconf 81' lang='lat' dir='ltr'><strong>prorsus</strong></span> <span class='ocrx_word' id='word_1_247' title='bbox 268 1691 395 1717; x_wconf 80' lang='lat' dir='ltr'><strong>decenter</strong></span> <span class='ocrx_word' id='word_1_248' title='bbox 420 1689 602 1724; x_wconf 87' lang='lat' dir='ltr'><strong>compositum</strong></span> <span class='ocrx_word' id='word_1_249' title='bbox 622 1697 629 1716; x_wconf 89' lang='lat'><strong>:</strong></span> <span class='ocrx_word' id='word_1_250' title='bbox 647 1688 809 1716; x_wconf 82' lang='lat' dir='ltr'><strong>coruscabat</strong></span> <span class='ocrx_word' id='word_1_251' title='bbox 843 1687 927 1716; x_wconf 78' lang='lat' dir='ltr'><strong>facies</strong></span> 
     </span>
    </p>
   </div>
   <div class='ocr_carea' id='block_1_40' title="bbox 135 1734 924 1771">
    <p class='ocr_par' dir='ltr' id='par_1_40' title="bbox 135 1734 924 1771">
     <span class='ocr_line' id='line_1_40' title="bbox 135 1734 924 1771; baseline -0.001 -10"><span class='ocrx_word' id='word_1_252' title='bbox 135 1736 196 1771; x_wconf 71' lang='lat' dir='ltr'><strong>ejus</strong></span> <span class='ocrx_word' id='word_1_253' title='bbox 211 1736 314 1763; x_wconf 87' lang='lat' dir='ltr'><strong>clarius</strong></span> <span class='ocrx_word' id='word_1_254' title='bbox 329 1735 397 1767; x_wconf 87' lang='lat' dir='ltr'><strong>sole,</strong></span> <span class='ocrx_word' id='word_1_255' title='bbox 412 1740 439 1762; x_wconf 90' lang='lat' dir='ltr'><strong>et</strong></span> <span class='ocrx_word' id='word_1_256' title='bbox 459 1734 638 1762; x_wconf 82' lang='lat' dir='ltr'><strong>amiciebatur</strong></span> <span class='ocrx_word' id='word_1_257' title='bbox 660 1734 728 1762; x_wconf 88' lang='lat' dir='ltr'><strong>stola</strong></span> <span class='ocrx_word' id='word_1_258' title='bbox 739 1754 747 1767; x_wconf 93' lang='lat'><strong>,</strong></span> <span class='ocrx_word' id='word_1_259' title='bbox 761 1741 822 1769; x_wconf 62' lang='lat' dir='ltr'><strong>qua</strong></span> <span class='ocrx_word' id='word_1_260' title='bbox 838 1735 924 1768; x_wconf 89' lang='lat' dir='ltr'><strong>ipsam</strong></span> 
     </span>
    </p>
   </div>
   <div class='ocr_carea' id='block_1_41' title="bbox 139 1779 925 1815">
    <p class='ocr_par' dir='ltr' id='par_1_41' title="bbox 139 1779 925 1815">
     <span class='ocr_line' id='line_1_41' title="bbox 139 1779 925 1815; baseline -0.001 -8"><span class='ocrx_word' id='word_1_261' title='bbox 139 1789 192 1808; x_wconf 90' lang='lat' dir='ltr'><strong>non</strong></span> <span class='ocrx_word' id='word_1_262' title='bbox 208 1781 354 1809; x_wconf 87' lang='lat' dir='ltr'><strong>dedeceret</strong></span> <span class='ocrx_word' id='word_1_263' title='bbox 373 1782 546 1815; x_wconf 84' lang='lat' dir='ltr'><strong>majestatetn</strong></span> <span class='ocrx_word' id='word_1_264' title='bbox 562 1780 692 1811; x_wconf 84' lang='lat' dir='ltr'><strong>divinam,</strong></span> <span class='ocrx_word' id='word_1_265' title='bbox 705 1787 719 1806; x_wconf 95' lang='lat' dir='ltr'><strong>a</strong></span> <span class='ocrx_word' id='word_1_266' title='bbox 734 1780 804 1807; x_wconf 89' lang='lat' dir='ltr'><strong>collo</strong></span> <span class='ocrx_word' id='word_1_267' title='bbox 816 1779 925 1815; x_wconf 85' lang='lat' dir='ltr'><strong>quidem</strong></span> 
     </span>
    </p>
   </div>
   <div class='ocr_carea' id='block_1_42' title="bbox 139 1825 926 1861">
    <p class='ocr_par' dir='ltr' id='par_1_42' title="bbox 139 1825 926 1861">
     <span class='ocr_line' id='line_1_42' title="bbox 139 1825 926 1861; baseline -0.003 -7"><span class='ocrx_word' id='word_1_268' title='bbox 139 1831 249 1861; x_wconf 82' lang='lat' dir='ltr'><strong>pectore</strong></span> <span class='ocrx_word' id='word_1_269' title='bbox 272 1831 350 1854; x_wconf 74' lang='lat' dir='ltr'><strong>tenus</strong></span> <span class='ocrx_word' id='word_1_270' title='bbox 376 1826 502 1860; x_wconf 85' lang='lat' dir='ltr'><strong>candida,</strong></span> <span class='ocrx_word' id='word_1_271' title='bbox 517 1834 585 1854; x_wconf 90' lang='lat' dir='ltr'><strong>auro</strong></span> <span class='ocrx_word' id='word_1_272' title='bbox 605 1826 750 1854; x_wconf 80' lang='lat' dir='ltr'><strong>intertexta</strong></span> <span class='ocrx_word' id='word_1_273' title='bbox 766 1845 775 1860; x_wconf 88' lang='lat'><strong>,</strong></span> <span class='ocrx_word' id='word_1_274' title='bbox 789 1825 852 1853; x_wconf 90' lang='lat' dir='ltr'><strong>hinc</strong></span> <span class='ocrx_word' id='word_1_275' title='bbox 861 1832 926 1853; x_wconf 88' lang='lat' dir='ltr'><strong>vero</strong></span> 
     </span>
    </p>
   </div>
   <div class='ocr_carea' id='block_1_43' title="bbox 140 1871 927 1907">
    <p class='ocr_par' dir='ltr' id='par_1_43' title="bbox 140 1871 927 1907">
     <span class='ocr_line' id='line_1_43' title="bbox 140 1871 927 1907; baseline -0.001 -7"><span class='ocrx_word' id='word_1_276' title='bbox 140 1881 187 1907; x_wconf 80' lang='lat' dir='ltr'><strong>per</strong></span> <span class='ocrx_word' id='word_1_277' title='bbox 216 1873 325 1900; x_wconf 89' lang='lat' dir='ltr'><strong>lumbos</strong></span> <span class='ocrx_word' id='word_1_278' title='bbox 340 1872 463 1907; x_wconf 86' lang='lat' dir='ltr'><strong>adusque</strong></span> <span class='ocrx_word' id='word_1_279' title='bbox 490 1879 588 1907; x_wconf 76' lang='lat' dir='ltr'><strong>genua,</strong></span> <span class='ocrx_word' id='word_1_280' title='bbox 606 1872 693 1900; x_wconf 85' lang='lat' dir='ltr'><strong>instar</strong></span> <span class='ocrx_word' id='word_1_281' title='bbox 707 1872 808 1904; x_wconf 65' lang='lat' dir='ltr'><strong>herbae,</strong></span> <span class='ocrx_word' id='word_1_282' title='bbox 831 1871 927 1899; x_wconf 89' lang='lat' dir='ltr'><strong>viridis</strong></span> 
     </span>
    </p>
   </div>
   <div class='ocr_carea' id='block_1_44' title="bbox 140 1915 926 1953">
    <p class='ocr_par' dir='ltr' id='par_1_44' title="bbox 140 1915 926 1953">
     <span class='ocr_line' id='line_1_44' title="bbox 140 1915 926 1953; baseline -0.003 -7"><span class='ocrx_word' id='word_1_283' title='bbox 140 1922 165 1947; x_wconf 81' lang='lat' dir='ltr'><strong>et</strong></span> <span class='ocrx_word' id='word_1_284' title='bbox 183 1919 274 1946; x_wconf 92' lang='lat' dir='ltr'><strong>eitrini</strong></span> <span class='ocrx_word' id='word_1_285' title='bbox 292 1919 393 1947; x_wconf 88' lang='lat' dir='ltr'><strong>coloris</strong></span> <span class='ocrx_word' id='word_1_286' title='bbox 414 1919 518 1946; x_wconf 88' lang='lat' dir='ltr'><strong>nitente</strong></span> <span class='ocrx_word' id='word_1_287' title='bbox 538 1926 546 1945; x_wconf 91' lang='lat'><strong>:</strong></span> <span class='ocrx_word' id='word_1_288' title='bbox 565 1923 646 1953; x_wconf 89' lang='lat' dir='ltr'><strong>caput</strong></span> <span class='ocrx_word' id='word_1_289' title='bbox 668 1917 797 1945; x_wconf 85' lang='lat' dir='ltr'><strong>rutilabat</strong></span> <span class='ocrx_word' id='word_1_290' title='bbox 811 1915 926 1944; x_wconf 80' lang='lat' dir='ltr'><strong>ﬂavente</strong></span> 
     </span>
    </p>
   </div>
   <div class='ocr_carea' id='block_1_45' title="bbox 138 1961 925 1999">
    <p class='ocr_par' dir='ltr' id='par_1_45' title="bbox 138 1961 925 1999">
     <span class='ocr_line' id='line_1_45' title="bbox 138 1961 925 1999; baseline -0.004 -8"><span class='ocrx_word' id='word_1_291' title='bbox 138 1971 226 1998; x_wconf 81' lang='lat' dir='ltr'><strong>coma,</strong></span> <span class='ocrx_word' id='word_1_292' title='bbox 254 1964 359 1999; x_wconf 84' lang='lat' dir='ltr'><strong>capillis</strong></span> <span class='ocrx_word' id='word_1_293' title='bbox 373 1971 470 1992; x_wconf 90' lang='lat' dir='ltr'><strong>aurum</strong></span> <span class='ocrx_word' id='word_1_294' title='bbox 494 1963 598 1999; x_wconf 83' lang='lat' dir='ltr'><strong>fulgore</strong></span> <span class='ocrx_word' id='word_1_295' title='bbox 613 1971 664 1990; x_wconf 89' lang='lat' dir='ltr'><strong>suo</strong></span> <span class='ocrx_word' id='word_1_296' title='bbox 679 1962 858 1990; x_wconf 86' lang='lat' dir='ltr'><strong>imitantibus.</strong></span> <span class='ocrx_word' id='word_1_297' title='bbox 880 1961 925 1988; x_wconf 91' lang='lat' dir='ltr'><strong>Ti-</strong></span> 
     </span>
    </p>
   </div>
   <div class='ocr_carea' id='block_1_46' title="bbox 138 2007 924 2045">
    <p class='ocr_par' dir='ltr' id='par_1_46' title="bbox 138 2007 924 2045">
     <span class='ocr_line' id='line_1_46' title="bbox 138 2007 924 2045; baseline -0.005 -7"><span class='ocrx_word' id='word_1_298' title='bbox 138 2018 214 2038; x_wconf 87' lang='lat' dir='ltr'><strong>more</strong></span> <span class='ocrx_word' id='word_1_299' title='bbox 246 2010 388 2045; x_wconf 88' lang='lat' dir='ltr'><strong>perculsus</strong></span> <span class='ocrx_word' id='word_1_300' title='bbox 414 2010 448 2038; x_wconf 87' lang='lat' dir='ltr'><strong>ad</strong></span> <span class='ocrx_word' id='word_1_301' title='bbox 469 2010 520 2037; x_wconf 91' lang='lat' dir='ltr'><strong>hoc</strong></span> <span class='ocrx_word' id='word_1_302' title='bbox 533 2009 717 2045; x_wconf 71' lang='lat' dir='ltr'><strong>spectaculum</strong></span> <span class='ocrx_word' id='word_1_303' title='bbox 744 2007 924 2042; x_wconf 86' lang='lat' dir='ltr'><strong>Epiphanius,</strong></span> 
     </span>
    </p>
   </div>
   <div class='ocr_carea' id='block_1_47' title="bbox 137 2053 924 2091">
    <p class='ocr_par' dir='ltr' id='par_1_47' title="bbox 137 2053 924 2091">
     <span class='ocr_line' id='line_1_47' title="bbox 137 2053 924 2091; baseline -0.005 -7"><span class='ocrx_word' id='word_1_304' title='bbox 137 2057 225 2084; x_wconf 90' lang='lat' dir='ltr'><strong>cernit</strong></span> <span class='ocrx_word' id='word_1_305' title='bbox 255 2056 352 2084; x_wconf 78' lang='lat' dir='ltr'><strong>faciem</strong></span> <span class='ocrx_word' id='word_1_306' title='bbox 383 2055 493 2091; x_wconf 86' lang='lat' dir='ltr'><strong>juvenis</strong></span> <span class='ocrx_word' id='word_1_307' title='bbox 522 2055 712 2083; x_wconf 76' lang='lat' dir='ltr'><strong>transformari</strong></span> <span class='ocrx_word' id='word_1_308' title='bbox 732 2053 924 2085; x_wconf 84' lang='lat' dir='ltr'><strong>diversimode,</strong></span> 
     </span>
    </p>
   </div>
   <div class='ocr_carea' id='block_1_48' title="bbox 137 2099 926 2135">
    <p class='ocr_par' dir='ltr' id='par_1_48' title="bbox 137 2099 926 2135">
     <span class='ocr_line' id='line_1_48' title="bbox 137 2099 926 2135; baseline -0.004 -5"><span class='ocrx_word' id='word_1_309' title='bbox 137 2103 218 2130; x_wconf 91' lang='lat' dir='ltr'><strong>modo</strong></span> <span class='ocrx_word' id='word_1_310' title='bbox 247 2102 336 2130; x_wconf 82' lang='lat' dir='ltr'><strong>instar</strong></span> <span class='ocrx_word' id='word_1_311' title='bbox 361 2101 431 2129; x_wconf 87' lang='lat' dir='ltr'><strong>nivis</strong></span> <span class='ocrx_word' id='word_1_312' title='bbox 457 2101 610 2132; x_wconf 88' lang='lat' dir='ltr'><strong>candidam,</strong></span> <span class='ocrx_word' id='word_1_313' title='bbox 638 2100 720 2128; x_wconf 87' lang='lat' dir='ltr'><strong>modo</strong></span> <span class='ocrx_word' id='word_1_314' title='bbox 747 2099 835 2128; x_wconf 84' lang='lat' dir='ltr'><strong>instar</strong></span> <span class='ocrx_word' id='word_1_315' title='bbox 854 2099 926 2135; x_wconf 89' lang='lat' dir='ltr'><strong>ignis</strong></span> 
     </span>
    </p>
   </div>
   <div class='ocr_carea' id='block_1_49' title="bbox 139 2145 927 2182">
    <p class='ocr_par' dir='ltr' id='par_1_49' title="bbox 139 2145 927 2182">
     <span class='ocr_line' id='line_1_49' title="bbox 139 2145 927 2182; baseline -0.004 -7"><span class='ocrx_word' id='word_1_316' title='bbox 139 2147 333 2182; x_wconf 82' lang='lat' dir='ltr'><strong>iulgurantem.</strong></span> <span class='ocrx_word' id='word_1_317' title='bbox 366 2145 474 2174; x_wconf 82' lang='lat' dir='ltr'><strong>Nudum</strong></span> <span class='ocrx_word' id='word_1_318' title='bbox 488 2145 666 2181; x_wconf 86' lang='lat' dir='ltr'><strong>protendebat</strong></span> <span class='ocrx_word' id='word_1_319' title='bbox 698 2146 839 2173; x_wconf 88' lang='lat' dir='ltr'><strong>brachium</strong></span> <span class='ocrx_word' id='word_1_320' title='bbox 861 2145 927 2173; x_wconf 80' lang='lat' dir='ltr'><strong>dex-</strong></span> 
     </span>
    </p>
   </div>
   <div class='ocr_carea' id='block_1_50' title="bbox 139 2191 927 2229">
    <p class='ocr_par' dir='ltr' id='par_1_50' title="bbox 139 2191 927 2229">
     <span class='ocr_line' id='line_1_50' title="bbox 139 2191 927 2229; baseline -0.001 -9"><span class='ocrx_word' id='word_1_321' title='bbox 139 2198 222 2227; x_wconf 89' lang='lat' dir='ltr'><strong>trum,</strong></span> <span class='ocrx_word' id='word_1_322' title='bbox 238 2200 292 2228; x_wconf 89' lang='lat' dir='ltr'><strong>quo</strong></span> <span class='ocrx_word' id='word_1_323' title='bbox 306 2192 475 2229; x_wconf 83' lang='lat' dir='ltr'><strong>apprehensa</strong></span> <span class='ocrx_word' id='word_1_324' title='bbox 490 2200 557 2222; x_wconf 86' lang='lat' dir='ltr'><strong>ansa</strong></span> <span class='ocrx_word' id='word_1_325' title='bbox 571 2192 685 2220; x_wconf 86' lang='lat' dir='ltr'><strong>lcbetem</strong></span> <span class='ocrx_word' id='word_1_326' title='bbox 694 2191 856 2225; x_wconf 87' lang='lat' dir='ltr'><strong>sustinebat,</strong></span> <span class='ocrx_word' id='word_1_327' title='bbox 875 2199 927 2219; x_wconf 90' lang='lat' dir='ltr'><strong>non</strong></span> 
     </span>
    </p>
   </div>
   <div class='ocr_carea' id='block_1_51' title="bbox 139 2239 467 2268">
    <p class='ocr_par' dir='ltr' id='par_1_51' title="bbox 139 2239 467 2268">
     <span class='ocr_line' id='line_1_51' title="bbox 139 2239 467 2268; baseline -0.006 -1"><span class='ocrx_word' id='word_1_328' title='bbox 139 2239 245 2268; x_wconf 86' lang='lat' dir='ltr'><strong>otiosus</strong></span> <span class='ocrx_word' id='word_1_329' title='bbox 257 2239 348 2266; x_wconf 79' lang='lat' dir='ltr'><strong>foculo</strong></span> <span class='ocrx_word' id='word_1_330' title='bbox 364 2243 467 2266; x_wconf 88' lang='lat' dir='ltr'><strong>astans.</strong></span> 
     </span>
    </p>
   </div>
   <div class='ocr_carea' id='block_1_52' title="bbox 173 2379 926 2417">
    <p class='ocr_par' dir='ltr' id='par_1_52' title="bbox 173 2379 926 2417">
     <span class='ocr_line' id='line_1_52' title="bbox 173 2379 926 2417; baseline -0.008 -4"><span class='ocrx_word' id='word_1_331' title='bbox 173 2385 218 2413; x_wconf 76' lang='lat'><strong>53.</strong></span> <span class='ocrx_word' id='word_1_332' title='bbox 249 2384 323 2412; x_wconf 79' lang='lat' dir='ltr'><strong>Inter</strong></span> <span class='ocrx_word' id='word_1_333' title='bbox 350 2383 408 2410; x_wconf 70' lang='lat' dir='ltr'><strong>haec</strong></span> <span class='ocrx_word' id='word_1_334' title='bbox 434 2387 500 2417; x_wconf 85' lang='lat' dir='ltr'><strong>ergo</strong></span> <span class='ocrx_word' id='word_1_335' title='bbox 515 2379 718 2416; x_wconf 80' lang='lat' dir='ltr'><strong>obstupefacto,</strong></span> <span class='ocrx_word' id='word_1_336' title='bbox 732 2384 762 2407; x_wconf 92' lang='lat' dir='ltr'><strong>ut</strong></span> <span class='ocrx_word' id='word_1_337' title='bbox 780 2379 845 2412; x_wconf 83' lang='lat' dir='ltr'><strong>dixi,</strong></span> <span class='ocrx_word' id='word_1_338' title='bbox 863 2380 926 2415; x_wconf 84' lang='lat' dir='ltr'><strong>Epi-</strong></span> 
     </span>
    </p>
   </div>
   <div class='ocr_carea' id='block_1_53' title="bbox 969 195 1757 231">
    <p class='ocr_par' dir='ltr' id='par_1_53' title="bbox 969 195 1757 231">
     <span class='ocr_line' id='line_1_53' title="bbox 969 195 1757 231; baseline 0.003 -9"><span class='ocrx_word' id='word_1_339' title='bbox 969 196 1176 231; x_wconf 80' lang='grc' dir='ltr'>ὗστερούμενος,</span> <span class='ocrx_word' id='word_1_340' title='bbox 1190 195 1349 231; x_wconf 84' lang='grc' dir='ltr'>χσμεύνης,</span> <span class='ocrx_word' id='word_1_341' title='bbox 1366 195 1546 231; x_wconf 81' lang='grc' dir='ltr'>ξηροκοιτῶν,</span> <span class='ocrx_word' id='word_1_342' title='bbox 1568 197 1624 223; x_wconf 79' lang='grc' dir='ltr'>ἀπὸ</span> <span class='ocrx_word' id='word_1_343' title='bbox 1645 197 1757 224; x_wconf 86' lang='grc' dir='ltr'>πάντων</span> 
     </span>
    </p>
   </div>
   <div class='ocr_carea' id='block_1_54' title="bbox 968 240 1755 277">
    <p class='ocr_par' dir='ltr' id='par_1_54' title="bbox 968 240 1755 277">
     <span class='ocr_line' id='line_1_54' title="bbox 968 240 1755 277; baseline 0.001 -10"><span class='ocrx_word' id='word_1_344' title='bbox 968 240 1196 275; x_wconf 80' lang='grc' dir='ltr'>ἀπαραμύθητος,</span> <span class='ocrx_word' id='word_1_345' title='bbox 1214 240 1261 267; x_wconf 82' lang='grc' dir='ltr'><strong>καὶ</strong></span> <span class='ocrx_word' id='word_1_346' title='bbox 1281 240 1370 267; x_wconf 82' lang='grc' dir='ltr'>ταῦτα</span> <span class='ocrx_word' id='word_1_347' title='bbox 1389 240 1436 276; x_wconf 77' lang='grc' dir='ltr'>βίᾳ</span> <span class='ocrx_word' id='word_1_348' title='bbox 1450 241 1669 277; x_wconf 79' lang='grc' dir='ltr'>ὲξυπηρετήσας,</span> <span class='ocrx_word' id='word_1_349' title='bbox 1685 241 1755 268; x_wconf 84' lang='grc' dir='ltr'>ὥστε</span> 
     </span>
    </p>
   </div>
   <div class='ocr_carea' id='block_1_55' title="bbox 968 285 1757 322">
    <p class='ocr_par' dir='ltr' id='par_1_55' title="bbox 968 285 1757 322">
     <span class='ocr_line' id='line_1_55' title="bbox 968 285 1757 322; baseline 0.004 -10"><span class='ocrx_word' id='word_1_350' title='bbox 968 286 1142 321; x_wconf 68' lang='grc' dir='ltr'>ἀποψυγῆναι</span> <span class='ocrx_word' id='word_1_351' title='bbox 1162 285 1201 321; x_wconf 82' lang='grc' dir='ltr'><strong>τῷ</strong></span> <span class='ocrx_word' id='word_1_352' title='bbox 1215 286 1335 313; x_wconf 66' lang='grc' dir='ltr'>καιῑσωνι</span> <span class='ocrx_word' id='word_1_353' title='bbox 1350 286 1388 322; x_wconf 87' lang='grc' dir='ltr'><strong>τῷ</strong></span> <span class='ocrx_word' id='word_1_354' title='bbox 1406 287 1461 314; x_wconf 76' lang='grc' dir='ltr'><strong>ἀπὸ</strong></span> <span class='ocrx_word' id='word_1_355' title='bbox 1483 287 1563 322; x_wconf 80' lang='grc' dir='ltr'>δίψης</span> <span class='ocrx_word' id='word_1_356' title='bbox 1581 288 1757 322; x_wconf 73' lang='grc' dir='ltr'>ὲπιγεγονότι</span> 
     </span>
    </p>
   </div>
   <div class='ocr_carea' id='block_1_56' title="bbox 969 330 1757 369">
    <p class='ocr_par' dir='ltr' id='par_1_56' title="bbox 969 330 1757 369">
     <span class='ocr_line' id='line_1_56' title="bbox 969 330 1757 369; baseline 0.004 -13"><span class='ocrx_word' id='word_1_357' title='bbox 969 339 1011 357; x_wconf 80' lang='grc' dir='ltr'><strong>σοι</strong></span> <span class='ocrx_word' id='word_1_358' title='bbox 1025 337 1032 344; x_wconf 62' lang='grc' dir='ltr'><strong>ε</strong></span> <span class='ocrx_word' id='word_1_359' title='bbox 1053 331 1096 357; x_wconf 71' lang='grc' dir='ltr'>ὅτε</span> <span class='ocrx_word' id='word_1_360' title='bbox 1110 330 1158 357; x_wconf 75' lang='grc' dir='ltr'><strong>οὖν</strong></span> <span class='ocrx_word' id='word_1_361' title='bbox 1173 331 1282 365; x_wconf 78' lang='grc' dir='ltr'>δφειλες</span> <span class='ocrx_word' id='word_1_362' title='bbox 1301 331 1351 366; x_wconf 81' lang='grc' dir='ltr'>τὴν</span> <span class='ocrx_word' id='word_1_363' title='bbox 1365 332 1462 367; x_wconf 80' lang='grc' dir='ltr'>εὐτελῆ</span> <span class='ocrx_word' id='word_1_364' title='bbox 1475 340 1523 358; x_wconf 91' lang='grc' dir='ltr'><strong>σου</strong></span> <span class='ocrx_word' id='word_1_365' title='bbox 1538 332 1642 369; x_wconf 74' lang='grc' dir='ltr'>τροφὴν</span> <span class='ocrx_word' id='word_1_366' title='bbox 1657 334 1757 368; x_wconf 78' lang='grc' dir='ltr'>ἐπιμε-</span> 
     </span>
    </p>
   </div>
   <div class='ocr_carea' id='block_1_57' title="bbox 969 376 1758 414">
    <p class='ocr_par' dir='ltr' id='par_1_57' title="bbox 969 376 1758 414">
     <span class='ocr_line' id='line_1_57' title="bbox 969 376 1758 414; baseline 0.005 -13"><span class='ocrx_word' id='word_1_367' title='bbox 969 376 1103 411; x_wconf 80' lang='grc' dir='ltr'>λήσασθαι</span> <span class='ocrx_word' id='word_1_368' title='bbox 1118 376 1166 403; x_wconf 81' lang='grc' dir='ltr'>τοῦ</span> <span class='ocrx_word' id='word_1_369' title='bbox 1185 378 1342 412; x_wconf 82' lang='grc' dir='ltr'><strong>μετασχεῖν,</strong></span> <span class='ocrx_word' id='word_1_370' title='bbox 1367 377 1472 413; x_wconf 84' lang='grc' dir='ltr'>ταύτην</span> <span class='ocrx_word' id='word_1_371' title='bbox 1487 378 1631 414; x_wconf 85' lang='grc' dir='ltr'>παρεάσας</span> <span class='ocrx_word' id='word_1_372' title='bbox 1656 379 1758 414; x_wconf 80' lang='grc' dir='ltr'>ἀνεχώ-</span> 
     </span>
    </p>
   </div>
   <div class='ocr_carea' id='block_1_58' title="bbox 972 422 1757 460">
    <p class='ocr_par' dir='ltr' id='par_1_58' title="bbox 972 422 1757 460">
     <span class='ocr_line' id='line_1_58' title="bbox 972 422 1757 460; baseline 0.003 -12"><span class='ocrx_word' id='word_1_373' title='bbox 972 431 1072 457; x_wconf 78' lang='grc' dir='ltr'>ρησας,</span> <span class='ocrx_word' id='word_1_374' title='bbox 1086 422 1141 449; x_wconf 79' lang='grc' dir='ltr'>τινὶ</span> <span class='ocrx_word' id='word_1_375' title='bbox 1161 423 1226 458; x_wconf 75' lang='grc' dir='ltr'>περὶ</span> <span class='ocrx_word' id='word_1_376' title='bbox 1246 423 1332 458; x_wconf 77' lang='grc' dir='ltr'>αὐτῆς</span> <span class='ocrx_word' id='word_1_377' title='bbox 1358 423 1396 459; x_wconf 83' lang='grc' dir='ltr'><strong>μὴ</strong></span> <span class='ocrx_word' id='word_1_378' title='bbox 1416 424 1615 460; x_wconf 75' lang='grc' dir='ltr'>ἐντειλάμενος.</span> <span class='ocrx_word' id='word_1_379' title='bbox 1645 424 1757 457; x_wconf 78' lang='grc' dir='ltr'>Ἔξελθε</span> 
     </span>
    </p>
   </div>
   <div class='ocr_carea' id='block_1_59' title="bbox 970 464 1757 504">
    <p class='ocr_par' dir='ltr' id='par_1_59' title="bbox 970 464 1757 504">
     <span class='ocr_line' id='line_1_59' title="bbox 970 464 1757 504; baseline 0.003 -11"><span class='ocrx_word' id='word_1_380' title='bbox 970 464 1016 493; x_wconf 80' lang='grc' dir='ltr'>οὖν</span> <span class='ocrx_word' id='word_1_381' title='bbox 1029 467 1076 494; x_wconf 76' lang='grc' dir='ltr'><strong>καὶ</strong></span> <span class='ocrx_word' id='word_1_382' title='bbox 1092 467 1199 499; x_wconf 81' lang='grc' dir='ltr'>θέασαι,</span> <span class='ocrx_word' id='word_1_383' title='bbox 1213 467 1250 502; x_wconf 87' lang='grc' dir='ltr'><strong>μή</strong></span> <span class='ocrx_word' id='word_1_384' title='bbox 1264 475 1323 499; x_wconf 87' lang='grc' dir='ltr'>πως</span> <span class='ocrx_word' id='word_1_385' title='bbox 1337 467 1447 495; x_wconf 78' lang='grc' dir='ltr'><strong>καύσων</strong></span> <span class='ocrx_word' id='word_1_386' title='bbox 1460 468 1612 504; x_wconf 84' lang='grc' dir='ltr'>πεποίηκεν</span> <span class='ocrx_word' id='word_1_387' title='bbox 1623 469 1757 496; x_wconf 77' lang='grc' dir='ltr'><strong>δυσωδίαν</strong></span> 
     </span>
    </p>
   </div>
   <div class='ocr_carea' id='block_1_60' title="bbox 970 512 1757 550">
    <p class='ocr_par' dir='ltr' id='par_1_60' title="bbox 970 512 1757 550">
     <span class='ocr_line' id='line_1_60' title="bbox 970 512 1757 550; baseline 0.001 -12"><span class='ocrx_word' id='word_1_388' title='bbox 970 513 1196 546; x_wconf 72' lang='grc' dir='ltr'><strong>ἐπισπασάμενον</strong></span> <span class='ocrx_word' id='word_1_389' title='bbox 1213 520 1221 528; x_wconf 89' lang='grc'>·</span> <span class='ocrx_word' id='word_1_390' title='bbox 1241 513 1272 539; x_wconf 79' lang='grc' dir='ltr'>οὐ</span> <span class='ocrx_word' id='word_1_391' title='bbox 1290 512 1345 549; x_wconf 71' lang='grc' dir='ltr'>γὰρ</span> <span class='ocrx_word' id='word_1_392' title='bbox 1370 513 1408 549; x_wconf 83' lang='grc' dir='ltr'>μὴ</span> <span class='ocrx_word' id='word_1_393' title='bbox 1424 514 1567 550; x_wconf 81' lang='grc' dir='ltr'>ἀποδράσῃ</span> <span class='ocrx_word' id='word_1_394' title='bbox 1588 514 1605 549; x_wconf 80' lang='grc' dir='ltr'><strong>ἠ</strong></span> <span class='ocrx_word' id='word_1_395' title='bbox 1623 513 1757 548; x_wconf 76' lang='grc' dir='ltr'>ἐκκλησία</span> 
     </span>
    </p>
   </div>
   <div class='ocr_carea' id='block_1_61' title="bbox 970 553 1757 595">
    <p class='ocr_par' dir='ltr' id='par_1_61' title="bbox 970 553 1757 595">
     <span class='ocr_line' id='line_1_61' title="bbox 970 553 1757 595; baseline 0 -11"><span class='ocrx_word' id='word_1_396' title='bbox 970 557 1025 584; x_wconf 77' lang='grc' dir='ltr'><strong>ἀπὸ</strong></span> <span class='ocrx_word' id='word_1_397' title='bbox 1040 557 1095 584; x_wconf 85' lang='grc' dir='ltr'>τῶν</span> <span class='ocrx_word' id='word_1_398' title='bbox 1106 553 1168 591; x_wconf 81' lang='grc' dir='ltr'>ὧδε,</span> <span class='ocrx_word' id='word_1_399' title='bbox 1186 557 1283 593; x_wconf 81' lang='grc' dir='ltr'><strong>μέχρις</strong></span> <span class='ocrx_word' id='word_1_400' title='bbox 1307 558 1340 585; x_wconf 84' lang='grc' dir='ltr'>ἂν</span> <span class='ocrx_word' id='word_1_401' title='bbox 1356 558 1559 595; x_wconf 66' lang='grc' dir='ltr'>ἁποπληρώσῃς</span> <span class='ocrx_word' id='word_1_402' title='bbox 1576 559 1610 586; x_wconf 81' lang='grc' dir='ltr'><strong>τὰ</strong></span> <span class='ocrx_word' id='word_1_403' title='bbox 1629 559 1658 591; x_wconf 74' lang='grc' dir='ltr'><strong>ἐξ</strong></span> <span class='ocrx_word' id='word_1_404' title='bbox 1679 558 1757 589; x_wconf 78' lang='grc' dir='ltr'>εθους</span> 
     </span>
    </p>
   </div>
   <div class='ocr_carea' id='block_1_62' title="bbox 972 613 1024 630">
    <p class='ocr_par' dir='ltr' id='par_1_62' title="bbox 972 613 1024 630">
     <span class='ocr_line' id='line_1_62' title="bbox 972 613 1024 630; baseline 0 0"><span class='ocrx_word' id='word_1_405' title='bbox 972 613 1024 630; x_wconf 85' lang='grc' dir='ltr'>σοι.</span> 
     </span>
    </p>
   </div>
   <div class='ocr_carea' id='block_1_63' title="bbox 1006 739 1761 777">
    <p class='ocr_par' dir='ltr' id='par_1_63' title="bbox 1006 739 1761 777">
     <span class='ocr_line' id='line_1_63' title="bbox 1006 739 1761 777; baseline -0.004 -8"><span class='ocrx_word' id='word_1_406' title='bbox 1006 741 1054 773; x_wconf 76' lang='grc' dir='ltr'><strong>νβ’.</strong></span> <span class='ocrx_word' id='word_1_407' title='bbox 1068 741 1161 769; x_wconf 83' lang='grc' dir='ltr'>Ταῦτα</span> <span class='ocrx_word' id='word_1_408' title='bbox 1170 740 1217 768; x_wconf 85' lang='grc' dir='ltr'>τοῦ</span> <span class='ocrx_word' id='word_1_409' title='bbox 1229 741 1358 774; x_wconf 73' lang='grc' dir='ltr'>ἀλαζόνος</span> <span class='ocrx_word' id='word_1_410' title='bbox 1370 741 1437 777; x_wconf 82' lang='grc'>(71),</span> <span class='ocrx_word' id='word_1_411' title='bbox 1449 741 1487 773; x_wconf 81' lang='grc' dir='ltr'>ὡς</span> <span class='ocrx_word' id='word_1_412' title='bbox 1498 741 1666 775; x_wconf 63' lang='grc' dir='ltr'>εὐλογοφανῆ</span> <span class='ocrx_word' id='word_1_413' title='bbox 1677 739 1761 774; x_wconf 74' lang='grc' dir='ltr'>δῆσεν</span> 
     </span>
    </p>
   </div>
   <div class='ocr_carea' id='block_1_64' title="bbox 972 786 1759 822">
    <p class='ocr_par' dir='ltr' id='par_1_64' title="bbox 972 786 1759 822">
     <span class='ocr_line' id='line_1_64' title="bbox 972 786 1759 822; baseline -0.003 -7"><span class='ocrx_word' id='word_1_414' title='bbox 972 789 1165 821; x_wconf 86' lang='grc' dir='ltr'>ὺποτιθεμένου</span> <span class='ocrx_word' id='word_1_415' title='bbox 1187 789 1235 815; x_wconf 72' lang='grc' dir='ltr'>καὶ</span> <span class='ocrx_word' id='word_1_416' title='bbox 1256 788 1324 816; x_wconf 77' lang='grc' dir='ltr'>ἄλλα</span> <span class='ocrx_word' id='word_1_417' title='bbox 1347 788 1408 815; x_wconf 78' lang='grc' dir='ltr'>τινὰ</span> <span class='ocrx_word' id='word_1_418' title='bbox 1428 787 1642 822; x_wconf 81' lang='grc' dir='ltr'>δραστικώτερα.</span> <span class='ocrx_word' id='word_1_419' title='bbox 1663 788 1677 813; x_wconf 78' lang='grc' dir='ltr'><strong>ὸ</strong></span> <span class='ocrx_word' id='word_1_420' title='bbox 1699 786 1759 813; x_wconf 86' lang='grc' dir='ltr'>θεο-</span> 
     </span>
    </p>
   </div>
   <div class='ocr_carea' id='block_1_65' title="bbox 975 830 1760 869">
    <p class='ocr_par' dir='ltr' id='par_1_65' title="bbox 975 830 1760 869">
     <span class='ocr_line' id='line_1_65' title="bbox 975 830 1760 869; baseline -0.005 -9"><span class='ocrx_word' id='word_1_421' title='bbox 975 834 1065 869; x_wconf 79' lang='grc' dir='ltr'>φιλὴς,</span> <span class='ocrx_word' id='word_1_422' title='bbox 1081 833 1189 864; x_wconf 80' lang='grc' dir='ltr'>νεανίας</span> <span class='ocrx_word' id='word_1_423' title='bbox 1202 833 1252 860; x_wconf 85' lang='grc' dir='ltr'>οὐκ</span> <span class='ocrx_word' id='word_1_424' title='bbox 1267 832 1385 868; x_wconf 71' lang='grc' dir='ltr'>ἠγνόησε</span> <span class='ocrx_word' id='word_1_425' title='bbox 1400 831 1433 858; x_wconf 88' lang='grc' dir='ltr'><strong>τὰ</strong></span> <span class='ocrx_word' id='word_1_426' title='bbox 1446 830 1494 858; x_wconf 82' lang='grc' dir='ltr'><strong>τοῦ</strong></span> <span class='ocrx_word' id='word_1_427' title='bbox 1510 831 1628 866; x_wconf 69' lang='grc' dir='ltr'>πονηροῦ</span> <span class='ocrx_word' id='word_1_428' title='bbox 1638 832 1760 866; x_wconf 77' lang='grc' dir='ltr'>μηχανή-</span> 
     </span>
    </p>
   </div>
   <div class='ocr_carea' id='block_1_66' title="bbox 973 877 1758 915">
    <p class='ocr_par' dir='ltr' id='par_1_66' title="bbox 973 877 1758 915">
     <span class='ocr_line' id='line_1_66' title="bbox 973 877 1758 915; baseline -0.004 -9"><span class='ocrx_word' id='word_1_429' title='bbox 973 889 1055 915; x_wconf 90' lang='grc' dir='ltr'>ματα,</span> <span class='ocrx_word' id='word_1_430' title='bbox 1079 879 1147 914; x_wconf 84' lang='grc' dir='ltr'>πρδς</span> <span class='ocrx_word' id='word_1_431' title='bbox 1163 879 1191 906; x_wconf 85' lang='grc' dir='ltr'>δὲ</span> <span class='ocrx_word' id='word_1_432' title='bbox 1210 879 1260 913; x_wconf 81' lang='grc' dir='ltr'>τὴν</span> <span class='ocrx_word' id='word_1_433' title='bbox 1284 878 1380 905; x_wconf 85' lang='grc' dir='ltr'>τούτου</span> <span class='ocrx_word' id='word_1_434' title='bbox 1407 877 1542 911; x_wconf 74' lang='grc' dir='ltr'>ὕποῦολὴν</span> <span class='ocrx_word' id='word_1_435' title='bbox 1570 877 1758 911; x_wconf 83' lang='grc' dir='ltr'>ἁπεκρίνατο·</span> 
     </span>
    </p>
   </div>
   <div class='ocr_carea' id='block_1_67' title="bbox 975 921 1762 958">
    <p class='ocr_par' dir='ltr' id='par_1_67' title="bbox 975 921 1762 958">
     <span class='ocr_line' id='line_1_67' title="bbox 975 921 1762 958; baseline -0.005 -6"><span class='ocrx_word' id='word_1_436' title='bbox 975 926 1070 952; x_wconf 83' lang='grc' dir='ltr'>Ἔστιν</span> <span class='ocrx_word' id='word_1_437' title='bbox 1085 924 1161 957; x_wconf 69' lang='grc' dir='ltr'>Θεὸς,</span> <span class='ocrx_word' id='word_1_438' title='bbox 1177 921 1199 958; x_wconf 82' lang='grc' dir='ltr'>ᾧ</span> <span class='ocrx_word' id='word_1_439' title='bbox 1218 932 1272 951; x_wconf 87' lang='grc' dir='ltr'>τινι</span> <span class='ocrx_word' id='word_1_440' title='bbox 1286 924 1320 950; x_wconf 80' lang='grc' dir='ltr'>τὰ</span> <span class='ocrx_word' id='word_1_441' title='bbox 1335 923 1400 958; x_wconf 77' lang='grc' dir='ltr'>περὶ</span> <span class='ocrx_word' id='word_1_442' title='bbox 1413 922 1552 958; x_wconf 79' lang='grc' dir='ltr'>τῆς,ὲμῆς</span> <span class='ocrx_word' id='word_1_443' title='bbox 1567 922 1669 958; x_wconf 74' lang='grc' dir='ltr'>τροφῆς</span> <span class='ocrx_word' id='word_1_444' title='bbox 1685 931 1762 957; x_wconf 85' lang='grc' dir='ltr'>μερι-</span> 
     </span>
    </p>
   </div>
   <div class='ocr_carea' id='block_1_68' title="bbox 974 968 1761 1006">
    <p class='ocr_par' dir='ltr' id='par_1_68' title="bbox 974 968 1761 1006">
     <span class='ocr_line' id='line_1_68' title="bbox 974 968 1761 1006; baseline -0.006 -8"><span class='ocrx_word' id='word_1_445' title='bbox 974 971 1092 1006; x_wconf 80' lang='grc' dir='ltr'>μνήσει·</span> <span class='ocrx_word' id='word_1_446' title='bbox 1120 971 1168 998; x_wconf 80' lang='grc' dir='ltr'>καὶ</span> <span class='ocrx_word' id='word_1_447' title='bbox 1200 969 1254 1005; x_wconf 86' lang='grc' dir='ltr'>γὰρ</span> <span class='ocrx_word' id='word_1_448' title='bbox 1281 969 1365 1001; x_wconf 84' lang='grc' dir='ltr'>αὑτός</span> <span class='ocrx_word' id='word_1_449' title='bbox 1386 969 1460 996; x_wconf 74' lang='grc' dir='ltr'>ἐστιν</span> <span class='ocrx_word' id='word_1_450' title='bbox 1483 969 1497 995; x_wconf 87' lang='grc'>6</span> <span class='ocrx_word' id='word_1_451' title='bbox 1529 968 1638 1004; x_wconf 79' lang='grc' dir='ltr'>τρέφων</span> <span class='ocrx_word' id='word_1_452' title='bbox 1670 968 1761 994; x_wconf 79' lang='grc' dir='ltr'>πᾶσαν</span> 
     </span>
    </p>
   </div>
   <div class='ocr_carea' id='block_1_69' title="bbox 974 1013 1761 1052">
    <p class='ocr_par' dir='ltr' id='par_1_69' title="bbox 974 1013 1761 1052">
     <span class='ocr_line' id='line_1_69' title="bbox 974 1013 1761 1052; baseline -0.006 -8"><span class='ocrx_word' id='word_1_453' title='bbox 974 1017 1071 1052; x_wconf 76' lang='grc' dir='ltr'>πνοὴν,</span> <span class='ocrx_word' id='word_1_454' title='bbox 1087 1016 1135 1043; x_wconf 76' lang='grc' dir='ltr'>καὶ</span> <span class='ocrx_word' id='word_1_455' title='bbox 1151 1015 1359 1050; x_wconf 77' lang='grc' dir='ltr'>ὑπερασπιστὴς</span> <span class='ocrx_word' id='word_1_456' title='bbox 1373 1014 1421 1050; x_wconf 80' lang='grc' dir='ltr'><strong>τῆς</strong></span> <span class='ocrx_word' id='word_1_457' title='bbox 1433 1014 1505 1050; x_wconf 71' lang='grc' dir='ltr'><strong>ζωῆς</strong></span> <span class='ocrx_word' id='word_1_458' title='bbox 1521 1023 1582 1050; x_wconf 87' lang='grc' dir='ltr'>μου.</span> <span class='ocrx_word' id='word_1_459' title='bbox 1599 1013 1694 1040; x_wconf 76' lang='grc' dir='ltr'>Ταῦτα</span> <span class='ocrx_word' id='word_1_460' title='bbox 1710 1022 1761 1040; x_wconf 87' lang='grc' dir='ltr'>κα-</span> 
     </span>
    </p>
   </div>
   <div class='ocr_carea' id='block_1_70' title="bbox 973 1059 1762 1096">
    <p class='ocr_par' dir='ltr' id='par_1_70' title="bbox 973 1059 1762 1096">
     <span class='ocr_line' id='line_1_70' title="bbox 973 1059 1762 1096; baseline -0.005 -7"><span class='ocrx_word' id='word_1_461' title='bbox 973 1063 1008 1089; x_wconf 79' lang='grc' dir='ltr'><strong>τὰ</strong></span> <span class='ocrx_word' id='word_1_462' title='bbox 1021 1062 1083 1089; x_wconf 80' lang='grc' dir='ltr'>νοῦν</span> <span class='ocrx_word' id='word_1_463' title='bbox 1098 1063 1146 1089; x_wconf 83' lang='grc' dir='ltr'>καὶ</span> <span class='ocrx_word' id='word_1_464' title='bbox 1161 1061 1281 1089; x_wconf 85' lang='grc' dir='ltr'>διάνοιαν</span> <span class='ocrx_word' id='word_1_465' title='bbox 1299 1060 1338 1096; x_wconf 88' lang='grc' dir='ltr'>τῷ</span> <span class='ocrx_word' id='word_1_466' title='bbox 1364 1059 1455 1096; x_wconf 83' lang='grc' dir='ltr'>μιαρῷ</span> <span class='ocrx_word' id='word_1_467' title='bbox 1481 1061 1654 1095; x_wconf 81' lang='grc' dir='ltr'>συμμεριστῇ</span> <span class='ocrx_word' id='word_1_468' title='bbox 1676 1060 1762 1086; x_wconf 83' lang='grc' dir='ltr'>ἀντει-</span> 
     </span>
    </p>
   </div>
   <div class='ocr_carea' id='block_1_71' title="bbox 975 1105 1763 1141">
    <p class='ocr_par' dir='ltr' id='par_1_71' title="bbox 975 1105 1763 1141">
     <span class='ocr_line' id='line_1_71' title="bbox 975 1105 1763 1141; baseline -0.005 -7"><span class='ocrx_word' id='word_1_469' title='bbox 975 1107 1044 1140; x_wconf 84' lang='grc' dir='ltr'>πὼν,</span> <span class='ocrx_word' id='word_1_470' title='bbox 1066 1107 1114 1134; x_wconf 74' lang='grc' dir='ltr'><strong>καὶ</strong></span> <span class='ocrx_word' id='word_1_471' title='bbox 1142 1106 1447 1141; x_wconf 66' lang='grc' dir='ltr'>κατασφραγισάμενος,</span> <span class='ocrx_word' id='word_1_472' title='bbox 1466 1105 1560 1132; x_wconf 82' lang='grc' dir='ltr'>ῑστατο</span> <span class='ocrx_word' id='word_1_473' title='bbox 1589 1105 1684 1140; x_wconf 82' lang='grc' dir='ltr'>μέχρις</span> <span class='ocrx_word' id='word_1_474' title='bbox 1712 1105 1763 1139; x_wconf 77' lang='grc' dir='ltr'>τῆς</span> 
     </span>
    </p>
   </div>
   <div class='ocr_carea' id='block_1_72' title="bbox 975 1147 1762 1183">
    <p class='ocr_par' dir='ltr' id='par_1_72' title="bbox 975 1147 1762 1183">
     <span class='ocr_line' id='line_1_72' title="bbox 975 1147 1762 1183; baseline -0.005 -4"><span class='ocrx_word' id='word_1_475' title='bbox 975 1152 1144 1183; x_wconf 82' lang='grc' dir='ltr'>ἀπολύσεως.</span> <span class='ocrx_word' id='word_1_476' title='bbox 1178 1150 1350 1178; x_wconf 85' lang='grc' dir='ltr'>Ἐπανελθὼν</span> <span class='ocrx_word' id='word_1_477' title='bbox 1376 1150 1424 1177; x_wconf 85' lang='grc' dir='ltr'>οὖν</span> <span class='ocrx_word' id='word_1_478' title='bbox 1449 1151 1489 1182; x_wconf 88' lang='grc' dir='ltr'><strong>είς</strong></span> <span class='ocrx_word' id='word_1_479' title='bbox 1505 1150 1549 1176; x_wconf 60' lang='grc' dir='ltr'><strong>τὸν</strong></span> <span class='ocrx_word' id='word_1_480' title='bbox 1572 1147 1646 1176; x_wconf 74' lang='grc' dir='ltr'>οἷκον</span> <span class='ocrx_word' id='word_1_481' title='bbox 1667 1149 1762 1182; x_wconf 78' lang='grc' dir='ltr'>αὑτοῦ,</span> 
     </span>
    </p>
   </div>
   <div class='ocr_carea' id='block_1_73' title="bbox 977 1193 1763 1232">
    <p class='ocr_par' dir='ltr' id='par_1_73' title="bbox 977 1193 1763 1232">
     <span class='ocr_line' id='line_1_73' title="bbox 977 1193 1763 1232; baseline -0.006 -8"><span class='ocrx_word' id='word_1_482' title='bbox 977 1195 1039 1232; x_wconf 72' lang='grc' dir='ltr'>εὗρε</span> <span class='ocrx_word' id='word_1_483' title='bbox 1054 1197 1157 1226; x_wconf 83' lang='grc' dir='ltr'>πάντας</span> <span class='ocrx_word' id='word_1_484' title='bbox 1171 1196 1360 1230; x_wconf 79' lang='grc' dir='ltr'>ξενιζομένους</span> <span class='ocrx_word' id='word_1_485' title='bbox 1378 1195 1425 1222; x_wconf 71' lang='grc' dir='ltr'><strong>ἐπὶ</strong></span> <span class='ocrx_word' id='word_1_486' title='bbox 1449 1196 1482 1230; x_wconf 78' lang='grc' dir='ltr'>τῇ</span> <span class='ocrx_word' id='word_1_487' title='bbox 1503 1194 1623 1230; x_wconf 70' lang='grc' dir='ltr'>ἡδυτάτη</span> <span class='ocrx_word' id='word_1_488' title='bbox 1647 1193 1763 1228; x_wconf 73' lang='grc' dir='ltr'>εὐοσμίᾳ</span> 
     </span>
    </p>
   </div>
   <div class='ocr_carea' id='block_1_74' title="bbox 976 1239 1763 1278">
    <p class='ocr_par' dir='ltr' id='par_1_74' title="bbox 976 1239 1763 1278">
     <span class='ocr_line' id='line_1_74' title="bbox 976 1239 1763 1278; baseline -0.005 -9"><span class='ocrx_word' id='word_1_489' title='bbox 976 1245 1010 1278; x_wconf 83' lang='grc' dir='ltr'><strong>τῇ</strong></span> <span class='ocrx_word' id='word_1_490' title='bbox 1027 1243 1116 1269; x_wconf 78' lang='grc' dir='ltr'>ἐκεῖσε</span> <span class='ocrx_word' id='word_1_491' title='bbox 1131 1241 1209 1278; x_wconf 76' lang='grc' dir='ltr'>οὔσῃ,</span> <span class='ocrx_word' id='word_1_492' title='bbox 1226 1242 1345 1276; x_wconf 80' lang='grc' dir='ltr'>ἠπόρουν</span> <span class='ocrx_word' id='word_1_493' title='bbox 1358 1249 1388 1268; x_wconf 75' lang='grc' dir='ltr'><strong>τε</strong></span> <span class='ocrx_word' id='word_1_494' title='bbox 1404 1241 1522 1272; x_wconf 78' lang='grc' dir='ltr'>ἅπαντες</span> <span class='ocrx_word' id='word_1_495' title='bbox 1537 1241 1600 1275; x_wconf 77' lang='grc' dir='ltr'>περὶ</span> <span class='ocrx_word' id='word_1_496' title='bbox 1611 1239 1707 1274; x_wconf 78' lang='grc' dir='ltr'>αὐτῆς,</span> <span class='ocrx_word' id='word_1_497' title='bbox 1725 1239 1763 1273; x_wconf 81' lang='grc' dir='ltr'>μὴ</span> 
     </span>
    </p>
   </div>
   <div class='ocr_carea' id='block_1_75' title="bbox 978 1285 1764 1322">
    <p class='ocr_par' dir='ltr' id='par_1_75' title="bbox 978 1285 1764 1322">
     <span class='ocr_line' id='line_1_75' title="bbox 978 1285 1764 1322; baseline -0.005 -8"><span class='ocrx_word' id='word_1_498' title='bbox 978 1287 1158 1322; x_wconf 75' lang='grc' dir='ltr'>ἐπιστάμενοι</span> <span class='ocrx_word' id='word_1_499' title='bbox 1186 1287 1216 1314; x_wconf 75' lang='grc' dir='ltr'>τὸ</span> <span class='ocrx_word' id='word_1_500' title='bbox 1242 1286 1326 1314; x_wconf 83' lang='grc' dir='ltr'>πόθεν</span> <span class='ocrx_word' id='word_1_501' title='bbox 1352 1286 1516 1319; x_wconf 79' lang='grc' dir='ltr'>ἀναδίδοται,</span> <span class='ocrx_word' id='word_1_502' title='bbox 1531 1286 1578 1312; x_wconf 79' lang='grc' dir='ltr'>καὶ</span> <span class='ocrx_word' id='word_1_503' title='bbox 1603 1285 1676 1312; x_wconf 88' lang='grc' dir='ltr'>καθὰ</span> <span class='ocrx_word' id='word_1_504' title='bbox 1699 1285 1764 1319; x_wconf 78' lang='grc' dir='ltr'>περὶ</span> 
     </span>
    </p>
   </div>
   <div class='ocr_carea' id='block_1_76' title="bbox 981 1331 1763 1368">
    <p class='ocr_par' dir='ltr' id='par_1_76' title="bbox 981 1331 1763 1368">
     <span class='ocr_line' id='line_1_76' title="bbox 981 1331 1763 1368; baseline -0.005 -7"><span class='ocrx_word' id='word_1_505' title='bbox 981 1333 1133 1368; x_wconf 78' lang='grc' dir='ltr'>παραδόξου</span> <span class='ocrx_word' id='word_1_506' title='bbox 1156 1333 1228 1365; x_wconf 72' lang='grc' dir='ltr'>τινὸς</span> <span class='ocrx_word' id='word_1_507' title='bbox 1243 1333 1406 1367; x_wconf 84' lang='grc' dir='ltr'>πράγματος</span> <span class='ocrx_word' id='word_1_508' title='bbox 1422 1332 1461 1367; x_wconf 84' lang='grc' dir='ltr'><strong>τῷ</strong></span> <span class='ocrx_word' id='word_1_509' title='bbox 1481 1331 1633 1366; x_wconf 83' lang='grc' dir='ltr'>Ἐπιφανίῳ</span> <span class='ocrx_word' id='word_1_510' title='bbox 1648 1331 1742 1365; x_wconf 71' lang='grc' dir='ltr'>ἔλεγον</span> <span class='ocrx_word' id='word_1_511' title='bbox 1756 1338 1763 1346; x_wconf 83' lang='grc'><em>”</em></span> 
     </span>
    </p>
   </div>
   <div class='ocr_carea' id='block_1_77' title="bbox 979 1375 1764 1414">
    <p class='ocr_par' dir='ltr' id='par_1_77' title="bbox 979 1375 1764 1414">
     <span class='ocr_line' id='line_1_77' title="bbox 979 1375 1764 1414; baseline -0.004 -10"><span class='ocrx_word' id='word_1_512' title='bbox 979 1378 1075 1414; x_wconf 82' lang='grc' dir='ltr'>Δεῦρο,</span> <span class='ocrx_word' id='word_1_513' title='bbox 1090 1377 1204 1412; x_wconf 80' lang='grc' dir='ltr'>φίλτατε</span> <span class='ocrx_word' id='word_1_514' title='bbox 1219 1376 1298 1412; x_wconf 81' lang='grc' dir='ltr'>ήμῶν</span> <span class='ocrx_word' id='word_1_515' title='bbox 1312 1377 1440 1408; x_wconf 75' lang='grc' dir='ltr'>δέσποτα,</span> <span class='ocrx_word' id='word_1_516' title='bbox 1455 1375 1503 1402; x_wconf 80' lang='grc' dir='ltr'>καὶ</span> <span class='ocrx_word' id='word_1_517' title='bbox 1515 1375 1684 1411; x_wconf 79' lang='grc' dir='ltr'>ὀσφράνθητι</span> <span class='ocrx_word' id='word_1_518' title='bbox 1695 1375 1764 1401; x_wconf 84' lang='grc' dir='ltr'><strong>εὐω-</strong></span> 
     </span>
    </p>
   </div>
   <div class='ocr_carea' id='block_1_78' title="bbox 977 1420 1764 1458">
    <p class='ocr_par' dir='ltr' id='par_1_78' title="bbox 977 1420 1764 1458">
     <span class='ocr_line' id='line_1_78' title="bbox 977 1420 1764 1458; baseline -0.005 -8"><span class='ocrx_word' id='word_1_519' title='bbox 977 1423 1037 1455; x_wconf 86' lang='grc' dir='ltr'>δίας</span> <span class='ocrx_word' id='word_1_520' title='bbox 1049 1423 1230 1458; x_wconf 83' lang='grc' dir='ltr'>ἀσυγκρίτου,</span> <span class='ocrx_word' id='word_1_521' title='bbox 1241 1421 1324 1448; x_wconf 73' lang='grc' dir='ltr'>πόθεν</span> <span class='ocrx_word' id='word_1_522' title='bbox 1339 1421 1538 1456; x_wconf 79' lang='grc' dir='ltr'>ἐκφερομένης,</span> <span class='ocrx_word' id='word_1_523' title='bbox 1561 1421 1634 1452; x_wconf 77' lang='grc' dir='ltr'>τινδς</span> <span class='ocrx_word' id='word_1_524' title='bbox 1651 1420 1688 1455; x_wconf 80' lang='grc' dir='ltr'><strong>μὴ</strong></span> <span class='ocrx_word' id='word_1_525' title='bbox 1705 1420 1764 1446; x_wconf 73' lang='grc' dir='ltr'>ἑπι-</span> 
     </span>
    </p>
   </div>
   <div class='ocr_carea' id='block_1_79' title="bbox 980 1463 1765 1504">
    <p class='ocr_par' dir='ltr' id='par_1_79' title="bbox 980 1463 1765 1504">
     <span class='ocr_line' id='line_1_79' title="bbox 980 1463 1765 1504; baseline -0.006 -8"><span class='ocrx_word' id='word_1_526' title='bbox 980 1468 1124 1504; x_wconf 76' lang='grc' dir='ltr'>σταμένου.</span> <span class='ocrx_word' id='word_1_527' title='bbox 1148 1467 1192 1499; x_wconf 80' lang='grc' dir='ltr'>Ὠς</span> <span class='ocrx_word' id='word_1_528' title='bbox 1202 1465 1250 1494; x_wconf 87' lang='grc' dir='ltr'>οὖν</span> <span class='ocrx_word' id='word_1_529' title='bbox 1264 1466 1461 1502; x_wconf 78' lang='grc' dir='ltr'>πλησιέστερον</span> <span class='ocrx_word' id='word_1_530' title='bbox 1476 1466 1586 1500; x_wconf 73' lang='grc' dir='ltr'>ἐγένετο</span> <span class='ocrx_word' id='word_1_531' title='bbox 1605 1465 1620 1492; x_wconf 82' lang='grc' dir='ltr'><strong>ὀ</strong></span> <span class='ocrx_word' id='word_1_532' title='bbox 1647 1463 1765 1498; x_wconf 76' lang='grc' dir='ltr'>Ἐπιφά-</span> 
     </span>
    </p>
   </div>
   <div class='ocr_carea' id='block_1_80' title="bbox 977 1510 1764 1549">
    <p class='ocr_par' dir='ltr' id='par_1_80' title="bbox 977 1510 1764 1549">
     <span class='ocr_line' id='line_1_80' title="bbox 977 1510 1764 1549; baseline -0.006 -8"><span class='ocrx_word' id='word_1_533' title='bbox 977 1523 1044 1548; x_wconf 86' lang='grc' dir='ltr'>νιος,</span> <span class='ocrx_word' id='word_1_534' title='bbox 1057 1513 1206 1549; x_wconf 84' lang='grc' dir='ltr'>ὼσφράνθη</span> <span class='ocrx_word' id='word_1_535' title='bbox 1218 1513 1266 1540; x_wconf 79' lang='grc' dir='ltr'>καὶ</span> <span class='ocrx_word' id='word_1_536' title='bbox 1276 1512 1357 1544; x_wconf 66' lang='grc' dir='ltr'>αὺτὶς</span> <span class='ocrx_word' id='word_1_537' title='bbox 1368 1512 1418 1547; x_wconf 81' lang='grc' dir='ltr'>τῆς</span> <span class='ocrx_word' id='word_1_538' title='bbox 1432 1511 1566 1546; x_wconf 78' lang='grc' dir='ltr'>ἡδυτάτης</span> <span class='ocrx_word' id='word_1_539' title='bbox 1577 1510 1684 1545; x_wconf 66' lang='grc' dir='ltr'>ἐκείνης</span> <span class='ocrx_word' id='word_1_540' title='bbox 1697 1510 1764 1536; x_wconf 80' lang='grc' dir='ltr'><strong>εὐω-</strong></span> 
     </span>
    </p>
   </div>
   <div class='ocr_carea' id='block_1_81' title="bbox 977 1555 1765 1592">
    <p class='ocr_par' dir='ltr' id='par_1_81' title="bbox 977 1555 1765 1592">
     <span class='ocr_line' id='line_1_81' title="bbox 977 1555 1765 1592; baseline -0.005 -7"><span class='ocrx_word' id='word_1_541' title='bbox 977 1558 1047 1591; x_wconf 77' lang='grc' dir='ltr'>δίας,</span> <span class='ocrx_word' id='word_1_542' title='bbox 1065 1558 1114 1585; x_wconf 83' lang='grc' dir='ltr'>καὶ</span> <span class='ocrx_word' id='word_1_543' title='bbox 1129 1557 1289 1591; x_wconf 85' lang='grc' dir='ltr'>κατεπλάγη</span> <span class='ocrx_word' id='word_1_544' title='bbox 1300 1556 1340 1592; x_wconf 85' lang='grc' dir='ltr'>τῷ</span> <span class='ocrx_word' id='word_1_545' title='bbox 1352 1556 1472 1591; x_wconf 82' lang='grc' dir='ltr'>θαύματι</span> <span class='ocrx_word' id='word_1_546' title='bbox 1490 1563 1497 1571; x_wconf 92' lang='grc'><strong>·</strong></span> <span class='ocrx_word' id='word_1_547' title='bbox 1513 1555 1680 1587; x_wconf 69' lang='grc' dir='ltr'>εἰσελθόντος</span> <span class='ocrx_word' id='word_1_548' title='bbox 1692 1555 1720 1582; x_wconf 76' lang='grc' dir='ltr'>δὲ</span> <span class='ocrx_word' id='word_1_549' title='bbox 1734 1555 1765 1581; x_wconf 82' lang='grc' dir='ltr'>ὲν</span> 
     </span>
    </p>
   </div>
   <div class='ocr_carea' id='block_1_82' title="bbox 976 1599 1765 1638">
    <p class='ocr_par' dir='ltr' id='par_1_82' title="bbox 976 1599 1765 1638">
     <span class='ocr_line' id='line_1_82' title="bbox 976 1599 1765 1638; baseline -0.004 -9"><span class='ocrx_word' id='word_1_550' title='bbox 976 1603 1014 1638; x_wconf 83' lang='grc' dir='ltr'>τῷ</span> <span class='ocrx_word' id='word_1_551' title='bbox 1026 1603 1135 1629; x_wconf 82' lang='grc' dir='ltr'>κοιτῶνι</span> <span class='ocrx_word' id='word_1_552' title='bbox 1151 1602 1246 1636; x_wconf 84' lang='grc' dir='ltr'>αὑτοῦ,</span> <span class='ocrx_word' id='word_1_553' title='bbox 1260 1601 1324 1628; x_wconf 77' lang='grc' dir='ltr'>ἔνθα</span> <span class='ocrx_word' id='word_1_554' title='bbox 1339 1599 1374 1637; x_wconf 82' lang='grc' dir='ltr'>ἦν</span> <span class='ocrx_word' id='word_1_555' title='bbox 1387 1601 1444 1636; x_wconf 79' lang='grc'><strong>(72)</strong></span> <span class='ocrx_word' id='word_1_556' title='bbox 1466 1601 1483 1636; x_wconf 78' lang='grc' dir='ltr'><strong>ἡ</strong></span> <span class='ocrx_word' id='word_1_557' title='bbox 1505 1600 1606 1636; x_wconf 78' lang='grc' dir='ltr'>ἄρουλα</span> <span class='ocrx_word' id='word_1_558' title='bbox 1617 1600 1765 1635; x_wconf 83' lang='grc' dir='ltr'>πεπληρω-</span> 
     </span>
    </p>
   </div>
   <div class='ocr_carea' id='block_1_83' title="bbox 978 1645 1764 1684">
    <p class='ocr_par' dir='ltr' id='par_1_83' title="bbox 978 1645 1764 1684">
     <span class='ocr_line' id='line_1_83' title="bbox 978 1645 1764 1684; baseline -0.003 -10"><span class='ocrx_word' id='word_1_559' title='bbox 978 1649 1047 1683; x_wconf 86' lang='grc' dir='ltr'>μένη</span> <span class='ocrx_word' id='word_1_560' title='bbox 1061 1648 1216 1684; x_wconf 77' lang='grc' dir='ltr'>ἀνθράκων,</span> <span class='ocrx_word' id='word_1_561' title='bbox 1234 1647 1281 1674; x_wconf 76' lang='grc' dir='ltr'>καὶ</span> <span class='ocrx_word' id='word_1_562' title='bbox 1296 1646 1450 1681; x_wconf 76' lang='grc' dir='ltr'>ἀναϐλέψας</span> <span class='ocrx_word' id='word_1_563' title='bbox 1464 1647 1522 1678; x_wconf 83' lang='grc' dir='ltr'>τοῖς</span> <span class='ocrx_word' id='word_1_564' title='bbox 1535 1645 1695 1680; x_wconf 85' lang='grc' dir='ltr'>ὀφθαλμοῖς,</span> <span class='ocrx_word' id='word_1_565' title='bbox 1712 1645 1764 1680; x_wconf 73' lang='grc' dir='ltr'><strong>δρᾷ</strong></span> 
     </span>
    </p>
   </div>
   <div class='ocr_carea' id='block_1_84' title="bbox 976 1691 1764 1728">
    <p class='ocr_par' dir='ltr' id='par_1_84' title="bbox 976 1691 1764 1728">
     <span class='ocr_line' id='line_1_84' title="bbox 976 1691 1764 1728; baseline -0.005 -8"><span class='ocrx_word' id='word_1_566' title='bbox 976 1693 1086 1720; x_wconf 84' lang='grc' dir='ltr'>νεανίαν</span> <span class='ocrx_word' id='word_1_567' title='bbox 1098 1692 1201 1728; x_wconf 77' lang='grc' dir='ltr'>εὒειδῆ.</span> <span class='ocrx_word' id='word_1_568' title='bbox 1217 1693 1302 1728; x_wconf 79' lang='grc' dir='ltr'>μήκει</span> <span class='ocrx_word' id='word_1_569' title='bbox 1317 1691 1473 1727; x_wconf 78' lang='grc' dir='ltr'>θαυμαστὸν</span> <span class='ocrx_word' id='word_1_570' title='bbox 1483 1711 1492 1724; x_wconf 94' lang='grc'><strong>,</strong></span> <span class='ocrx_word' id='word_1_571' title='bbox 1515 1691 1668 1727; x_wconf 78' lang='grc' dir='ltr'>εὐπρεπείᾳ</span> <span class='ocrx_word' id='word_1_572' title='bbox 1684 1699 1764 1726; x_wconf 81' lang='grc' dir='ltr'>περι-</span> 
     </span>
    </p>
   </div>
   <div class='ocr_carea' id='block_1_85' title="bbox 977 1736 1765 1774">
    <p class='ocr_par' dir='ltr' id='par_1_85' title="bbox 977 1736 1765 1774">
     <span class='ocr_line' id='line_1_85' title="bbox 977 1736 1765 1774; baseline -0.004 -9"><span class='ocrx_word' id='word_1_573' title='bbox 977 1738 1215 1774; x_wconf 85' lang='grc' dir='ltr'>στοιχειούμενον,</span> <span class='ocrx_word' id='word_1_574' title='bbox 1235 1737 1330 1765; x_wconf 80' lang='grc' dir='ltr'>καὶτὸ</span> <span class='ocrx_word' id='word_1_575' title='bbox 1357 1737 1506 1773; x_wconf 75' lang='grc' dir='ltr'>πρόσωπον</span> <span class='ocrx_word' id='word_1_576' title='bbox 1532 1737 1620 1764; x_wconf 83' lang='grc' dir='ltr'>αὑτοῦ</span> <span class='ocrx_word' id='word_1_577' title='bbox 1646 1736 1765 1771; x_wconf 74' lang='grc' dir='ltr'>αὑγάζον</span> 
     </span>
    </p>
   </div>
   <div class='ocr_carea' id='block_1_86' title="bbox 976 1783 1767 1821">
    <p class='ocr_par' dir='ltr' id='par_1_86' title="bbox 976 1783 1767 1821">
     <span class='ocr_line' id='line_1_86' title="bbox 976 1783 1767 1821; baseline -0.001 -10"><span class='ocrx_word' id='word_1_578' title='bbox 976 1784 1046 1821; x_wconf 65' lang='grc' dir='ltr'>ὑπὲρ</span> <span class='ocrx_word' id='word_1_579' title='bbox 1073 1784 1159 1820; x_wconf 74' lang='grc' dir='ltr'>ἥλιον,</span> <span class='ocrx_word' id='word_1_580' title='bbox 1186 1783 1374 1820; x_wconf 73' lang='grc' dir='ltr'>ἠμφιεσμένον</span> <span class='ocrx_word' id='word_1_581' title='bbox 1401 1783 1499 1818; x_wconf 82' lang='grc' dir='ltr'>στολὴν</span> <span class='ocrx_word' id='word_1_582' title='bbox 1526 1783 1684 1820; x_wconf 83' lang='grc' dir='ltr'>θεοπρεπῆ.</span> <span class='ocrx_word' id='word_1_583' title='bbox 1712 1784 1767 1811; x_wconf 72' lang='grc' dir='ltr'>ἀπὸ</span> 
     </span>
    </p>
   </div>
   <div class='ocr_carea' id='block_1_87' title="bbox 977 1828 1764 1866">
    <p class='ocr_par' dir='ltr' id='par_1_87' title="bbox 977 1828 1764 1866">
     <span class='ocr_line' id='line_1_87' title="bbox 977 1828 1764 1866; baseline -0.001 -10"><span class='ocrx_word' id='word_1_584' title='bbox 977 1830 1027 1865; x_wconf 80' lang='grc' dir='ltr'>μὲν</span> <span class='ocrx_word' id='word_1_585' title='bbox 1049 1830 1106 1866; x_wconf 78' lang='lat'><strong>(75)</strong></span> <span class='ocrx_word' id='word_1_586' title='bbox 1133 1829 1180 1856; x_wconf 82' lang='grc' dir='ltr'>τοῦ</span> <span class='ocrx_word' id='word_1_587' title='bbox 1206 1829 1334 1861; x_wconf 75' lang='grc' dir='ltr'>τένοντος</span> <span class='ocrx_word' id='word_1_588' title='bbox 1352 1829 1433 1865; x_wconf 83' lang='grc' dir='ltr'>μέχρι</span> <span class='ocrx_word' id='word_1_589' title='bbox 1456 1828 1503 1855; x_wconf 77' lang='grc' dir='ltr'>τοῦ</span> <span class='ocrx_word' id='word_1_590' title='bbox 1524 1829 1640 1865; x_wconf 81' lang='grc' dir='ltr'>στήθους</span> <span class='ocrx_word' id='word_1_591' title='bbox 1670 1829 1764 1862; x_wconf 76' lang='grc' dir='ltr'>αὑτοῦ,</span> 
     </span>
    </p>
   </div>
   <div class='ocr_carea' id='block_1_88' title="bbox 976 1874 1765 1912">
    <p class='ocr_par' dir='ltr' id='par_1_88' title="bbox 976 1874 1765 1912">
     <span class='ocr_line' id='line_1_88' title="bbox 976 1874 1765 1912; baseline -0.001 -10"><span class='ocrx_word' id='word_1_592' title='bbox 976 1875 1076 1912; x_wconf 77' lang='grc' dir='ltr'>λευκὴν</span> <span class='ocrx_word' id='word_1_593' title='bbox 1091 1875 1196 1911; x_wconf 81' lang='grc' dir='ltr'>χρυσίῳ</span> <span class='ocrx_word' id='word_1_594' title='bbox 1208 1875 1446 1911; x_wconf 74' lang='grc' dir='ltr'>ἀναμεμιγμένην,</span> <span class='ocrx_word' id='word_1_595' title='bbox 1467 1874 1522 1901; x_wconf 78' lang='grc' dir='ltr'><strong>ἀπὸ</strong></span> <span class='ocrx_word' id='word_1_596' title='bbox 1542 1874 1570 1902; x_wconf 80' lang='grc' dir='ltr'>δὲ</span> <span class='ocrx_word' id='word_1_597' title='bbox 1587 1874 1634 1902; x_wconf 79' lang='grc' dir='ltr'>τοῦ</span> <span class='ocrx_word' id='word_1_598' title='bbox 1649 1874 1765 1910; x_wconf 85' lang='grc' dir='ltr'>στήθους</span> 
     </span>
    </p>
   </div>
   <div class='ocr_carea' id='block_1_89' title="bbox 976 1919 1763 1956">
    <p class='ocr_par' dir='ltr' id='par_1_89' title="bbox 976 1919 1763 1956">
     <span class='ocr_line' id='line_1_89' title="bbox 976 1919 1763 1956; baseline -0.004 -8"><span class='ocrx_word' id='word_1_599' title='bbox 976 1921 1030 1953; x_wconf 72' lang='grc' dir='ltr'><strong>ἕως</strong></span> <span class='ocrx_word' id='word_1_600' title='bbox 1043 1921 1093 1956; x_wconf 78' lang='grc' dir='ltr'>τῆς</span> <span class='ocrx_word' id='word_1_601' title='bbox 1105 1921 1208 1955; x_wconf 77' lang='grc' dir='ltr'>ὀσφύος</span> <span class='ocrx_word' id='word_1_602' title='bbox 1222 1921 1269 1947; x_wconf 83' lang='grc' dir='ltr'>καὶ</span> <span class='ocrx_word' id='word_1_603' title='bbox 1285 1920 1367 1955; x_wconf 84' lang='grc' dir='ltr'>μέχρι</span> <span class='ocrx_word' id='word_1_604' title='bbox 1385 1919 1440 1947; x_wconf 85' lang='grc' dir='ltr'>τῶν</span> <span class='ocrx_word' id='word_1_605' title='bbox 1460 1919 1582 1954; x_wconf 81' lang='grc' dir='ltr'>γονάτων</span> <span class='ocrx_word' id='word_1_606' title='bbox 1595 1919 1633 1951; x_wconf 86' lang='grc' dir='ltr'>ὡς</span> <span class='ocrx_word' id='word_1_607' title='bbox 1649 1919 1763 1954; x_wconf 78' lang='grc' dir='ltr'>βοτάνης</span> 
     </span>
    </p>
   </div>
   <div class='ocr_carea' id='block_1_90' title="bbox 976 1965 1764 2003">
    <p class='ocr_par' dir='ltr' id='par_1_90' title="bbox 976 1965 1764 2003">
     <span class='ocr_line' id='line_1_90' title="bbox 976 1965 1764 2003; baseline -0.004 -9"><span class='ocrx_word' id='word_1_608' title='bbox 976 1967 1090 2003; x_wconf 85' lang='grc' dir='ltr'>χλοερᾶς</span> <span class='ocrx_word' id='word_1_609' title='bbox 1106 1967 1154 1993; x_wconf 77' lang='grc' dir='ltr'>καὶ</span> <span class='ocrx_word' id='word_1_610' title='bbox 1170 1966 1272 2001; x_wconf 81' lang='grc' dir='ltr'>κήτρου</span> <span class='ocrx_word' id='word_1_611' title='bbox 1291 1965 1348 2001; x_wconf 70' lang='grc'><strong>(74)</strong></span> <span class='ocrx_word' id='word_1_612' title='bbox 1367 1965 1617 2000; x_wconf 77' lang='grc' dir='ltr'>ἀπαστράπτουσαν</span> <span class='ocrx_word' id='word_1_613' title='bbox 1633 1972 1640 1980; x_wconf 90' lang='grc'><strong>·</strong></span> <span class='ocrx_word' id='word_1_614' title='bbox 1668 1965 1764 1998; x_wconf 80' lang='grc' dir='ltr'>ξανθό-</span> 
     </span>
    </p>
   </div>
   <div class='ocr_carea' id='block_1_91' title="bbox 977 2008 1764 2047">
    <p class='ocr_par' dir='ltr' id='par_1_91' title="bbox 977 2008 1764 2047">
     <span class='ocr_line' id='line_1_91' title="bbox 977 2008 1764 2047; baseline -0.003 -9"><span class='ocrx_word' id='word_1_615' title='bbox 977 2020 1061 2047; x_wconf 79' lang='grc' dir='ltr'>κομος</span> <span class='ocrx_word' id='word_1_616' title='bbox 1070 2012 1121 2046; x_wconf 77' lang='grc' dir='ltr'>τὴν</span> <span class='ocrx_word' id='word_1_617' title='bbox 1138 2011 1261 2047; x_wconf 80' lang='grc' dir='ltr'>κεφαλὴν</span> <span class='ocrx_word' id='word_1_618' title='bbox 1279 2010 1349 2046; x_wconf 76' lang='grc' dir='ltr'>ἔχων</span> <span class='ocrx_word' id='word_1_619' title='bbox 1364 2010 1415 2042; x_wconf 81' lang='grc' dir='ltr'><strong>τὰς</strong></span> <span class='ocrx_word' id='word_1_620' title='bbox 1429 2011 1526 2046; x_wconf 86' lang='grc' dir='ltr'>τρίχας</span> <span class='ocrx_word' id='word_1_621' title='bbox 1550 2011 1588 2042; x_wconf 83' lang='grc' dir='ltr'><strong>ὡς</strong></span> <span class='ocrx_word' id='word_1_622' title='bbox 1611 2008 1681 2042; x_wconf 78' lang='grc' dir='ltr'>εἶδος</span> <span class='ocrx_word' id='word_1_623' title='bbox 1697 2019 1764 2046; x_wconf 77' lang='grc' dir='ltr'>χρυ-</span> 
     </span>
    </p>
   </div>
   <div class='ocr_carea' id='block_1_92' title="bbox 978 2054 1763 2092">
    <p class='ocr_par' dir='ltr' id='par_1_92' title="bbox 978 2054 1763 2092">
     <span class='ocr_line' id='line_1_92' title="bbox 978 2054 1763 2092; baseline -0.003 -8"><span class='ocrx_word' id='word_1_624' title='bbox 978 2057 1047 2085; x_wconf 89' lang='grc' dir='ltr'>σίου.</span> <span class='ocrx_word' id='word_1_625' title='bbox 1061 2057 1219 2092; x_wconf 72' lang='grc' dir='ltr'>Θαμθηθεὶς</span> <span class='ocrx_word' id='word_1_626' title='bbox 1233 2054 1280 2084; x_wconf 82' lang='grc' dir='ltr'>οὖν</span> <span class='ocrx_word' id='word_1_627' title='bbox 1293 2058 1306 2084; x_wconf 82' lang='grc' dir='ltr'><strong>ό</strong></span> <span class='ocrx_word' id='word_1_628' title='bbox 1319 2056 1380 2088; x_wconf 88' lang='grc' dir='ltr'>νέος</span> <span class='ocrx_word' id='word_1_629' title='bbox 1392 2057 1440 2083; x_wconf 69' lang='grc' dir='ltr'><strong>ἐπὶ</strong></span> <span class='ocrx_word' id='word_1_630' title='bbox 1452 2057 1483 2082; x_wconf 80' lang='grc' dir='ltr'><strong>τὺ</strong></span> <span class='ocrx_word' id='word_1_631' title='bbox 1501 2057 1651 2092; x_wconf 78' lang='grc' dir='ltr'>ὁρώμενον,</span> <span class='ocrx_word' id='word_1_632' title='bbox 1668 2057 1763 2091; x_wconf 80' lang='grc' dir='ltr'>βλέπει</span> 
     </span>
    </p>
   </div>
   <div class='ocr_carea' id='block_1_93' title="bbox 976 2102 1765 2138">
    <p class='ocr_par' dir='ltr' id='par_1_93' title="bbox 976 2102 1765 2138">
     <span class='ocr_line' id='line_1_93' title="bbox 976 2102 1765 2138; baseline -0.003 -8"><span class='ocrx_word' id='word_1_633' title='bbox 976 2103 1007 2130; x_wconf 75' lang='grc' dir='ltr'><strong>τὸ</strong></span> <span class='ocrx_word' id='word_1_634' title='bbox 1026 2103 1171 2138; x_wconf 81' lang='grc' dir='ltr'>πρόσωπον</span> <span class='ocrx_word' id='word_1_635' title='bbox 1183 2102 1266 2130; x_wconf 88' lang='grc' dir='ltr'><strong>αὑτοῦ</strong></span> <span class='ocrx_word' id='word_1_636' title='bbox 1282 2102 1436 2138; x_wconf 80' lang='grc' dir='ltr'>μεταφέρον</span> <span class='ocrx_word' id='word_1_637' title='bbox 1449 2110 1456 2117; x_wconf 91' lang='grc'><strong>·</strong></span> <span class='ocrx_word' id='word_1_638' title='bbox 1475 2102 1522 2129; x_wconf 79' lang='grc' dir='ltr'>καὶ</span> <span class='ocrx_word' id='word_1_639' title='bbox 1536 2102 1602 2129; x_wconf 69' lang='grc' dir='ltr'>ποτὶ</span> <span class='ocrx_word' id='word_1_640' title='bbox 1616 2103 1665 2136; x_wconf 80' lang='grc' dir='ltr'>μὲν</span> <span class='ocrx_word' id='word_1_641' title='bbox 1674 2102 1765 2137; x_wconf 81' lang='grc' dir='ltr'>ὑπῆρ-</span> 
     </span>
    </p>
   </div>
   <div class='ocr_carea' id='block_1_94' title="bbox 979 2145 1766 2184">
    <p class='ocr_par' dir='ltr' id='par_1_94' title="bbox 979 2145 1766 2184">
     <span class='ocr_line' id='line_1_94' title="bbox 979 2145 1766 2184; baseline 0 -9"><span class='ocrx_word' id='word_1_642' title='bbox 979 2157 1027 2184; x_wconf 84' lang='grc' dir='ltr'><strong>χεν</strong></span> <span class='ocrx_word' id='word_1_643' title='bbox 1041 2148 1079 2180; x_wconf 87' lang='grc' dir='ltr'>ὡς</span> <span class='ocrx_word' id='word_1_644' title='bbox 1097 2148 1176 2184; x_wconf 87' lang='grc' dir='ltr'>χιὼν,</span> <span class='ocrx_word' id='word_1_645' title='bbox 1197 2147 1264 2174; x_wconf 78' lang='grc' dir='ltr'>ποτὶ</span> <span class='ocrx_word' id='word_1_646' title='bbox 1277 2148 1305 2175; x_wconf 81' lang='grc' dir='ltr'>δὲ</span> <span class='ocrx_word' id='word_1_647' title='bbox 1321 2147 1360 2179; x_wconf 81' lang='grc' dir='ltr'><strong>ὡς</strong></span> <span class='ocrx_word' id='word_1_648' title='bbox 1384 2147 1439 2182; x_wconf 80' lang='grc' dir='ltr'><strong>πῦρ</strong></span> <span class='ocrx_word' id='word_1_649' title='bbox 1462 2147 1659 2183; x_wconf 79' lang='grc' dir='ltr'>ἀπαστράπτον</span> <span class='ocrx_word' id='word_1_650' title='bbox 1669 2155 1677 2163; x_wconf 89' lang='grc'>·</span> <span class='ocrx_word' id='word_1_651' title='bbox 1692 2145 1766 2182; x_wconf 71' lang='grc' dir='ltr'>εἶχεν</span> 
     </span>
    </p>
   </div>
   <div class='ocr_carea' id='block_1_95' title="bbox 979 2193 1764 2230">
    <p class='ocr_par' dir='ltr' id='par_1_95' title="bbox 979 2193 1764 2230">
     <span class='ocr_line' id='line_1_95' title="bbox 979 2193 1764 2230; baseline -0.003 -9"><span class='ocrx_word' id='word_1_652' title='bbox 979 2194 1008 2222; x_wconf 73' lang='grc' dir='ltr'>δὲ</span> <span class='ocrx_word' id='word_1_653' title='bbox 1021 2194 1283 2230; x_wconf 80' lang='grc' dir='ltr'>ἅποκεκαλυμμένον</span> <span class='ocrx_word' id='word_1_654' title='bbox 1299 2194 1345 2221; x_wconf 83' lang='grc' dir='ltr'><strong>τδν</strong></span> <span class='ocrx_word' id='word_1_655' title='bbox 1361 2193 1493 2229; x_wconf 82' lang='grc' dir='ltr'>βραχίονα</span> <span class='ocrx_word' id='word_1_656' title='bbox 1509 2193 1593 2220; x_wconf 76' lang='grc' dir='ltr'>αὐτοῦ</span> <span class='ocrx_word' id='word_1_657' title='bbox 1607 2193 1652 2220; x_wconf 82' lang='grc' dir='ltr'><strong>τὸν</strong></span> <span class='ocrx_word' id='word_1_658' title='bbox 1666 2193 1764 2226; x_wconf 73' lang='grc' dir='ltr'>δεξιὸν,</span> 
     </span>
    </p>
   </div>
   <div class='ocr_carea' id='block_1_96' title="bbox 977 2238 1766 2275">
    <p class='ocr_par' dir='ltr' id='par_1_96' title="bbox 977 2238 1766 2275">
     <span class='ocr_line' id='line_1_96' title="bbox 977 2238 1766 2275; baseline -0.003 -9"><span class='ocrx_word' id='word_1_659' title='bbox 977 2240 1008 2268; x_wconf 80' lang='grc' dir='ltr'>ἐν</span> <span class='ocrx_word' id='word_1_660' title='bbox 1024 2240 1063 2275; x_wconf 81' lang='grc' dir='ltr'>τῷ</span> <span class='ocrx_word' id='word_1_661' title='bbox 1079 2240 1205 2275; x_wconf 88' lang='grc' dir='ltr'>κατέχειν</span> <span class='ocrx_word' id='word_1_662' title='bbox 1228 2239 1309 2266; x_wconf 77' lang='grc' dir='ltr'>αὑτὸν</span> <span class='ocrx_word' id='word_1_663' title='bbox 1333 2239 1383 2273; x_wconf 80' lang='grc' dir='ltr'>τὴν</span> <span class='ocrx_word' id='word_1_664' title='bbox 1403 2238 1488 2273; x_wconf 75' lang='grc' dir='ltr'>λαϐὴν</span> <span class='ocrx_word' id='word_1_665' title='bbox 1508 2239 1555 2265; x_wconf 78' lang='grc' dir='ltr'>καὶ</span> <span class='ocrx_word' id='word_1_666' title='bbox 1578 2238 1617 2273; x_wconf 88' lang='grc' dir='ltr'>τῷ</span> <span class='ocrx_word' id='word_1_667' title='bbox 1634 2238 1766 2273; x_wconf 86' lang='grc' dir='ltr'>κυθριδίῳ</span> 
     </span>
    </p>
   </div>
   <div class='ocr_carea' id='block_1_97' title="bbox 977 2283 1765 2325">
    <p class='ocr_par' dir='ltr' id='par_1_97' title="bbox 977 2283 1765 2325">
     <span class='ocr_line' id='line_1_97' title="bbox 977 2283 1765 2325; baseline -0.003 -13"><span class='ocrx_word' id='word_1_668' title='bbox 977 2285 1310 2325; x_wconf 33' lang='grc' dir='ltr'>ὲπερείδεσθαιξηίστατο</span> <span class='ocrx_word' id='word_1_669' title='bbox 1333 2284 1362 2311; x_wconf 75' lang='grc' dir='ltr'>δὲ</span> <span class='ocrx_word' id='word_1_670' title='bbox 1390 2284 1421 2310; x_wconf 79' lang='grc' dir='ltr'>ἐν</span> <span class='ocrx_word' id='word_1_671' title='bbox 1451 2285 1484 2311; x_wconf 73' lang='grc' dir='ltr'>τῇ</span> <span class='ocrx_word' id='word_1_672' title='bbox 1511 2283 1613 2319; x_wconf 82' lang='grc' dir='ltr'>άοούλῃ</span> <span class='ocrx_word' id='word_1_673' title='bbox 1635 2283 1765 2320; x_wconf 81' lang='grc' dir='ltr'>ἀσχολού-</span> 
     </span>
    </p>
   </div>
   <div class='ocr_carea' id='block_1_98' title="bbox 977 2340 1070 2367">
    <p class='ocr_par' dir='ltr' id='par_1_98' title="bbox 977 2340 1070 2367">
     <span class='ocr_line' id='line_1_98' title="bbox 977 2340 1070 2367; baseline 0.011 -9"><span class='ocrx_word' id='word_1_674' title='bbox 977 2340 1070 2367; x_wconf 84' lang='grc' dir='ltr'>μενος.</span> 
     </span>
    </p>
   </div>
   <div class='ocr_carea' id='block_1_99' title="bbox 1009 2373 1765 2414">
    <p class='ocr_par' dir='ltr' id='par_1_99' title="bbox 1009 2373 1765 2414">
     <span class='ocr_line' id='line_1_99' title="bbox 1009 2373 1765 2414; baseline -0.003 -9"><span class='ocrx_word' id='word_1_675' title='bbox 1009 2380 1059 2413; x_wconf 79' lang='grc' dir='ltr'>νγ’.</span> <span class='ocrx_word' id='word_1_676' title='bbox 1078 2379 1123 2406; x_wconf 87' lang='grc' dir='ltr'>Ἐν</span> <span class='ocrx_word' id='word_1_677' title='bbox 1135 2379 1175 2414; x_wconf 83' lang='grc' dir='ltr'>τῷ</span> <span class='ocrx_word' id='word_1_678' title='bbox 1187 2377 1234 2406; x_wconf 84' lang='grc' dir='ltr'>οὖν</span> <span class='ocrx_word' id='word_1_679' title='bbox 1246 2378 1335 2406; x_wconf 77' lang='grc' dir='ltr'>ὲννεὺν</span> <span class='ocrx_word' id='word_1_680' title='bbox 1349 2379 1461 2406; x_wconf 70' lang='grc' dir='ltr'>ἑστάναι</span> <span class='ocrx_word' id='word_1_681' title='bbox 1473 2378 1519 2405; x_wconf 82' lang='grc' dir='ltr'>τὸν</span> <span class='ocrx_word' id='word_1_682' title='bbox 1533 2376 1703 2410; x_wconf 78' lang='grc' dir='ltr'>Ἐπιφάνιον,</span> <span class='ocrx_word' id='word_1_683' title='bbox 1717 2373 1765 2400; x_wconf 77' lang='grc' dir='ltr'>καὶ</span> 
     </span>
    </p>
   </div>
   <div class='ocr_carea' id='block_1_100' title="bbox 139 2418 924 2465">
    <p class='ocr_par' dir='ltr' id='par_1_100' title="bbox 139 2425 924 2465">
     <span class='ocr_line' id='line_1_100' title="bbox 139 2425 924 2465; baseline -0.009 -6"><span class='ocrx_word' id='word_1_684' title='bbox 139 2431 253 2465; x_wconf 88' lang='lat' dir='ltr'><strong>phanio,</strong></span> <span class='ocrx_word' id='word_1_685' title='bbox 266 2434 293 2457; x_wconf 87' lang='lat' dir='ltr'><strong>et</strong></span> <span class='ocrx_word' id='word_1_686' title='bbox 307 2428 335 2457; x_wconf 94' lang='lat' dir='ltr'><strong>in</strong></span> <span class='ocrx_word' id='word_1_687' title='bbox 361 2428 506 2463; x_wconf 89' lang='lat' dir='ltr'><strong>pulchrum</strong></span> <span class='ocrx_word' id='word_1_688' title='bbox 521 2425 586 2454; x_wconf 91' lang='lat' dir='ltr'><strong>illud</strong></span> <span class='ocrx_word' id='word_1_689' title='bbox 597 2425 782 2461; x_wconf 86' lang='lat' dir='ltr'><strong>spectaculum</strong></span> <span class='ocrx_word' id='word_1_690' title='bbox 795 2432 849 2452; x_wconf 90' lang='lat' dir='ltr'><strong>non</strong></span> <span class='ocrx_word' id='word_1_691' title='bbox 865 2425 924 2453; x_wconf 85' lang='lat' dir='ltr'><strong>sine</strong></span> 
     </span>
    </p>
   </div>
   <div class='ocr_carea' id='block_1_101' title="bbox 975 2418 1766 2465">
    <p class='ocr_par' dir='ltr' id='par_1_101' title="bbox 975 2418 1766 2465">
     <span class='ocr_line' id='line_1_101' title="bbox 975 2418 1766 2465; baseline -0.008 -14"><span class='ocrx_word' id='word_1_692' title='bbox 975 2424 1022 2459; x_wconf 81' lang='grc' dir='ltr'>τὴν</span> <span class='ocrx_word' id='word_1_693' title='bbox 1043 2423 1105 2452; x_wconf 83' lang='grc' dir='ltr'>θέαν</span> <span class='ocrx_word' id='word_1_694' title='bbox 1127 2423 1210 2451; x_wconf 80' lang='grc' dir='ltr'>αὑτοῦ</span> <span class='ocrx_word' id='word_1_695' title='bbox 1232 2423 1442 2458; x_wconf 75' lang='grc' dir='ltr'>ἐκθαμϐεῖσθαι,</span> <span class='ocrx_word' id='word_1_696' title='bbox 1461 2423 1477 2448; x_wconf 79' lang='grc' dir='ltr'><strong>ὸ</strong></span> <span class='ocrx_word' id='word_1_697' title='bbox 1499 2422 1564 2456; x_wconf 79' lang='grc' dir='ltr'>ἡδὺς</span> <span class='ocrx_word' id='word_1_698' title='bbox 1586 2420 1690 2465; x_wconf 74' lang='grc' dir='ltr'>ἐκεῖνος</span> 
     </span>
    </p>
   </div>
   <div class='ocr_carea' id='block_1_102' title="bbox 142 2471 926 2511">
    <p class='ocr_par' dir='ltr' id='par_1_102' title="bbox 142 2471 926 2511">
     <span class='ocr_line' id='line_1_102' title="bbox 142 2471 926 2511; baseline -0.006 -8"><span class='ocrx_word' id='word_1_699' title='bbox 142 2478 255 2505; x_wconf 91' lang='lat' dir='ltr'><strong>horrore</strong></span> <span class='ocrx_word' id='word_1_700' title='bbox 269 2475 389 2511; x_wconf 85' lang='lat' dir='ltr'><strong>quodam</strong></span> <span class='ocrx_word' id='word_1_701' title='bbox 408 2473 664 2508; x_wconf 80' lang='lat' dir='ltr'><strong>intento,gratiosus</strong></span> <span class='ocrx_word' id='word_1_702' title='bbox 686 2472 732 2500; x_wconf 89' lang='lat' dir='ltr'><strong>ille</strong></span> <span class='ocrx_word' id='word_1_703' title='bbox 745 2479 860 2506; x_wconf 84' lang='lat' dir='ltr'><strong>coquus.</strong></span> <span class='ocrx_word' id='word_1_704' title='bbox 875 2471 926 2499; x_wconf 88' lang='lat' dir='ltr'><strong>ob-</strong></span> 
     </span>
    </p>
   </div>
   <div class='ocr_carea' id='block_1_103' title="bbox 140 2517 925 2556">
    <p class='ocr_par' dir='ltr' id='par_1_103' title="bbox 140 2517 925 2556">
     <span class='ocr_line' id='line_1_103' title="bbox 140 2517 925 2556; baseline -0.01 -5"><span class='ocrx_word' id='word_1_705' title='bbox 140 2523 220 2550; x_wconf 84' lang='lat' dir='ltr'><strong>sonio</strong></span> <span class='ocrx_word' id='word_1_706' title='bbox 237 2522 392 2556; x_wconf 80' lang='lat' dir='ltr'><strong>degustato,</strong></span> <span class='ocrx_word' id='word_1_707' title='bbox 411 2520 484 2548; x_wconf 86' lang='lat' dir='ltr'><strong>illius</strong></span> <span class='ocrx_word' id='word_1_708' title='bbox 495 2519 575 2555; x_wconf 84' lang='lat' dir='ltr'><strong>quasi</strong></span> <span class='ocrx_word' id='word_1_709' title='bbox 599 2517 815 2553; x_wconf 81' lang='lat' dir='ltr'><strong>experimentum</strong></span> <span class='ocrx_word' id='word_1_710' title='bbox 830 2521 925 2552; x_wconf 89' lang='lat' dir='ltr'><strong>captu-</strong></span> 
     </span>
    </p>
   </div>
   <div class='ocr_carea' id='block_1_104' title="bbox 174 2587 823 2626">
    <p class='ocr_par' dir='ltr' id='par_1_104' title="bbox 174 2587 823 2626">
     <span class='ocr_line' id='line_1_104' title="bbox 174 2587 823 2626; baseline -0.009 -8"><span class='ocrx_word' id='word_1_711' title='bbox 174 2590 231 2626; x_wconf 60' lang='lat'><strong>(7!)</strong></span> <span class='ocrx_word' id='word_1_712' title='bbox 242 2590 292 2618; x_wconf 80' lang='lat' dir='ltr'><strong>Ms.</strong></span> <span class='ocrx_word' id='word_1_713' title='bbox 310 2589 401 2626; x_wconf 53' lang='lat' dir='ltr'><strong>vatic,</strong></span> <span class='ocrx_word' id='word_1_714' title='bbox 407 2588 584 2626; x_wconf 66' lang='lat' dir='ltr'><strong>solummodo</strong></span> <span class='ocrx_word' id='word_1_715' title='bbox 598 2587 823 2626; x_wconf 59' lang='lat' dir='ltr'><strong>:_t}.tttxi._dCov&#39;_co;.</strong></span> 
     </span>
    </p>
   </div>
   <div class='ocr_carea' id='block_1_105' title="bbox 177 2621 927 2660">
    <p class='ocr_par' dir='ltr' id='par_1_105' title="bbox 177 2621 927 2660">
     <span class='ocr_line' id='line_1_105' title="bbox 177 2621 927 2660; baseline -0.005 -9"><span class='ocrx_word' id='word_1_716' title='bbox 177 2621 233 2659; x_wconf 75' lang='grc'><strong>(72)</strong></span> <span class='ocrx_word' id='word_1_717' title='bbox 246 2625 377 2660; x_wconf 72' lang='grc' dir='ltr'>Ἀρουλα.</span> <span class='ocrx_word' id='word_1_718' title='bbox 392 2624 442 2653; x_wconf 85' lang='lat' dir='ltr'><strong>Ms.</strong></span> <span class='ocrx_word' id='word_1_719' title='bbox 457 2624 525 2660; x_wconf 54' lang='lat' dir='ltr'><strong>ﬂag.</strong></span> <span class='ocrx_word' id='word_1_720' title='bbox 541 2622 670 2660; x_wconf 67' lang='grc' dir='ltr'>ᾅρρυλλα.</span> <span class='ocrx_word' id='word_1_721' title='bbox 692 2621 825 2660; x_wconf 62' lang='lat' dir='ltr'><strong>oculum</strong></span> <span class='ocrx_word' id='word_1_722' title='bbox 840 2621 927 2660; x_wconf 50' lang='lat' dir='ltr'><strong>inter:</strong></span> 
     </span>
    </p>
   </div>
   <div class='ocr_carea' id='block_1_106' title="bbox 141 2656 928 2694">
    <p class='ocr_par' dir='ltr' id='par_1_106' title="bbox 141 2656 928 2694">
     <span class='ocr_line' id='line_1_106' title="bbox 141 2656 928 2694; baseline -0.004 -9"><span class='ocrx_word' id='word_1_723' title='bbox 141 2656 242 2694; x_wconf 71' lang='lat' dir='ltr'><strong>pretor.</strong></span> <span class='ocrx_word' id='word_1_724' title='bbox 275 2656 312 2687; x_wconf 75' lang='lat' dir='ltr'><strong>Ita</strong></span> <span class='ocrx_word' id='word_1_725' title='bbox 343 2660 420 2694; x_wconf 80' lang='lat' dir='ltr'><strong>disco</strong></span> <span class='ocrx_word' id='word_1_726' title='bbox 441 2667 473 2686; x_wconf 81' lang='lat' dir='ltr'><strong>ex</strong></span> <span class='ocrx_word' id='word_1_727' title='bbox 501 2656 656 2694; x_wconf 82' lang='lat' dir='ltr'><strong>Scholiaste</strong></span> <span class='ocrx_word' id='word_1_728' title='bbox 684 2657 874 2694; x_wconf 53' lang='lat' dir='ltr'><strong>Aristophanis</strong></span> <span class='ocrx_word' id='word_1_729' title='bbox 894 2656 928 2683; x_wconf 87' lang='lat' dir='ltr'><strong>ad</strong></span> 
     </span>
    </p>
   </div>
   <div class='ocr_carea' id='block_1_107' title="bbox 141 2691 930 2729">
    <p class='ocr_par' dir='ltr' id='par_1_107' title="bbox 141 2691 930 2729">
     <span class='ocr_line' id='line_1_107' title="bbox 141 2691 930 2729; baseline -0.006 -7"><span class='ocrx_word' id='word_1_730' title='bbox 141 2691 312 2729; x_wconf 51' lang='lat' dir='ltr'><strong>Acbarneus.</strong></span> <span class='ocrx_word' id='word_1_731' title='bbox 342 2693 488 2729; x_wconf 75' lang='grc' dir='ltr'>Ἑσχάραν,</span> <span class='ocrx_word' id='word_1_732' title='bbox 516 2693 570 2729; x_wconf 77' lang='grc' dir='ltr'>τὴν</span> <span class='ocrx_word' id='word_1_733' title='bbox 595 2695 642 2719; x_wconf 77' lang='grc' dir='ltr'>νῦν</span> <span class='ocrx_word' id='word_1_734' title='bbox 661 2691 833 2727; x_wconf 82' lang='grc' dir='ltr'>καλουμένην</span> <span class='ocrx_word' id='word_1_735' title='bbox 849 2691 930 2726; x_wconf 68' lang='lat' dir='ltr'><strong>apau-</strong></span> 
     </span>
    </p>
   </div>
   <div class='ocr_carea' id='block_1_108' title="bbox 141 2728 805 2762">
    <p class='ocr_par' dir='ltr' id='par_1_108' title="bbox 141 2728 805 2762">
     <span class='ocr_line' id='line_1_108' title="bbox 141 2728 805 2762; baseline -0.005 -7"><span class='ocrx_word' id='word_1_736' title='bbox 141 2729 202 2759; x_wconf 81' lang='grc' dir='ltr'>λαν,</span> <span class='ocrx_word' id='word_1_737' title='bbox 221 2728 321 2760; x_wconf 83' lang='lat' dir='ltr'><strong>focum.</strong></span> <span class='ocrx_word' id='word_1_738' title='bbox 334 2728 414 2762; x_wconf 83' lang='lat' dir='ltr'><strong>quem</strong></span> <span class='ocrx_word' id='word_1_739' title='bbox 428 2728 501 2756; x_wconf 88' lang='lat' dir='ltr'><strong>nunc</strong></span> <span class='ocrx_word' id='word_1_740' title='bbox 514 2728 619 2755; x_wconf 89' lang='lat' dir='ltr'><strong>arulam</strong></span> <span class='ocrx_word' id='word_1_741' title='bbox 637 2731 805 2762; x_wconf 69' lang='lat' dir='ltr'><strong>nuncupant.</strong></span> 
     </span>
    </p>
   </div>
   <div class='ocr_carea' id='block_1_109' title="bbox 176 2761 929 2796">
    <p class='ocr_par' dir='ltr' id='par_1_109' title="bbox 176 2761 929 2796">
     <span class='ocr_line' id='line_1_109' title="bbox 176 2761 929 2796; baseline -0.004 -6"><span class='ocrx_word' id='word_1_742' title='bbox 176 2762 233 2796; x_wconf 77' lang='lat'><strong>(73)</strong></span> <span class='ocrx_word' id='word_1_743' title='bbox 242 2762 291 2789; x_wconf 79' lang='lat' dir='ltr'><strong>Ms.</strong></span> <span class='ocrx_word' id='word_1_744' title='bbox 304 2761 404 2789; x_wconf 79' lang='lat' dir='ltr'><strong>Mazar.</strong></span> <span class='ocrx_word' id='word_1_745' title='bbox 417 2763 550 2796; x_wconf 78' lang='grc' dir='ltr'>τένοντος,</span> <span class='ocrx_word' id='word_1_746' title='bbox 562 2762 671 2796; x_wconf 75' lang='lat' dir='ltr'><strong>torquis.</strong></span> <span class='ocrx_word' id='word_1_747' title='bbox 682 2761 822 2794; x_wconf 74' lang='lat' dir='ltr'><strong>Signiﬁcat</strong></span> <span class='ocrx_word' id='word_1_748' title='bbox 837 2764 929 2788; x_wconf 84' lang='lat' dir='ltr'><strong>autem</strong></span> 
     </span>
    </p>
   </div>
   <div class='ocr_carea' id='block_1_110' title="bbox 143 2795 930 2829">
    <p class='ocr_par' dir='ltr' id='par_1_110' title="bbox 143 2795 930 2829">
     <span class='ocr_line' id='line_1_110' title="bbox 143 2795 930 2829; baseline -0.004 -4"><span class='ocrx_word' id='word_1_749' title='bbox 143 2795 228 2827; x_wconf 71' lang='grc' dir='ltr'>τινων</span> <span class='ocrx_word' id='word_1_750' title='bbox 254 2797 315 2824; x_wconf 80' lang='lat' dir='ltr'><strong>colli</strong></span> <span class='ocrx_word' id='word_1_751' title='bbox 333 2797 456 2824; x_wconf 70' lang='lat' dir='ltr'><strong>tendam;</strong></span> <span class='ocrx_word' id='word_1_752' title='bbox 482 2805 530 2825; x_wconf 91' lang='lat' dir='ltr'><strong>seu</strong></span> <span class='ocrx_word' id='word_1_753' title='bbox 543 2795 546 2796; x_wconf 58' lang='grc'><strong><em>⁷</em></strong></span> <span class='ocrx_word' id='word_1_754' title='bbox 561 2795 651 2824; x_wconf 71' lang='lat' dir='ltr'><strong>neruos</strong></span> <span class='ocrx_word' id='word_1_755' title='bbox 671 2795 855 2829; x_wconf 73' lang='lat' dir='ltr'><strong>salidissinws,</strong></span> <span class='ocrx_word' id='word_1_756' title='bbox 873 2797 930 2824; x_wconf 79' lang='lat' dir='ltr'><strong>sine</strong></span> 
     </span>
    </p>
   </div>
   <div class='ocr_carea' id='block_1_111' title="bbox 979 2463 1766 2507">
    <p class='ocr_par' dir='ltr' id='par_1_111' title="bbox 979 2463 1766 2507">
     <span class='ocr_line' id='line_1_111' title="bbox 979 2463 1766 2507; baseline -0.013 -8"><span class='ocrx_word' id='word_1_757' title='bbox 979 2479 1083 2507; x_wconf 83' lang='grc' dir='ltr'>γειρος.</span> <span class='ocrx_word' id='word_1_758' title='bbox 1099 2470 1269 2505; x_wconf 78' lang='grc' dir='ltr'>γευσάμενος</span> <span class='ocrx_word' id='word_1_759' title='bbox 1282 2467 1330 2496; x_wconf 79' lang='grc' dir='ltr'>τοῦ</span> <span class='ocrx_word' id='word_1_760' title='bbox 1343 2466 1436 2501; x_wconf 78' lang='grc' dir='ltr'>ζωμοῦ</span> <span class='ocrx_word' id='word_1_761' title='bbox 1451 2465 1552 2493; x_wconf 81' lang='grc' dir='ltr'>ὡσανεὶ</span> <span class='ocrx_word' id='word_1_762' title='bbox 1563 2465 1662 2500; x_wconf 81' lang='grc' dir='ltr'>πεῖραν</span> <span class='ocrx_word' id='word_1_763' title='bbox 1672 2463 1766 2490; x_wconf 72' lang='grc' dir='ltr'>λαὸεῖν</span> 
     </span>
    </p>
   </div>
   <div class='ocr_carea' id='block_1_112' title="bbox 981 2510 1764 2553">
    <p class='ocr_par' dir='ltr' id='par_1_112' title="bbox 981 2510 1764 2553">
     <span class='ocr_line' id='line_1_112' title="bbox 981 2510 1764 2553; baseline -0.01 -9"><span class='ocrx_word' id='word_1_764' title='bbox 981 2517 1153 2553; x_wconf 75' lang='grc' dir='ltr'>πειρώμενος</span> <span class='ocrx_word' id='word_1_765' title='bbox 1169 2516 1218 2543; x_wconf 79' lang='grc' dir='ltr'>τοῦ</span> <span class='ocrx_word' id='word_1_766' title='bbox 1233 2515 1385 2551; x_wconf 75' lang='grc' dir='ltr'>ἑψήματος,</span> <span class='ocrx_word' id='word_1_767' title='bbox 1403 2512 1527 2540; x_wconf 73' lang='grc' dir='ltr'>ἐκϐαλὼν</span> <span class='ocrx_word' id='word_1_768' title='bbox 1541 2513 1574 2539; x_wconf 65' lang='grc' dir='ltr'>ὲκ</span> <span class='ocrx_word' id='word_1_769' title='bbox 1595 2510 1644 2538; x_wconf 82' lang='grc' dir='ltr'>τοῦ</span> <span class='ocrx_word' id='word_1_770' title='bbox 1664 2511 1764 2537; x_wconf 75' lang='grc' dir='ltr'>κόλπου</span> 
     </span>
    </p>
   </div>
   <div class='ocr_carea' id='block_1_113' title="bbox 981 2579 1767 2622">
    <p class='ocr_par' dir='ltr' id='par_1_113' title="bbox 981 2579 1767 2622">
     <span class='ocr_line' id='line_1_113' title="bbox 981 2579 1767 2622; baseline -0.011 -9"><span class='ocrx_word' id='word_1_771' title='bbox 981 2595 1098 2622; x_wconf 89' lang='lat' dir='ltr'><strong>quorum</strong></span> <span class='ocrx_word' id='word_1_772' title='bbox 1113 2593 1197 2622; x_wconf 81' lang='lat' dir='ltr'><strong>opera</strong></span> <span class='ocrx_word' id='word_1_773' title='bbox 1211 2584 1325 2622; x_wconf 84' lang='lat' dir='ltr'><strong>cervicis</strong></span> <span class='ocrx_word' id='word_1_774' title='bbox 1337 2583 1469 2622; x_wconf 62' lang='lat' dir='ltr'><strong>vertebrae</strong></span> <span class='ocrx_word' id='word_1_775' title='bbox 1491 2580 1600 2622; x_wconf 81' lang='lat' dir='ltr'><strong>_collu_m</strong></span> <span class='ocrx_word' id='word_1_776' title='bbox 1622 2579 1767 2622; x_wconf 70' lang='lat' dir='ltr'><strong>nequirent</strong></span> 
     </span>
    </p>
   </div>
   <div class='ocr_carea' id='block_1_114' title="bbox 977 2614 1766 2650">
    <p class='ocr_par' dir='ltr' id='par_1_114' title="bbox 977 2614 1766 2650">
     <span class='ocr_line' id='line_1_114' title="bbox 977 2614 1766 2650; baseline -0.011 -1"><span class='ocrx_word' id='word_1_777' title='bbox 977 2614 1113 2649; x_wconf 67' lang='lat' dir='ltr'><strong>sustinere</strong></span> <span class='ocrx_word' id='word_1_778' title='bbox 1129 2614 1139 2648; x_wconf 73' lang='grc' dir='ltr'><em>ἶ</em></span> <span class='ocrx_word' id='word_1_779' title='bbox 1151 2620 1198 2647; x_wconf 83' lang='lat' dir='ltr'><strong>sed</strong></span> <span class='ocrx_word' id='word_1_780' title='bbox 1225 2623 1252 2647; x_wconf 84' lang='lat' dir='ltr'><strong>ct</strong></span> <span class='ocrx_word' id='word_1_781' title='bbox 1279 2620 1358 2650; x_wconf 88' lang='grc' dir='ltr'>τένας</span> <span class='ocrx_word' id='word_1_782' title='bbox 1380 2617 1478 2644; x_wconf 81' lang='lat' dir='ltr'><strong>collum</strong></span> <span class='ocrx_word' id='word_1_783' title='bbox 1491 2615 1628 2642; x_wconf 83' lang='lat' dir='ltr'><strong>invenitur</strong></span> <span class='ocrx_word' id='word_1_784' title='bbox 1651 2614 1766 2650; x_wconf 79' lang='lat' dir='ltr'><strong>inActis</strong></span> 
     </span>
    </p>
   </div>
   <div class='ocr_carea' id='block_1_115' title="bbox 978 2648 1766 2697">
    <p class='ocr_par' dir='ltr' id='par_1_115' title="bbox 978 2648 1766 2697">
     <span class='ocr_line' id='line_1_115' title="bbox 978 2648 1766 2697; baseline -0.011 -13"><span class='ocrx_word' id='word_1_785' title='bbox 1022 2655 1160 2697; x_wconf 84' lang='lat' dir='ltr'><strong>Theodori</strong></span> <span class='ocrx_word' id='word_1_786' title='bbox 1178 2654 1270 2688; x_wconf 89' lang='lat' dir='ltr'><strong>Ducis,</strong></span> <span class='ocrx_word' id='word_1_787' title='bbox 1287 2648 1361 2682; x_wconf 71' lang='lat' dir='ltr'><strong>unde</strong></span> <span class='ocrx_word' id='word_1_788' title='bbox 1388 2652 1535 2684; x_wconf 86' lang='grc' dir='ltr'>τενάντιον,</span> <span class='ocrx_word' id='word_1_789' title='bbox 1558 2654 1680 2684; x_wconf 85' lang='lat' dir='ltr'><strong>torques,</strong></span> <span class='ocrx_word' id='word_1_790' title='bbox 1695 2648 1766 2683; x_wconf 86' lang='lat' dir='ltr'><strong>apud</strong></span> 
     </span>
    </p>
   </div>
   <div class='ocr_carea' id='block_1_116' title="bbox 978 2691 1766 2767">
    <p class='ocr_par' dir='ltr' id='par_1_116' title="bbox 978 2691 1766 2767">
     <span class='ocr_line' id='line_1_116' title="bbox 978 2691 1766 2767; baseline -0.008 -15"><span class='ocrx_word' id='word_1_791' title='bbox 978 2691 1204 2767; x_wconf 36' lang='grc' dir='ltr'>Ὗῖξιιόηιῖήτρου.</span> <span class='ocrx_word' id='word_1_792' title='bbox 1217 2723 1269 2753; x_wconf 76' lang='lat' dir='ltr'><strong>Ms.</strong></span> <span class='ocrx_word' id='word_1_793' title='bbox 1281 2722 1350 2751; x_wconf 85' lang='lat' dir='ltr'><strong>Maz.</strong></span> <span class='ocrx_word' id='word_1_794' title='bbox 1366 2722 1459 2754; x_wconf 82' lang='grc' dir='ltr'>κίτρου</span> <span class='ocrx_word' id='word_1_795' title='bbox 1473 2721 1546 2757; x_wconf 87' lang='lat' dir='ltr'><strong>quod</strong></span> <span class='ocrx_word' id='word_1_796' title='bbox 1554 2720 1657 2749; x_wconf 86' lang='lat' dir='ltr'><strong>malim.</strong></span> <span class='ocrx_word' id='word_1_797' title='bbox 1670 2718 1766 2747; x_wconf 82' lang='lat' dir='ltr'><strong>Latine</strong></span> 
     </span>
    </p>
   </div>
   <div class='ocr_carea' id='block_1_117' title="bbox 980 2766 1071 2789">
    <p class='ocr_par' dir='ltr' id='par_1_117' title="bbox 980 2766 1071 2789">
     <span class='ocr_line' id='line_1_117' title="bbox 980 2766 1071 2789; baseline -0.022 0"><span class='ocrx_word' id='word_1_798' title='bbox 980 2766 1071 2789; x_wconf 70' lang='lat' dir='ltr'><strong>CUM”.</strong></span> 
     </span>
    </p>
   </div>
  </div>
