2027 3077
225 123 277 156 695
755 120 960 152 NICEPHORI
983 121 1012 150 Ρ]

1061 121 1220 150 SBYTERI
1240 121 1297 151 Cl‘.
1789 118 1846 150 696

223 187 338 214 corpore
345 180 448 214 plateas
456 180 624 207 oberrantem
635 180 646 205 ?
661 177 791 213 Suspicor
806 184 865 212 ego,
875 177 1009 204 insaniam

1062 177 1121 210 τοῦ,
1138 177 1379 213 σχημπισὰμενος
1393 176 1467 210 λέγει
1489 175 1527 210 τῷ
1541 177 1624 211 πατρὶ
1639 175 1723 203 αὑτοῦ
1737 184 1744 192 ο
1760 176 1848 211 Κύριὲ

224 225 277 259 ipsi
309 225 344 252 ab
356 225 467 252 humani
490 224 596 260 generis
614 226 690 251 hoste
704 223 830 258 iniectam
843 229 913 249 esse.
932 221 1010 249 Nunc

1062 234 1116 261 μου
1141 226 1249 261 πάτερ,
1279 225 1389 260 βλέπεις
1417 225 1462 252 τὸν
1490 225 1634 260 ἄνθρωπον
1656 225 1760 252 ἐκεῖνον
1788 225 1848 255 πῶς

226 275 328 302 autem,
346 270 460 298 Domine
485 272 522 297 mi
543 278 574 298 ac
590 274 668 305 paler
690 269 879 301 dilectissime,
902 267 939 295 ita
972 267 1012 295 lilii

1061 271 1242 307 περιέρχεται
1256 269 1467 305 γεγυμνωμένος
1479 270 1520 304 τῷ
1535 269 1660 305 σώματις
1680 269 1719 301 ὥς
1732 268 1848 300 εἰκάζω.

225 316 263 343 tui
288 315 456 343 dilectissimi
481 313 623 350 Epiphanii
644 319 759 342 mortem
775 313 958 345 immaturam,
974 313 1010 340 ita

224 361 372 395 passerculi
394 361 431 387 tui
459 364 618 387 mmrentem
644 360 749 387 vultum
781 366 920 390 nunquam
939 359 1011 393 aspi-

225 408 292 439 cias,
317 406 522 433 introducamus
555 406 631 433 illum
659 407 686 433 in
701 406 813 433 domum
832 410 965 437 nostram,
984 408 1011 431 et

224 456 334 486 propter
357 450 569 478 muniﬁcentiam
596 451 704 478 Domini
729 451 774 479 Dei
794 451 892 483 nostri,
907 450 1011 478 honore

225 502 257 522 ac
285 494 386 521 divitiis
402 502 435 521 ex
452 494 583 522 bonitatis
599 502 656 522 sua:
687 495 815 522 thesauro
830 498 855 521 te
869 493 1013 521 cumulan-

224 541 268 571 tis,
297 540 377 567 liceat
406 539 473 567 mihi
500 540 636 568 iustrttere
652 540 688 567 illi
705 547 827 567 mensam
853 543 879 566 et
896 538 1011 566 fundere

221 584 315 612 vinum
336 589 366 612 ut
377 585 530 612 mercedem
564 584 708 613 animabus
717 585 818 612 nostris
829 584 1009 619 recipiamus:

222 629 287 657 illud
319 637 437 665 namque
450 629 538 657 solum
563 629 589 656 in
618 637 699 665 regno
714 629 844 657 caelorum
873 629 1010 656 inventuri

225 682 333 702 sumus.

258 767 302 795 56.
324 768 364 795 Ad
379 768 436 795 btcc
449 768 541 802 verba,
561 773 635 803 pater
649 768 741 796 divmo
759 769 876 804 quodam
896 770 1008 798 numine

221 813 339 847 aﬂlatus,
355 813 472 849 benigno
484 814 717 849 blandissimoque
733 815 812 843 oculo
827 815 910 842 [ilium
928 815 1012 843 intui-

1059 317 1100 343 ὅτι
1116 317 1164 343 καὶ
1181 316 1448 351 παρατετραμμένον
1462 312 1531 342 εἶναι
1545 315 1628 342 αὐτὸν
1640 315 1695 342 ὑπὸ
1709 314 1756 341 τοῦ
1771 315 1849 341 ἐναν-

1060 362 1128 390 τίου.
1150 362 1243 394 ’Λλλὰ,
1264 362 1344 397 κύριέ
1373 370 1424 397 μου
1453 361 1501 388 καὶ
1532 361 1645 396 φίλτατε
1674 362 1785 397 πάτερ,
1810 362 1848 395 μὴ

1061 407 1148 442 θεάσῃ
1160 407 1207 434 τοῦ
1234 406 1402 440 γλυκυτάτου
1420 414 1467 433 σου
1490 405 1587 433 τέκνου
1620 406 1781 440 Ἐπιφανεου
1802 405 1849 432 τὸν

1061 452 1188 486 θάνατον,
1206 452 1243 488 μὴ
1262 452 1322 488 ἴδῃς
1337 460 1363 479 τι
1383 451 1504 486 λυπηρὸν
1525 451 1572 478 ἐπὶ
1586 451 1617 478 τὸ
1633 451 1773 485 στρουθίον
1788 460 1847 483 σου,

1061 499 1256 534 εἰσαγάγωμεν
1270 498 1352 525 αὑτὸν
1365 497 1405 529 εις
1418 497 1464 524 τὸν
1475 494 1559 528 οἶκονι
1576 497 1624 524 καὶ
1639 497 1684 524 διὰ
1702 498 1753 532 τῆς
1773 498 1850 524 ἀντι·

1059 543 1170 578 λήψεως
1198 543 1246 570 τοῦ
1283 552 1313 570 σε
1347 543 1517 578 τιμήσαντος
1552 543 1600 569 καὶ
1628 542 1848 578 πεπλουτηκότος

1061 589 1199 616 Δεσπότου
1222 589 1277 616 ἀπὺ
1304 588 1358 615 τῶν
1380 588 1502 622 ἀγαθῶν,
1529 585 1567 615 ὧν
1597 588 1662 622 ἡμῖν
1691 587 1848 622 ἐδωρήσατο

1061 634 1176 669 Κύριος,
1193 633 1310 669 παραθῶ
1333 633 1408 668 αὐτῷ
1430 632 1580 668 τράπεζαν,
1601 632 1649 658 καὶ
1664 632 1750 659 ποτιῶ
1766 631 1849 659 αὑτὸν

1060 677 1141 711 οἶνον,
1158 680 1197 711 είς
1219 679 1313 714 μισθὸν
1330 678 1473 713 ἡμετέρων
1487 677 1584 713 ψυχῶν
1601 685 1608 693 θ
1635 678 1682 704 καὶ
1701 677 1756 712 γὰρ
1768 677 1849 703 τοῦτο

1063 724 1144 760 μόνον
1159 724 1251 759 εὑρεῖν
1263 723 1361 759 ἔχομεν
1377 724 1406 750 ἐν
1422 725 1457 759 τῇ
1475 723 1598 759 βασιλείᾳ
1610 723 1664 750 τῶν
1678 722 1811 758 οὐρανῶν.

1093 769 1148 801 νς¹.
1165 769 1197 796 '0
1211 769 1240 795 δὲ
1254 769 1347 803 πατὴρ
1361 768 1443 795 αὑτοῦ
1459 767 1551 799 ἔνθους
1567 767 1724 802 γενόμενος,
1738 767 1848 802 εὐμενεῖ

1057 816 1128 843 αἰδοῖ
1141 815 1190 842 καὶ
1203 814 1365 850 γλυκυτάτῳ
1380 814 1516 850 βὶέμματι
1529 813 1645 845 ἀπιδὼν,
1658 812 1848 846 καταφιλήσας

225 861 278 889 tus,
294 862 320 884 et
337 857 433 885 faciem
445 858 505 893 ejus
535 859 724 888 suavissimam
745 860 939 889 deosculatus:
958 860 1011 889 Un-

1062 859 1145 887 αὐτοῦ
1158 859 1193 887 τὰ
1203 858 1361 893 γλυκύτατα
1375 858 1499 893 ὄμματα,
1518 858 1569 893 ἔφη
1583 865 1589 871 ·
1608 856 1701 887 Μόρον
1714 855 1762 890 τῆς
1777 855 1848 890 ἐμῆς

222 907 365 936 guentum,
383 903 481 938 inquit,
499 904 608 937 animus,
622 910 648 932 et
662 905 752 932 lumett
773 906 913 934 oculorum
932 914 1008 934 meo-

222 955 295 981 rum,
313 948 360 982 ﬁli,
392 949 435 976 illa
446 957 528 984 super
545 958 574 977 re
588 958 674 978 meam
685 951 830 986 exquirere
841 951 1009 980 voluntatem

222 993 260 1020 nil
274 1001 343 1029 opus
360 999 417 1022 erat
434 1003 442 1022 :
471 995 549 1028 vade,
578 1000 605 1023 et
629 1004 682 1031 quo
696 996 788 1024 animo
801 997 951 1025 collibitum
966 1002 1012 1025 tuo

225 1043 279 1072 est,
311 1039 374 1073 fac;
400 1048 460 1068 mea
487 1041 587 1076 quippe
609 1042 712 1073 omnia,
727 1047 772 1070 tua
787 1047 863 1070 sunt.
879 1043 929 1070 Cui
947 1043 1012 1078 Epi-

223 1083 343 1118 phanius
363 1092 369 1110 :
390 1083 519 1119 Omnino,
539 1090 616 1121 pater
645 1086 839 1120 dilectissime,
876 1087 912 1114 ita
942 1095 1012 1122 opus

220 1129 283 1162 fuit;
305 1129 428 1165 quoidam
444 1131 516 1158 enim
529 1131 645 1166 petenda
670 1132 738 1159 mihi
767 1136 832 1159 sunt
846 1140 853 1158 :
871 1139 932 1158 nam
947 1132 1012 1159 scri-

220 1178 297 1209 ptum
311 1174 481 1208 est:Filius,
501 1177 548 1211 qui
571 1177 641 1211 ρελιιὶ
660 1177 732 1211 leges
748 1177 909 1212 praescribit,
926 1181 1013 1204 morte

223 1220 371 1253 morietur;
385 1224 413 1248 et
429 1225 506 1255 patre
520 1221 602 1248 alicui
628 1222 667 1248 rei
684 1222 798 1251 intento.
816 1229 898 1248 omne
920 1222 1013 1249 consi-

226 1264 292 1291 lium
318 1265 364 1292 lilii
377 1265 565 1300 dissipabitur.
595 1266 700 1299 Quibus
718 1265 838 1299 auditis,
866 1266 1013 1294 exsultavit

227 1309 327 1345 gaudio
356 1314 449 1344 pater,
476 1314 588 1346 propter
615 1312 778 1346 sapientiam
805 1317 832 1339 et
861 1313 1013 1347 prudentes

224 1355 417 1388 responsiones
432 1356 480 1383 ﬁlil
500 1356 542 1384 sui
558 1357 622 1392 :qui
638 1364 752 1392 propere
763 1357 914 1385 accelerato
927 1357 1011 1392 gradu

225 1400 361 1427 Andream
377 1401 654 1436 insequens,domum
671 1410 757 1437 usque
769 1410 942 1438 progressum
952 1407 1012 1430 tan-

224 1446 285 1473 dem
316 1442 458 1475 assecutus
476 1452 518 1475 est
531 1466 540 1478 .
569 1449 759 1483 prehensaque
781 1456 863 1475 manu
877 1448 948 1483 ejus,
964 1448 1013 1476 do-

221 1499 296 1519 mum
324 1500 401 1519 suam
426 1493 503 1520 illum
526 1494 645 1522 reduxit.
660 1493 785 1528 Cumque
800 1493 881 1521 simul
899 1501 932 1521 eo
951 1502 1012 1529 per-

1062 903 1151 939 ψυχῆς
1179 903 1226 930 καὶ
1245 902 1302 937 φῶς
1326 902 1380 929 τῶν
1399 902 1545 936 ὀφθαλμῶν
1573 910 1636 936 μου,
1661 901 1725 935 περὶ
1748 901 1848 934 ταύτης

1060 949 1112 983 τῆς
1126 948 1283 979 ὑποθέσεως
1296 948 1402 982 ἐρωτᾷν
1427 947 1464 983 μὴ
1488 947 1610 983 ὸφείλῃς,
1625 945 1727 973 ἄπελθε
1744 946 1791 972 καὶ
1811 945 1850 976 ὡς

1062 992 1184 1024 κελεύεις
1197 992 1321 1026 ποίησον,
1341 992 1375 1018 τὰ
1391 992 1445 1026 γὰρ
1460 993 1528 1026 ἐμὰ,
1543 992 1577 1019 σά
1594 992 1673 1018 εἰσιν.
1690 991 1850 1024 Ἐπιςεάνιος

1065 1036 1157 1065 εἶπεν·
1175 1038 1231 1065 Ναὶ
1245 1037 1334 1073 πάτερ
1350 1046 1401 1073 μου
1417 1037 1593 1072 παμφὶλταιτε
1604 1057 1612 1069 .
1635 1036 1704 1064 ἀλλά
1718 1045 1779 1062 τινα
1794 1037 1851 1070 ἔχω

1062 1083 1201 1119 ἐρωτῆσαι
1215 1091 1222 1097 ·
1243 1082 1400 1118 γέγραπται
1414 1083 1468 1117 γὰρ
1482 1083 1550 1118 (76),
1568 1082 1632 1114 Tib;
1652 1083 1737 1117 πατρὶ
1753 1082 1849 1108 δίκαια

1062 1127 1161 1162 λέγων,
1179 1127 1288 1162 θανάτῳ
1311 1127 1544 1162 θανατωθήσιται,
1564 1127 1612 1153 καὶ
1638 1127 1742 1159 πατρὸς
1759 1134 1851 1161 παρα-

1064 1172 1191 1207 τυχόντος
1221 1173 1275 1198 τινὶ
1303 1171 1468 1208 πράγματι,
1495 1172 1570 1198 πᾶσα
1600 1171 1665 1198 Υίοῦ
1698 1171 1850 1206 πρόϋλησις

1064 1218 1224 1253 ῥαγήσεται.
1241 1216 1332 1243 Τοῦτο
1346 1217 1467 1249 ἀκούσας
1481 1217 1496 1244 ὀ
1514 1217 1607 1252 πατὴρ
1623 1215 1719 1248 αὐτοῦ,
1734 1215 1850 1249 εὐφραί-

1063 1271 1135 1290 νεται
1153 1263 1198 1290 ἐπὶ
1216 1263 1254 1297 τῇ
1270 1262 1387 1296 συνέσει,
1409 1263 1458 1289 καὶ
1471 1263 1531 1294 ταῖς
1558 1262 1738 1297 ἀποκρίσεσιν
1753 1260 1848 1287 αὑτοῦ.

1069 1309 1098 1335 ὐ
1114 1309 1142 1336 δὲ
1161 1309 1260 1344 σεμνὸς
1281 1309 1442 1343 Ἐπιφάνιος
1462 1310 1582 1344 ταχινοῐης
1597 1309 1660 1336 ποσὶ
1677 1307 1851 1341 καταδιώξας

1062 1354 1108 1381 τδν
1122 1354 1226 1386 Ὀσιον,
1245 1353 1386 1388 πέφθακεν
1400 1354 1481 1380 αὐτὸν
1498 1354 1572 1380 ἔνδον
1588 1354 1636 1380 τοῦ
1656 1354 1732 1380 οῐκου
1753 1352 1848 1386 uti-:05,

1063 1401 1110 1427 καὶ
1124 1397 1191 1436 ἦλθε
1203 1400 1402 1436 χειροκρατῶν,
1420 1400 1468 1427 καὶ
1485 1400 1553 1436 πρὸς
1566 1401 1602 1427 τὰ
1621 1401 1674 1427 ἴδια
1695 1400 1850 1436 προτρεπό-

1064 1454 1145 1481 μενος
1159 1455 1166 1462 ·
1183 1447 1229 1473 καὶ
1241 1446 1273 1482 δὴ
1287 1446 1326 1482 τῷ
1338 1446 1442 1473 πυλῶνι
1457 1447 1641 1480 έγγισάντων,
1662 1447 1712 1473 καὶ
1734 1446 1780 1472 τοῦ
1795 1454 1847 1472 πι-

1062 1491 1126 1526 τρδς
1146 1490 1230 1517 αὑτοῦ
1253 1492 1344 1517 ἐκεῖσε
1358 1491 1395 1526 μὴ
1406 1491 1576 1525 εὑρεθέντος,
1594 1492 1608 1518 δ
1633 1491 1767 1527 μακάριος
1787 1491 1849 1517 ’Δν-

221 1538 371 1569 venissent,
381 1545 434 1565 non
453 1538 563 1565 invento
580 1538 635 1566 illic
645 1543 720 1573 patre
736 1538 894 1573 Epiphanii.
910 1538 1012 1567 intrare

1062 1537 1142 1573 δρέας
1159 1537 1188 1564 ἐν
1202 1538 1240 1571 τῷ
1255 1537 1358 1564 πυλῶνι
1372 1538 1422 1564 οὐκ
1445 1537 1583 1573 εἰσῆλθεν,
1607 1537 1707 1570 ἔξωθεν
1722 1537 1751 1563 δὲ
1773 1536 1850 1564 καθί-

221 1584 321 1610 ostium
339 1584 474 1611 recusaiit
490 1583 625 1617 Andreas,
642 1583 764 1619 forisque
776 1583 898 1611 consedit
911 1592 918 1610 :
929 1591 1008 1618 quem

221 1628 305 1656 vicini
327 1629 501 1664 viatoresque
516 1630 676 1665 conspicati,
693 1631 824 1657 nttdatum
854 1630 974 1657 vestibus
985 1634 1012 1657 et

223 1673 416 1706 insanientem,
435 1673 592 1702 conﬂuxere
618 1682 715 1709 utaguo
739 1681 853 1702 numero
869 1683 876 1701 :
895 1674 956 1701 aliis
971 1673 1012 1700 itt-

223 1718 436 1752 gemiscentibus
453 1724 480 1746 et
500 1719 688 1746 incusanlibus
702 1718 830 1746 Satanam
842 1740 851 1752 ,
875 1719 947 1754 quod
965 1718 1011 1746 tali

225 1763 308 1791 modo
326 1763 463 1791 hominem
483 1764 701 1792 rebusomnibus
729 1765 874 1799 spoliatum
896 1764 1013 1793 coul‘un-

224 1809 318 1843 deret,
331 1809 392 1836 aliis
408 1810 603 1845 elargientibus
618 1809 739 1842 obolum,
758 1810 820 1838 aliis
841 1809 933 1837 vinum
949 1817 1013 1844 pro-

223 1854 392 1888 piuantibus.
412 1856 446 1882 At
469 1854 514 1882 ille
539 1855 656 1883 instituti
686 1855 728 1883 sui
760 1860 852 1887 tenax,
867 1862 882 1882 a
903 1854 1013 1882 nemine

224 1899 363 1934 quidpiam
385 1899 552 1935 recipiebat,
570 1900 616 1928 sed
632 1904 744 1928 cunctos
770 1907 785 1927 a
811 1907 840 1928 se
866 1899 1011 1935 repellens,

222 1951 275 1980 pro
284 1944 389 1979 foribus
401 1945 498 1973 :edium
519 1946 677 1974 cousidebat
691 1946 780 1973 humi.

1065 1591 1134 1613 σας·
1162 1583 1187 1609 οἱ
1219 1582 1266 1609 οὖν
1296 1583 1468 1617 γειτνιῶντες
1493 1583 1532 1619 τῷ
1567 1583 1718 1618 Ἐπιφανίῳ
1748 1583 1795 1608 καὶ
1823 1582 1851 1608 οἱ

1066 1628 1221 1662 παροδίται,
1239 1627 1385 1662 βλέποντες
1399 1629 1543 1664 ἄνθρωπον
1558 1628 1782 1664 γεγυμνωμένον,
1801 1628 1850 1655 καὶ

1064 1675 1343 1709 παρατετραμμένον,
1357 1674 1565 1710 συνηθροίζοντο
1574 1674 1643 1710 πρὸς
1660 1674 1751 1706 αὐτὸν,
1762 1674 1810 1700 καὶ
1823 1673 1849 1699 οι

1065 1719 1116 1754 μὲν
1136 1720 1300 1755 στεναγμοῖς
1325 1719 1451 1755 ᾤμωζον,
1476 1720 1515 1755 τῷ
1539 1720 1654 1755 διαϐόλῳ
1669 1718 1771 1753 καὶτῷ
1794 1718 1849 1745 Σα-

1062 1765 1133 1801 τανᾷ
1158 1765 1360 1801 καταρώμενοι,
1381 1767 1422 1793 ὅτι
1447 1766 1606 1802 τηλικοῦτον
1629 1766 1714 1800 ἄνδρα
1747 1764 1848 1799 πορθή-

1062 1819 1112 1842 σας
1131 1811 1186 1847 (77)
1205 1813 1392 1848 κατῄσχυνεν·
1408 1813 1434 1840 σί
1454 1814 1483 1840 δὲ
1499 1813 1612 1845 ὀϐολοὺς
1631 1812 1708 1848 αὐτῷ
1732 1811 1846 1841 ἐδίδουν,

1061 1857 1086 1883 οἱ
1098 1855 1126 1882 δὲ
1142 1854 1224 1885 οἶνον.
1236 1858 1323 1890 Αὐτὸς
1333 1858 1362 1885 δὲ
1374 1858 1414 1894 τῷ
1427 1859 1485 1895 ἰδίῳ
1496 1859 1551 1886 ἔθει
1563 1859 1762 1895 κρατούμενος,
1779 1866 1815 1884 πα
1821 1857 1847 1891 ρ’

1061 1902 1170 1934 οὐδενός
1186 1911 1212 1930 τι
1236 1904 1392 1938 ἐκομίζετο,
1420 1905 1524 1937 πάντας
1546 1905 1780 1942 ἀποκρουόμενος,
1793 1903 1848 1938 πρὸ

1062 1946 1110 1973 τοῦ
1125 1947 1248 1980 πυλῶνος
1264 1948 1448 1984 καθεζόμενος
1462 1949 1561 1985 χαμαί.

929 2027 1044 2056 CAPUT
1062 2027 1132 2057 νιιι.

294 2094 401 2121 Arcana
413 2094 531 2121 cordium
548 2093 660 2121 Andrete
679 2093 792 2121 revelata
819 2101 908 2121 coram
922 2095 1069 2158 Epip/mni‘o
1085 2098 1192 2134 ejusque
1219 2100 1342 2134 [utaut-is,
1355 2104 1378 2126 et
1402 2098 1448 2126 uni
1464 2098 1559 2126 horum
1575 2099 1692 2126 iudicata
1703 2099 1776 2126 illius

963 2136 1048 2158 sancit
1062 2141 1101 2158 as.

963 2136 1101 2160 sanctitas.

258 2214 304 2243 57.
337 2213 444 2241 Interea
480 2212 555 2241 adest
583 2212 742 2240 adolescens
775 2213 896 2247 quidam,
912 2217 1052 2248 naturap

222 2260 378 2291 eunuchus,
395 2259 531 2294 magnatis
551 2258 668 2293 alicujus
688 2258 884 2287 cubicularius.
912 2258 1012 2287 Vultus

220 2307 248 2334 ei
274 2305 389 2334 rubebat
410 2305 504 2333 colore
536 2312 624 2338 roseo,
648 2303 781 2332 candebat
808 2311 908 2340 corpus
922 2305 1012 2336 niveo,

222 2355 281 2380 erat
295 2351 400 2386 species
414 2351 524 2382 decora,
539 2349 628 2384 capilli
640 2349 714 2382 ﬂavi,
735 2349 861 2377 mollities
880 2357 935 2376 non
951 2349 1011 2376 vul-

221 2398 314 2433 garis;
344 2397 459 2424 multum
493 2395 601 2423 eminus
627 2402 738 2430 quoque
769 2402 892 2423 muscum
908 2394 1007 2428 olebat,

223 2443 351 2471 mollibus
369 2442 481 2469 indutus
512 2440 693 2468 vestimentis.
721 2440 790 2474 Quia
809 2448 872 2468 vero
887 2448 935 2475 par
951 2445 1009 2467 erat

223 2487 374 2523 Epiphanio
389 2491 479 2519 aetate,
495 2490 523 2513 et
534 2485 672 2513 domicilio
685 2485 807 2518 vicinus,
821 2490 916 2513 mutuo
938 2486 1009 2513 inter

221 2540 281 2560 sese
309 2539 403 2560 amore
419 2531 666 2568 prosequebantur.
694 2531 814 2559 Habebat
827 2539 910 2566 porro
922 2540 1009 2560 eunu-

221 2578 289 2605 chus
308 2578 352 2606 ille
363 2585 446 2613 penes
460 2585 489 2605 se
500 2577 635 2612 dactylos,
652 2577 844 2605 instarllcuutn
856 2578 1007 2610 aridarum,

222 2624 332 2652 circiter
366 2623 476 2659 triginta
510 2630 648 2651 numero:
665 2627 692 2651 et
715 2623 802 2651 oculis
832 2623 858 2650 in
884 2627 1009 2651 sanctum

221 2662 319 2698 vcslitu
348 2670 508 2698 destitutum
534 2669 694 2703 conversis,
722 2670 837 2698 horrore
869 2669 1011 2704 perculsus

258 2749 314 2783 (76)
330 2749 368 2776 Ita
395 2755 528 2778 consonat
555 2755 700 2784 utrumque
711 2757 763 2777 ms.
776 2749 826 2777 Ubi
844 2757 908 2777 vero
922 2749 949 2777 id
967 2749 1003 2776 le-

1095 2216 1145 2248 νζ’.
1159 2216 1290 2252 Ἔρχεται
1300 2225 1341 2248 τις
1352 2216 1502 2247 νεανίσκος.
1514 2217 1546 2251 τῇ
1560 2215 1638 2249 φύσει
1651 2216 1787 2251 εὐνοῦχος,
1801 2225 1852 2251 με-

1059 2260 1191 2294 γιστάνου
1207 2260 1279 2291 τινὸς
1295 2261 1439 2296 τυγχάνων
1456 2260 1676 2296 κουδικουλάριος
1692 2269 1700 2276 ·
1724 2259 1757 2295 ἦν
1774 2261 1802 2288 δὲ
1819 2259 1858 2288 τδ

1063 2305 1212 2341 πρόσωπον
1225 2305 1309 2332 αὑτοῦ
1325 2305 1362 2336 ὡς
1370 2304 1400 2331 τὸ
1415 2304 1502 2340 ῥόδον,
1516 2304 1564 2330 καὶ
1577 2303 1674 2335 λευκὸς
1690 2304 1729 2338 τῷ
1741 2303 1849 2338 σώματι

1062 2351 1102 2382 ὡς
1117 2351 1193 2386 χιὼν,
1208 2351 1324 2386 εὐειδὴς,
1334 2351 1489 2384 ἐπίξανθος,
1503 2349 1633 2385 βλακείαν
1647 2350 1677 2376 οὐ
1692 2349 1742 2385 τὴν
1752 2350 1850 2384 τυχοῦ-

1062 2405 1113 2423 σαν
1128 2397 1308 2433 κεκτημένος,
1324 2396 1424 2432 μόσχου
1438 2396 1557 2432 μήκοθεν
1572 2395 1691 2428 ἀπόζων,
1709 2395 1850 2430 μαλακοὺς

1062 2443 1297 2478 περιϐεϐλημένος
1317 2442 1452 2478 χιτῶνας·
1472 2442 1516 2469 διὰ
1532 2441 1561 2469 δὲ
1573 2442 1603 2468 τὸ
1618 2438 1688 2468 εἶναι
1709 2441 1755 2468 τδν
1774 2442 1849 2468 Ἐπι-

1062 2488 1158 2523 φάνιον
1174 2489 1345 2524 συνομήλικα
1375 2488 1458 2515 αὐτοῦ
1477 2488 1525 2515 καὶ
1549 2489 1725 2522 γειπιάζειν,
1744 2488 1849 2523 μεταξὺ

1062 2534 1186 2570 ἀλλήλων
1202 2532 1236 2570 ἦν
1251 2535 1347 2569 ἀγάπη
1364 2533 1461 2569 πολλή.
1479 2534 1612 2568 Κατεϊχεν
1625 2533 1671 2560 οὖν
1684 2535 1698 2560 ὸ
1712 2533 1848 2568 Εὑνοῦχος

1060 2580 1166 2611 ἐκεῖνος
1191 2579 1316 2614 φοίνικας
1335 2578 1461 2613 καθάπερ
1486 2578 1598 2613 ἰσχάδας
1618 2578 1656 2610 ὡς
1678 2578 1825 2613 τριάκοντα
1838 2586 1846 2595 ·

1061 2625 1228 2659 θεασάμενος
1239 2624 1287 2652 οὖν
1299 2625 1345 2651 τὸν
1354 2625 1448 2651 Ὀσιον
1460 2624 1672 2659 γεγυμνωμένον
1679 2623 1717 2659 τῷ
1728 2624 1846 2658 σώματι,

1060 2671 1110 2698 καὶ
1122 2670 1161 2706 τῷ
1173 2671 1228 2697 δέει
1244 2670 1361 2702 ϐληθεὶς.
1372 2669 1402 2697 τδ
1417 2670 1533 2705 πρᾶγμα
1547 2669 1690 2702 ἐξενίζετο.
1709 2669 1757 2696 καὶ
1775 2669 1846 2696 ἐπιτ-

1091 2751 1147 2785 (77)
1160 2750 1209 2779 Ils.
1230 2751 1316 2779 Vatic.
1336 2751 1507 2787 pcregrinam
1541 2750 1585 2778 hic
1607 2749 1722 2777 habebat
1749 2755 1844 2776 vocem

239 2785 290 2822 erit
311 2788 421 2822 auctor,
439 2785 497 2819 ipse
529 2785 627 2813 viderit
645 2793 718 2813 :non
747 2790 838 2819 putem
868 2785 894 2811 in
917 2785 1003 2812 sacris

1061 2787 1253 2822 πανερέφυνεν.

246 2818 344 2846 itteris.
