2027 3077
756 46 771 56 ο

237 135 291 167 6'19

768 134 979 164 NlCEl‘IlORl
998 133 1239 165 PRESBYTERK
1259 135 1315 165 (ΖΡ.

1805 138 1865 169 7Ὼο

241 192 288 218 libi
321 191 360 218 sis
376 211 384 223 ,
415 191 492 222 vade,
519 197 545 218 ct
574 191 606 217 ad
624 191 725 225 frugem
741 190 797 217 redi
810 190 959 223 meliorem,
973 197 1014 215 net

1074 190 1088 215 ὁ
1101 191 1233 222 Σατανᾶς,
1247 190 1371 224 ἀγαπητέ
1382 199 1443 224 μου,
1459 190 1576 224 χαλεπός
1589 191 1662 217 ἐστιν
1675 192 1720 218 καὶ
1738 192 1860 219 ἀποπλα-

240 237 272 264 a.l
296 245 327 264 ea
348 245 407 272 qua:
435 245 499 264 vere
516 237 560 264 tibi
581 236 685 271 objecta
706 241 779 269 sunt,
808 236 957 268 erubesco;
975 235 1019 269 ju-

240 283 315 310 venis
332 283 430 317 quippe
454 290 495 312 es.
514 282 631 308 molliter
646 282 789 313 educatus,
809 281 934 308 diabolus
958 288 1024 308 con-

239 334 279 354 tra
296 328 417 359 infestus,
447 335 497 354 nos
513 327 728 353 circumveniens
745 327 777 352 ad
794 325 961 361 ρ.·ι;ο;ιινιάιι.ιι
980 327 1021 352 in-

239 374 322 404 ducit,
348 381 399 400 ιιυιι
420 373 500 400 aliam
515 372 548 398 ob
574 379 694 404 causam,
719 379 800 406 quam
821 375 851 398 ut
879 380 910 398 ex
929 376 1019 398 nostra

1072 236 1105 270 νᾷ
1120 237 1192 270 ἡμεῖς
1208 236 1339 270 πράττειν
1355 236 1405 270 τὴν
1417 236 1566 271 ἁμαρτίαν,
1581 237 1614 262 δι’
1629 237 1683 263 οὐδ’
1696 238 1790 272 ἕτερον
1805 260 1812 271 ,
1834 240 1860 265 εί

1078 280 1116 315 μὴ
1137 280 1180 306 ἵνα
1200 280 1331 315 κέκτηται
1351 280 1425 313 ἡμᾶς
1445 281 1485 312 εἰς
1509 281 1687 315 παραμυθίαν
1704 281 1811 313 ἑαυτοῦ,
1831 284 1860 308 ἐν

1075 326 1154 360 φλογὶ
1172 326 1286 359 γεέννης
1305 326 1539 360 κατακαιομὲνους
1555 326 1640 360 αὐτῷ.
1657 326 1751 354 Ταῦτα
1774 327 1859 353 ἀκού-

1075 379 1124 402 σας
1140 371 1242 402 ἐκεῖνος
1253 370 1438 405 ἀνεχώρησεν.

238 419 366 453 gehennaz
382 419 489 453 ignibus
505 419 682 446 ustulatmum
699 419 829 445 societate
844 418 1061 453 qualctnqualem
1081 418 1137 452 ipse
1167 417 1380 444 consolationem
1408 419 1591 446 nancisutur.
1617 419 1721 452 Quibus
1745 419 1860 454 auditis,

238 467 303 492 abiit
317 467 470 493 eunuchus.

273 511 317 537 59.
337 509 511 538 Venerandus
524 517 613 539 autettt
628 511 736 546 juvenis
744 512 912 547 Epiphanius
928 512 1027 539 alleva-

238 562 294 582 tmu
326 557 460 584 Andream
489 558 515 585 in
543 558 670 586 conclave
695 566 775 586 suutu
794 558 962 588 introduxit,
979 558 1024 584 ubi

235 603 396 629 instructam
430 603 596 638 reperientes
637 612 775 636 mensam,
816 604 1023 635 disculiuerunt,

237 653 263 671 (ξι
294 646 444 674 Salvator-is
468 648 553 674 nostri
590 648 747 675 liberalibus
786 647 867 675 donis
897 647 1022 674 delectati

236 696 321 718 sunt:
344 700 458 726 quorum
479 693 522 720 tibi
538 701 584 720 esu
600 693 751 721 refer-crant
773 694 855 722 vires.
879 693 922 720 his
940 693 1021 721 dictis

233 737 389 769 aggreditur
404 738 432 764 Β.
457 738 592 765 Andream
623 738 790 773 Epiphanius
810 738 1023 771 :Quatnobrem,

237 781 346 808 domine
362 786 388 808 ‹ι
404 783 553 809 amicorum
583 784 710 815 maxime,
726 788 780 810 tam
799 783 910 810 acribus
935 784 1024 811 iners-

238 826 296 853 sisti
325 826 404 854 dittis
430 827 589 854 Eunuchum
622 828 699 855 illum
722 827 790 854 mihi
806 827 1019 855 intiinum?(‘.ui

237 871 355 899 Sanctus
373 881 379 899 :
397 872 444 900 Vel
467 873 536 905 ideo,
568 873 666 908 inquit,
688 873 760 908 quod
789 873 898 900 intimus
912 872 961 899 tibi
984 877 1025 900 es:

1107 507 1155 535 v0'.
1174 508 1204 535 '0
1218 508 1247 535 δὲ
1261 509 1350 544 τίμιος
1368 509 1524 544 Ἐπιφάνιος
1540 511 1677 546 διεγείρας
1693 512 1739 538 τὸν
1751 513 1857 545 Ὀσιον,

1074 553 1263 588 ἐπορεύθησαν
1285 556 1314 582 ἐν
1336 555 1376 590 τῷ
1401 556 1509 583 κοιτῶνι
1535 557 1635 590 αὑτοῦ,
1663 558 1708 584 καὶ
1732 558 1859 592 εὑρόντες

1073 596 1223 632 τράπεζαν,
1231 597 1408 628 καθεσθέντες
1419 598 1611 634 εὐφράνοησαν
1621 600 1667 626 ἐπὶ
1678 601 1736 631 ταῖς
1743 601 1859 636 δωρεαῖς

1072 641 1119 667 τοῦ
1141 641 1267 676 Σωτῆρος
1279 649 1286 656 ·
1305 642 1352 668 καὶ
1371 641 1441 676 μετὰ
1464 642 1494 668 τὸ
1509 643 1671 677 μεταλασείν
1688 644 1797 677 αὐτοὺς,
1816 645 1859 672 λέ-

1072 694 1117 719 γει
1138 686 1298 720 Ἐπιφάνιος
1313 686 1383 721 πρδς
1408 687 1454 713 τὸν
1485 688 1647 722 Μακάρων·
1664 689 1724 715 Τίνι
1750 691 1859 726 τρόπῳ,

1072 731 1136 766 κύρι
1152 732 1166 758 ὁ
1189 732 1287 765 μέγας,
1300 731 1387 761 οὕτως
1401 732 1548 767 ἀποτόμοις
1559 734 1667 769 ἐχρήσω
1681 735 1806 770 ἐλεηγμοϊς
1820 737 1859 771 τῷ

1073 778 1220 812 προσφιλεῖ
1239 786 1286 812 μοι
1311 778 1529 813 χρηματίζοντα
1550 780 1622 815 Ἔφη
1647 781 1715 815 πρὸς
1736 781 1818 808 αὐτὸν
1844 784 1858 808 6

1072 822 1217 858 Μακάριος
1230 831 1237 839 ·
1259 823 1368 858 Ἐπειδὴ
1389 823 1541 858 προσφιλής
1559 833 1599 851 σοι
1625 826 1795 860 καθέστηκεν
1810 828 1858 854 καὶ

1073 869 1226 903 ἀγαπητὸς,
1256 869 1351 895 τούτου
1368 869 1448 904 χάριν
1473 870 1588 905 ἐποίησα
1611 871 1679 906 πρὸς
1705 872 1788 898 αὐτὸν
1811 873 1858 899 τὴν

235 925 266 942 ae
289 916 434 951 plurimum
459 917 582 949 dilectus,
609 919 710 946 scelera
740 918 790 953 ipsi
803 926 850 945 sua
869 918 904 945 oh
927 917 1014 945 oculos

1070 913 1237 947 κατάλογον·
1255 914 1316 940 ἐπεὶ
1331 915 1380 941 οὒκ
1394 913 1428 949 ἦν
1442 915 1517 949 φίλος
1536 925 1593 949 σου,
1613 916 1642 942 τὸ
1658 917 1761 944 οίονοῦν
1780 919 1857 953 ῥῆμα

234 969 333 995 limere
349 961 437 988 visum
455 968 497 989 est
511 969 518 989 :
537 962 608 997 quod
624 962 646 990 si
671 963 762 990 tttinus
776 963 822 990 tibi
849 962 1021 990 fuissetami-

231 1015 293 1040 eis,
309 1007 462 1034 istiusmodi
480 1015 530 1035 vox
559 1009 631 1036 nulla
656 1016 768 1043 prorsus
800 1009 892 1036 elicita
915 1017 947 1036 ex
974 1017 1020 1037 ore

233 1060 292 1079 meo
309 1052 404 1079 fuisset
416 1073 422 1085 ,
439 1060 524 1088 neque
542 1053 613 1080 enim
628 1054 702 1080 illuni
716 1053 782 1080 mihi
811 1054 942 1088 proposui
961 1061 1020 1080 sco-

232 1106 307 1132 pum,
337 1103 367 1125 ut
395 1106 506 1132 arguant
534 1103 559 1126 ei
583 1100 711 1134 castigem
728 1104 902 1133 peceatores,
924 1099 971 1126 sed
991 1104 1020 1126 nt.

231 1143 289 1177 ipse
313 1151 343 1170 ea
362 1163 370 1176 ,
395 1152 455 1176 quae
470 1149 542 1170 recta
556 1145 588 1171 ad
605 1145 797 1178 perfectionem
818 1144 902 1177 ducit,
923 1145 1020 1171 decur-

229 1197 286 1215 ra'n
313 1189 365 1216 vii.
395 1189 465 1216 Tum
481 1189 648 1224 Epiphanius
665 1199 672 1217 :
690 1190 717 1217 ld
729 1190 860 1224 equidem
877 1191 952 1221 novi,
981 1191 1019 1216 fa-

230 1235 303 1261 nmle
324 1235 381 1268 Dei,
411 1235 459 1262 ait.
480 1235 577 1262 Verum
596 1236 639 1263 hic
665 1235 836 1268 adolescens,
858 1244 952 1264 servus
965 1241 1016 1268 cst,

228 1281 390 1315 cogiturque
414 1288 429 1307 a
456 1281 567 1308 domino
593 1281 744 1316 suozqttid
771 1281 874 1309 faciat?
903 1281 1018 1317 lli-ponit

230 1325 348 1352 Sanetus
369 1335 375 1353 :
392 1325 446 1353 Nec
461 1333 505 1353 me
521 1327 596 1358 latet,
617 1334 724 1354 servum
753 1336 815 1356 esse
828 1328 902 1355 illum
921 1348 928 1360 ,
946 1337 978 1356 ne
990 1329 1017 1356 id

229 1375 331 1405 putes:
354 1379 446 1399 verum
473 1379 569 1400 servus
597 1372 668 1408 frugi
694 1373 727 1400 ad
750 1373 882 1408 obsequia
896 1382 1018 1410 ususqttc

229 1416 399 1444 necessaiios
418 1421 522 1444 tantum
549 1422 645 1451 pra-sto
668 1425 728 1446 esse
743 1419 943 1446 debetdomino
954 1427 1015 1452 suo,

228 1462 274 1495 qui
290 1471 319 1489 se
332 1463 397 1490 emit
413 1484 420 1496 ,
438 1471 491 1490 non
520 1463 612 1491 itidem
627 1463 660 1491 ad
672 1471 753 1498 opera
777 1464 909 1492 diabolica
930 1470 956 1492 et
969 1473 1017 1492 ne-

227 1507 440 1542 quitias,ncdmn
459 1508 491 1535 ad
506 1509 720 1536 abominandum
744 1514 825 1544 atque
837 1510 1015 1545 exsecrabile,

226 1561 243 1587 ιι
266 1554 298 1579 ul
330 1554 396 1585 dixi,
423 1553 566 1588 ﬂagitium.
591 1554 657 1588 Quis
670 1555 742 1582 enim
757 1555 839 1582 homo
859 1563 912 1582 non
929 1562 1013 1589 putet,

1071 958 1101 990 ἐξ
1115 959 1182 992 ἐμοῦ
1197 959 1247 986 οὐκ
1262 960 1375 995 ἠκηκόει
1391 960 1422 987 τὺ
1434 960 1543 987 σύνολον
1557 969 1564 977 ·
1578 962 1608 987 οὐ
1616 963 1670 996 γὰρ
1682 963 1741 996 ἐμοὶ
1757 965 1858 995 axona;

1070 1003 1140 1030 ὥστε
1158 1005 1277 1040 ἐλέγχειν
1299 1006 1345 1032 καὶ
1358 1006 1489 1042 ἐπιτιμᾷν
1509 1009 1566 1037 τοῖς
1582 1007 1767 1042 ἁμαρτωλοῖς.
1787 1009 1857 1036 ἀλλὰ

1069 1049 1178 1083 τρέχειν
1208 1057 1242 1084 με
1269 1050 1318 1084 τὴν
1345 1049 1453 1077 εὐθεῖαν
1477 1051 1537 1077 ὁδὸν
1558 1051 1608 1085 τὴν
1626 1052 1673 1078 ἐπὶ
1697 1052 1731 1078 τὰ
1751 1052 1858 1087 ἀμείνω

1069 1093 1240 1129 ἀπάγουσαν.
1275 1095 1435 1130 Ἕπιφάνιος
1469 1093 1564 1123 εἴπενθ
1592 1095 1670 1130 Οἶδα,
1700 1096 1778 1124 δοῦλε
1807 1098 1855 1124 τοῦ

1069 1140 1148 1173 Qui,
1170 1141 1258 1175 κάγὼ,
1275 1141 1333 1168 ἀλλ’
1348 1139 1424 1174 οὗτος
1442 1143 1457 1169 6
1472 1144 1578 1174 νεανίας
1593 1144 1703 1178 οἰκέτης
1712 1145 1795 1176 ἐστὶν,
1809 1145 1857 1171 καὶ

1071 1186 1230 1220 βιαζόμενος
1247 1187 1299 1214 ὑπὸ
1314 1187 1361 1214 τοῦ
1376 1188 1470 1222 κυρίου
1487 1188 1569 1215 αὐτοῦ
1584 1196 1591 1203 ⁶
1607 1189 1632 1215 τί
1643 1189 1701 1221 ἔξει
1718 1191 1832 1225 ποιῆσαι
1845 1199 1853 1222 ;

1069 1232 1151 1266 Λέγει
1167 1233 1182 1259 6
1196 1233 1289 1265 Ὃσιος
1306 1242 1313 1249 ·
1334 1231 1398 1261 οἶδα
1413 1234 1454 1261 ὅτι
1472 1235 1580 1270 οίκέτης
1598 1235 1726 1270 ὑπάρχει,
1738 1236 1788 1262 οὐκ
1806 1237 1856 1270 ἀγ-

1069 1276 1122 1303 νοῶ
1133 1278 1222 1310 τοῦτο,
1241 1278 1311 1314 πλὴν
1334 1279 1375 1310 είς
1389 1278 1439 1311 τὰς
1459 1281 1620 1314 σωματικὰς
1641 1280 1736 1315 χρείας
1749 1280 1854 1315 ὀφείλει

1069 1321 1247 1358 ἐξυπηρετεῖν
1262 1324 1275 1349 6
1290 1324 1399 1359 οξκέτης
1415 1324 1461 1352 τὸν
1475 1324 1653 1360 ὀνησάμενον,
1676 1326 1736 1361 οὐχὶ
1761 1327 1802 1357 είς
1819 1327 1854 1353 τὰ

1069 1368 1139 1403 ἔργα
1155 1369 1201 1395 τοῦ
1215 1369 1351 1402 διαϐόλου,
1364 1371 1411 1397 καὶ
1425 1372 1465 1403 εις
1476 1371 1525 1403 τὰς
1539 1372 1650 1406 πράξεις
1664 1373 1715 1406 τῆς
1728 1373 1852 1406 ἀτιμίας,

1068 1415 1188 1449 μάλιστα
1206 1416 1245 1446 είς
1264 1416 1294 1442 τὸ
1316 1417 1519 1452 ἐπικατὰρατον
1538 1417 1617 1444 τοῦτο
1649 1419 1696 1444 καὶ
1721 1418 1852 1453 βδελυρὸν

1067 1460 1205 1495 ἁτόπημα,
1231 1461 1299 1496 ὅπερ
1323 1461 1383 1488 οὐδὲ
1418 1461 1454 1488 τὰ
1479 1462 1630 1498 ἀναίσθητα
1657 1463 1744 1498 κτήνη
1771 1463 1851 1490 τοῦτο

1066 1506 1196 1540 πράττειν
1217 1506 1267 1532 οὐκ
1281 1507 1384 1535 ῐσασιν.
1400 1507 1560 1543 Ἀνθρωπος
1580 1509 1634 1544 γὰρ
1654 1509 1694 1540 τίς
1715 1509 1798 1540 ἐστιν,
1820 1509 1851 1540 ὃς

1065 1551 1116 1577 οὐκ
1131 1551 1257 1586 αἴσθηται
1287 1552 1338 1586 τῆς
1378 1553 1482 1588 κόπρου
1519 1554 1621 1588 ταύτης
1646 1554 1695 1589 τὴν
1720 1554 1852 1580 δυσωδίαν

227 1599 338 1625 sceleris
354 1599 424 1626 illius
436 1599 583 1626 fwditatem
600 1601 651 1628 sibi
661 1601 839 1628 aversandam
854 1608 926 1633 esse,
939 1602 1011 1636 quod

1066 1597 1295 1631 ἀποδιδράσκεινς
1327 1597 1485 1632 Ἐπιφάνιος
1506 1599 1600 1633 λέγει·
1626 1600 1688 1626 Ἐὰν
1710 1600 1724 1626 6
1753 1601 1854 1635 κύριος

229 1643 288 1677 ipsa
303 1643 438 1678 iumenta,
452 1645 557 1672 ratione
569 1646 709 1679 destituta,
726 1654 866 1681 nunquam
894 1647 1011 1674 admise-

230 1690 303 1715 rint?
319 1689 434 1716 llursum
449 1691 617 1726 Epiphanius
633 1699 639 1719 :
654 1691 683 1719 Si
698 1693 825 1721 dominus
843 1693 931 1728 ipsum
943 1701 1010 1721 suus

226 1735 259 1761 ad
275 1742 321 1761 sse
331 1735 453 1768 ju:serit,
461 1736 517 1763 sire
525 1736 558 1763 ad
565 1737 722 1772 obsequium
732 1738 871 1773 corporale
884 1738 941 1766 sive
950 1746 1013 1773 pec-

227 1779 408 1813 catninOsum,
424 1789 469 1808 seu
480 1782 812 1817 spiritualeprwstaudum
831 1792 839 1810 :
858 1791 907 1811 nec
923 1788 1012 1810 tatnen

228 1823 267 1849 illi
281 1831 384 1851 morem
397 1825 522 1859 gesserit,
536 1830 565 1852 ut
578 1833 685 1853 serium
701 1827 786 1859 decet,
803 1827 929 1862 ignorare
959 1835 1010 1854 nott

225 1873 314 1902 putes,
343 1875 409 1904 quot
428 1871 526 1898 misero
541 1871 579 1898 illi
599 1876 728 1900 maneant
749 1872 916 1907 perferendae
939 1871 1011 1908 inju-

223 1914 288 1947 t'izc,
319 1915 427 1943 intenta:
454 1917 543 1950 mime,
580 1917 736 1945 sustinenda
756 1918 880 1951 verbera,
898 1918 951 1945 alia
969 1918 1011 1945 iti-

225 1967 340 1986 numera
365 1961 516 1989 subeunda.
543 1961 599 1990 lloe
626 1963 747 1997 quidem.
763 1964 852 1997 inquit
875 1962 1009 1996 Sanctus,

226 2004 386 2038 martyrium
410 2009 452 2032 est
473 2005 546 2040 quod
575 2006 738 2033 testilicatur
763 2006 888 2034 Christus
912 2005 1010 2041 Iesus,

223 2047 320 2075 dicens
334 2057 341 2075 :
358 2058 367 2074 ι
390 2048 476 2082 Beati,
489 2050 536 2084 qui
566 2051 783 2085 persecutionem
800 2051 938 2086 patiuntur
948 2058 1011 2086 pro—

223 2098 282 2127 pter
305 2094 453 2128 justitiam,
470 2095 600 2130 quoniam
625 2096 746 2131 ipsorum
763 2101 805 2124 est
829 2103 942 2131 regnum
956 2103 1011 2124 cce-

220 2139 309 2166 loruiu
328 2140 349 2166 '.
371 2149 380 2166 ι
395 2140 423 2167 Si
440 2141 486 2176 qui
513 2142 605 2177 itaque
627 2142 698 2170 servi
729 2142 849 2170 dominis
878 2143 947 2174 suis,
976 2142 1010 2170 ad

219 2183 310 2212 scelus
327 2186 510 2214 abominabile
523 2187 697 2215 Sodomiticae
716 2188 895 2215 immanitatis
911 2188 1012 2216 solliei-

1064 1643 1146 1669 αὑτοῦ
1171 1643 1392 1678 προσκαλέσηται
1413 1644 1505 1677 αὐτὸν,
1528 1645 1555 1671 εἰ
1577 1653 1606 1671 τε
1632 1646 1672 1676 είς
1688 1646 1851 1681 σωματικὴν

1063 1685 1197 1718 δουλείαν,
1213 1686 1240 1712 εἴ
1256 1695 1285 1712 τε
1309 1687 1349 1718 εἰς
1367 1687 1536 1723 ἐφάμαρτον,
1555 1689 1609 1715 εἴτε
1634 1690 1674 1721 εἰς
1701 1698 1851 1724 πνευματι-

1064 1731 1126 1767 χὴν,
1141 1731 1188 1758 ἐὰν
1202 1731 1240 1767 μὴ
1252 1732 1392 1769 ὑπακούσῃ
1404 1733 1441 1764 ὡς
1455 1733 1557 1766 δοῦλος,
1573 1733 1681 1766 πάντως
1692 1732 1764 1767 οἶδας
1778 1736 1850 1762 πόσα

1065 1776 1176 1810 πάσχει,
1189 1775 1378 1811 ὑϐριζόμενος,
1390 1777 1567 1812 τυπτόμενος,
1582 1778 1789 1814 ἀπειλούμενος,
1801 1781 1851 1806 καὶ

1062 1821 1096 1847 τὰ
1113 1821 1196 1848 λοιπὰ
1212 1821 1286 1848 κακὰ
1319 1822 1505 1857 ἐκδεχόμενος.
1526 1823 1598 1858 Ἔφη
1614 1824 1628 1850 6
1644 1824 1736 1856 Ὅσιος
1749 1831 1756 1839 ·
1776 1825 1848 1852 Τού-

1061 1866 1092 1892 τό
1105 1867 1180 1892 ἐστιν
1201 1866 1291 1902 Ἰησοῦ
1304 1867 1423 1902 Χριστοῦ
1442 1868 1473 1894 τὸ
1493 1868 1652 1903 μαρτύριον,
1668 1870 1737 1906 ὅπερ
1759 1871 1845 1897 alvu:-

1059 1912 1170 1946 τὸμενος
1193 1912 1286 1947 ἔλεγεν
1306 1921 1313 1928 ·
1334 1922 1343 1939 ι
1361 1914 1501 1948 Μακάριοι
1512 1914 1536 1940 ol
1548 1914 1722 1949 δεδιωγμένοι
1751 1916 1846 1943 ἕνεκεν

1060 1957 1260 1993 δικαιοσούνης,
1271 1959 1312 1985 ὅτι
1330 1959 1420 1986 αὐτῶν
1436 1959 1511 1986 ἐστιν
1524 1960 1540 1994 ὴ
1560 1959 1684 1994 βασιλεία
1696 1961 1750 1987 τῶν
1765 1962 1848 1997 ούρα-

1061 2003 1140 2030 νῶν.»
1163 2004 1226 2031 Ἐὰν
1236 2004 1326 2031 τοίνυν
1334 2005 1438 2032 οἰκέται
1451 2005 1508 2036 τοῖς
1523 2006 1665 2038 δεσπόταις
1674 2007 1715 2039 είς
1727 2007 1777 2042 τὴν
1791 2008 1848 2034 τῶν

1061 2050 1186 2085 Σοδόμων
1215 2051 1341 2086 μυσαρὰν
1381 2050 1430 2078 καὶ
1455 2051 1604 2086 βδελυκτὴν
1631 2052 1779 2087 ἐπιθυμίαν
1798 2054 1848 2090 οὐχ

1061 2096 1274 2129 ὑποκύπτουσιν,
1287 2094 1360 2125 οὗτοι
1387 2097 1455 2124 εἰσιν
1472 2098 1604 2133 μακάριοι
1619 2099 1667 2125 καὶ
1690 2100 1847 2134 τρισμακά-

1062 2151 1126 2178 ριοι,
1139 2143 1181 2169 ὅτι
1194 2142 1238 2169 διὰ
1251 2143 1306 2169 τῶν
1324 2142 1450 2177 βασάνων
1469 2141 1506 2171 ὧν
1523 2144 1625 2178 λέγεις,
1646 2144 1693 2172 σὺν
1707 2146 1764 2176 τοῖς
1777 2145 1849 2181 μάρ-

1061 2195 1122 2214 τυσι
1138 2186 1360 2222 λογισθήσονται.

219 2231 350 2263 tantibus,
366 2240 418 2259 non
436 2241 518 2261 succo
531 2234 615 2261 nbant
630 2253 638 2267 ,
657 2235 674 2261 ii
692 2241 755 2262 vere
777 2234 848 2262 beati
860 2239 887 2262 et
903 2235 1054 2263 beatissimi
1067 2239 1141 2269 sunt,
1155 2235 1218 2270 quia
1229 2242 1278 2271 per
1304 2235 1436 2271 supplicia
1448 2244 1529 2271 ,quaa
1546 2237 1719 2265 memorabas
1751 2236 1846 2265 modo.

219 2278 246 2305 id
275 2285 489 2315 consequentur,
523 2286 553 2310 ut
570 2282 673 2310 sanctis
696 2283 861 2318 martyribus
878 2284 1098 2311 adnumerantur.

254 2324 300 2352 6t).
319 2325 387 2353 Dum
409 2327 510 2356 talibus
535 2329 605 2357 inter
617 2337 647 2358 se
662 2330 804 2366 colloquiis
820 2335 928 2363 vacant,
942 2331 1006 2365 qui-

1096 2330 1129 2362 E'.
1144 2329 1238 2357 Ταῦτα
1250 2329 1341 2357 αὐτῶν
1351 2330 1517 2366 ὁμιλούντων
1529 2328 1569 2362 εἷς
1582 2330 1635 2356 τῶν
1647 2329 1760 2356 οἰκετῶν
1772 2327 1848 2355 Ἐπι-

219 2371 282 2398 dant
306 2379 323 2399 e
354 2371 513 2402 domesticis
537 2373 692 2409 Epipltanii,
715 2380 835 2410 paterna:
857 2384 956 2404 mensae
971 2376 1009 2404 ei-

219 2415 320 2451 bisque
349 2418 478 2452 parandis
514 2418 677 2452 inserviens,
706 2420 749 2447 ubi
768 2419 922 2454 suspicatus
940 2418 1008 2446 San-

218 2467 292 2490 ctum
308 2463 422 2499 ejusque
434 2465 493 2501 (sed
510 2466 647 2501 quomodo
658 2487 666 2499 ,
689 2467 765 2495 solus
792 2466 866 2495 Deus
887 2466 1007 2502 norerit)

219 2513 364 2536 assecutus
375 2515 417 2537 est
433 2510 533 2538 mentis
543 2511 629 2539 oculis
658 2511 764 2539 vivendi
778 2512 909 2540 rationem
924 2531 931 2544 ,
943 2518 1007 2546 pro-

217 2552 284 2579 cidit
312 2553 345 2581 ad
371 2554 452 2588 pedes
463 2554 548 2589 illius,
568 2555 661 2584 multis
676 2563 738 2584 cum
761 2556 887 2591 laerymis
902 2556 1006 2591 suppli-

217 2606 294 2631 cans,
311 2606 359 2633 pro
384 2607 414 2627 se
429 2605 458 2627 ut
473 2601 653 2629 intercederet
672 2602 743 2635 apud
764 2602 860 2636 Deum,
876 2603 1005 2638 impetra-

219 2650 315 2679 retque
331 2650 361 2673 ut
375 2645 427 2673 sibi
445 2647 718 2682 quoqueistiusmodi
737 2648 889 2676 institutum
907 2649 1005 2676 sectari

218 2688 323 2718 liceret.
337 2691 453 2720 Sanctus
468 2696 570 2726 autem,
585 2693 649 2728 quid
665 2694 734 2721 alter
756 2694 923 2730 supplicibus
933 2694 1005 2722 obti-

218 2741 283 2763 nere
309 2738 437 2771 precibus
460 2738 590 2766 niteretur
630 2747 813 2775 cognosccns,
841 2741 1006 2777 cupiensque

258 2827 365 2856 lMatth
397 2838 422 2864 ι’,
445 2830 485 2858 10.

1060 2375 1154 2410 φανίου
1167 2394 1175 2408 ,
1193 2376 1208 2402 6
1228 2376 1417 2411 ἀφωρισμένος
1439 2377 1479 2407 εις
1495 2376 1525 2403 τὸ
1544 2375 1658 2411 ὀψώνιον
1675 2373 1721 2401 τοῦ
1742 2373 1847 2408 πατρὸς

1060 2419 1155 2452 αὐτοῦ,
1181 2418 1389 2456 [πνευματικοῖς
1413 2417 1547 2454 δμμασιν]
1572 2417 1700 2452 ἐπιγνοὺς
1722 2417 1772 2452 τὴν
1796 2417 1844 2443 τοῦ

1065 2466 1158 2493 Ὀσὶου
1174 2466 1307 2502 ἐργασίαν
1321 2466 1390 2502 (πῶς
1407 2465 1435 2492 δὲ
1451 2466 1538 2492 ταῦτα
1558 2465 1667 2497 ἐπέγνω
1691 2463 1751 2497 Θεῷ
1771 2463 1845 2498 μόνῳ

1060 2513 1190 2547 γνωστόν)
1213 2512 1328 2543 καθίσας
1342 2511 1396 2546 πρὸ
1421 2511 1476 2537 τῶν
1500 2510 1588 2537 ποδῶν
1606 2509 1700 2540 αὑτοῦ,
1726 2508 1844 2543 δάκρυσι

1060 2558 1220 2585 καθικέτευε
1233 2557 1279 2584 τὸν
1295 2557 1399 2590 Ὀσιον,
1419 2557 1494 2587 ὅπως
1510 2555 1691 2591 παρακαλέσῃ
1715 2553 1760 2580 τὺν
1776 2553 1846 2580 Θεδν

1059 2603 1130 2639 ὑπὲρ
1147 2603 1231 2630 αὑτοῦ
1246 2603 1292 2630 τοῦ
1309 2602 1435 2637 γενέσθαι
1452 2601 1533 2628 αὑτὸν
1558 2600 1683 2635 τοιαύτης
1698 2599 1844 2635 ἐργασίας.

1062 2650 1152 2683 Ἔγνω
1166 2649 1195 2676 δὲ
1209 2649 1247 2684 τῷ
1266 2648 1401 2684 πνεύματι
1423 2649 1437 2675 6
1459 2648 1568 2678 Δίκαιος
1589 2646 1616 2672 τί
1637 2648 1711 2673 ἐστιν
1735 2645 1805 2680 ὅπερ
1829 2645 1845 2671 6

1060 2696 1124 2726 παῖς
1146 2694 1303 2729 ἐξελιπάρει
1329 2692 1503 2729 κομίσασθαι,
1524 2691 1571 2719 καὶ
1597 2690 1757 2726 βουλόμενος
1781 2689 1844 2716 κατε

1061 2741 1130 2768 [δίαν
1145 2740 1274 2776 ὁμιλῆσαι
1292 2739 1365 2775 αὑτῷ
1379 2760 1387 2774 ,
1410 2740 1443 2775 τῇ
1464 2738 1576 2774 δυνάμει
1592 2736 1639 2764 τοῦ
1660 2736 1737 2770 ἁγίου
1756 2734 1841 2762 "vsti-
