2027 3077
109 177 156 209 701

691 178 779 208 VITA
800 178 831 208 S.
849 176 1015 208 ANDREiE
1034 176 1131 207 ΒΑΗ.

1675 173 1730 205 ’102

110 239 195 266 ματος
214 231 397 266 μετέστρεψεν
410 232 457 258 καὶ
473 231 522 267 τὴν
534 232 643 267 ὁμιλίαν
666 231 713 258 τοῦ
736 230 831 263 παιδὸς
852 231 891 262 εις

953 230 1059 257 teorsitn
1076 237 1138 257 eum
1153 229 1212 257 solo
1227 229 1355 264 colloqui,
1372 229 1485 257 mutavit
1506 229 1593 257 sancti
1616 229 1733 263 Spiritus

107 277 155 312 τήν
169 277 223 303 τῶν
234 277 373 304 διάλεκτον
387 277 444 312 (80)
456 296 463 308 .
491 278 538 304 καὶ
561 277 739 312 καθεζόμενος
755 277 769 303 ὁ
788 277 892 308 Ὀσιος,

108 321 202 356 ὡμίλει
215 321 289 356 αὐτῷ
302 321 413 357 Συριστὶ
428 322 479 349 ὅσα
491 322 626 349 ἐϐούλετο.
653 321 682 348 ’0
697 322 727 348 δὲ
752 323 816 352 παῖς
838 322 895 348 ἐλε-

107 375 164 400 γεν,
189 367 253 394 Ἐάν
267 368 316 394 οὐκ
330 368 539 403 ﬂammma):
550 368 583 395 ἂν
599 367 770 403 παρεκάλουν
787 376 827 393 σοι
838 375 894 394 τοι-

108 410 185 443 οῦτος
198 412 325 446 γενέσθαι
342 413 434 444 ὁποῖος
453 410 495 444 εἷς
509 413 557 440 καὶ
581 413 671 444 αὑτός.
695 412 725 439 '0
749 412 777 439 δὲ
800 413 894 444 "Octo;

109 457 183 490 λέγει
196 457 265 492 πρὸς
284 457 366 483 αὐτόν
377 465 385 473 ·
400 457 437 483 Οὐ
450 457 563 484 δύνασαι
575 458 723 493 ὑποφέρειν
736 459 800 489 τοὺς
818 458 896 493 ἱδρῶ-

108 511 157 534 τας
177 503 224 528 καὶ
247 501 282 528 τὰ
297 502 449 537 σκάμματα
476 503 526 537 τῆς
544 503 644 539 ἀρετῆς
665 503 779 539 ταύτης,
801 503 895 539 ἐπειδὴ

110 547 206 583 βιαστή
220 548 294 574 ἐστιν
310 547 407 582 ήὺδὸς,
426 548 473 574 καὶ
490 548 603 583 ἀπείρου
620 550 701 575 πόνου
716 549 763 575 καὶ
776 548 875 584 μόχθου
887 557 894 563 ·

110 593 174 628 μένε
189 591 236 619 οὖν
253 593 354 627 μᾶλλον
368 593 438 620 καθὰ
453 591 478 620 εί
492 595 521 620 ἐν
530 594 656 630 εὐσεσείᾳ
671 595 718 621 καὶ
734 594 895 628 σεμνότητι,

109 637 300 672 διδασκόμενῑς
324 637 376 664 ὑπὸ
402 637 450 664 τοῦ
479 637 574 673 κυρίου
604 647 650 664 σου
675 638 836 672 Ἐπιφανίου
862 638 896 665 τὰ

109 683 254 718 κρείττονά
267 691 307 710 σοι
321 684 368 710 καὶ
386 684 523 719 σωτηρίας
547 684 676 719 ἐχόμενα,
695 683 804 718 φεύγων
827 691 896 718 πορ-

110 729 195 762 νείαν,
211 730 405 765 μνησικακίαν,
417 730 466 756 καὶ
485 729 539 757 τῶν
555 730 657 756 λοιπῶν
672 729 767 756 παθῶν
781 729 828 756 τὸν
849 737 899 755 κα-

110 777 226 811 τάλογον
241 785 249 792 ·
263 776 312 803 κα)⁸
328 776 354 803 τί
369 785 410 804 σοι
425 776 506 812 χρεία
520 776 655 811 ἀνάγκαις
667 776 807 807 τοιαῦταις
817 783 899 802 σειν-

108 822 156 849 τὸν
168 822 366 849 καθυποόαλεῖν
386 831 394 856 ;
418 823 447 850 '0
461 822 490 849 δὲ
506 823 572 854 παῖς
594 820 671 849 εἴπεν
686 822 760 857 αὐτῷ
771 830 778 837 ·
797 823 827 848 lit
849 821 899 848 οὖν

111 867 262 903 βούλειτῆς
277 868 348 903 ιμῆς
368 867 550 903 ιλεεινότητος
566 868 731 900 ὑπακοῦσαι,
754 867 830 899 λέξαι
853 876 898 902 μοι

944 276 1044 302 virtute
1073 276 1246 303 vernaculam
1273 275 1344 303 servi
1371 276 1488 311 linguam
1522 276 1548 302 ιιι
1573 274 1732 310 Syriacam;

944 321 1106 355 locutusquc
1121 321 1231 356 Syriaco
1248 328 1309 348 cuin
1326 321 1372 348 illo
1390 324 1441 351 est,
1458 328 1625 354 qua-cunque
1641 320 1731 347 vellet.

945 365 1012 392 Cum
1036 373 1099 393 vero
1131 366 1266 393 Andream
1295 365 1480 400 compellans,
1507 365 1623 392 famulus
1638 373 1692 391 non
1704 372 1734 392 se

945 412 1061 446 precari,
1077 411 1190 443 diceret.
1204 417 1232 439 ιιι
1248 412 1274 439 in
1287 412 1445 439 societatem
1470 411 1530 438 vita:
1545 410 1617 438 illius
1634 410 1734 437 admit-

947 462 1062 490 teretur,
1095 458 1116 485 si
1142 465 1221 493 pares
1250 458 1301 485 sibi
1331 457 1404 484 vires
1424 463 1478 483 non
1500 461 1610 489 essent;
1628 456 1736 490 negavit

945 502 1076 535 Andreas,
1089 510 1169 537 posse
1189 503 1277 537 ipsutn
1307 501 1421 530 sudores
1435 501 1613 535 laboresque.
1631 503 1663 527 ait
1681 506 1734 527 tam

949 548 1064 575 sublime
1091 549 1200 576 virtutis
1221 548 1328 575 culmen
1365 547 1530 575 enitentibus
1561 546 1736 577 subeundos,

947 594 1249 628 superare:quoniam
1283 593 1336 626 via,
1366 593 1515 628 inquiebat,
1546 597 1680 627 prterupta
1709 597 1737 618 et

946 640 1068 672 acclitis,
1084 639 1220 667 laboriosa
1232 643 1258 667 et
1276 639 1394 667 diilicilis
1410 639 1557 666 admodum
1579 644 1631 666 est.
1647 638 1738 670 Quare

949 690 1045 712 auctor
1067 685 1114 712 tibi
1145 693 1216 717 sum,
1244 689 1272 712 ιιι
1299 685 1326 712 in
1338 685 1551 720 prmsentislatu
1579 687 1739 711 consmutt-r

947 731 1040 766 pietati
1068 731 1248 767 religionique
1274 738 1384 766 operam
1413 731 1473 763 des,
1488 734 1513 756 ct
1530 738 1544 756 a
1565 729 1739 756 llontinottto

948 776 1100 811 Epiphanio
1125 776 1268 812 diligenter
1297 776 1397 808 discas,
1410 783 1470 810 qua:
1487 775 1520 802 ad
1549 775 1677 802 νὶιιιιιι-ιιι
1692 782 1738 802 sa-

949 821 1089 856 lutemque
1112 826 1186 849 tuam
1203 822 1321 849 maxime
1343 822 1518 849 conducunt:
1534 820 1738 848 fornicationem

950 867 1023 902 fuge,
1040 867 1201 902 iujuriarum
1216 867 1386 900 obliviscere,
1415 867 1484 894 alias
1497 865 1654 893 all‘ectiones
1679 865 1741 891 unl-

110 913 154 940 ὃτι
170 913 201 939 οὒ
218 912 331 939 δύνασαι
342 912 421 940 τοῦτο
448 912 570 948 ποιῆσαι.
594 912 686 939 Ταῦτα
707 912 736 939 ὁὶ
752 912 873 944 ἀκιύσας
888 913 902 939 ὁ

954 920 1048 941 versas
1072 918 1190 948 tentpera
1205 921 1212 940 :
1228 920 1288 946 qua:
1314 911 1386 939 enim
1406 911 1506 939 talibus
1525 916 1550 938 te
1578 909 1739 945 subjicictnli

110 958 208 988 "(la-.0;
225 957 372 992 ἡσύχαζεν.

955 959 1102 986 necessitas
1118 963 1194 993 urget
1209 958 1220 984 τ
1235 957 1275 984 Atl
1291 957 1348 984 baac
1365 957 1484 984 famulus
1497 965 1505 986 :
1520 956 1548 984 Si
1570 955 1621 988 vis,
1638 955 1736 989 inquit,

107 1003 272 1032 inisetritnte
296 1011 363 1031 mete
391 1003 487 1032 vilitati
513 1003 640 1039 obsequi,
677 1003 731 1036 dic,
757 1002 827 1037 quod
855 1010 909 1030 non
930 1008 1006 1037 potes
1037 1003 1062 1030 id
1086 1002 1210 1030 ell‘eetutn
1230 1002 1306 1030 dare.
1333 1001 1438 1035 Quibus
1481 1001 1580 1029 auditis
1621 1000 1737 1027 obticuit

106 1050 245 1077 Andreas.

146 1086 203 1127 ‘Ea’.
218 1095 247 1121 Ὀ
259 1093 288 1122 δὲ
301 1095 459 1129 Ἐπιφάνιος
469 1095 575 1130 βλέπων
582 1095 632 1130 τὴν
643 1094 744 1129 ἀθρόαν
758 1095 910 1130 μεταϐολὴν

111 1140 164 1175 τῆς
179 1139 302 1174 γλώττης
315 1140 361 1166 τοῦ
378 1140 482 1172 παιδὸς,
498 1140 540 1167 ὅτι
554 1139 572 1166 ἃ
588 1139 626 1175 μὴ
643 1140 804 1174 μεμάθηκεν
818 1141 905 1175 ἀπεφ-

112 1186 282 1220 θέγγετο,ὲν
295 1187 328 1221 τῇ
344 1186 444 1221 καρδίᾳ.
467 1185 551 1212 αὐτοῦ
573 1185 659 1212 ταῦτα
681 1184 828 1212 συνέϐαλεν
856 1187 905 1212 καὶ

111 1231 192 1264 λέγει
206 1239 214 1247 ο
231 1231 317 1257 Βασαὶ
332 1231 379 1257 τοῦ
401 1231 552 1265 θαύματος,
569 1230 641 1257 πόσα
661 1230 687 1256 oi
705 1229 905 1264 ’Λγιοιδύναν-

109 1277 177 1303 tat!
206 1275 234 1302 ’0
247 1276 275 1302 δὲ
293 1275 436 1311 Μακάριος
456 1276 555 1311 ἐδεήθη
576 1275 624 1302 τοῦ
642 1275 746 1310 Κυρίου
766 1276 830 1311 περὶ
851 1274 900 1302 τοῦ

111 1321 214 1353 παιδὸς
227 1341 235 1353 ,
255 1321 337 1356 χάριν
357 1321 408 1356 τῆς
430 1321 535 1348 ἐκείνου
560 1322 708 1357 σιτήσεως,
734 1321 761 1348 τί
782 1322 836 1357 ἄρα
859 1322 901 1349 δεῖ

109 1365 262 1401 γενέσθαι·
279 1367 326 1394 καὶ
339 1365 421 1405 ἦλθεν
433 1367 510 1404 φωνή
520 1367 594 1403 αὐτῷ
609 1366 741 1403 λέγουσαι
755 1367 811 1395 οὐκ
825 1367 900 1396 ἐστιν

107 1411 197 1439 τοῦτο
221 1413 370 1448 συμφέρον,
392 1415 483 1446 ἄπαγε
508 1413 556 1441 τοῦ
580 1413 800 1449 ιγχειρήματος·
816 1414 903 1447 δεῖξον

107 1457 193 1494 σὺτῷ
216 1459 333 1494 πρᾶγμα
350 1460 440 1488 ὁποῖόν
457 1461 542 1493 ἐστιν,
563 1460 600 1495 μὴ
626 1459 664 1491 ὡς
689 1459 821 1487 ἀδυνάτου
844 1468 904 1493 σου,

103 1504 229 1532 τοιαῦτα
243 1505 481 1540 καταψηφίσηται.
503 1505 532 1532 '0
547 1503 594 1532 οὖν
609 1506 751 1541 Μακάριος
765 1505 850 1541 ἔφησε
864 1505 904 1541 τῷ

988 1097 1032 1125 61.
1060 1097 1164 1125 Interea
1192 1104 1257 1125 vero
1283 1096 1462 1132 Epiphanius,
1504 1095 1743 1124 animadvertens»

952 1142 1041 1169 subita
1054 1143 1151 1176 linguae
1163 1141 1314 1169 mutatione
1337 1141 1468 1169 famulum
1484 1148 1576 1174 suum,
1594 1147 1655 1173 qua:
1671 1148 1741 1166 llllll-

955 1194 1037 1222 quam
1063 1187 1207 1220 didicerat,
1240 1188 1266 1214 in
1294 1188 1414 1214 medium
1427 1186 1564 1222 proloqui,
1593 1185 1743 1220 impensius

953 1241 1010 1262 rem
1040 1240 1132 1260 anttno
1145 1233 1284 1268 perpendit
1297 1232 1512 1266 exclamavitqtte
1528 1240 1535 1258 :
1549 1231 1641 1265 Papa-1
1657 1236 1744 1262 quatt-

955 1286 1011 1308 tum
1038 1279 1300 1314 miraculumlquitl
1331 1278 1423 1306 Sancti
1436 1285 1490 1306 non
1503 1276 1638 1305 cilicium!
1662 1276 1744 1303 Beato

953 1331 1043 1353 autem
1056 1325 1162 1353 Andrea
1194 1324 1338 1352 Dominum
1353 1324 1480 1360 precibus
1497 1331 1545 1358 pro
1564 1322 1678 1354 famulo,
1695 1322 1742 1357 qtti

953 1379 999 1399 eas
1013 1371 1091 1399 enixe
1102 1371 1246 1406 ﬂagitant,
1259 1371 1455 1405 interrogante,
1464 1369 1528 1405 quid
1536 1368 1643 1395 tandem
1653 1369 1685 1396 de
1697 1368 1743 1395 illo

954 1418 1076 1445 futurum
1109 1422 1191 1448 eSset,
1227 1417 1330 1452 allapsa
1357 1423 1410 1444 vox
1439 1420 1491 1448 est,
1524 1415 1560 1442 ita
1587 1414 1742 1449 inquiens:

955 1462 1116 1497 Neutiquam
1144 1462 1210 1489 illud
1228 1462 1346 1497 expedit,
1355 1469 1448 1497 apage,
1462 1468 1523 1489 cum
1544 1460 1631 1488 istltoc
1643 1459 1740 1487 consi-

955 1508 1012 1535 lio:
1028 1508 1142 1535 ostende
1162 1507 1214 1542 ipsi
1240 1513 1340 1540 quanta
1355 1515 1398 1534 res
1421 1507 1474 1538 sit,
1491 1506 1607 1540 impares
1634 1505 1657 1531 ei
1673 1505 1744 1531 vires

112 1550 249 1585 ῘΑγγέλῳ
275 1550 314 1585 τῷ
337 1551 490 1584 ὲφεστῶτιο
515 1551 623 1586 Πλῆσον
649 1551 679 1578 τὸ
699 1551 829 1587 ποτήριον
854 1551 901 1587 τῆς

954 1560 1016 1582 esse
1039 1553 1072 1581 ad
1104 1553 1165 1580 talia
1195 1553 1417 1588 aggrediendum.
1443 1551 1565 1578 Andreas
1599 1550 1680 1585 igitur
1707 1549 1745 1576 ait

105 1595 268 1631 θυμηδίας,
284 1595 330 1630 ἀφ’
342 1593 376 1631 ἧς
390 1596 406 1631 ὴ
427 1597 508 1631 χάρις
524 1595 572 1623 τοῦ
594 1596 654 1623 κατ’
669 1597 719 1632 ἐμὲ
735 1597 905 1632 χαρίσματος

105 1640 282 1677 suavem“.
304 1640 447 1676 Ἐποίησεν
465 1649 495 1668 τε
516 1642 531 1668 ὁ
556 1641 688 1676 Ἀγγελος
713 1642 816 1677 Κυρίου
830 1649 837 1657 ·
856 1641 905 1669 καὶ

106 1686 190 1721 λέγει.
211 1686 281 1721 πρὸς
297 1685 378 1712 αὑτὸν
392 1687 405 1713 ὁ
426 1687 569 1722 Μακάριος
584 1696 592 1703 ·
617 1689 724 1719 Ποτιεῖς
741 1688 845 1716 ἐκεῖνον
858 1687 904 1714 τὸν

104 1733 156 1759 ἐπὶ
171 1731 230 1759 τῶν
242 1732 330 1759 ποδῶν
347 1740 398 1767 μου
412 1732 577 1768 καθήμενον.
597 1734 627 1761 '0
650 1734 680 1762 δὲ
697 1734 799 1766 εὐθέως
821 1734 905 1770 ἀοράο

102 1786 162 1809 τω;
178 1777 308 1804 ἐπότισεν
321 1777 413 1810 αὐτὸν,
429 1778 477 1805 καὶ
490 1780 590 1814 ήρξατο
606 1779 621 1806 ὁ
635 1781 702 1812 παῖς
724 1780 904 1816 παραπλήσια

104 1824 247 1858 σχήματα
259 1823 389 1857 πράττειν
402 1824 509 1852 ἐοικότα
521 1825 558 1860 τῷ
573 1825 696 1861 θεοφόρῳ
712 1827 807 1861 πατρὶ,
829 1827 904 1858 ὅστις

102 1870 185 1907 ὁρῶν
199 1869 284 1897 αὑτὸν
296 1870 401 1904 ἐμειδία
416 1871 641 1906 εὐφραινόμενος.
658 1871 687 1898 '0
696 1872 724 1898 δὲ
745 1871 904 1906 Ἐπιφάνιος

104 1918 186 1954 δρῶν
203 1916 235 1944 τὸ
248 1917 358 1951 γεγονὸς
372 1917 520 1953 ἐταράχθη,
531 1918 660 1952 φοϐηθετς
673 1919 710 1953 μή
726 1927 791 1945 ποτε
805 1919 905 1946 ἐπανα-

105 1964 217 2000 δράμῃ
236 1964 310 1990 πᾶσα
329 1963 515 1999 ἀγανάκτησις
539 1963 587 1990 τοῦ
613 1965 716 1999 πατρὸς
736 1964 830 1997 αὐτοῦ,
857 1965 905 1992 καὶ

103 2011 193 2045 λέγει
212 2009 281 2044 πρὸς
294 2009 340 2036 τὸν
354 2009 497 2045 Μακάριον
511 2017 519 2026 ·
541 2009 644 2044 Δέομαί
669 2017 728 2042 σου,
753 2009 831 2037 δοῦλε
856 2009 904 2037 τοῦ

101 2054 194 2087 Θεοῦ,
216 2053 255 2088 μὴ
266 2054 384 2089 ποιήσῃς
394 2057 475 2080 τοῦτο
487 2053 519 2081 τὸ
541 2054 659 2089 πρᾶγμα
680 2055 727 2080 ιπι
749 2054 787 2089 τῷ
811 2054 904 2090 οῑκέτῃ

100 2102 157 2129 τοῦ
176 2099 287 2135 πατρός
302 2109 367 2135 μου,
383 2100 421 2136 μή
435 2108 501 2127 ποτε
516 2100 563 2126 καὶ
577 2100 658 2132 αὐτὸς
683 2099 903 2136 ἑξουδινωθεὶσῃ,

102 2147 157 2174 καὶ
177 2146 194 2172 ὸ
212 2145 278 2176 Θεὸς
294 2145 354 2172 ἀντὶ
367 2144 470 2179 ἀγαθοῦ
486 2144 762 2180 βλασφημηθήσεται,
785 2147 834 2171 καὶ
853 2144 905 2180 ἐμὲ

103 2190 310 2227 μεμισημένον
323 2190 372 2217 καὶ
387 2190 525 2226 ιπάρατον
533 2190 622 2225 δείξῃς
634 2190 674 2226 τῷ
686 2191 839 2226 γεννήτορι,
857 2191 904 2217 καὶ

99 2224 156 2273 οὐχ
176 2224 238 2268 ego
253 2235 299 2262 τοῦ
317 2224 449 2263 ίντεῦθενν
465 2224 665 2269 εῐσαγαγέσθαι
685 2243 726 2262 σε.
749 2224 905 2271 Παρακαλῶ
921 2224 942 2252 D

97 2278 153 2307 οὖν
185 2278 239 2305 καὶ
261 2278 356 2313 δέομαι
384 2279 422 2314 μὴ
449 2278 530 2314 κενὴν
552 2278 718 2315 άποπέμψῃς
740 2279 790 2315 τὴν
814 2279 908 2315 δέησίν

99 2334 176 2360 μου,
200 2323 327 2359 μέμνησο
345 2325 410 2359 μιᾶς
427 2324 534 2360 ἡμέρας
556 2325 668 2360 ἀγάπην
688 2325 755 2361 ἐμοῦ
771 2325 820 2353 τοῦ
833 2325 907 2353 οἰκέ-

94 2379 152 2398 του
172 2377 241 2396 σου.

141 2415 200 2450 ξβ’.
222 2413 251 2440 '0
264 2413 293 2441 δὲ
305 2414 447 2450 Μακάριος
460 2415 498 2451 μὴ
510 2415 593 2442 θέλων
603 2415 648 2442 τὸν
662 2415 820 2450 Ἐπιφάνιον
832 2416 910 2443 κενὸν

95 2460 294 2495 ἀποπέμψαι,
310 2461 465 2495 ὑπήκουσεν
478 2460 559 2488 αὑτοῦ
572 2460 622 2496 τῆς
634 2462 765 2496 δεήσεως,
779 2461 826 2488 καὶ
842 2470 910 2497 προ-

97 2503 233 2536 σέταξεν
247 2503 328 2530 πάλιν
343 2503 382 2539 τῷ
395 2505 504 2541 ἀγγέλῳ
531 2505 579 2532 τοῦ
602 2504 668 2541 ἆραι
694 2506 742 2532 ἀπ’
770 2505 854 2533 αὑτοῦ
876 2506 907 2533 τὺ

95 2548 256 2584 καταχϐὲν
269 2549 344 2585 αὑτῷ
360 2549 475 2585 δώρημα
485 2559 492 2566 ·
508 2551 555 2578 καὶ
568 2550 649 2578 πάλιν
661 2549 743 2586 ἦλθεν
758 2551 772 2577 ὁ
786 2552 851 2583 παῖς
865 2552 907 2584 εἰς

92 2597 152 2632 τὴν
171 2596 319 2631 προτέραν
333 2598 509 2629 κατάστασιν,
531 2596 622 2628 καθὼς
644 2596 740 2632 πρώην
759 2597 908 2633 ἐχρημάτι-

89 2644 160 2676 ζεν.
205 2642 255 2668 Ἐν
283 2641 355 2677 λύπῃ
384 2643 413 2669 δὲ
441 2643 558 2679 μεγίστῃ
583 2643 727 2678 γενόμενος
752 2645 766 2670 ὁ
786 2644 906 2679 οἰκέτης,

90 2686 274 2724 παρεκάλει
287 2688 333 2714 τὸν
349 2688 443 2715 Ὀσιον
461 2688 572 2723 δοθῆναι
591 2689 665 2724 αὐτῷ
679 2689 760 2717 πάλιν
775 2689 805 2716 τὺ
821 2690 907 2725 δῶρον

87 2736 216 2763 ἐκεῖνο.
242 2733 273 2759 '0
286 2733 314 2759 δὲ
326 2734 395 2768 πρὸς
411 2735 493 2762 αὑτὸν
506 2735 697 2770 ἀπεφθέγξατο
712 2743 719 2751 ·
746 2735 906 2771 Δελάληκὰς

131 2806 204 2843 (80)
222 2802 321 2832 Mirum
340 2805 411 2840 quod
426 2814 480 2834 non
497 2807 586 2844 potius
606 2807 634 2844 in
664 2807 831 2844 Scythicam,
844 2817 905 2844 qua:

86 2844 217 2871 Sancto
246 2845 369 2880 materna
395 2847 463 2868 erat.
479 2842 547 2880 _Sed
564 2847 590 2870 et
619 2842 757 2877 Syriacam
776 2842 904 2880 didicisse

86 2880 202 2914 aliqua
244 2877 387 2905 occasione
410 2877 507 2914 potuit,
523 2882 551 2906 ut
565 2883 622 2907 erat
641 2885 771 2914 perquam
784 2878 880 2908 docilis
896 2889 903 2908 ;

958 1599 1062 1635 Angela
1079 1599 1197 1626 adstanti
1209 1598 1262 1626 sibi
1278 1607 1285 1625 :
1303 1597 1386 1632 Imple
1401 1598 1514 1625 calicem
1527 1597 1605 1630 ,ltune
1634 1596 1745 1630 liquida:

960 1645 1106 1680 voluptatis
1130 1651 1215 1678 trero,
1245 1644 1323 1678 cujus
1347 1643 1411 1670 olim
1435 1647 1515 1677 gustu
1532 1641 1631 1669 diviuze
1650 1640 1744 1676 gratia:

957 1691 1037 1719 donis
1060 1691 1213 1718 cumulatus
1238 1697 1310 1717 sum.
1344 1688 1506 1724 Parentique
1536 1695 1599 1715 mox
1624 1686 1742 1721 angelo:

957 1740 993 1766 Da
1012 1756 1020 1770 ,
1057 1737 1156 1771 inquit,
1181 1735 1220 1763 illi
1237 1735 1269 1763 ad
1288 1735 1370 1770 pedes
1398 1741 1472 1762 meos
1490 1736 1627 1768 prostrato
1647 1737 1746 1767 potan-

954 1784 1030 1810 dum.
1057 1781 1134 1815 Quod
1165 1781 1264 1808 factum
1290 1780 1426 1808 continuo
1443 1784 1486 1807 est
1501 1778 1742 1812 utodoitvisibili;

954 1829 1091 1864 coepitque
1105 1827 1221 1854 famulus
1240 1826 1344 1854 similes
1365 1827 1444 1861 plane
1475 1830 1568 1860 gestus
1590 1825 1744 1859 exprimere

955 1875 1051 1902 deiferi
1078 1874 1162 1909 patris
1182 1873 1306 1904 Andreae,
1327 1873 1373 1907 qui
1397 1873 1471 1900 illum
1500 1872 1671 1906 conspiciens
1689 1879 1744 1898 non

954 1927 985 1948 se
1010 1918 1170 1953 temperavit
1197 1925 1213 1945 ει
1229 1918 1296 1945 risu.
1328 1918 1364 1944 At
1383 1917 1552 1952 Epiphanius
1569 1917 1606 1944 rei
1624 1917 1745 1944 novitate

955 1965 1091 1996 turbatus,
1109 1964 1277 1999 veritusque,
1305 1969 1339 1991 ne
1352 1962 1421 1997 patri
1437 1962 1500 1989 hinc
1516 1969 1567 1990 suo
1588 1969 1745 1989 commove-

957 2015 1032 2038 retur
1044 2009 1117 2042 bilis,
1143 2008 1241 2036 talibus
1254 2008 1386 2037 Sanctum
1411 2007 1536 2042 precibus
1554 2007 1668 2034 adorsus
1681 2011 1744 2035 est:

953 2057 1059 2084 Amabo
1094 2061 1131 2087 te,
1154 2055 1255 2082 iamule
1282 2054 1340 2088 Dei,
1365 2061 1400 2081 ne
1424 2054 1471 2081 tali
1489 2053 1570 2080 modo
1584 2053 1669 2088 patris
1691 2053 1743 2080 tnei

956 2101 1089 2129 famulum
1107 2100 1177 2128 allici
1197 2099 1330 2136 patiaris;
1347 2107 1381 2127 ne
1392 2099 1462 2126 forte
1477 2103 1540 2126 ettu
1565 2099 1622 2134 ipse
1643 2098 1744 2125 malum

956 2147 1003 2175 tibi
1028 2153 1164 2179 accersas,
1178 2150 1206 2173 et
1231 2145 1303 2173 Deus
1317 2152 1366 2180 pro
1378 2144 1457 2172 bonis
1472 2143 1655 2178 blasphemiae
1671 2143 1744 2170 rcci-

954 2193 1022 2228 piat,
1046 2197 1074 2220 et
1090 2199 1134 2220 me
1144 2191 1215 2227 patri
1232 2198 1294 2218 meo
1306 2191 1431 2219 odiosum
1445 2194 1526 2224 atque
1546 2189 1744 2218 exsecrandum

960 2238 1066 2270 reddas,
1083 2245 1170 2272 neque
1185 2237 1289 2265 audebo
1309 2236 1437 2271 deinceps
1455 2240 1480 2263 te
1497 2236 1551 2264 ltuc
1562 2235 1744 2262 introducere.

957 2283 1013 2311 Oro
1036 2282 1120 2318 igitur
1143 2287 1223 2318 atque
1246 2283 1371 2314 obsecro,
1387 2285 1417 2308 ut
1442 2282 1537 2309 irritas
1555 2288 1588 2308 ne
1602 2281 1669 2308 velis
1685 2288 1746 2308 esse

956 2336 1053 2365 preces
1065 2336 1149 2361 meas,
1161 2336 1266 2356 memor
1282 2328 1384 2356 amoris
1396 2332 1424 2354 et
1448 2327 1570 2355 beneﬁcii
1583 2334 1599 2354 a
1615 2334 1657 2354 me
1668 2334 1746 2354 servo

956 2380 1002 2403 tuo
1016 2374 1063 2402 tibi
1076 2375 1224 2410 aliquando
1235 2374 1360 2409 praestiti.

993 2421 1036 2448 62.
1050 2420 1174 2448 Andreas
1194 2420 1276 2448 hasce
1300 2428 1396 2456 preces
1426 2420 1455 2447 in
1469 2424 1578 2447 ventum
1595 2418 1670 2446 abire
1687 2424 1742 2444 non

954 2467 1057 2499 ferens,
1083 2465 1235 2502 Epiphanio
1252 2474 1355 2494 morem
1379 2467 1463 2502 gessit
1487 2465 1669 2501 praecepitque
1685 2471 1748 2491 rur-

959 2519 1020 2539 sum
1043 2512 1150 2547 angelo,
1165 2516 1195 2540 ut
1212 2512 1284 2547 quod
1310 2512 1411 2539 l'amttlo
1440 2511 1550 2539 allatum
1562 2515 1621 2538 erat
1634 2510 1747 2541 dontttn,

959 2559 1083 2592 protinus
1097 2557 1204 2585 tolleret
1219 2565 1227 2585 :
1241 2561 1268 2585 ct
1283 2558 1427 2585 restitutus
1445 2561 1487 2585 est
1508 2557 1532 2584 ci
1549 2556 1679 2591 pristinus
1690 2555 1747 2582 oris

958 2604 1138 2639 corporisque
1163 2603 1282 2632 habitus.
1298 2604 1480 2637 Quamobrem
1495 2610 1548 2630 tton
1567 2602 1618 2629 levi
1631 2608 1747 2628 mcerore

959 2648 1082 2682 allectus,
1108 2649 1142 2676 ad
1170 2657 1262 2684 preces
1287 2649 1386 2677 iterum
1413 2649 1544 2683 confugit,
1559 2647 1747 2681 Sauctumque

958 2694 1076 2722 ablatum
1101 2695 1201 2722 donum
1222 2695 1384 2730 repoposcit.
1413 2694 1463 2722 Cui
1492 2693 1630 2721 Sanctus:
1650 2692 1746 2720 Dixisti

959 2740 1039 2767 modo
1066 2739 1145 2772 mihi,
1162 2747 1214 2767 non
1230 2747 1310 2775 posse
1324 2748 1366 2768 tne
1382 2748 1440 2767 rem
1467 2744 1568 2767 tantam
1581 2739 1608 2766 in
1625 2743 1652 2766 to
1664 2738 1745 2773 perti-

958 2816 985 2839 ct
1008 2819 1069 2838 mox
1095 2811 1195 2839 dicitur
1225 2811 1297 2840 dono
1313 2811 1465 2846 linguarum
1483 2809 1622 2846 praeditus,
1649 2812 1679 2836 ut
1695 2814 1744 2835 sua

958 2854 1095 2882 quemque
1108 2847 1197 2881 lingua
1212 2847 1313 2882 alloqui
1331 2850 1434 2881 posset.
