2009 3088
208 127 263 161 763

210 238 269 259 tttttt
304 238 346 260 est
370 242 383 260 a
410 235 481 260 tnalo
495 234 616 261 dozmone
631 241 679 260 cor
699 233 893 263 adolescentis,
914 239 1001 265 usque

210 279 280 306 adeo
296 285 326 306 ut
341 279 480 313 a‘gerrime
494 279 646 306 hortantem
662 278 763 310 tulerit,
795 282 1001 312 prostrntnsquc

208 324 410 358 quodammodo
427 329 451 351 et
464 329 576 351 Incestus
588 324 696 355 abierit,
709 325 745 350 ita
765 324 894 358 loquens:
911 322 1002 355 Quan-

209 371 245 396 do
269 369 349 404 igitur
374 369 446 400 licet,
479 369 571 396 muttdi
594 376 636 395 me
667 369 771 395 deliciis
797 368 886 397 dabo.
902 367 1001 394 deinde

212 414 257 441 tthi
282 414 369 440 visunt
402 413 494 445 fuerit,
513 414 550 440 illi
563 414 689 440 nuntium
705 414 883 441 remissurus.
907 412 1001 445 Neque

210 459 341 492 deinceps
355 459 381 485 in
393 459 515 485 animum
533 459 641 486 induxit
664 459 809 486 convenire
823 458 1002 493 Epiphanium

211 510 240 532 ttt
267 505 293 531 itt
323 504 420 538 spirittt
448 505 613 535 erudiretur.
647 509 673 531 et
702 509 786 531 totutn
815 512 843 531 se
861 503 1004 538 voluptati-

215 551 265 577 bus
290 550 429 582 adtlicetts,
447 550 608 584 nullumque
636 549 777 577 scortandi
792 557 824 576 ac
836 548 1004 576 adulterandi

213 596 322 622 modum
341 595 453 627 fat-iens,
482 595 694 630 pulcherrimam
721 596 840 622 animam
855 603 932 622 suam
955 594 1006 621 mi-

213 640 366 668 serabiliter
374 641 575 675 conspurcavit.
588 641 781 668 Verumtamen
795 641 933 675 aliquanto
946 644 1006 674 post

213 686 241 713 itt
267 686 432 713 tentationes
460 690 486 713 et
508 687 677 714 calamitates
709 687 884 721 gravissimas
900 686 1005 718 ittcidit,

212 731 312 766 quibus
337 732 370 759 ad
401 733 499 759 incitas
525 733 662 764 redactus,
676 732 799 766 quotidie
816 739 912 766 panem
927 739 1006 759 suum

213 777 370 804 mendicare
387 786 528 806 necessum
551 778 656 805 habuit.
681 777 750 804 Hinc
772 782 888 804 tnmstus
918 777 1009 804 turba-

216 830 316 858 tusque
343 823 526 859 Epiphanius,
555 824 686 851 tantulum
714 823 759 850 Dei
786 824 922 850 Andream
953 822 1008 848 adit

213 873 342 904 oratque,
368 874 397 896 ut
423 870 519 897 miselli
546 869 728 896 adolescentis
762 870 935 895 misereatur.
957 868 1007 895 Cui

218 916 355 944 Sanctus:
373 917 461 949 Absit,
488 917 523 943 lili
549 917 584 943 mi
600 935 607 948 ,
635 917 682 943 sed
704 916 802 942 animae
820 915 893 942 illitts
917 915 1008 948 capiat

213 967 241 990 te
271 964 364 998 potius
393 963 534 990 miseratio
562 971 644 998 quam
667 963 805 997 corporis;
838 962 873 988 ita
886 969 968 996 porro
980 968 1009 988 se

213 1009 332 1041 habeat,
370 1009 408 1036 uti
440 1010 540 1040 modo,
568 1009 593 1036 id
611 1016 728 1043 namque
761 1007 879 1041 expedit.
916 1006 1010 1033 Veniet

214 1059 305 1082 autem
324 1060 442 1089 tempus,
468 1063 522 1090 quo
537 1055 676 1082 miseriam
696 1054 767 1081 illius
785 1058 811 1080 et
828 1052 1009 1080 huntilitttetn

214 1100 380 1134 respiciente
409 1101 533 1130 Domino,
550 1100 576 1126 in
592 1100 737 1134 pristinum
763 1103 865 1126 statum
881 1098 1011 1124 restitue-

216 1151 271 1173 tur.
296 1145 365 1172 Tum
403 1144 727 1180 Epipbattins:0bsecro
763 1149 805 1176 te,
829 1143 938 1178 inquit,
969 1143 1011 1169 fa-

215 1191 290 1218 mule
317 1191 375 1221 l)t-i,
401 1196 430 1217 ttt
456 1198 576 1225 exponas
602 1190 679 1221 tnhi,
706 1190 885 1224 quamobrem
917 1188 1011 1215 adole-

216 1243 296 1263 scens
311 1237 356 1263 ille
371 1241 425 1263 tam
449 1237 539 1263 subito
553 1235 706 1262 dieminum
734 1235 875 1261 tetttationi
897 1234 1011 1262 traditus

217 1282 264 1309 sit.
295 1283 388 1314 Nulla,
419 1283 526 1316 reponit
556 1282 688 1311 Andreas,
705 1281 757 1308 alia
775 1281 808 1308 de
838 1288 919 1308 causa
947 1288 1011 1308 suc-

215 1327 326 1354 censuit
356 1327 393 1354 illi
427 1327 566 1358 Dominus,
596 1327 648 1353 nisi
677 1326 749 1361 quod
776 1327 914 1361 perjurus,
935 1334 1011 1352 tuen-

217 1373 289 1403 das.
313 1372 456 1407 prxﬁdens
486 1380 519 1399 ac
553 1373 675 1399 tumidus
699 1378 789 1404 esset,
824 1374 950 1407 quantivis
984 1378 1011 1400 et

220 1418 274 1445 alia
288 1418 369 1452 forte,
381 1419 463 1446 etiatn
480 1418 616 1454 graviora,
632 1419 658 1445 in
673 1426 704 1446 se
726 1419 828 1446 scelera
845 1418 988 1446 admiserit
1005 1425 1010 1443 :

219 1464 267 1492 Sed
283 1472 336 1492 non
350 1469 452 1492 tantam
468 1469 580 1499 propter
595 1464 662 1497 haec,
692 1469 823 1499 quantam
841 1469 948 1500 propter
966 1464 1011 1492 illa

219 1510 432 1543 indignatimtent
461 1509 588 1536 incurrit.
616 1509 653 1536 lta
681 1509 752 1536 enim
776 1517 806 1536 se
834 1517 878 1536 res
906 1509 1010 1536 habet:

216 1552 274 1582 Nisi
289 1555 342 1582 olla
359 1555 413 1591 igni
431 1555 557 1589 imposita
571 1555 685 1582 multum
701 1554 844 1585 furburrit.
859 1553 927 1580 nihil
949 1562 1011 1580 sna-

218 1601 310 1627 \itatis
327 1600 438 1627 habebit
453 1601 542 1632 cibus,
563 1601 610 1635 qui
638 1601 815 1627 continetur:
832 1599 903 1626 itaet
917 1599 1010 1626 nobis-

216 1654 279 1673 cum
293 1646 382 1681 agitur
407 1646 520 1673 tnisellis
534 1646 701 1681 abjcctisque
716 1645 908 1680 peccatoribus
922 1665 929 1676 ,
954 1644 1006 1671 nisi

220 1692 315 1718 tnultis
334 1691 536 1718 calamitatibus
552 1691 640 1725 pressi
656 1699 688 1718 ac
700 1690 895 1718 tentationibus
910 1690 1015 1717 excrci-

220 1737 268 1762 tati
287 1736 433 1767 fuerimus,
461 1737 551 1763 aditus
565 1745 617 1763 nott
636 1737 738 1772 patebit
753 1737 779 1764 in
805 1744 917 1770 regnum
932 1736 1015 1763 c0.th-

220 1789 293 1807 t'utn.
328 1781 398 1808 Tum
423 1781 591 1816 Epiphanius
606 1792 612 1809 :
628 1781 656 1810 Si
670 1783 706 1810 ita
738 1782 866 1810 conducit
893 1783 925 1809 ad
941 1782 1015 1809 salu-

219 1832 275 1854 tcm
293 1827 391 1854 animat
408 1828 491 1859 illitis,
506 1829 619 1855 verbum
637 1837 690 1856 non
715 1829 844 1863 adjiciam
862 1829 1014 1863 deprecati-

746 127 960 159 NlCEPlIORl
983 125 1219 157 l‘RESBYTERl
1240 127 1293 156 CP.

244 188 305 214 ll'l.
333 188 409 215 Talia
438 194 564 216 monente
592 189 690 215 illttstti
708 187 871 221 Epiphanio,
889 187 999 212 imlura-
1015 188 1035 215 Α

1793 129 1847 159 τῢὶ

1089 184 1150 218 ριζν.
1165 184 1256 210 Ταῦτα
1276 183 1321 210 τοῦ
1343 182 1653 218 ςωστῆροςἙπιφανίου
1672 185 1708 220 τῷ
1721 187 1847 220 νεωτέρῳ

1054 230 1151 265 ἐκείνῳ
1167 229 1367 260 νουθετοῦντος,
1390 229 1443 255 ὑπὸ
1467 229 1513 256 τοῦ
1533 232 1653 264 πονηροῦ
1678 231 1847 265 σκλτήρωοεί-

1055 284 1104 310 οης
1117 275 1199 302 αὺτοὶ
1214 277 1263 309 τῆς
1279 275 1403 310 καρδίας,
1420 275 1526 310 βαρέως
1540 277 1573 303 τὰ
1590 277 1702 312 ῥήματα
1733 278 1846 312 ἤνεγκε,

1057 323 1105 349 καὶ
1121 323 1240 353 ὀκλάσας
1254 321 1322 356 πρὸς
1339 323 1372 348 τὰ
1387 321 1534 356 λεγόμενα,
1549 322 1692 356 λυπηθεὶς,
1706 323 1847 358 ἀνεχώρη-

1057 378 1102 396 σεν
1116 369 1201 395 εἰπών
1213 378 1219 384 ·
1229 368 1364 402 Ὀπηνίκα
1380 369 1491 402 ὀφείλω,
1508 369 1656 395 ἀπολαύσω
1669 369 1716 395 τὸν
1732 370 1846 403 κόσμον,

1055 416 1115 441 τότε
1129 415 1211 441 αὐτοῦ
1225 414 1392 448 ἀπδσχομαι.
1415 415 1515 440 Οὐκέτι
1529 412 1576 441 οὖν
1590 415 1738 448 προσέθετο
1754 415 1848 441 συνελ-

1057 461 1113 487 θεῖν
1124 460 1162 495 τῷ
1183 461 1335 494 Ἐπιφανίῳ
1354 461 1394 491 εἰς
1408 460 1455 486 τὸν
1470 461 1655 495 πνευματικὸν
1668 461 1773 494 ἀγῶνα,
1789 460 1848 487 ἀλλ’

1056 507 1253 541 ὲμφιλοχωρῶν
1270 508 1329 536 ταῖς
1346 506 1535 540 ἡδυπαθείαις,
1554 505 1696 540 πορνείαις
1716 506 1763 532 καὶ
1786 515 1847 541 μοι-

1056 551 1153 587 χείαις,
1173 551 1224 585 τῆς
1240 551 1360 585 ὲλεεινῆς
1384 551 1467 577 αὑτοῦ
1489 551 1578 585 ψυχῆς
1598 551 1628 578 τὸ
1653 552 1752 583 κάλλος
1767 561 1850 578 κατε-

1061 598 1167 632 μίανεν.
1194 597 1271 624 Μετὰ
1302 598 1390 623 ταῦτα
1433 597 1579 632 περιέπεσε
1608 599 1772 632 πειρασμοῖς
1801 598 1850 625 καὶ

1058 643 1164 678 θλίψεσι
1199 644 1406 678 σφοδροτάταις.
1423 642 1494 670 ὥστε
1517 644 1563 670 καὶ
1590 644 1630 675 είς
1652 643 1785 678 μεγίστην
1799 653 1850 670 πε.-

1059 690 1119 716 νίαν
1131 690 1230 721 ἐλθεῖν,
1245 689 1293 715 καὶ
1308 689 1352 715 τὸν
1367 690 1449 723 ἄρτον
1462 690 1554 724 ζητεῖν
1570 689 1744 725 καθημὲραν.
1772 689 1851 716 Ἐλυ-

1059 735 1133 769 πήθη
1151 733 1198 761 οὗν
1216 735 1263 761 ἐπὶ
1279 734 1367 770 τούτῳ
1393 735 1408 761 ὁ
1431 736 1600 769 Ἐπιφάνιος,
1627 736 1674 761 καὶ
1699 736 1851 770 παρεκάλει

1059 780 1106 806 τὸν
1121 779 1214 806 δοῦλον
1227 779 1273 806 τοῦ
1286 779 1355 806 Θεοῦ
1371 780 1482 813 ποιῆσαι
1506 780 1566 814 μετ’
1581 780 1663 806 αὑτοῦ
1679 779 1762 811 ἔλεος.
1781 780 1811 805 ’0
1823 779 1852 805 δὲ

1063 825 1158 857 ὀσιος
1172 824 1224 860 ἔφη
1240 834 1246 840 ·
1266 826 1345 859 Οὐχὶ,
1360 825 1465 857 τέκνον,
1488 825 1557 852 ἀλλὰ
1573 825 1753 860 συμπάθησον
1767 825 1851 852 αὐτοῦ

1062 871 1163 904 μᾶλλον
1187 872 1220 905 τῇ
1246 871 1330 906 ψυχῇ,
1354 871 1503 906 κάμνοντος
1526 871 1573 897 τοῦ
1601 871 1728 906 σώματος
1745 879 1751 886 ·
1772 872 1852 897 ἔασον

1060 917 1150 943 τοίνυν
1167 917 1250 943 αὑτὸν
1264 917 1352 949 οὓτως
1370 925 1377 932 ⁶
1391 918 1521 952 ἁρμόδιον
1543 918 1597 953 γὰρ
1611 918 1690 944 τοῦτο
1711 917 1785 952 αὐτῷ
1803 927 1854 943 πε‹

1063 962 1176 996 ρίεστιν.
1213 962 1367 989 Ἐλεύσεται
1391 964 1419 989 δὲ
1440 963 1544 998 καιρὸς,
1571 963 1690 998 ὁπηνίκα
1717 964 1730 989 ὁ
1749 963 1852 997 Κύριος

1063 1007 1231 1042 θεασάμενος
1241 1009 1289 1041 τῆς
1301 1008 1489 1043 ταλαιπωρίας
1504 1009 1552 1044 τὴν
1572 1009 1752 1036 ταπείνωσιν.
1771 1009 1854 1042 μετέ-

1063 1059 1145 1078 πειτα
1160 1053 1205 1078 ἐπὶ
1228 1053 1277 1086 τὴν
1298 1053 1436 1087 προτέραν
1459 1054 1542 1079 αὑτοῦ
1563 1053 1732 1080 κατάστασιν
1747 1054 1854 1079 ἀκακαο

1063 1097 1176 1132 λέσηται
1202 1098 1295 1125 αὺτιίν.
1329 1098 1487 1132 Ἐπιφάνιος
1514 1099 1565 1133 ἔφη
1587 1107 1594 1115 ·
1624 1098 1778 1133 Παρακαλῶ
1811 1107 1853 1130 σε,

1062 1143 1138 1169 δοῦλε
1154 1143 1267 1177 Κυρίου,
1281 1144 1415 1179 γνώρισον
1431 1153 1478 1179 μοι
1491 1144 1536 1171 διὰ
1557 1145 1639 1171 ποίαν
1663 1145 1753 1171 αἰτίαν
1766 1144 1854 1176 οὕτως

1064 1189 1149 1221 ὀξέως
1167 1191 1222 1221 τοῖς
1239 1191 1403 1225 πειρασμοῖς
1422 1191 1569 1225 παρεδόθη.
1591 1190 1621 1217 Ὀ
1635 1191 1665 1216 δὲ
1678 1189 1755 1216 εἶπεν
1773 1198 1780 1205 ·
1796 1191 1854 1216 Οὐκ

1066 1235 1188 1269 ὠργίσθη
1204 1236 1280 1270 αὐτῷ
1298 1237 1312 1261 ὁ
1324 1236 1426 1269 Κύριος
1449 1236 1483 1262 δι’
1496 1237 1572 1262 οὐδὲν
1587 1236 1692 1271 ἕτερον,
1713 1237 1737 1262 εἰ
1753 1236 1790 1270 μὴ
1810 1237 1854 1262 ἔτι

1064 1279 1098 1316 ἦν
1113 1281 1252 1315 ἐπίορκος,
1270 1281 1317 1307 καὶ
1335 1281 1466 1316 ψεύστης,
1484 1283 1530 1308 καὶ
1547 1282 1660 1316 θρασὺς,
1684 1283 1731 1308 καὶ
1748 1282 1854 1316 ὑπερή-

1064 1335 1148 1362 φανος
1163 1335 1171 1342 θ
1191 1327 1243 1353 κᾶν
1260 1328 1329 1362 τάχα
1344 1328 1397 1361 γὰρ
1411 1329 1457 1353 καὶ
1474 1328 1541 1354 ἄλλα
1557 1328 1666 1363 χείρονα
1688 1328 1854 1363 διεπράξατο

1065 1371 1210 1406 σωματικὰ
1227 1371 1453 1407 πλημμελήματα
1467 1380 1473 1387 ·
1490 1373 1548 1399 ἀλλ’
1561 1371 1608 1399 οὗν
1622 1374 1651 1399 οὺ
1665 1372 1792 1399 τοσοῦτον
1809 1373 1854 1399 διὰ

1064 1418 1160 1450 ταῦτα,
1172 1418 1232 1444 ὅσον
1249 1417 1284 1443 δι’
1299 1417 1402 1444 ἐκεῖνα.
1430 1418 1508 1444 Οὕτω
1523 1419 1576 1452 γάρ
1590 1418 1676 1449 ἐστιν,
1688 1418 1736 1444 ἐὰν
1749 1417 1803 1452 γὰρ
1815 1417 1854 1452 μὴ

1065 1463 1154 1499 βράσῃ
1169 1464 1185 1498 ἡ
1208 1463 1297 1498 χὺθρα
1313 1462 1452 1498 ὑψουμένη
1473 1464 1600 1499 ίσχυρῶς,
1618 1464 1739 1498 ήδὺτητα
1751 1464 1854 1499 βρῶσις

1064 1510 1114 1535 οὐκ
1133 1508 1189 1542 εχει
1202 1515 1210 1523 ·
1228 1507 1299 1534 οὕτω
1325 1507 1372 1534 καὶ
1391 1509 1467 1542 ίιμεῐς
1481 1509 1504 1535 oi
1521 1508 1679 1543 ἁμαρτωλοὶ
1695 1509 1742 1534 καὶ
1755 1516 1854 1534 ταπει-

1065 1555 1117 1587 νοὶ,
1135 1555 1182 1580 ἐὰν
1199 1553 1237 1587 μὴ
1251 1552 1398 1588 ἐψηθῶμεν
1416 1553 1458 1580 διὰ
1479 1554 1583 1580 πολλῶν
1603 1554 1720 1589 θλίψεων
1731 1555 1778 1580 καὶ
1795 1563 1854 1580 πει-

1065 1600 1189 1635 ρασμῶν,
1205 1602 1236 1626 οὺ
1252 1601 1289 1635 μὴ
1307 1601 1473 1635 εἰσέλθωμεν
1500 1602 1540 1632 είς
1565 1602 1615 1636 τὴν
1640 1601 1778 1635 βασιλείαν
1799 1601 1855 1626 τῶν

1063 1646 1197 1681 οὺρανῶν.
1222 1647 1379 1681 Ἐπιφάνιος
1394 1645 1471 1673 εἶπεν
1486 1655 1493 1662 ·
1509 1646 1541 1672 Εἰ
1552 1646 1639 1679 οὕτως
1654 1647 1712 1673 ἐστὶ
1743 1646 1773 1673 τὸ
1786 1655 1854 1681 συμ-

1067 1693 1149 1727 φέρον
1177 1693 1228 1727 τῆς
1257 1692 1345 1726 ψυχῆς
1372 1692 1455 1718 αὐτοῦ
1488 1692 1642 1727 σωτηρίας,
1668 1692 1760 1718 οὐκέτι
1790 1693 1854 1727 περὶ

1064 1737 1146 1764 αὑτοῦ
1169 1737 1321 1772 φθέγξομαι
1338 1745 1344 1752 ·
1361 1738 1442 1772 μόνον
1466 1738 1513 1764 ίδω
1531 1737 1613 1764 αὐτὸν
1629 1738 1658 1764 ὲν
1670 1738 1792 1772 ὑπομονῇ
1806 1738 1854 1764 ἁν-

1064 1783 1252 1818 δρειούμενον,
1270 1783 1318 1810 καὶ
1341 1785 1382 1814 εἰς
1405 1783 1512 1817 ἀγαθὰς
1530 1783 1641 1815 ἐλπίδας
1662 1785 1709 1810 καὶ
1724 1784 1855 1815 ἐπαύλεις

1068 1829 1144 1863 παρὰ
1158 1829 1262 1864 Κυρίου
1279 1829 1431 1864 βαδίζοντα.

220 1874 245 1899 tli
264 1880 370 1900 eausa:
390 1874 469 1901 modo
483 1874 599 1909 videant,
613 1883 745 1909 generose
759 1875 938 1903 sustinentem
966 1875 1093 1908 adversa,
1122 1875 1155 1902 ad
1167 1882 1242 1910 spem
1265 1874 1344 1902 bonis
1371 1876 1551 1911 propositam,
1565 1880 1592 1903 et
1628 1876 1719 1903 aulam
1746 1876 1854 1903 Domini

220 1921 359 1948 ewlestem
372 1923 523 1956 pervenire.

258 1969 319 1998 “8.
347 1970 425 1998 Altus
442 1978 552 2006 quoque
564 1972 734 2004 adolescens,
747 1971 791 1998 cui
805 1978 901 1998 nomen
932 1967 1016 1997 Joan-

221 2024 290 2048 nes,
323 2016 496 2044 familiariter
540 2018 667 2045 utebatur
704 2018 876 2053 Epiphanio,
897 2024 1016 2051 eumque

221 2067 252 2090 ut
266 2064 578 2099 eondiscipulum,quod
594 2065 675 2092 simul
692 2072 833 2091 sacrarum
850 2063 1014 2091 Litterarum

219 2110 313 2137 studio
339 2116 492 2142 vocassent,
522 2111 632 2138 amabat
650 2119 657 2137 :
674 2111 721 2138 sed
750 2110 860 2137 amabat
891 2114 1015 2142 tantum,

221 2165 274 2184 non
289 2157 370 2184 etiam
387 2157 568 2185 amulabatur
583 2158 720 2184 virtutem.
733 2156 853 2191 Contigit
867 2156 1016 2191 aliquando

1102 1967 1284 2003 ριη¹.Ἕτερος
1291 1967 1320 1994 δέ
1326 1976 1366 2000 τις
1375 1968 1493 2000 νεανίας,
1502 1969 1615 2004 ὀνόματι
1624 1969 1760 2004 Ἰωάννης,
1771 1971 1855 2006 ἐχρη-

1070 2013 1167 2049 μάτιζε
1180 2014 1335 2049 προσφιλὴς
1357 2015 1517 2049 Ἐπιφανίῳ,
1536 2015 1632 2042 καθότι
1646 2017 1692 2042 καὶ
1704 2017 1759 2044 τῶν
1775 2017 1856 2051 ἱερῶν

1067 2061 1240 2096 γραμμάτων
1257 2061 1409 2096 ἀμφότεροι
1422 2060 1455 2086 τὰ
1469 2062 1618 2096 μαθήματα
1631 2062 1833 2097 ὲπαιδεύθησαν
1845 2070 1854 2078 ⁸

1065 2107 1162 2142 ἠγάπα
1175 2105 1222 2134 οὖν
1242 2107 1287 2134 τὸν
1299 2107 1459 2141 Ἐπιφάνιον
1475 2107 1672 2143 συμφοιτητὴν,
1688 2108 1737 2143 τὴν
1747 2109 1774 2135 δὲ
1788 2110 1855 2144 ἁρε-

1066 2155 1115 2187 τὴν
1140 2152 1222 2179 αὐτοῦ
1246 2153 1297 2179 οὐκ
1321 2153 1449 2187 ἐμιμεῖτο
1470 2153 1501 2179 τ)
1525 2153 1645 2181 σύνολον.
1668 2155 1726 2190 Mai
1741 2155 1788 2182 οὖν
1800 2156 1855 2182 τῶν

220 2203 428 2230 considentibus
441 2208 558 2238 utroque
571 2203 597 2230 in
615 2203 675 2230 loco
690 2203 797 2237 publico
811 2206 837 2229 et
854 2202 1011 2237 colloquen-

1067 2199 1189 2234 ἡμερῶν,
1204 2198 1448 2233 συγκαθεζομένων
1463 2199 1518 2225 τῶν
1531 2199 1694 2234 ἀμφοτέρων
1708 2201 1814 2226 παίδων
1825 2201 1855 2227 ἐν

220 2248 306 2281 tibus,
338 2249 508 2276 meretticem
524 2249 587 2276 illac
599 2249 650 2275 iter
675 2248 795 2275 habere:
809 2256 871 2282 qua:
890 2248 934 2274 ttbi
947 2248 1014 2275 ado-

221 2295 357 2322 lescentes
380 2295 533 2330 conspexit,
561 2295 680 2337 pritnurq
709 2294 866 2329 gesticulari
892 2294 1016 2328 impura,

217 2340 319 2368 deinde
334 2349 436 2376 corpus
451 2341 539 2368 modis
557 2340 693 2368 indecoris
719 2347 838 2371 movere,
865 2347 897 2366 eo
912 2347 961 2367 sua
975 2339 1016 2366 di-

220 2389 312 2423 rigens
333 2389 477 2415 conaniuta
488 2409 496 2422 ,
516 2392 546 2415 ut
560 2388 674 2415 alterum
692 2386 789 2414 saltem
806 2386 915 2414 illorum
931 2386 958 2412 in
973 2385 1015 2413 sui

218 2435 472 2470 concupiscentiam
493 2434 662 2469 pertraheret
678 2432 842 2468 perniciosa.
857 2431 962 2459 Interea
978 2432 1015 2458 fa—

220 2481 292 2508 uietn
309 2489 386 2508 suam
399 2489 458 2508 aVet
466 2485 536 2508 terat
545 2480 725 2516 Epiphanius,
736 2479 865 2514 socioque
873 2478 1017 2506 subridens

223 2527 331 2554 dieelat
355 2535 361 2553 :
394 2526 464 2554 Ecce
487 2526 654 2561 vulpiculam
678 2523 909 2556 inverecundam,
933 2531 1015 2558 quam

223 2574 323 2601 blande
343 2573 478 2601 aviculam
511 2577 595 2600 tentet
620 2571 802 2606 intercipere,
823 2569 946 2604 juvenis,
978 2569 1019 2596 in.

221 2627 317 2655 quam,
352 2620 470 2655 alicujus
494 2619 613 2647 animam
640 2618 766 2653 praedari.
791 2618 824 2645 At
852 2624 916 2645 vero
933 2615 1017 2644 Joan-

224 2674 286 2698 nes,
315 2671 345 2693 ut
371 2670 431 2693 erat
461 2665 672 2701 perditissimus,
690 2664 790 2692 furtivo
807 2664 832 2690 in
849 2663 921 2690 illam
939 2663 1015 2690 obtu-

223 2719 253 2739 tu
269 2721 418 2740 conversus
427 2717 497 2744 erat,
513 2713 593 2744 clam,
607 2715 636 2739 ut
651 2711 774 2746 putabat,
785 2709 935 2744 Epiphanio
949 2717 957 2735 τ
970 2708 1016 2743 qui

225 2758 373 2791 perniciem
400 2758 499 2786 anima:
525 2758 609 2788 illius.
626 2764 719 2784 revera
737 2754 884 2786 libidinosi,
903 2759 929 2781 ct
946 2755 1018 2781 insa-

226 2810 264 2829 no
279 2810 343 2837 erga
372 2804 488 2831 feminas
515 2810 608 2830 amore
622 2802 755 2833 succensi,
780 2801 909 2829 uberibus
924 2807 1016 2834 prose-

229 2848 515 2885 quebaturlact'ymis,
530 2848 715 2876 ct-tninacitcr
741 2848 767 2876 itt
787 2847 956 2875 meretricem
979 2847 1018 2874 in-

1065 2244 1103 2278 τῷ
1117 2244 1248 2278 δημοσίῳ,
1273 2244 1320 2270 καὶ
1344 2244 1379 2270 τὰ
1400 2244 1511 2278 ῥήματα
1530 2244 1707 2277 ὁμιλούντων,
1727 2246 1794 2281 γυνή
1812 2255 1855 2278 τις

1068 2291 1155 2326 μιμὰς
1170 2289 1330 2324 διερχομένη
1346 2289 1374 2315 ἐν
1394 2290 1449 2320 τοῖς
1466 2290 1533 2322 ἐκεῖ,
1548 2290 1585 2320 ὡς
1601 2291 1665 2322 τοὺς
1679 2291 1854 2326 ἀμφοτέρους

1067 2336 1167 2367 παῖδας
1198 2335 1339 2368 ἐθεάσατο,
1368 2335 1469 2370 ἤρξατο
1496 2337 1512 2371 ἡ
1544 2336 1699 2371 ἀκάθαρτος
1725 2338 1854 2372 σχήματα

1069 2382 1213 2416 πράττειν,
1233 2381 1296 2415 ἑξῆς
1313 2382 1360 2408 καὶ
1376 2382 1516 2417 κινήματα
1528 2382 1575 2408 καὶ
1589 2382 1777 2417 βλακεύματα,
1794 2392 1855 2410 πει-

1069 2428 1181 2462 ρωμένη
1198 2428 1214 2463 ἡ
1230 2427 1385 2462 γάγγραινα
1402 2428 1454 2454 κᾶν
1469 2427 1516 2454 ἕνα
1536 2428 1650 2462 συλῆσαι
1668 2429 1709 2460 εὶς
1727 2429 1777 2464 τὴν
1793 2430 1855 2456 ἑπι-

1069 2474 1169 2509 ουμίαν
1188 2474 1286 2509 αὐτῆς.
1308 2475 1353 2504 Ὠς
1369 2473 1398 2500 δὲ
1415 2474 1502 2500 ταῦτα
1516 2473 1703 2509 διεπράττετο,
1721 2475 1855 2509 ἀπέστρε-

1069 2521 1103 2554 ψε.
1131 2520 1181 2555 τὴν
1201 2520 1262 2554 ὄψιν
1282 2520 1365 2546 αὐτοῦ
1385 2519 1447 2546 ἰδὼν
1467 2519 1626 2554 Ἐπιφάνιος
1648 2520 1855 2554 ὑπομειδιάσας,

1069 2566 1114 2593 καί
1131 2575 1213 2601 φησιν
1228 2574 1235 2582 ·
1262 2566 1348 2592 Βλέπε
1364 2565 1413 2601 τὴν
1437 2565 1568 2592 ἀλώπεκα
1592 2565 1641 2601 τὴν
1664 2566 1854 2601 ἀναίσχυντον,

1069 2612 1127 2644 πῶς
1149 2612 1348 2639 ὑποκυνεύεται
1369 2612 1445 2646 δρνιν
1472 2611 1632 2646 πειρωμένη
1657 2611 1761 2644 λαῦεῖν,
1784 2612 1856 2646 φημὶ

1068 2658 1202 2692 νεωτέρου
1219 2657 1290 2688 τινὸς
1304 2657 1393 2692 ψυχὴν
1409 2656 1457 2684 τοῦ
1474 2657 1616 2692 θηρεῦσαι.
1636 2657 1666 2684 '0
1680 2658 1854 2692 δὲἹωάννης,

1068 2705 1105 2737 ὡς
1122 2705 1160 2731 ὢν
1173 2704 1364 2737 ἐξωλέστατος,
1392 2704 1558 2730 κατεσκόπει
1581 2703 1713 2738 κρυψίως,
1731 2703 1768 2735 ὡς
1786 2704 1854 2730 ὑπο-

1069 2751 1206 2778 λανθάιιων
1218 2750 1257 2786 τῷ
1276 2751 1438 2785 Ἐπιφανίῳ.
1456 2749 1602 2785 Πορευθεὶς
1617 2750 1645 2776 δὲ
1657 2751 1671 2776 ὁ
1685 2750 1855 2784 Ἐπιφάνιος,

1070 2798 1196 2824 ἐλυπεῖτο
1219 2797 1265 2823 ἐπὶ
1289 2798 1321 2831 τῇ
1350 2796 1473 2831 ἀπωλείᾳ
1497 2795 1546 2830 τῆς
1564 2795 1653 2830 ψυχῆς
1673 2795 1755 2822 αὐτοῦ
1773 2804 1779 2810 ·
1810 2795 1854 2821 ἐπ’

1071 2844 1199 2879 ὰ).η¹);ίας
1220 2844 1272 2878 γὰρ
1294 2843 1394 2874 ictum;
1413 2841 1461 2875 ὢν,
1488 2842 1615 2876 ἐμαίνετο
1640 2843 1679 2873 εἰς
1699 2842 1732 2868 τὰ
1750 2841 1856 2876 σκωλη-
