2009 3088
147 135 200 167 785

753 139 842 169 VlTA
862 140 892 169 S.
915 138 1076 169 ANDRE/E
1095 137 1187 170 SALl.

1733 133 1786 165 786

144 192 211 223 θεὸς
225 191 397 220 ἐθανάτωσεν
409 192 479 220 "xui;
489 193 651 229 ἀνήγγειλεν
664 195 739 230 αὐτῷ
754 196 789 223 τὰ
805 195 938 232 ὁραθέντα

993 197 1101 223 minum
1129 203 1177 230 per
1211 200 1235 223 te
1258 203 1352 223 omnes
1378 194 1504 223 inimicos
1530 199 1626 220 meos:
1649 191 1785 225 simulque

145 239 215 273 αὐτῇ
228 238 273 266 διὰ
286 239 336 274 τῆς
352 238 459 270 νυκτός.
478 239 534 266 Καὶ
545 240 620 273 λέγει
636 241 706 277 αὐτῇ
727 242 741 268 ό
761 242 918 277 Ἐπιφάνιος
933 251 940 258 ·

150 284 183 310 Ἥ
197 284 288 315 πίστις
307 292 356 311 σου
370 285 385 320 ἡ
403 285 492 320 ἀγαθὴ
506 285 593 312 ταῦτα
609 286 699 313 πάντα
717 295 758 314 σοι
773 287 919 322 ἂπορίσατο
932 296 940 304 ο

147 330 208 355 ἐπεὶ
220 329 300 364 ἡμεῖς
310 329 450 365 ἄνθρωποι
466 331 624 366 ἁμαρτωλοί
636 332 730 366 ἐσμεν,
757 332 880 368 δεόμενοι
893 332 940 360 τοῦ

144 375 238 407 ὲλέους
256 374 372 410 Κυρίου.
393 375 477 403 Τοῦτο
494 377 615 412 εἰρηκὼς
629 378 800 414 ἀνεχώρησε,
816 379 863 406 καὶ
879 387 941 406 συν-

146 422 215 457 αντᾷ
236 421 282 448 τὺν
309 422 446 457 μακάριον
471 423 601 460 ’Δνδρέαν
618 424 774 460 ἔμπροσθεν
800 425 855 452 τῶν
869 426 941 452 Χαλη

143 468 317 503 κοπρατείων
331 468 387 505 (Si)
402 470 534 502 παίζοντα
547 472 596 498 καὶ
610 472 728 499 σάσοντα
745 472 812 507 (52).
830 473 885 500 Καὶ
902 474 939 505 ὡς

144 512 277 540 ἐθεάσατο
298 514 344 541 τὶν
358 515 529 549 Ἐπιφάνιον,
544 513 608 551 ἦλθε
632 517 700 552 πρὸς
724 517 806 544 αὐτὸν
829 517 941 553 μειδιῶν

146 555 183 590 τῷ
203 556 344 592 προσώπῳ
360 558 408 584 καὶ
420 559 644 595 εὐφραινόμενος.
659 561 760 596 Ἐγγὺς
778 561 807 588 δὲ
824 561 940 597 γενόμε-

144 610 199 634 νος,
222 599 310 636 εἶπεν,
338 601 415 636 Εἶδες
437 605 483 632 τὸν
498 606 637 642 δραγάτην
654 608 714 640 πῶς
735 608 868 643 φυλάσσει
893 609 939 635 τὸν

146 646 297 681 ἀμπελῶνα
320 649 435 684 Κυρίου,
456 650 504 677 καὶ
529 651 587 682 πῶς
608 651 734 679 ἐκδιώκει
747 652 798 685 τὰς
815 653 939 688 κορώνας

146 694 194 719 καὶ
207 693 270 723 τοὺς
285 694 408 730 κόρακας
422 703 433 728 ;'
451 696 534 730 Λέγει
549 698 563 724 ὁ
579 696 740 733 Ἐπιφάνιος
756 707 764 714 ·
799 699 939 735 Ἐοαμσή-

145 739 206 773 θην,
219 740 321 776 Πάτερ,
336 741 396 768 λίαν
412 750 420 758 ·
436 743 497 769 ἀλλ’
510 741 585 775 οἶδας
608 744 723 780 πυρρῶν
741 745 877 782 δαιμόνων
892 746 938 774 τὸν

147 784 288 819 καύσωνα,
305 787 352 813 καὶ
368 787 417 814 ὅσα
429 787 505 815 δεινά
518 797 565 824 μοι
576 789 610 816 τὰ
625 789 708 825 Θηρία
726 790 773 817 καὶ
787 791 821 818 τά
834 791 940 827 ἑρπετά

144 832 192 858 σὺν
204 833 260 864 τοῖς
272 832 377 865 λοιποῖς
390 833 559 868 ἐνεδείξαντο
575 843 582 868 ;
606 833 636 862 '0
652 836 788 871 μακάριος
810 836 862 872 ἔφη
874 845 881 851 ·
897 837 938 864 Τά

995 242 1112 276 aperuit.
1139 250 1200 277 qum
1224 246 1304 269 nocte
1330 242 1375 269 illa
1390 248 1438 276 per
1458 240 1590 268 visionem
1609 241 1784 273 cognoverat.

994 288 1044 315 Cui
1067 287 1236 323 Epiphanius
1252 296 1259 314 :
1276 288 1408 316 Prmelara
1423 286 1489 314 fides
1501 290 1547 313 tua
1567 285 1623 312 haec
1640 283 1688 311 tibi
1715 282 1784 309 bona

995 334 1159 369 apportavit,
1185 341 1235 362 nos
1252 333 1324 361 enim
1338 332 1435 360 miselli
1456 335 1611 366 peccatores
1625 336 1726 358 sumus.
1742 327 1785 355 di—

993 381 1064 407 vina:
1091 379 1276 407 miserationis
1302 385 1410 413 semper
1438 377 1534 412 indigi.
1559 375 1615 402 Nec
1638 375 1715 408 plura
1737 374 1786 400 ad-

992 426 1071 460 dens,
1087 425 1159 452 viam
1181 433 1259 452 suam
1274 429 1435 460 prosecutus
1460 428 1522 450 est:
1537 428 1652 455 moxque
1673 419 1784 448 obvium

992 471 1075 500 habet
1105 471 1136 498 B.
1152 470 1300 504 Andream,
1321 471 1354 498 ad
1370 470 1481 498 terarias
1501 468 1623 497 oilicinas
1641 473 1718 494 more
1735 473 1785 493 suo

992 519 1131 547 ludentem
1158 524 1185 547 et
1210 519 1397 547 calcitrantem
1413 525 1421 545 :
1437 516 1484 550 qui
1500 520 1529 543 ut
1556 514 1708 541 venientem
1723 511 1786 547 Epi—

991 565 1121 600 phanium
1137 565 1291 601 conspexit,
1308 564 1404 592 leniter
1419 562 1510 590 ridens
1532 561 1704 597 gestiensque
1719 558 1787 585 heli-

989 611 1039 644 lla,
1073 619 1187 647 propere
1210 611 1339 644 accurrit,
1368 617 1399 638 ac
1425 616 1509 644 prope
1538 612 1654 635 astans:
1675 604 1787 633 Vidisti-

991 665 1036 692 ne,
1063 659 1159 694 inquit,
1188 658 1330 694 fugitivum
1360 656 1446 687 illum,
1481 653 1618 689 quomodo
1649 649 1788 679 custodiat

991 705 1098 732 vincam
1126 703 1242 737 Domini,
1268 701 1407 738 quomodo
1437 700 1562 728 cornices
1583 703 1665 732 atque
1691 702 1788 723 corve;

991 750 1106 779 arceat?
1130 750 1286 785 Respondet
1311 747 1502 784 Epiphanius:
1523 742 1683 773 Contremui
1706 741 1788 768 vehe-

992 801 1107 830 menter,
1133 796 1170 824 mi
1193 796 1275 824 Pater
1293 804 1301 823 :
1320 802 1415 822 verum
1441 792 1550 820 nostine
1570 791 1711 826 igncorum
1733 787 1788 814 da:-

991 850 1102 870 monum
1119 848 1214 871 contra
1230 849 1273 869 me
1287 845 1414 869 conatum
1429 843 1455 867 et
1466 836 1643 874 gravissimas
1653 834 1785 862 ferarum.

147 876 233 903 πλείω
259 877 400 905 τούτων-ὁ
422 879 526 914 Κύριος
542 880 698 915 ἠλάττωσεν
712 889 719 897 ·
738 881 829 908 καίτοι
854 883 878 908 εί
901 882 938 918 μὴ

992 889 1172 924 serpentium,
1199 888 1371 922 aliorumque
1382 887 1409 913 in
1431 883 1579 920 perniciem
1602 888 1690 909 meam
1708 879 1787 926 moli-

143 922 231 950 ταῦτα
246 923 348 959 συνέϐη
364 925 502 959 γενέσθαι,
520 926 579 958 πῶς
591 927 623 953 ἂν
637 927 731 963 ήγυνὴ
745 927 777 954 ὲκ
789 927 843 954 τῶν
853 928 938 962 ἀναγ-

992 922 1098 961 tiones?
1115 934 1156 961 Ad
1168 934 1225 961 lucc
1242 937 1354 961 sanctus
1374 942 1380 960 :
1395 931 1477 958 Plura
1495 929 1537 956 his
1550 926 1680 954 Dominus
1694 924 1786 957 elisit;

144 968 202 994 κῶν
219 969 304 1004 αὐτῆς
317 969 509 1005 ἀπηλλάσσετο
525 980 533 1004 ;
551 972 609 1003 πῶς
622 973 655 999 ἂν
669 974 697 999 al
712 973 831 1009 κορῶναι
847 975 938 1002 καὶτὰ

992 981 1092 1008 etenim
1118 979 1171 1008 nisi
1194 979 1288 1007 istlizcc
1322 978 1488 1008 evenissent,
1516 982 1571 1010 qtto
1591 975 1669 1008 pacto
1689 969 1787 997 mulier

144 1014 256 1041 πετεινὰ
270 1015 597 1052 ἁπενεκρώθησαν;πῶς
621 1019 654 1046 ἂν
678 1020 692 1046 ὁ
715 1020 813 1054 Αἰθίοψ
835 1021 940 1054 ἐκεῖνος

143 1059 383 1096 ἀπεστρεσλοῦτο;
411 1063 458 1089 καὶ
488 1064 532 1090 ἵνα
557 1063 696 1102 γινώσκῃς
720 1067 797 1093 ποῖόν
825 1067 885 1093 ἐστι
910 1067 942 1094 τὸ

143 1106 267 1141 ἀλλήλων
279 1108 314 1134 τὰ
331 1109 401 1144 βάρη
418 1110 575 1144 βαστάζειν.

995 1026 1159 1059 discrimini,
1179 1025 1205 1053 in
1223 1032 1277 1060 quo
1306 1024 1481 1056 versabatur,
1502 1019 1614 1055 erepta?
1631 1026 1685 1053 quo
1707 1024 1749 1051 ναι
1759 1019 1787 1042 ιο

995 1072 1121 1100 cornices
1145 1075 1303 1106 czeteraeque
1335 1070 1459 1098 volucres
1485 1066 1607 1095 occisae?
1624 1071 1678 1100 quo
1706 1065 1787 1098 part0

994 1117 1120 1153 (Ethiops
1131 1117 1176 1144 ille
1191 1121 1278 1144 tortus
1294 1120 1427 1150 terraique
1444 1114 1540 1142 allisus
1570 1109 1683 1139 fuisset?
1708 1107 1787 1136 deni-

142 1155 249 1188 queilla
263 1161 424 1190 evenerunt,
445 1161 475 1184 ut
490 1163 517 1184 tu
527 1158 694 1193 experientia
713 1159 843 1195 disceres,
856 1163 952 1197 quanti
969 1165 1103 1192 momenti
1117 1171 1161 1192 res
1174 1163 1220 1198 sit,
1236 1164 1350 1191 alterum
1377 1162 1489 1190 alterius
1516 1159 1685 1188 calamitates
1705 1160 1787 1191 atque

142 1207 225 1226 onera
242 1205 362 1235 portare.

182 1247 251 1282 ρλη’.
276 1246 370 1274 Ταῦτα
395 1249 538 1284 εἰρηκότος
563 1250 610 1278 τοῦ
639 1253 787 1288 μακαρίου.
820 1253 895 1288 λέγει
927 1255 941 1281 ὁ

151 1293 332 1328 Ἐπιφάνιος·
358 1295 460 1330 Δέομαί
488 1305 546 1330 σου,
578 1298 641 1325 ἐπεὶ
663 1299 752 1326 πάντα
780 1300 937 1333 ἐπίστασαι,

144 1340 307 1375 ἀνάγγειλόν
323 1342 407 1376 μοιτί
426 1340 461 1377 ἦν
476 1343 589 1378 ήζώνη,
603 1344 652 1371 καὶ
673 1345 699 1371 τί
716 1346 731 1380 ἡ
745 1345 875 1381 κανδῆλα,
891 1346 938 1372 καὶ

143 1385 169 1411 οι
185 1384 315 1420 τέσσαρες
334 1386 432 1421 κόμὸοι
445 1387 494 1421 τῆς
507 1387 605 1422 ζώνης,
623 1389 671 1416 καὶ
694 1389 724 1416 τὸ
748 1389 831 1425 ὕδωρ,
848 1391 938 1417 καὶτὸ

144 1430 244 1462 ἔλαιον,
263 1432 310 1458 καὶ
321 1431 351 1458 τὸ
362 1432 560 1467 ἀπτρότουϐον,
577 1435 625 1461 καὶ
636 1434 708 1461 amt
720 1435 765 1462 διὰ
777 1435 831 1462 τῶν
849 1435 938 1462 τοιού-

144 1485 198 1503 των
211 1477 225 1503 δ
239 1477 353 1512 μάταιος
366 1479 478 1505 τοιαῦτα
495 1481 648 1515 ἐνήργησεν
671 1482 710 1513 εἰς
732 1483 781 1517 τὴν
808 1484 937 1516 γυναῖκα.

150 1523 181 1549 ’0
199 1524 336 1559 μακάριος
351 1522 429 1551 εἶπεν
440 1534 448 1541 ·
470 1526 500 1552 El
514 1526 603 1559 θέλεις
616 1528 722 1563 μαθεῖν,
738 1530 855 1556 ἄκουσον
867 1538 874 1545 ·
890 1530 938 1556 καὶ

143 1571 198 1606 γὰρ
214 1571 252 1602 ώς
267 1571 323 1597 οὐδ’
337 1572 406 1604 ὅλως
421 1573 620 1609 σοιὰπὲκρυψά
632 1583 669 1608 τι,
682 1575 743 1602 οὐδὲ
756 1576 804 1602 νῦν
817 1575 940 1612 ἀποκρύ-

142 1617 197 1652 ψω.
225 1618 306 1649 Ἐυος
323 1617 363 1653 τῷ
391 1618 508 1655 δασὸλῳ
534 1620 592 1647 ἐστὶ
621 1621 729 1657 πρῶτον
752 1621 864 1649 διώκειν
889 1621 940 1657 τὴν

144 1661 225 1696 χάριν
236 1662 284 1689 τοῦ
297 1662 366 1689 Θεοῦ
381 1663 435 1690 ἀπὸ
451 1664 506 1691 τῶν
521 1665 685 1700 ἀνθρώπων,
708 1666 755 1693 καὶ
778 1667 838 1693 τότε
851 1667 939 1702 είσὲρ-

146 1715 224 1742 χεται
236 1709 442 1744 ἀνεμποδίστως
457 1711 486 1737 ἐν
498 1711 573 1748 αὐτῷ
587 1720 596 1729 ο
610 1712 659 1748 οὐχ
680 1713 722 1739 ὅτι
738 1713 820 1740 αὐτὸν
841 1713 938 1748 c.0600-

147 1754 217 1790 μὲνη
237 1755 253 1789 ή
270 1755 351 1791 χάρις
375 1756 581 1792 ἀποδιδράσκει,
605 1757 674 1785 ἀλλὰ
701 1759 856 1794 μισουμένη
889 1760 936 1785 καὶ

144 1800 344 1838 βδελυσσομένη
371 1803 419 1838 τὴν
442 1804 575 1832 δυσωδίαν
601 1805 651 1839 τῆς
684 1804 822 1840 ἁμαρτίας
839 1814 846 1820 ·
876 1805 933 1832 ἀλλ’

142 1847 205 1874 οὑδὲ
230 1847 303 1874 κατὰ
333 1844 479 1883 τυραννίδα
501 1849 637 1886 ἀποφέρει
661 1850 701 1882 εἰς
723 1850 863 1885 ἁμαρτίαν
889 1851 936 1878 τὸν

143 1891 300 1928 ἄνθρωπον,
317 1893 375 1920 ἀλλ’
387 1894 441 1921 ἀπὸ
459 1896 649 1930 προαιρέσεως
664 1903 672 1911 ’
690 1895 800 1928 κολάζει
817 1898 872 1931 γὰρ
889 1896 937 1923 καὶ

143 1938 325 1973 γαργαλίζει*
343 1941 391 1967 καὶ
406 1940 478 1967 οὕτω
504 1942 542 1977 μὴ
570 1941 662 1977 φέρων
676 1942 778 1975 ἐκεῖνος
798 1942 847 1975 τὴν
858 1943 940 1978 διλη-

146 1993 199 2018 σιν,
216 1986 403 2022 ἀπερχόμενος
425 1988 579 2023 ἁμαρτάνει
596 1988 665 2023 (55),
680 1989 727 2016 καὶ
742 1989 799 2025 ἔχει
825 1989 939 2024 εὔλογον

142 2033 156 2059 ὀ
171 2032 295 2066 διάϐολος
311 2035 360 2060 ἀπ’
383 2034 470 2070 αὐτῆς
493 2035 544 2070 τῆς
566 2034 667 2069 αίτίας,
685 2035 727 2062 ὄτι
756 2036 939 2072 ἱδιοπροαιρέ-

141 2086 197 2109 τως
215 2080 370 2116 ἁμαρτάνει
392 2081 406 2107 ὁ
432 2081 578 2116 ἄνθρωπος
592 2087 600 2095 ·
614 2081 658 2108 διὰ
680 2081 760 2109 τοῦτο
787 2081 937 2116 ἀφίσταται

146 2124 254 2160 ἠχάρις
270 2125 317 2152 τοῦ
334 2126 440 2161 Κυρίου
454 2127 503 2154 ἀπ’
520 2127 615 2154 αὑτοῦ.

1029 1255 1090 1282 158.
1115 1254 1276 1282 Sermonem
1301 1253 1426 1281 Andreas
1448 1251 1564 1283 ﬁnierat,
1592 1257 1654 1277 cum
1674 1247 1785 1276 ordiens

992 1301 1164 1337 Epiphanius
1186 1301 1264 1329 :Oro
1284 1304 1321 1332 te.
1353 1299 1453 1334 inquit,
1471 1297 1602 1333 quoniam
1629 1300 1726 1323 cuncta
1739 1294 1786 1321 tibi

988 1348 1177 1380 innotuerunt,
1190 1347 1234 1375 dic
1256 1346 1334 1378 mihi,
1351 1345 1415 1381 quid
1432 1352 1512 1376 zona,
1527 1343 1594 1378 quid
1606 1340 1786 1377 ellychnium,

988 1393 1054 1429 quid
1080 1393 1143 1421 nodi
1165 1394 1192 1420 in
1220 1400 1288 1420 zona
1311 1391 1446 1427 quaterni,
1473 1389 1538 1425 quid
1567 1396 1656 1423 aqua,
1684 1386 1790 1417 oleum,

988 1439 1094 1474 lampas
1116 1439 1167 1466 sibi
1193 1439 1287 1470 velint,
1308 1444 1364 1465 tum
1385 1437 1479 1466 etiam.
1495 1443 1545 1463 cur
1558 1439 1648 1462 tantos
1674 1436 1786 1468 propter

990 1485 1144 1512 istiusmodi
1170 1492 1214 1512 res
1243 1484 1376 1512 adversus
1393 1482 1534 1509 mulierem
1553 1482 1633 1508 istam
1651 1478 1789 1507 tumultus

990 1532 1116 1559 excitarit
1138 1531 1314 1559 daemonium.
1343 1530 1394 1558 Cui
1409 1530 1449 1558 sic
1471 1528 1613 1563 respondit
1637 1527 1759 1554 Andreas
1778 1535 1785 1551 :

993 1580 1023 1607 Si
1042 1579 1094 1607 ista
1114 1578 1235 1614 penitius
1264 1583 1407 1613 penetrare
1430 1578 1527 1610 cupis,
1551 1582 1632 1602 aures
1671 1573 1786 1608 arrige;

994 1625 1224 1662 quemadmodum
1254 1625 1326 1651 enim
1353 1623 1422 1650 nihil
1437 1622 1586 1658 quidquam
1610 1627 1700 1647 rerum
1717 1626 1787 1645 mea-

991 1680 1053 1700 rum
1083 1675 1109 1699 te
1138 1670 1223 1699 celavi
1254 1676 1394 1704 unquam,
1421 1667 1457 1694 ita
1493 1673 1582 1701 neque
1618 1663 1786 1692 committam

990 1717 1073 1745 modo
1101 1721 1132 1745 ut
1159 1717 1215 1744 haec
1241 1716 1358 1752 ignores.
1388 1714 1438 1742 Istc
1469 1713 1577 1741 diabolo
1605 1718 1665 1739 mos
1689 1713 1741 1742 est,
1757 1717 1788 1741 υι

988 1764 1108 1799 primum
1137 1763 1248 1798 quidem
1260 1770 1274 1790 e
1288 1761 1417 1789 cordibus
1441 1759 1582 1788 hominum
1605 1758 1724 1786 divinam
1738 1763 1787 1782 ex-

988 1809 1070 1844 pellat
1084 1809 1210 1845 gratiam,
1231 1816 1287 1844 quo
1303 1807 1401 1836 deinde
1417 1806 1530 1835 liberius
1553 1805 1600 1832 illa
1619 1804 1678 1839 ipse
1701 1806 1786 1830 occu‘

990 1860 1055 1891 pet:
1072 1863 1161 1891 neque
1173 1859 1263 1883 tamen
1275 1854 1366 1889 fugam
1380 1853 1442 1881 inde
1453 1851 1572 1888 capessit
1599 1849 1697 1886 gratia,
1713 1849 1785 1884 quod

992 1901 1048 1928 ullo
1078 1900 1209 1928 damonis
1235 1899 1333 1927 timore
1358 1898 1522 1933 expellatur,
1548 1896 1594 1924 sed
1625 1895 1698 1930 quod
1721 1893 1786 1920 odio

992 1946 1101 1982 capitali
1114 1950 1295 1982 prosequatur
1310 1949 1392 1980 atque
1402 1944 1574 1972 abominetur
1589 1940 1785 1976 turpitudinem

988 1993 1103 2028 peccati.
1115 1992 1209 2028 Neque
1228 1996 1320 2019 tamen
1346 1991 1479 2019 violenter
1498 1989 1525 2017 in
1539 1992 1680 2024 peccatum
1715 1992 1787 2020 pra:-

989 2038 1118 2073 cipitatur
1142 2038 1235 2069 homo,
1253 2037 1299 2065 sed
1311 2040 1406 2072 sponte
1421 2043 1471 2064 sua
1485 2039 1511 2062 et
1528 2036 1667 2060 annuente
1688 2029 1786 2057 Volun-

989 2089 1045 2113 tate
1061 2084 1208 2117 iuducitur,
1223 2083 1358 2111 daemonis
1366 2081 1468 2117 quippe
1476 2078 1640 2108 blandientis
1660 2081 1786 2104 carnem-

989 2139 1042 2166 que
1077 2130 1213 2158 titillantis
1236 2129 1412 2157 tentationem
1428 2135 1483 2155 non
1510 2126 1612 2158 ferens,
1633 2123 1724 2152 scelus
1734 2120 1784 2148 ad-

142 2170 343 2206 mittit:atque
369 2172 406 2200 ita
421 2180 453 2200 ex
470 2173 551 2208 pleno
578 2180 715 2201 consensu
739 2179 897 2209 peccantem
909 2182 1025 2212 occupat
1054 2177 1205 2205 hominem
1226 2176 1363 2210 diabolus,
1389 2176 1476 2212 gratia
1505 2182 1552 2210 per
1580 2176 1723 2210 peccatum
1741 2171 1784 2198 et-

144 2218 248 2254 fugata.

180 2266 248 2300 ρλϐ’.
263 2266 358 2300 οὕτως
376 2267 423 2295 οὖν
438 2268 568 2304 εποίησεν
581 2270 595 2297 ὁ
606 2269 747 2305 ἀλλότριος
763 2270 810 2298 καὶ
823 2271 857 2298 τὰ
872 2271 937 2307 περὶ

1026 2270 1088 2298 159.
1104 2269 1136 2298 Et
1153 2270 1206 2299 hoc
1230 2270 1313 2298 modo
1325 2277 1387 2298 cum
1404 2269 1519 2297 muliere
1530 2276 1640 2304 quoque
1653 2268 1782 2303 praedicta

142 2315 192 2349 τῆς
220 2315 370 2348 γυναικός·
386 2314 485 2342 ἐὸλεπε
514 2315 567 2352 γὰρ
597 2316 641 2344 ἀεὶ
666 2316 753 2352 αὐτὴν
781 2317 936 2351 ἀγαπῶσαν

142 2360 284 2396 ὀλοψύχως
300 2361 346 2388 τὸν
367 2360 444 2394 Θεὸν,
465 2360 513 2388 καὶ
535 2362 595 2393 πῶς
611 2362 697 2397 αὐτὴν
718 2363 881 2390 καταὸαλεῖν
905 2363 936 2389 οὗ

142 2407 305 2442 δυνάμενος,
325 2408 370 2435 διὰ
385 2408 432 2435 τοῦ
450 2409 547 2444 ἀνδρὸς
569 2409 654 2444 αὐτῆς
670 2409 710 2441 είς
727 2409 814 2436 ταῦτα
831 2410 938 2437 ἐνέπει-

145 2462 201 2488 ρεν,
233 2454 460 2490 ίδιοπροαιρέτως
493 2455 664 2482 ἀπελθοῦσαν
693 2457 734 2487 είς
756 2455 803 2482 τὸν
835 2456 937 2484 πλάνον

143 2499 259 2527 ἐκεῖνον.
287 2500 422 2536 Αίτιιύσης
440 2501 496 2537 γὰρ
513 2500 600 2536 αὐτῆς
616 2501 646 2528 τὸ
671 2501 842 2536 καταθύμιον
861 2501 938 2536 γενέσ-

144 2545 218 2578 σοαι,
248 2548 295 2574 καὶ
323 2548 373 2581 τὴν
398 2547 489 2583 ψυχὴν
514 2548 600 2583 αὐτῆς
625 2547 888 2583 άποὸαλέσθαι,ὂρα
910 2548 938 2574 τί

144 2592 219 2618 ποιεῖ
233 2592 302 2628 πρὸς
316 2592 346 2619 τὸ
362 2593 475 2627 ποιῆσαι
488 2593 539 2630 τὴν
551 2593 691 2620 ἀπώλειαν
713 2594 761 2628 τῆς
776 2593 864 2628 ψυχῆς
881 2593 937 2620 αὑ·-

143 2636 206 2672 τῆς,
222 2638 271 2664 καὶ
289 2638 337 2664 τοῦ
353 2640 493 2665 κατοικεῖν
506 2639 536 2665 ὲν
552 2639 622 2675 αὐτῇ
643 2639 680 2670 ὡς
696 2638 750 2675 ίδίᾳ
766 2639 936 2675 προαιρέσει,

180 2717 239 2752 (51)
258 2717 513 2754 Βεῗβῐιιῐοςιρηιιῇἰε
525 2718 582 2754 lego
599 2717 807 2754 Cangiumslih.
824 2726 856 2750 ιι,
875 2726 935 2753 cap.

142 2752 188 2784 16,
202 2760 278 2779 num.
291 2752 337 2786 22,
349 2757 376 2780 et
391 2753 465 2780 disce
475 2752 629 2781 Judworum
644 2753 705 2782 illas
715 2753 839 2782 ofﬁcinas
852 2752 936 2781 fuisse

142 2787 216 2816 haud
233 2789 326 2821 procul
343 2788 377 2815 ab
394 2788 508 2816 ecclesia
522 2789 550 2815 S.
563 2788 681 2823 Sophim.

183 2822 237 2858 (52)
260 2824 296 2850 Ita
314 2823 374 2859 lego
389 2823 462 2858 quod
477 2823 544 2851 alias
557 2822 609 2859 per
622 2823 819 2851 nominativum
834 2824 935 2852 scribe-

145 2862 236 2893 batur,
265 2858 371 2893 παίζων
393 2860 439 2886 καὶ
477 2858 566 2887 casm
580 2867 586 2887 :
601 2866 761 2888 cxnumcro
779 2865 868 2888 autent
886 2859 934 2888 lit

990 2316 1045 2351 egit
1080 2315 1209 2344 inimicus
1231 2315 1348 2343 daemon.
1388 2315 1615 2343 Anitnadvertcns
1647 2314 1719 2342 enim
1748 2321 1781 2342 ex

992 2366 1049 2390 toto
1065 2361 1138 2389 illam
1159 2361 1242 2389 corde
1267 2365 1403 2388 amantem
1421 2361 1612 2396 colentemque
1627 2360 1686 2393 Dei,
1702 2359 1782 2386 aliter

991 2416 1047 2436 non
1075 2407 1197 2442 possead
1220 2406 1388 2442 peccandum
1410 2407 1530 2439 adduci,
1551 2407 1676 2441 specioso
1691 2406 1782 2433 mariti

991 2454 1043 2482 sibi
1057 2461 1178 2482 amorem
1197 2453 1363 2482 conciliandi
1381 2454 1458 2481 titulo
1482 2453 1556 2482 illam
1569 2458 1674 2482 tentare
1688 2461 1783 2489 agres-

992 2509 1040 2529 sus
1053 2504 1106 2534 est,
1127 2509 1189 2529 mox
1209 2509 1259 2530 sua
1273 2505 1371 2536 sponte
1383 2500 1503 2528 veneﬁco
1513 2501 1558 2528 isti
1585 2500 1756 2528 accedentem
1775 2509 1782 2528 :

991 2555 1007 2575 a
1024 2555 1081 2583 quo
1105 2547 1170 2575 dum
1183 2547 1255 2575 votis
1272 2547 1330 2576 suis
1349 2546 1476 2574 satisﬁeri
1504 2546 1634 2582 postulat,
1659 2546 1782 2581 proiecta

993 2593 1048 2621 fere
1070 2593 1145 2620 omni
1174 2600 1240 2620 cura
1270 2592 1387 2624 animae,
1420 2591 1579 2624 altendesis,
1604 2591 1669 2626 quid
1688 2590 1784 2619 fecerit

991 2639 1097 2667 daemon
1116 2643 1146 2667 ut
1174 2640 1274 2666 animm
1288 2639 1363 2667 illius
1377 2638 1488 2666 all'crret
1510 2638 1649 2666 interitum
1661 2657 1669 2670 ,
1693 2637 1722 2665 in
1737 2645 1783 2667 ea-

991 2720 1116 2755 suspicor
1128 2720 1222 2761 σάσειν
1236 2718 1364 2781 ponipro
1376 2719 1527 2746 δαίσειν-ατε.

1028 2754 1084 2781 (55)
1118 2755 1220 2781 Omitto
1259 2762 1283 2781 lc
1308 2754 1364 2781 Illa.
1389 2754 1436 2781 καὶ
1461 2753 1527 2781 ωέοε

1028 2753 1084 2790 (35)
1118 2755 1220 2783 Omitto
1237 2753 1283 2782 hic
1308 2754 1364 2787 illa,
1389 2754 1436 2782 καὶ
1461 2753 1555 2790 φέρειν
1571 2754 1620 2790 τῆς
1643 2754 1782 2790 ὑπομονῆς

1028 2763 1084 2790 (oo;
1118 2763 1220 2783 Utmtto
1238 2763 1283 2782 ulc
1308 2763 1364 2787 tua,
1389 2763 1436 2782 και
1461 2763 1555 2816 φερειν
1571 2763 1620 2790 της
1643 2763 1782 2790 υπομονης

991 2791 1122 2824 γενναίως
1138 2790 1285 2826 ὑπομονήν,
1301 2797 1362 2826 qua:
1382 2790 1408 2818 in
1423 2797 1477 2818 ms.
1506 2789 1561 2818 ιίιι.
1576 2791 1617 2819 sic
1630 2790 1803 2826 legunluns-

991 2828 1039 2854 ἀνυ
1045 2827 1194 2862 πομόνητος
1206 2825 1254 2853 ῶν.
