2009 3088
173 108 226 140 793

758 116 847 146 ἯἸἋ
868 117 898 147 S.
921 116 1085 148 ANDREE
1107 120 1204 152 SALL

1752 129 1803 160 79f

172 165 374 216 περιπέπτωκα
389 166 396 193 1
415 168 449 193 Ὤ
464 168 519 203 βία,
539 169 562 195 ὣ
577 169 634 204 βία,
653 170 707 197 ἀπὸ
729 170 788 203 σοῦ,
805 171 950 207 Ναζαρηνὲ

1014 173 1085 201 facto
1099 179 1155 209 tuo,
1177 183 1273 210 poenas
1287 178 1405 212 pendere
1426 180 1539 209 meritas
1555 185 1586 209 te
1595 187 1712 216 oportet.
1733 183 1801 210 Tum

170 210 266 238 καθότι
286 212 320 240 τὰ
338 213 414 246 ἐντός
433 223 484 249 μου
504 215 671 250 διέπρησαςί
696 216 789 243 Ταῦτα
819 217 957 252 εἰρηκὼς,

169 256 316 293 δ;ξάμενος
333 259 364 286 τὸ
386 261 527 296 ποτήριον,
553 261 599 298 βίᾳ
622 262 700 289 ἔπιεν
722 271 729 278 ·
754 263 802 289 καὶ
827 263 960 298 πλησθεὶς

172 303 260 339 θυμοῦ
276 305 323 331 καὶ
347 306 514 342 ἀσυγκρίτου
536 308 660 343 πικρίας,
678 309 847 343 ὀδυνώμενος
859 309 963 344 ἀνεχώ-

171 357 266 383 ρησεν.
282 351 418 384 Ἐξυπνος
433 354 460 380 δὲ
479 353 626 389 γενόμενος
637 355 651 381 6
671 354 831 389 Ἐπιφάνιος
843 355 897 382 ἀπὸ
912 355 961 390 τῆς

169 394 303 429 ὁράσεως,
320 398 368 424 καὶ
383 397 528 434 θαυμάσας
539 399 579 430 είς
594 399 644 434 τὴν
655 399 702 426 τοῦ
716 399 784 426 Θεοῦ
806 399 961 435 φιλανθρω-

170 441 248 473 πίαν,
270 442 317 469 καὶ
337 445 450 478 ταχεῖαν
467 445 621 479 ἀντίληψιν,
636 444 750 479 ἐγέλασε
764 445 794 471 τὸ
814 445 959 480 πρόσωπον

169 487 216 512 τοῦ
233 489 416 524 παμπονήρου
430 489 569 524 δαίμονις.

1014 219 1158 247 diabolus:
1175 220 1232 249 Heu
1244 230 1296 254 me,
1313 229 1390 258 pater
1409 226 1589 261 princepsque
1614 226 1725 259 Satana,
1738 228 1801 261 quia

1012 264 1140 293 famulari
1158 267 1207 294 tibt
1222 269 1305 302 volui,
1324 269 1350 296 in
1373 270 1454 298 hasce
1476 272 1646 300 calamitates
1660 272 1742 300 incidi
1758 273 1764 299 !
1785 283 1802 299 ι»

1011 309 1077 342 vim,
1096 318 1113 337 ο
1131 312 1288 340 violentiam
1305 319 1397 346 tuam,
1425 315 1579 344 Nazarene!
1609 318 1672 352 quia
1697 318 1802 345 viscera

1011 362 1072 383 mea
1084 357 1203 386 l-lammis
1229 360 1416 389 combussisti.
1430 362 1496 394 Quae
1511 370 1572 390 cum
1584 364 1708 396 dixisset,
1725 368 1803 390 arre—i

1010 406 1085 436 ptum
1096 405 1223 438 poculum
1242 405 1373 434 vielentcr
1383 408 1509 435 exhausit
1519 429 1527 440 ,
1541 409 1712 444 repletusqne
1729 408 1802 435 [ιιι-υ·

1013 454 1041 473 rc
1053 451 1079 474 ct
1111 448 1318 484 incomparabili
1348 452 1547 485 amaritudine,
1574 454 1801 480 lamentabumlns

1012 501 1043 520 se
1067 494 1129 521 imle
1148 496 1291 530 proripuit.
1315 495 1379 525 Post
1414 498 1485 525 hanc
1510 499 1643 526 visionem
1668 499 1801 533 cvigilaus

168 531 348 567 Epiphanius,
375 534 422 561 Dei
447 534 640 571 benignitatem
669 540 880 571 promptumque
892 537 1025 566 auxilium
1036 540 1198 572 admiratus.
1213 550 1330 577 nequam
1350 543 1500 571 dmmottem
1521 545 1626 572 derisit.

206 577 279 612 ppC'.
303 579 381 606 Μετᾶ
395 580 423 606 δέ
439 589 514 612 τινας
530 581 639 616 ἡμέρας
654 583 773 616 συναντᾷ
790 582 864 617 αὐτῷ
877 583 890 609 6
908 591 960 618 μα-

169 623 265 658 κάριος
286 623 413 657 Ἀνδρέας
431 625 460 651 ἐν
482 634 536 653 τινι
563 626 674 662 ὲμῦόλῳ
690 627 744 654 ἀπὸ
759 627 807 662 τῆς
823 627 960 661 ουνάξεως

169 667 352 704 ὑποστρέφων
365 677 371 684 ·
387 671 435 697 καὶ
455 671 624 706 θεασάμενος
642 673 734 705 αὐτὸν,
748 673 958 708 ὑπομειδιάσας,

167 714 218 750 ἔφη
233 723 240 731 ⁸
255 716 395 750 Πρόὸατόν
415 718 472 753 εἰμι
490 718 539 754 τῆς
559 719 674 754 λογικῆς
689 729 735 746 σου
761 721 890 756 ποίμνης,
910 721 957 748 καὶ

167 761 258 797 ἇλμην
275 763 376 797 ἀγαπῶ
390 764 438 790 καὶ
454 765 537 792 ἐσθίω
551 766 581 792 τὸ
597 766 675 797 ἅλας.
695 765 789 794 Ταῦτα
808 767 928 799 ἀκούσας
942 768 956 794 6

174 808 341 842 Ἐπιφάνιος,
361 811 488 845 μεγάλως
505 812 661 847 ἐθαύμασεν
676 813 722 839 ἐπὶ
735 813 772 848 τῷ
785 814 898 849 ῥήματι,
910 814 956 840 καί

167 863 250 889 φησιν
265 863 272 870 ·
292 855 360 882 Οὐδὲ
379 856 467 883 ταῦτὰ
482 865 511 884 σε
524 857 615 889 ἔλαϐε,
631 858 695 892 κύρι
711 858 725 884 6
745 859 854 893 μέγας;
875 859 956 886 Ἀλλὰ

165 900 193 926 τί
214 901 254 927 ὅτι
269 901 341 928 οὕτω
359 910 393 937 με
414 902 562 935 κατέλιπες
577 912 584 937 ;
598 905 645 930 καὶ
665 903 754 940 [παρὰ
778 905 877 940 μικρὸν
895 906 957 932 ὲσα-

164 946 248 982 λεύθη
265 948 298 974 τὰ
314 947 472 984 διαϐήματά
491 958 543 984 μου
557 950 613 984 (59)
624 949 644 985 ].
660 950 732 985 Ἐφη
759 951 774 977 6
787 950 860 982 ὅσιος
873 958 881 966 ·
901 950 957 978 Καὶ

167 991 226 1023 πῶς
247 994 318 1028 φανῇ
334 992 350 1028 ἢ
368 993 455 1029 κληοῇ
473 1003 514 1026 τις
530 994 711 1030 στρατιώτης,
726 994 774 1021 ἐὰν
791 995 828 1031 μὴ
842 996 899 1026 τοῖς
911 1003 958 1022 πο-

165 1035 270 1070 λεμίοις
280 1037 572 1073 ὲφεδρεύειγενναίως,
584 1040 632 1066 καὶ
648 1040 805 1075 συγκρούει,
819 1040 865 1066 καὶ
881 1037 955 1076 νικᾷ,

165 1081 212 1108 καὶ
229 1081 405 1117 δοκιμάζεται
422 1091 430 1117 ;
448 1084 509 1116 Πῶς
526 1085 555 1112 δὶ
574 1085 621 1112 καὶ
636 1084 788 1121 [γνώσεται
807 1085 820 1112 δ
836 1085 955 1112 ἀντικεί-

167 1135 247 1161 μενος
260 1129 341 1160 ποίας
359 1130 449 1165 ίσχύος
460 1129 495 1163 εῐ,
513 1131 562 1158 ἐὰν
581 1131 619 1166 μὴ
636 1132 741 1168 συνάρῃ
752 1131 870 1167 πόλεμον
886 1131 955 1167 μετὰ

165 1173 212 1201 σοῦ
227 1174 314 1211 (60)],
329 1175 376 1202 ἐὰν
388 1177 425 1212 μή
441 1185 470 1204 σε
487 1177 528 1213 ιδῃ
540 1177 713 1214 συμῦαλόντα
724 1186 730 1211 ;
743 1179 798 1206 Καὶ
812 1178 870 1210 πῶς
883 1178 956 1214 λήῷῃ

165 1219 273 1255 μισθὸν,
286 1221 324 1256 μὴ
341 1221 490 1258 ὑπομείνας
503 1224 671 1259 πειρασμὸν,
683 1225 732 1251 καὶ
745 1224 795 1256 τὰς
810 1224 955 1256 ἐπιϐουλὰς

163 1266 218 1292 τῶν
239 1268 382 1302 tta-ratur};
402 1269 508 1302 Πάντες
528 1271 552 1297 οι
576 1269 678 1303 ζῶντες
704 1270 884 1305 ἀγωνίζονται
901 1270 955 1302 ἓως

164 1313 240 1340 ἐστὶν
259 1314 329 1349 ὥρα,
347 1316 393 1343 καὶ
409 1316 462 1348 ἕως
480 1317 539 1343 ἐστὶ
562 1317 669 1352 καιρὸς,
688 1316 836 1349 θλίσονται,
856 1317 954 1352 πειρά-

164 1360 267 1394 ζονται,
286 1361 330 1389 ἵνα
346 1363 493 1399 σήμερονῆ
512 1363 609 1399 αὔριον
621 1364 668 1390 τὸν
686 1363 844 1399 σωματικὸν
857 1363 954 1390 τοῦτον

163 1405 346 1439 ἀποθανόντες
372 1408 498 1441 θάνατον,
516 1409 698 1443 συγκλείσωσί
723 1418 748 1436 τι
773 1409 876 1443 ἀγαθὸν
889 1428 897 1441 ,
913 1409 956 1436 ἵνα

163 1450 263 1485 ἔχωσιν
279 1453 308 1479 ἐν
332 1455 365 1488 τῇ
383 1454 487 1490 φοῦερᾷ
505 1456 597 1491 ἡμέρᾳ
613 1455 663 1490 τῆς
680 1455 808 1491 κρίσεως.
826 1455 905 1481 Ὅσοι
926 1454 955 1481 δέ
969 1458 991 1489 1‘;

164 1498 218 1524 εἱσι
242 1499 347 1533 νεκροὶ,
364 1500 473 1535 τυφλοὶ,
490 1502 671 1537 ἁνωφέλητοι,
685 1503 874 1537 ἐσκοτωμένοι
886 1502 955 1529 κατὰ

163 1544 209 1570 τὸν
224 1544 278 1572 ἔσω
293 1546 450 1579 ἄνθρωπον,
476 1545 551 1574 οὗτοι
567 1549 654 1584 ἡδέως
677 1549 818 1582 ὕπνοῦσιν,
833 1548 954 1584 τρώγον-

163 1598 220 1623 τες,
251 1591 385 1625 πίνοντες,
399 1592 449 1629 τὴν
478 1593 570 1620 ἄνεσιν
594 1594 818 1627 καταδιώκουσιν,
839 1594 955 1630 πορνεύ-

162 1644 238 1669 ουσι,
263 1639 519 1674 γαστριμαργοῦσι,
545 1641 733 1676 τραγῳδοῦσι,
762 1640 953 1676 κιθαρίζουσι,

164 1681 256 1709 καὶτὰ
267 1683 467 1719 ἐπιθυμήματα
491 1685 541 1719 τῆς
560 1685 662 1720 σαρκὸς
679 1686 797 1717 667.620).-
821 1685 953 1721 εἰσπράτ-

163 1735 250 1760 τουσι,
274 1727 342 1754 Θεοῦ
364 1729 401 1764 μὴ
429 1730 610 1765 μεμνημένοι,
634 1730 703 1766 μηδὲ
734 1731 862 1767 κρίσεως,
886 1729 953 1766 Mat

163 1774 387 1807 ἁνταποδόσεως.
426 1777 496 1811 μήτε
535 1776 676 1812 βασιλείας
712 1777 852 1812 οὐρανῶν·
880 1775 953 1805 οὗτοι

163 1820 279 1847 πάντοτε
304 1821 344 1856 τῷ
371 1821 488 1855 διαϐόλῳ
506 1823 681 1858 συνέρχονται
695 1824 735 1854 είς
755 1824 790 1850 τὰ
812 1824 952 1860 θελήματα

162 1866 246 1894 αὑτοῦ
262 1873 270 1882 ⁸
299 1867 425 1900 κάκεῖνος
449 1869 520 1904 ὀρῶν
545 1870 662 1904 ματαίαν
678 1870 766 1905 χαρὰν
785 1871 856 1898 κατὰ
875 1870 951 1897 τόνδε

163 1913 208 1939 τὸν
223 1913 327 1948 κότμον
343 1914 459 1950 παρέχει
472 1915 511 1947 ὡς
526 1915 603 1947 ἰδίοις
621 1915 709 1950 φίλοις
723 1917 771 1943 καὶ
787 1917 949 1952 ὑπηρέταις.

168 1959 240 1987 Ἀλλ’
253 1961 315 1988 οὐαὶ
325 1961 358 1996 τῇ
373 1961 461 1996 θλίψει
475 1963 509 1998 τῇ
528 1962 648 1998 μενούσῃ
663 1964 752 1995 αὐτοῖς
765 1963 772 1989 !

199 2095 273 2132 ρμη’.
288 2096 324 2123 Σὺ
338 2093 396 2129 οὖν,
411 2095 517 2129 τέκνον,
530 2095 559 2122 αί
577 2095 646 2131 βίαι,
662 2095 694 2127 ἃς
708 2095 808 2130 λέγεις,
822 2096 948 2131 γλυκεῖαι

1052 585 1113 612 147.
1133 586 1263 615 Postdies
1275 589 1378 623 aliquot
1394 590 1513 617 occurrit
1528 589 1681 625 Epiphanio
1695 589 1725 616 Β.
1746 590 1801 617 An-

1013 632 1094 658 dreas
1123 633 1149 659 in
1170 633 1275 667 porticu
1288 636 1418 668 quadam.
1445 642 1460 662 a
1476 643 1555 663 sacro
1567 635 1656 662 olllcio
1674 636 1800 667 rediens;

1012 684 1130 712 cumque
1152 678 1227 705 illum
1255 679 1468 716 vidisset:Ego,
1504 681 1609 715 inquit,
1636 681 1727 716 gregis
1762 681 1800 708 tui

1010 723 1069 750 ovis
1097 731 1169 756 sum,
1200 724 1362 752 salsetlinem
1390 733 1463 759 amo,
1481 731 1508 753 et
1520 727 1577 754 sale
1592 725 1801 753 νοῦσοι-,Λυδῆς

1010 769 1067 796 haec
1095 769 1279 805 Epiphanius,
1297 776 1323 799 et
1348 772 1439 799 audita
1467 772 1580 799 miratus
1600 772 1796 798 vehementer:

1006 814 1101 848 Neque
1128 815 1184 848 illa,
1208 816 1307 850 inquit,
1328 820 1354 844 te.
1372 816 1520 848 latuerunt.
1547 825 1644 852 magna
1668 817 1801 844 domine?

1008 859 1107 888 Verum
1131 862 1195 897 quid
1231 870 1320 890 causa:
1338 862 1399 896 fuit,
1416 863 1489 899 quod
1513 871 1556 891 me
1572 863 1608 890 ita
1631 863 1796 891 deseruisti?

1007 908 1202 943 propemodum
1230 910 1357 937 commoti
1390 909 1500 937 fuerunt
1521 917 1632 945 gressus
1666 909 1730 937 mei.
1756 909 1796 936 Ad

1008 953 1065 981 haec
1082 954 1119 981 ita
1136 955 1256 982 suaviter
1273 960 1387 983 sanctus
1404 964 1412 983 :
1428 955 1533 984 Etenim
1543 963 1599 990 quo
1612 959 1692 990 pacto
1715 963 1799 990 appa-

1007 1005 1064 1027 reat
1080 1003 1127 1027 aut
1141 1001 1299 1028 nominetur
1314 1001 1414 1036 aliquis
1431 1008 1579 1036 generosus
1599 1001 1688 1034 miles,
1704 1000 1756 1028 nisi
1769 1004 1797 1027 et

1007 1045 1275 1079 hostibusinsidiari,
1286 1052 1312 1074 et
1327 1048 1435 1074 eosdem
1451 1047 1610 1082 propulsare
1625 1054 1657 1074 ac
1673 1047 1795 1078 vincere,

1006 1099 1089 1127 seque
1107 1093 1215 1120 demunt
1228 1093 1296 1120 bello
1308 1094 1422 1128 probare
1443 1093 1566 1120 noverit?
1580 1092 1641 1126 Quo
1653 1097 1733 1127 pacto
1746 1099 1795 1119 es-

1005 1136 1139 1171 ploratum
1158 1137 1265 1165 habebit
1292 1138 1476 1171 adversarius,
1495 1142 1597 1174 quanta
1621 1138 1726 1173 polleas
1737 1137 1795 1164 vir-

1005 1186 1074 1216 tute,
1101 1183 1153 1210 nisi
1181 1187 1270 1211 tecum
1295 1184 1375 1211 fuerit
1387 1185 1570 1220 congressus?
1597 1184 1657 1218 Quo
1679 1185 1796 1219 denique

1005 1233 1085 1264 pacto
1113 1229 1264 1256 mercedem
1297 1230 1419 1257 obtinere
1444 1230 1555 1265 poteris,
1582 1230 1605 1256 si
1630 1230 1795 1257 [ClllallOlll‘S

1006 1282 1058 1302 non
1087 1275 1260 1307 sustinueris,
1289 1283 1340 1304 nec
1376 1276 1490 1304 insidias
1519 1276 1673 1303 daemonum
1698 1283 1794 1310 exper-

1006 1327 1049 1350 tus
1063 1321 1168 1349 lueris?
1183 1321 1321 1356 Quotquot
1341 1321 1367 1348 in
1382 1321 1484 1349 mundo
1495 1321 1599 1354 vivunt,
1610 1321 1674 1348 dum
1688 1325 1796 1354 tempus

1005 1369 1106 1403 patitur
1133 1373 1249 1400 certant,
1280 1368 1435 1402 allliguutnr
1447 1387 1455 1400 ,
1484 1371 1635 1399 tentantur,
1654 1371 1684 1394 ut
1703 1367 1727 1394 si
1745 1366 1794 1393 lto-

1006 1415 1100 1443 dierna
1123 1417 1277 1443 crastinam
1296 1415 1357 1442 luce
1375 1414 1532 1442 humanitus
1565 1412 1694 1448 quiddam
1723 1412 1794 1439 forte

1007 1461 1147 1494 acciderit,
1179 1461 1308 1489 conclusa
1346 1468 1438 1488 secum
1463 1461 1533 1487 bona
1548 1466 1629 1494 opera
1639 1461 1794 1493 exportent,

1007 1507 1115 1535 ncuihil
1129 1507 1269 1534 inveniant
1285 1506 1311 1533 in
1329 1505 1470 1533 tremendo
1482 1505 1579 1540 judicii
1600 1505 1655 1532 die.
1671 1503 1794 1536 Quicun-

1006 1560 1059 1588 que
1072 1556 1163 1580 autent
1185 1551 1298 1583 mortui,
1312 1551 1389 1583 cruci,
1415 1551 1534 1582 inutiles,
1545 1549 1664 1577 tenebris
1679 1548 1793 1576 involuti

1006 1603 1070 1627 sunt
1091 1592 1179 1634 quoad
1193 1598 1330 1625 hominem
1362 1598 1509 1629 internum,
1521 1596 1558 1623 illi
1575 1596 1695 1623 suaviter
1718 1602 1793 1622 soln—

1005 1653 1070 1672 num
1091 1645 1210 1679 capiunt.
1239 1643 1345 1671 deliciis
1370 1643 1396 1669 in
1419 1643 1481 1670 cibo
1501 1647 1619 1677 potaque
1650 1640 1792 1673 fruuntur,

1005 1694 1144 1718 sectantur
1154 1689 1238 1716 otium
1254 1697 1261 1718 ;
1280 1687 1465 1723 impudicitiae,
1481 1687 1566 1722 gulae,
1577 1685 1717 1718 cumediis,
1731 1693 1792 1713 mu-

1004 1735 1068 1764 sica:
1079 1742 1188 1769 operam
1209 1733 1292 1766 dant;
1307 1733 1440 1761 desideria
1458 1733 1549 1760 carnis
1564 1735 1688 1767 prompte
1712 1738 1792 1759 exsc-

1003 1785 1134 1816 quuntur,
1163 1779 1336 1806 immemores
1362 1777 1418 1811 Dei.
1445 1777 1551 1812 iudicii,
1585 1776 1791 1808 retributionis,

1003 1826 1077 1861 regni
1103 1825 1244 1853 ctelorum.
1261 1825 1294 1852 lli
1317 1829 1392 1856 sttnt,
1413 1823 1459 1859 qui
1484 1823 1593 1851 diabolo
1607 1822 1791 1853 adnarrentcs,

1002 1872 1103 1907 ubique
1123 1871 1253 1899 voluntati
1285 1871 1345 1905 ejus
1372 1870 1581 1904 obsequuntur:
1599 1868 1644 1896 ille
1667 1875 1732 1896 vero
1764 1867 1791 1895 id

1001 1918 1085 1953 probe
1110 1925 1288 1952 cognoscens,
1305 1916 1426 1944 vicissim
1444 1916 1536 1942 l’avore
1553 1921 1605 1942 suo
1624 1921 1694 1941 vano
1706 1917 1789 1947 atque

1002 1962 1077 1990 inani
1092 1962 1163 1993 illos.
1180 1967 1306 1996 tanquam
1330 1961 1431 1988 amicos
1445 1959 1613 1994 famulosque
1631 1965 1707 1990 suos,
1721 1965 1790 1992 prte-

1000 2006 1075 2034 venit
1094 2006 1121 2034 in
1132 2006 1184 2033 hoc
1204 2006 1315 2033 tnundu.
1334 2004 1432 2032 Verum
1448 2012 1498 2036 vae,
1512 2003 1571 2030 vae!
1591 2007 1701 2038 propter
1715 2001 1789 2029 cala-

1001 2051 1136 2083 mitatem,
1153 2058 1213 2086 qua
1229 2051 1344 2078 miseros
1361 2049 1421 2077 illos
1433 2052 1535 2076 manet.

1035 2098 1097 2125 M8.
1123 2097 1164 2124 Tu
1186 2097 1278 2131 itaque
1302 2100 1389 2123 macte
1404 2095 1507 2126 animo,
1523 2093 1574 2126 lili;
1604 2092 1741 2125 violentia,
1756 2092 1789 2119 de

162 2142 228 2177 ἡμῖν
245 2142 419 2177 γενήσονται,
434 2141 482 2169 ἐὰν
501 2142 693 2178 ὑπομένωμεν·
710 2143 757 2170 καὶ
768 2142 806 2175 ὡς
825 2143 948 2177 ἀναγκά-

1005 2152 1053 2180 qua
1067 2145 1196 2179 loqueris,
1206 2143 1327 2178 jucunda
1339 2142 1419 2170 nobis
1435 2141 1498 2175 crit,
1515 2141 1537 2168 si
1556 2141 1688 2175 patienter
1705 2139 1789 2166 susti-

161 2188 240 2220 ζεααι
255 2189 296 2219 εἰς
309 2188 359 2223 τὴν
379 2188 486 2223 κίνησιν
501 2189 548 2215 καὶ
569 2187 694 2223 πύρωσιν
707 2188 758 2222 τῆς
774 2189 885 2223 σαρκὸς,
904 2189 951 2216 καὶ

159 2235 199 2271 τῷ
208 2235 319 2270 πονηρῷ
326 2235 530 2269 ἀντιτάσσεσαι,
541 2235 588 2262 καὶ
599 2235 730 2270 γενναίως
742 2235 847 2271 φέρεις,
855 2235 949 2262 τοσοῦ-

158 2281 201 2307 τιιί
215 2289 254 2307 σοι
269 2281 416 2308 πλέκονται
431 2280 568 2315 στέφανοι,
592 2280 640 2307 καὶ
654 2281 668 2307 6
682 2279 777 2315 μισθός
799 2289 846 2307 σου
861 2280 949 2314 αὔξει.

160 2327 206 2358 Μὴ
217 2326 263 2354 οὖν
276 2327 418 2362 ὀλιγώρει,
440 2326 547 2358 τέκνον,
564 2326 633 2361 πρὸς
649 2326 750 2359 ταῦτα,
769 2326 836 2354 ἀλλὰ
849 2326 950 2362 καρτέ-

162 2382 213 2409 ρει,
233 2373 277 2400 ἵνα
292 2373 356 2409 ἔχῃς
373 2373 471 2408 μισθὸν
484 2373 532 2400 καὶ
545 2373 612 2409 γένῃ
627 2373 794 2408 κληρονόμος
810 2373 859 2408 τῆς
873 2372 950 2408 βασι-

159 2420 235 2452 λείας
247 2419 301 2446 τῶν
314 2420 450 2453 οὐρανῶν.
465 2420 600 2455 Σήμερον,
618 2419 715 2454 αὔριον
729 2420 743 2446 6
756 2420 856 2454 κόσμος
872 2416 950 2451 οὗτος

160 2465 332 2501 παρέρχεται
343 2465 410 2492 ὡσεὶ
425 2466 550 2493 ἐνύπνιον
562 2465 780 2501 ἐξεγειρομένου,
796 2464 834 2497 ὡς
846 2465 948 2496 καπνὶς

159 2511 333 2546 ἀφανίζεται,
356 2513 405 2539 καὶ
432 2513 522 2540 πάντα
556 2513 757 2548 παρέρχονται,
787 2512 835 2539 καὶ
868 2512 949 2547 μόνον

159 2558 339 2594 πλανώμεθα,
355 2558 495 2594 ὑπομονὴν
511 2559 540 2585 εν
554 2559 612 2589 τοῖς
625 2559 790 2593 πειρασμοῖς
807 2557 867 2593 μηδ’
880 2558 949 2589 ὅλως

158 2604 278 2639 ἔχοντες.
301 2603 495 2637 Axe-James"
510 2604 642 2631 Πολλαὶαι
651 2603 756 2639 θλίψεις
764 2603 946 2638 τῶνδικαὶων,

159 2651 207 2677 καὶ
224 2652 256 2678 ἑκ
270 2651 364 2678 πασῶν
384 2651 475 2678 αὐτῶν
490 2651 601 2690 ῥύσεται
614 2650 734 2682 αὖτοὺςό
753 2649 864 2685 Κύριος.
882 2659 892 2676 ι
909 2650 947 2677 Οὐ

159 2697 280 2732 συνεχῶς
292 2696 416 2731 ψάλλεις,
437 2706 447 2724 ι
469 2696 582 2731 Θλίψεις
595 2697 642 2724 καὶ
658 2696 751 2724 ὀδύναι
766 2695 881 2732 εὖροσάν
901 2705 945 2732 με,

194 2785 250 2824 (59)
263 2784 312 2813 Ms.
329 2785 413 2814 Vatic.
435 2786 489 2813 ἱδαὺ
507 2786 604 2822 βιάσας
624 2795 657 2822 με
677 2788 691 2814 6
706 2787 823 2824 πονηρὸς
842 2787 947 2824 δαέμων

159 2822 344 2856 προσήγαγεν.

1003 2190 1162 2222 nuerimus;
1181 2196 1242 2216 cum
1259 2195 1324 2217 vero
1337 2188 1370 2216 ad
1387 2195 1485 2223 pravas
1497 2187 1630 2214 Inoti0ncs
1644 2184 1788 2220 impelleris

1001 2235 1155 2272 paterisque
1166 2235 1293 2263 stimulos
1310 2234 1412 2266 carnis.
1430 2234 1453 2261 si
1463 2233 1597 2261 restitrris
1613 2231 1718 2258 fortiter
1734 2230 1788 2258 ini-

1001 2283 1071 2310 mico
1086 2289 1118 2309 ac
1136 2289 1268 2316 generose
1284 2281 1442 2309 toleraveris
1464 2279 1592 2311 insultus,
1615 2277 1725 2305 totidem
1741 2276 1787 2304 tibi

1000 2327 1156 2363 plectuntur
1178 2334 1297 2358 coronae,
1328 2331 1354 2354 et
1370 2325 1488 2353 mercedi
1503 2329 1556 2352 tuae
1569 2323 1694 2351 cumulus
1709 2330 1787 2350 acce-

1000 2373 1044 2400 det
1068 2373 1229 2400 immensus.
1245 2372 1303 2399 Noli
1320 2372 1411 2408 igitur,
1425 2379 1487 2399 cum
1513 2370 1614 2397 talibus
1638 2368 1788 2404 impeteris.

999 2419 1121 2451 oscitari,
1147 2419 1196 2446 sed
1230 2418 1319 2453 perfer
1339 2417 1514 2452 longanimis,
1541 2421 1570 2444 ut
1601 2416 1716 2450 reposita
1740 2414 1787 2442 tibi

999 2466 1110 2500 praemia
1125 2464 1468 2500 consequarisaliquando,
1482 2464 1568 2490 literas
1578 2461 1653 2497 regni
1667 2460 1786 2489 caelestis

998 2510 1098 2538 factus.
1132 2510 1227 2538 Serius
1245 2510 1322 2538 ocius
1339 2509 1438 2537 transit
1455 2509 1498 2536 hic
1515 2508 1645 2540 mundus,
1662 2512 1691 2534 ut
1713 2513 1787 2534 som-

1000 2556 1076 2583 nium
1092 2554 1315 2591 expcrgiscentis,
1329 2555 1468 2582 evanescit
1482 2555 1520 2581 uti
1533 2553 1638 2586 fumus,
1650 2559 1675 2581 et
1689 2558 1786 2581 cuncta

999 2609 1058 2637 ηιιω
1079 2606 1154 2634 sunt,
1183 2605 1347 2636 praetereunt
1366 2610 1374 2629 3
1392 2609 1441 2630 1105
1468 2606 1558 2628 autem
1577 2608 1630 2628 una
1651 2600 1738 2627 SOltlll)
1759 2607 1787 2626 I't}

998 2648 1158 2684 dicipiutur,
1185 2656 1247 2676 cum
1273 2649 1299 2676 in
1331 2649 1527 2677 tentationibus
1552 2653 1634 2684 atque
1665 2647 1787 2675 adversis

999 2695 1154 2731 patientiam
1170 2695 1324 2731 abjicimus.
1348 2695 1480 2723 Audivisti
1495 2703 1566 2731 saepe
1582 2694 1654 2722 istud
1674 2693 1786 2727 Psalnti,

1034 2787 1089 2823 (60)
1106 2787 1154 2815 Ms.
1167 2787 1251 2815 Vatic.
1263 2787 1374 2823 γνώσει,
1386 2786 1433 2813 ἐὰν
1445 2787 1481 2823 μή
1493 2795 1523 2813 σε
1537 2785 1579 2822 ἴδῃ
1596 2785 1784 2822 συμὸάλλοντα

1000 2823 1117 2858 πόλεμον
1137 2825 1204 2858 μετὰ
1223 2823 1270 2850 τοῦ
1283 2822 1418 2850 διαϐόλου.
