  <div class='ocr_page' id='page_1' title='image "/cluster/home/n/w/nwhite01/storage/ocr_20150623/111/njp.32101077772943/440.png"; bbox 0 0 2009 3088; ppageno 0'>
   <div class='ocr_carea' id='block_1_1' title="bbox 197 124 248 156">
    <p class='ocr_par' dir='ltr' id='par_1_1' title="bbox 197 124 248 156">
     <span class='ocr_line' id='line_1_1' title="bbox 197 124 248 156; baseline 0.02 -1"><span class='ocrx_word' id='word_1_1' title='bbox 197 124 212 155; x_wconf 81' lang='grc' dir='ltr'><strong>’ῖ</strong></span> <span class='ocrx_word' id='word_1_2' title='bbox 216 127 248 156; x_wconf 60' lang='grc' dir='ltr'><strong>ενι</strong></span> 
     </span>
    </p>
   </div>
   <div class='ocr_carea' id='block_1_2' title="bbox 786 135 1226 170">
    <p class='ocr_par' dir='ltr' id='par_1_2' title="bbox 786 135 1226 170">
     <span class='ocr_line' id='line_1_2' title="bbox 786 135 1226 170; baseline 0.007 -5"><span class='ocrx_word' id='word_1_3' title='bbox 786 135 874 165; x_wconf 72' lang='grc' dir='ltr'><strong>ΥΙΤΑ</strong></span> <span class='ocrx_word' id='word_1_4' title='bbox 897 137 928 167; x_wconf 84' lang='lat' dir='ltr'><strong>S.</strong></span> <span class='ocrx_word' id='word_1_5' title='bbox 950 137 1115 169; x_wconf 67' lang='grc' dir='ltr'><strong>ΑΝΙΠΙΕᾸΞ</strong></span> <span class='ocrx_word' id='word_1_6' title='bbox 1133 141 1226 170; x_wconf 80' lang='lat' dir='ltr'><strong>SALI.</strong></span> 
     </span>
    </p>
   </div>
   <div class='ocr_carea' id='block_1_3' title="bbox 1773 147 1827 177">
    <p class='ocr_par' dir='ltr' id='par_1_3' title="bbox 1773 147 1827 177">
     <span class='ocr_line' id='line_1_3' title="bbox 1773 147 1827 177; baseline 0 -1"><span class='ocrx_word' id='word_1_7' title='bbox 1773 147 1827 177; x_wconf 76' lang='lat'><strong>798</strong></span> 
     </span>
    </p>
   </div>
   <div class='ocr_carea' id='block_1_4' title="bbox 201 181 980 235">
    <p class='ocr_par' dir='ltr' id='par_1_4' title="bbox 201 181 980 228">
     <span class='ocr_line' id='line_1_4' title="bbox 201 181 980 228; baseline 0.017 -21"><span class='ocrx_word' id='word_1_8' title='bbox 201 181 320 217; x_wconf 78' lang='grc' dir='ltr'>κρυπτῷ</span> <span class='ocrx_word' id='word_1_9' title='bbox 332 183 440 220; x_wconf 85' lang='grc' dir='ltr'>ταμείῳ</span> <span class='ocrx_word' id='word_1_10' title='bbox 455 185 524 221; x_wconf 78' lang='grc' dir='ltr'>ὑπὲρ</span> <span class='ocrx_word' id='word_1_11' title='bbox 535 187 620 215; x_wconf 75' lang='grc' dir='ltr'>αὐτοῦ</span> <span class='ocrx_word' id='word_1_12' title='bbox 632 189 671 222; x_wconf 84' lang='grc' dir='ltr'>τῷ</span> <span class='ocrx_word' id='word_1_13' title='bbox 686 190 781 226; x_wconf 84' lang='grc' dir='ltr'>Κυρίῳ</span> <span class='ocrx_word' id='word_1_14' title='bbox 795 194 980 228; x_wconf 75' lang='grc' dir='ltr'>προσφερόμε‹</span> 
     </span>
    </p>
   </div>
   <div class='ocr_carea' id='block_1_5' title="bbox 1032 181 1827 235">
    <p class='ocr_par' dir='ltr' id='par_1_5' title="bbox 1040 197 1827 235">
     <span class='ocr_line' id='line_1_5' title="bbox 1040 197 1827 235; baseline 0.005 -11"><span class='ocrx_word' id='word_1_15' title='bbox 1040 197 1168 233; x_wconf 78' lang='lat' dir='ltr'><strong>lacrymis</strong></span> <span class='ocrx_word' id='word_1_16' title='bbox 1180 198 1309 226; x_wconf 82' lang='lat' dir='ltr'><strong>oﬂ‘erebat</strong></span> <span class='ocrx_word' id='word_1_17' title='bbox 1329 207 1422 235; x_wconf 87' lang='lat' dir='ltr'><strong>preces</strong></span> <span class='ocrx_word' id='word_1_18' title='bbox 1434 207 1498 228; x_wconf 73' lang='lat' dir='ltr'><strong>tua:</strong></span> <span class='ocrx_word' id='word_1_19' title='bbox 1514 200 1642 232; x_wconf 87' lang='lat' dir='ltr'><strong>Domino,</strong></span> <span class='ocrx_word' id='word_1_20' title='bbox 1670 202 1827 235; x_wconf 75' lang='lat' dir='ltr'><strong>supplicans</strong></span> 
     </span>
    </p>
   </div>
   <div class='ocr_carea' id='block_1_6' title="bbox 198 228 986 274">
    <p class='ocr_par' dir='ltr' id='par_1_6' title="bbox 198 228 986 274">
     <span class='ocr_line' id='line_1_6' title="bbox 198 228 986 274; baseline 0.015 -21"><span class='ocrx_word' id='word_1_21' title='bbox 198 235 254 258; x_wconf 85' lang='grc' dir='ltr'>νος,</span> <span class='ocrx_word' id='word_1_22' title='bbox 275 228 349 260; x_wconf 77' lang='grc' dir='ltr'>ὅπως</span> <span class='ocrx_word' id='word_1_23' title='bbox 369 230 421 256; x_wconf 80' lang='grc' dir='ltr'>κᾶν</span> <span class='ocrx_word' id='word_1_24' title='bbox 446 231 493 257; x_wconf 82' lang='grc' dir='ltr'>τοῦ</span> <span class='ocrx_word' id='word_1_25' title='bbox 522 233 828 271; x_wconf 79' lang='grc' dir='ltr'>παραδειγματισθῆναι</span> <span class='ocrx_word' id='word_1_26' title='bbox 854 238 928 272; x_wconf 82' lang='grc' dir='ltr'>αὐτῷ</span> <span class='ocrx_word' id='word_1_27' title='bbox 947 239 986 274; x_wconf 80' lang='grc' dir='ltr'>μὴ</span> 
     </span>
    </p>
   </div>
   <div class='ocr_carea' id='block_1_7' title="bbox 199 274 987 320">
    <p class='ocr_par' dir='ltr' id='par_1_7' title="bbox 199 274 987 320">
     <span class='ocr_line' id='line_1_7' title="bbox 199 274 987 320; baseline 0.015 -21"><span class='ocrx_word' id='word_1_28' title='bbox 199 274 313 320; x_wconf 63' lang='grc' dir='ltr'>γενηται</span> <span class='ocrx_word' id='word_1_29' title='bbox 328 274 431 310; x_wconf 76' lang='grc' dir='ltr'>ἔφοδος.</span> <span class='ocrx_word' id='word_1_30' title='bbox 453 277 482 304; x_wconf 94' lang='lat'><strong>&#39;0</strong></span> <span class='ocrx_word' id='word_1_31' title='bbox 495 278 523 305; x_wconf 80' lang='grc' dir='ltr'><strong>δὲ</strong></span> <span class='ocrx_word' id='word_1_32' title='bbox 545 279 669 313; x_wconf 75' lang='grc' dir='ltr'><strong>Σατανᾶς</strong></span> <span class='ocrx_word' id='word_1_33' title='bbox 693 284 761 316; x_wconf 76' lang='grc' dir='ltr'>μετὰ</span> <span class='ocrx_word' id='word_1_34' title='bbox 783 283 837 310; x_wconf 81' lang='grc' dir='ltr'><strong>τῶν</strong></span> <span class='ocrx_word' id='word_1_35' title='bbox 851 284 987 320; x_wconf 76' lang='grc' dir='ltr'><strong>δαιμόνων</strong></span> 
     </span>
    </p>
   </div>
   <div class='ocr_carea' id='block_1_8' title="bbox 199 318 987 363">
    <p class='ocr_par' dir='ltr' id='par_1_8' title="bbox 199 318 987 363">
     <span class='ocr_line' id='line_1_8' title="bbox 199 318 987 363; baseline 0.019 -21"><span class='ocrx_word' id='word_1_36' title='bbox 199 318 283 344; x_wconf 76' lang='grc' dir='ltr'>αὐτοῦ</span> <span class='ocrx_word' id='word_1_37' title='bbox 315 319 405 346; x_wconf 74' lang='grc' dir='ltr'>ἐκεῖσε</span> <span class='ocrx_word' id='word_1_38' title='bbox 432 321 607 357; x_wconf 69' lang='grc' dir='ltr'>ἐφεδρεύων,</span> <span class='ocrx_word' id='word_1_39' title='bbox 631 326 732 361; x_wconf 83' lang='grc' dir='ltr'><strong>συνῆκε</strong></span> <span class='ocrx_word' id='word_1_40' title='bbox 754 326 800 354; x_wconf 76' lang='grc' dir='ltr'><strong>τὸν</strong></span> <span class='ocrx_word' id='word_1_41' title='bbox 828 329 987 363; x_wconf 74' lang='grc' dir='ltr'>Ἐπιῳάνιον</span> 
     </span>
    </p>
   </div>
   <div class='ocr_carea' id='block_1_9' title="bbox 199 363 987 408">
    <p class='ocr_par' dir='ltr' id='par_1_9' title="bbox 199 363 987 408">
     <span class='ocr_line' id='line_1_9' title="bbox 199 363 987 408; baseline 0.019 -21"><span class='ocrx_word' id='word_1_42' title='bbox 199 363 417 398; x_wconf 66' lang='grc' dir='ltr'>προσευχόμενον</span> <span class='ocrx_word' id='word_1_43' title='bbox 428 373 436 381; x_wconf 69' lang='grc' dir='ltr'><strong>ο</strong></span> <span class='ocrx_word' id='word_1_44' title='bbox 454 365 553 400; x_wconf 77' lang='grc' dir='ltr'>θράσος</span> <span class='ocrx_word' id='word_1_45' title='bbox 566 368 682 404; x_wconf 65' lang='grc' dir='ltr'>φοϐερὸν</span> <span class='ocrx_word' id='word_1_46' title='bbox 703 371 716 396; x_wconf 90' lang='lat'><strong>6</strong></span> <span class='ocrx_word' id='word_1_47' title='bbox 733 373 926 408; x_wconf 82' lang='grc' dir='ltr'>κακομήχανος</span> <span class='ocrx_word' id='word_1_48' title='bbox 942 383 987 401; x_wconf 86' lang='grc' dir='ltr'>κε-</span> 
     </span>
    </p>
   </div>
   <div class='ocr_carea' id='block_1_10' title="bbox 199 409 986 447">
    <p class='ocr_par' dir='ltr' id='par_1_10' title="bbox 199 409 986 447">
     <span class='ocr_line' id='line_1_10' title="bbox 199 409 986 447; baseline 0.018 -14"><span class='ocrx_word' id='word_1_49' title='bbox 199 409 348 443; x_wconf 71' lang='grc' dir='ltr'>κτημένος,</span> <span class='ocrx_word' id='word_1_50' title='bbox 362 409 405 437; x_wconf 77' lang='grc' dir='ltr'>διὰ</span> <span class='ocrx_word' id='word_1_51' title='bbox 417 412 446 438; x_wconf 74' lang='grc' dir='ltr'><strong>τὸ</strong></span> <span class='ocrx_word' id='word_1_52' title='bbox 462 413 512 447; x_wconf 71' lang='grc' dir='ltr'><strong>ἤδη</strong></span> <span class='ocrx_word' id='word_1_53' title='bbox 525 414 569 440; x_wconf 71' lang='grc' dir='ltr'>τὸν</span> <span class='ocrx_word' id='word_1_54' title='bbox 583 415 747 443; x_wconf 80' lang='grc' dir='ltr'><strong>ἀσθενοῦντα</strong></span> <span class='ocrx_word' id='word_1_55' title='bbox 764 418 889 445; x_wconf 75' lang='grc' dir='ltr'>ὑπαίτιον</span> <span class='ocrx_word' id='word_1_56' title='bbox 905 420 986 447; x_wconf 74' lang='grc' dir='ltr'>αὑτὸν</span> 
     </span>
    </p>
   </div>
   <div class='ocr_carea' id='block_1_11' title="bbox 199 455 987 499">
    <p class='ocr_par' dir='ltr' id='par_1_11' title="bbox 199 455 987 499">
     <span class='ocr_line' id='line_1_11' title="bbox 199 455 987 499; baseline 0.018 -20"><span class='ocrx_word' id='word_1_57' title='bbox 199 455 373 488; x_wconf 54' lang='grc' dir='ltr'>πεᾳηνέναι·</span> <span class='ocrx_word' id='word_1_58' title='bbox 400 458 447 484; x_wconf 76' lang='grc' dir='ltr'>καὶ</span> <span class='ocrx_word' id='word_1_59' title='bbox 475 458 658 487; x_wconf 73' lang='grc' dir='ltr'>ἐϐουλεύσατο</span> <span class='ocrx_word' id='word_1_60' title='bbox 687 464 910 499; x_wconf 74' lang='grc' dir='ltr'>κατακρημνίσαι</span> <span class='ocrx_word' id='word_1_61' title='bbox 941 466 987 493; x_wconf 74' lang='grc' dir='ltr'>τὸν</span> 
     </span>
    </p>
   </div>
   <div class='ocr_carea' id='block_1_12' title="bbox 204 499 986 546">
    <p class='ocr_par' dir='ltr' id='par_1_12' title="bbox 204 499 986 546">
     <span class='ocr_line' id='line_1_12' title="bbox 204 499 986 546; baseline 0.017 -21"><span class='ocrx_word' id='word_1_62' title='bbox 204 499 364 533; x_wconf 82' lang='grc' dir='ltr'>Ἐπιφάνιον</span> <span class='ocrx_word' id='word_1_63' title='bbox 381 503 410 529; x_wconf 78' lang='grc' dir='ltr'>ὲν</span> <span class='ocrx_word' id='word_1_64' title='bbox 433 501 455 537; x_wconf 81' lang='grc' dir='ltr'>ᾧ</span> <span class='ocrx_word' id='word_1_65' title='bbox 477 505 624 537; x_wconf 77' lang='grc' dir='ltr'><strong>ἐκαθέζετο</strong></span> <span class='ocrx_word' id='word_1_66' title='bbox 640 508 738 543; x_wconf 70' lang='grc' dir='ltr'>θρόνῳ,</span> <span class='ocrx_word' id='word_1_67' title='bbox 755 510 786 535; x_wconf 75' lang='grc' dir='ltr'>ὲν</span> <span class='ocrx_word' id='word_1_68' title='bbox 797 509 836 545; x_wconf 81' lang='grc' dir='ltr'>τῷ</span> <span class='ocrx_word' id='word_1_69' title='bbox 852 510 986 546; x_wconf 82' lang='grc' dir='ltr'>σύνεγγυς</span> 
     </span>
    </p>
   </div>
   <div class='ocr_carea' id='block_1_13' title="bbox 197 545 986 591">
    <p class='ocr_par' dir='ltr' id='par_1_13' title="bbox 197 545 986 591">
     <span class='ocr_line' id='line_1_13' title="bbox 197 545 986 591; baseline 0.016 -20"><span class='ocrx_word' id='word_1_70' title='bbox 197 545 253 572; x_wconf 72' lang='grc' dir='ltr'>ὄντι</span> <span class='ocrx_word' id='word_1_71' title='bbox 271 549 451 584; x_wconf 76' lang='grc' dir='ltr'>καταρράκτῃ</span> <span class='ocrx_word' id='word_1_72' title='bbox 461 550 508 576; x_wconf 79' lang='grc' dir='ltr'>τοῦ</span> <span class='ocrx_word' id='word_1_73' title='bbox 521 551 681 586; x_wconf 80' lang='grc' dir='ltr'>οἰκήματος.</span> <span class='ocrx_word' id='word_1_74' title='bbox 699 553 782 585; x_wconf 80' lang='grc' dir='ltr'>Γνοὺς</span> <span class='ocrx_word' id='word_1_75' title='bbox 798 554 826 581; x_wconf 81' lang='grc' dir='ltr'><strong>δὲ</strong></span> <span class='ocrx_word' id='word_1_76' title='bbox 848 556 886 591; x_wconf 80' lang='grc' dir='ltr'>τῷ</span> <span class='ocrx_word' id='word_1_77' title='bbox 902 545 986 584; x_wconf 84' lang='grc' dir='ltr'>πνεύ-</span> 
     </span>
    </p>
   </div>
   <div class='ocr_carea' id='block_1_14' title="bbox 197 592 986 638">
    <p class='ocr_par' dir='ltr' id='par_1_14' title="bbox 197 592 986 638">
     <span class='ocr_line' id='line_1_14' title="bbox 197 592 986 638; baseline 0.018 -22"><span class='ocrx_word' id='word_1_78' title='bbox 197 600 262 625; x_wconf 76' lang='grc' dir='ltr'>μςιτι</span> <span class='ocrx_word' id='word_1_79' title='bbox 274 592 288 618; x_wconf 89' lang='lat'><strong>6</strong></span> <span class='ocrx_word' id='word_1_80' title='bbox 304 594 377 625; x_wconf 76' lang='grc' dir='ltr'>παῖς,</span> <span class='ocrx_word' id='word_1_81' title='bbox 393 595 498 629; x_wconf 79' lang='grc' dir='ltr'>ταχέως</span> <span class='ocrx_word' id='word_1_82' title='bbox 511 596 629 629; x_wconf 72' lang='grc' dir='ltr'>ἀναστὰς</span> <span class='ocrx_word' id='word_1_83' title='bbox 640 597 808 636; x_wconf 79' lang='grc' dir='ltr'>ἀπρονόητον</span> <span class='ocrx_word' id='word_1_84' title='bbox 824 602 874 637; x_wconf 78' lang='grc' dir='ltr'>τὴν</span> <span class='ocrx_word' id='word_1_85' title='bbox 886 602 986 638; x_wconf 82' lang='grc' dir='ltr'>βουλὴν</span> 
     </span>
    </p>
   </div>
   <div class='ocr_carea' id='block_1_15' title="bbox 199 637 983 683">
    <p class='ocr_par' dir='ltr' id='par_1_15' title="bbox 199 637 983 683">
     <span class='ocr_line' id='line_1_15' title="bbox 199 637 983 683; baseline 0.018 -20"><span class='ocrx_word' id='word_1_86' title='bbox 199 637 283 664; x_wconf 76' lang='grc' dir='ltr'>αὑτοῦ</span> <span class='ocrx_word' id='word_1_87' title='bbox 305 639 443 675; x_wconf 79' lang='grc' dir='ltr'>ἐποίησεν.</span> <span class='ocrx_word' id='word_1_88' title='bbox 475 643 632 678; x_wconf 83' lang='grc' dir='ltr'>Ἀποτυχὼν</span> <span class='ocrx_word' id='word_1_89' title='bbox 658 645 687 671; x_wconf 81' lang='grc' dir='ltr'><strong>δὲ</strong></span> <span class='ocrx_word' id='word_1_90' title='bbox 713 646 727 672; x_wconf 81' lang='lat'><strong>6</strong></span> <span class='ocrx_word' id='word_1_91' title='bbox 751 648 913 683; x_wconf 64' lang='grc' dir='ltr'>παμμίαρτ</span> <span class='ocrx_word' id='word_1_92' title='bbox 936 637 983 676; x_wconf 76' lang='grc' dir='ltr'>τοῦ</span> 
     </span>
    </p>
   </div>
   <div class='ocr_carea' id='block_1_16' title="bbox 197 683 985 729">
    <p class='ocr_par' dir='ltr' id='par_1_16' title="bbox 197 683 985 729">
     <span class='ocr_line' id='line_1_16' title="bbox 197 683 985 729; baseline 0.016 -20"><span class='ocrx_word' id='word_1_93' title='bbox 197 683 300 710; x_wconf 81' lang='grc' dir='ltr'>σκοποῦ</span> <span class='ocrx_word' id='word_1_94' title='bbox 316 685 411 718; x_wconf 77' lang='grc' dir='ltr'>αὑτοῦ,</span> <span class='ocrx_word' id='word_1_95' title='bbox 433 687 533 722; x_wconf 69' lang='grc' dir='ltr'>ἤρξατο</span> <span class='ocrx_word' id='word_1_96' title='bbox 555 690 636 716; x_wconf 76' lang='grc' dir='ltr'>πάλιν</span> <span class='ocrx_word' id='word_1_97' title='bbox 650 691 697 718; x_wconf 82' lang='grc' dir='ltr'>τοῦ</span> <span class='ocrx_word' id='word_1_98' title='bbox 722 693 985 729; x_wconf 76' lang='grc' dir='ltr'>παραδειγματίζειν</span> 
     </span>
    </p>
   </div>
   <div class='ocr_carea' id='block_1_17' title="bbox 194 728 984 775">
    <p class='ocr_par' dir='ltr' id='par_1_17' title="bbox 194 728 984 775">
     <span class='ocr_line' id='line_1_17' title="bbox 194 728 984 775; baseline 0.018 -22"><span class='ocrx_word' id='word_1_99' title='bbox 194 728 240 754; x_wconf 65' lang='grc' dir='ltr'><strong>τὸν</strong></span> <span class='ocrx_word' id='word_1_100' title='bbox 252 729 371 756; x_wconf 79' lang='grc' dir='ltr'>ἐλεεινὸν</span> <span class='ocrx_word' id='word_1_101' title='bbox 387 732 492 759; x_wconf 81' lang='grc' dir='ltr'>ἐκεῖνον</span> <span class='ocrx_word' id='word_1_102' title='bbox 506 741 513 748; x_wconf 93' lang='grc'><strong>·</strong></span> <span class='ocrx_word' id='word_1_103' title='bbox 534 735 581 761; x_wconf 72' lang='grc' dir='ltr'>καὶ</span> <span class='ocrx_word' id='word_1_104' title='bbox 598 735 701 768; x_wconf 75' lang='grc' dir='ltr'>εὐθέως</span> <span class='ocrx_word' id='word_1_105' title='bbox 726 728 865 773; x_wconf 71' lang='grc' dir='ltr'>κείμενος,</span> <span class='ocrx_word' id='word_1_106' title='bbox 882 740 984 775; x_wconf 56' lang='lat' dir='ltr'><strong>{picto</strong></span> 
     </span>
    </p>
   </div>
   <div class='ocr_carea' id='block_1_18' title="bbox 197 774 983 823">
    <p class='ocr_par' dir='ltr' id='par_1_18' title="bbox 197 774 983 823">
     <span class='ocr_line' id='line_1_18' title="bbox 197 774 983 823; baseline 0.019 -24"><span class='ocrx_word' id='word_1_107' title='bbox 197 774 296 801; x_wconf 82' lang='grc' dir='ltr'>τίλλειν</span> <span class='ocrx_word' id='word_1_108' title='bbox 317 776 364 803; x_wconf 73' lang='grc' dir='ltr'><strong>τὸν</strong></span> <span class='ocrx_word' id='word_1_109' title='bbox 389 777 487 805; x_wconf 62' lang='lat' dir='ltr'><strong>tanto-3</strong></span> <span class='ocrx_word' id='word_1_110' title='bbox 508 780 636 814; x_wconf 80' lang='grc' dir='ltr'>πώγωνα,</span> <span class='ocrx_word' id='word_1_111' title='bbox 651 783 698 809; x_wconf 67' lang='grc' dir='ltr'><strong>καί</strong></span> <span class='ocrx_word' id='word_1_112' title='bbox 719 785 867 818; x_wconf 79' lang='grc' dir='ltr'>μετέπειτα</span> <span class='ocrx_word' id='word_1_113' title='bbox 888 774 983 823; x_wconf 68' lang='grc' dir='ltr'>ὥσπερ</span> 
     </span>
    </p>
   </div>
   <div class='ocr_carea' id='block_1_19' title="bbox 195 821 984 865">
    <p class='ocr_par' dir='ltr' id='par_1_19' title="bbox 195 821 984 865">
     <span class='ocr_line' id='line_1_19' title="bbox 195 821 984 865; baseline 0.016 -18"><span class='ocrx_word' id='word_1_114' title='bbox 195 821 311 853; x_wconf 57' lang='grc' dir='ltr'>αἰξίδιον</span> <span class='ocrx_word' id='word_1_115' title='bbox 327 824 469 856; x_wconf 76' lang='grc' dir='ltr'>φωνάζων,</span> <span class='ocrx_word' id='word_1_116' title='bbox 489 826 535 852; x_wconf 80' lang='grc' dir='ltr'>καὶ</span> <span class='ocrx_word' id='word_1_117' title='bbox 551 827 632 854; x_wconf 80' lang='grc' dir='ltr'>πάλιν</span> <span class='ocrx_word' id='word_1_118' title='bbox 649 829 699 864; x_wconf 82' lang='grc' dir='ltr'>τὴν</span> <span class='ocrx_word' id='word_1_119' title='bbox 721 830 848 863; x_wconf 76' lang='grc' dir='ltr'>γλῶσσαν</span> <span class='ocrx_word' id='word_1_120' title='bbox 868 833 919 865; x_wconf 75' lang='grc' dir='ltr'><strong>ἔξω</strong></span> <span class='ocrx_word' id='word_1_121' title='bbox 939 821 984 860; x_wconf 69' lang='grc' dir='ltr'><strong>ὲκ-</strong></span> 
     </span>
    </p>
   </div>
   <div class='ocr_carea' id='block_1_20' title="bbox 196 866 984 913">
    <p class='ocr_par' dir='ltr' id='par_1_20' title="bbox 196 866 984 913">
     <span class='ocr_line' id='line_1_20' title="bbox 196 866 984 913; baseline 0.02 -22"><span class='ocrx_word' id='word_1_122' title='bbox 196 866 302 893; x_wconf 62' lang='grc' dir='ltr'>6ὶλλων</span> <span class='ocrx_word' id='word_1_123' title='bbox 318 869 492 904; x_wconf 75' lang='grc' dir='ltr'>ὲσεληνίαζεν</span> <span class='ocrx_word' id='word_1_124' title='bbox 503 872 639 906; x_wconf 77' lang='grc' dir='ltr'>ἁῖέμνως,</span> <span class='ocrx_word' id='word_1_125' title='bbox 657 876 704 901; x_wconf 77' lang='grc' dir='ltr'>καὶ</span> <span class='ocrx_word' id='word_1_126' title='bbox 716 876 796 903; x_wconf 76' lang='grc' dir='ltr'>πάλιν</span> <span class='ocrx_word' id='word_1_127' title='bbox 807 877 901 913; x_wconf 84' lang='grc' dir='ltr'>ὥσπερ</span> <span class='ocrx_word' id='word_1_128' title='bbox 910 879 984 907; x_wconf 85' lang='grc' dir='ltr'><strong>κύων</strong></span> 
     </span>
    </p>
   </div>
   <div class='ocr_carea' id='block_1_21' title="bbox 197 913 983 959">
    <p class='ocr_par' dir='ltr' id='par_1_21' title="bbox 197 913 983 959">
     <span class='ocr_line' id='line_1_21' title="bbox 197 913 983 959; baseline 0.022 -23"><span class='ocrx_word' id='word_1_129' title='bbox 197 913 324 946; x_wconf 72' lang='grc' dir='ltr'>ποιμνίου</span> <span class='ocrx_word' id='word_1_130' title='bbox 357 914 462 950; x_wconf 78' lang='grc' dir='ltr'>βαρέως</span> <span class='ocrx_word' id='word_1_131' title='bbox 488 916 595 950; x_wconf 76' lang='grc' dir='ltr'>βαΰζων</span> <span class='ocrx_word' id='word_1_132' title='bbox 619 920 660 951; x_wconf 84' lang='grc' dir='ltr'><strong>είς</strong></span> <span class='ocrx_word' id='word_1_133' title='bbox 688 921 753 953; x_wconf 77' lang='grc' dir='ltr'>τοὺς</span> <span class='ocrx_word' id='word_1_134' title='bbox 785 924 983 959; x_wconf 70' lang='grc' dir='ltr'><strong>παρεστῶτας,</strong></span> 
     </span>
    </p>
   </div>
   <div class='ocr_carea' id='block_1_22' title="bbox 194 956 985 1004">
    <p class='ocr_par' dir='ltr' id='par_1_22' title="bbox 194 956 985 1004">
     <span class='ocr_line' id='line_1_22' title="bbox 194 956 985 1004; baseline 0.02 -22"><span class='ocrx_word' id='word_1_135' title='bbox 194 956 266 983; x_wconf 71' lang='grc' dir='ltr'>ὥστε</span> <span class='ocrx_word' id='word_1_136' title='bbox 284 959 435 994; x_wconf 72' lang='grc' dir='ltr'>φοΰηθῆναι</span> <span class='ocrx_word' id='word_1_137' title='bbox 454 963 537 995; x_wconf 71' lang='grc' dir='ltr'>φζὸον</span> <span class='ocrx_word' id='word_1_138' title='bbox 552 965 640 998; x_wconf 82' lang='grc' dir='ltr'>μέγαν</span> <span class='ocrx_word' id='word_1_139' title='bbox 659 966 765 998; x_wconf 78' lang='grc' dir='ltr'>πάντας</span> <span class='ocrx_word' id='word_1_140' title='bbox 781 968 844 999; x_wconf 66' lang='grc' dir='ltr'>τοὺς</span> <span class='ocrx_word' id='word_1_141' title='bbox 863 970 985 1004; x_wconf 77' lang='grc' dir='ltr'>ὁρῶντας</span> 
     </span>
    </p>
   </div>
   <div class='ocr_carea' id='block_1_23' title="bbox 194 1003 985 1052">
    <p class='ocr_par' dir='ltr' id='par_1_23' title="bbox 194 1003 985 1052">
     <span class='ocr_line' id='line_1_23' title="bbox 194 1003 985 1052; baseline 0.019 -24"><span class='ocrx_word' id='word_1_142' title='bbox 194 1003 240 1029; x_wconf 68' lang='grc' dir='ltr'>τὶν</span> <span class='ocrx_word' id='word_1_143' title='bbox 271 1005 370 1032; x_wconf 73' lang='grc' dir='ltr'>ἑαυτοῦ</span> <span class='ocrx_word' id='word_1_144' title='bbox 394 1007 529 1041; x_wconf 82' lang='grc' dir='ltr'>βαΰζοντα</span> <span class='ocrx_word' id='word_1_145' title='bbox 549 1010 676 1046; x_wconf 76' lang='grc' dir='ltr'>δαίμονα.</span> <span class='ocrx_word' id='word_1_146' title='bbox 696 1013 728 1039; x_wconf 88' lang='grc' dir='ltr'>Οἱ</span> <span class='ocrx_word' id='word_1_147' title='bbox 750 1013 779 1039; x_wconf 76' lang='grc' dir='ltr'><strong>δὲ</strong></span> <span class='ocrx_word' id='word_1_148' title='bbox 799 1003 888 1041; x_wconf 74' lang='grc' dir='ltr'>ἐκείσέ</span> <span class='ocrx_word' id='word_1_149' title='bbox 906 1017 985 1052; x_wconf 86' lang='grc' dir='ltr'>εὑρε-</span> 
     </span>
    </p>
   </div>
   <div class='ocr_carea' id='block_1_24' title="bbox 194 1049 985 1094">
    <p class='ocr_par' dir='ltr' id='par_1_24' title="bbox 194 1049 985 1094">
     <span class='ocr_line' id='line_1_24' title="bbox 194 1049 985 1094; baseline 0.02 -19"><span class='ocrx_word' id='word_1_150' title='bbox 194 1049 287 1083; x_wconf 75' lang='grc' dir='ltr'>οέντες</span> <span class='ocrx_word' id='word_1_151' title='bbox 311 1051 423 1087; x_wconf 81' lang='grc' dir='ltr'>ἠρώτων</span> <span class='ocrx_word' id='word_1_152' title='bbox 457 1055 502 1082; x_wconf 67' lang='grc' dir='ltr'><strong>τὸν</strong></span> <span class='ocrx_word' id='word_1_153' title='bbox 536 1057 704 1092; x_wconf 71' lang='grc' dir='ltr'>Ἐπιφάνιον.</span> <span class='ocrx_word' id='word_1_154' title='bbox 729 1060 811 1087; x_wconf 81' lang='grc' dir='ltr'>πόθεν</span> <span class='ocrx_word' id='word_1_155' title='bbox 842 1063 881 1094; x_wconf 81' lang='grc' dir='ltr'><strong>είς</strong></span> <span class='ocrx_word' id='word_1_156' title='bbox 903 1049 985 1092; x_wconf 60' lang='grc' dir='ltr'>αὐτὸν</span> 
     </span>
    </p>
   </div>
   <div class='ocr_carea' id='block_1_25' title="bbox 194 1098 983 1141">
    <p class='ocr_par' dir='ltr' id='par_1_25' title="bbox 194 1098 983 1141">
     <span class='ocr_line' id='line_1_25' title="bbox 194 1098 983 1141; baseline 0.02 -18"><span class='ocrx_word' id='word_1_157' title='bbox 194 1098 322 1134; x_wconf 80' lang='grc' dir='ltr'>τοιαύτην</span> <span class='ocrx_word' id='word_1_158' title='bbox 342 1099 467 1132; x_wconf 80' lang='grc' dir='ltr'>ἐξουσίαν</span> <span class='ocrx_word' id='word_1_159' title='bbox 487 1103 583 1131; x_wconf 76' lang='grc' dir='ltr'>ἔλαῦεν</span> <span class='ocrx_word' id='word_1_160' title='bbox 606 1106 619 1132; x_wconf 88' lang='lat'><strong>6</strong></span> <span class='ocrx_word' id='word_1_161' title='bbox 642 1107 776 1141; x_wconf 76' lang='grc' dir='ltr'>διάϐολος,</span> <span class='ocrx_word' id='word_1_162' title='bbox 804 1109 846 1136; x_wconf 69' lang='grc' dir='ltr'>ἵνα</span> <span class='ocrx_word' id='word_1_163' title='bbox 870 1112 983 1140; x_wconf 78' lang='grc' dir='ltr'>τοιαῦτα</span> 
     </span>
    </p>
   </div>
   <div class='ocr_carea' id='block_1_26' title="bbox 193 1143 980 1192">
    <p class='ocr_par' dir='ltr' id='par_1_26' title="bbox 193 1143 980 1192">
     <span class='ocr_line' id='line_1_26' title="bbox 193 1143 980 1192; baseline 0.019 -23"><span class='ocrx_word' id='word_1_164' title='bbox 193 1143 311 1192; x_wconf 53' lang='grc' dir='ltr'>πρέπῃ.</span> <span class='ocrx_word' id='word_1_165' title='bbox 336 1145 370 1192; x_wconf 20' lang='grc'><strong>’07</strong></span> <span class='ocrx_word' id='word_1_166' title='bbox 385 1147 413 1174; x_wconf 80' lang='grc' dir='ltr'><strong>δὲ</strong></span> <span class='ocrx_word' id='word_1_167' title='bbox 437 1147 496 1176; x_wconf 77' lang='grc' dir='ltr'>εἷπε</span> <span class='ocrx_word' id='word_1_168' title='bbox 521 1151 588 1185; x_wconf 74' lang='grc' dir='ltr'>πρὸς</span> <span class='ocrx_word' id='word_1_169' title='bbox 616 1152 736 1184; x_wconf 81' lang='grc' dir='ltr'>αὐτούς·</span> <span class='ocrx_word' id='word_1_170' title='bbox 766 1155 890 1190; x_wconf 76' lang='grc' dir='ltr'>Ἀδελφοί</span> <span class='ocrx_word' id='word_1_171' title='bbox 917 1166 980 1192; x_wconf 82' lang='grc' dir='ltr'>μου,</span> 
     </span>
    </p>
   </div>
   <div class='ocr_carea' id='block_1_27' title="bbox 192 1191 983 1238">
    <p class='ocr_par' dir='ltr' id='par_1_27' title="bbox 192 1191 983 1238">
     <span class='ocr_line' id='line_1_27' title="bbox 192 1191 983 1238; baseline 0.019 -22"><span class='ocrx_word' id='word_1_172' title='bbox 192 1191 248 1224; x_wconf 75' lang='grc' dir='ltr'><strong>ἐγὼ</strong></span> <span class='ocrx_word' id='word_1_173' title='bbox 269 1192 310 1222; x_wconf 78' lang='grc' dir='ltr'><strong>είς</strong></span> <span class='ocrx_word' id='word_1_174' title='bbox 329 1191 411 1220; x_wconf 78' lang='grc' dir='ltr'>τοῦτο</span> <span class='ocrx_word' id='word_1_175' title='bbox 430 1195 505 1222; x_wconf 74' lang='grc' dir='ltr'>οὐδὲν</span> <span class='ocrx_word' id='word_1_176' title='bbox 526 1196 680 1232; x_wconf 77' lang='grc' dir='ltr'>ἐπίσταμαι</span> <span class='ocrx_word' id='word_1_177' title='bbox 713 1199 897 1235; x_wconf 64' lang='grc' dir='ltr'>φθέγξασθαι·</span> <span class='ocrx_word' id='word_1_178' title='bbox 914 1203 983 1238; x_wconf 78' lang='grc' dir='ltr'>πλὴν</span> 
     </span>
    </p>
   </div>
   <div class='ocr_carea' id='block_1_28' title="bbox 193 1237 982 1284">
    <p class='ocr_par' dir='ltr' id='par_1_28' title="bbox 193 1237 982 1284">
     <span class='ocr_line' id='line_1_28' title="bbox 193 1237 982 1284; baseline 0.02 -23"><span class='ocrx_word' id='word_1_179' title='bbox 193 1237 371 1272; x_wconf 72' lang='grc' dir='ltr'>στοχάζομαι,</span> <span class='ocrx_word' id='word_1_180' title='bbox 389 1239 430 1266; x_wconf 81' lang='grc' dir='ltr'>ὃτι</span> <span class='ocrx_word' id='word_1_181' title='bbox 444 1240 557 1277; x_wconf 77' lang='grc' dir='ltr'>μεγάλῳ</span> <span class='ocrx_word' id='word_1_182' title='bbox 570 1244 774 1280; x_wconf 78' lang='grc' dir='ltr'>παραπτώματι</span> <span class='ocrx_word' id='word_1_183' title='bbox 789 1245 822 1282; x_wconf 85' lang='grc' dir='ltr'>ἦν</span> <span class='ocrx_word' id='word_1_184' title='bbox 838 1237 982 1284; x_wconf 77' lang='grc' dir='ltr'>συμπεπο-</span> 
     </span>
    </p>
   </div>
   <div class='ocr_carea' id='block_1_29' title="bbox 192 1282 982 1331">
    <p class='ocr_par' dir='ltr' id='par_1_29' title="bbox 192 1282 982 1331">
     <span class='ocr_line' id='line_1_29' title="bbox 192 1282 982 1331; baseline 0.019 -23"><span class='ocrx_word' id='word_1_185' title='bbox 192 1282 330 1316; x_wconf 78' lang='grc' dir='ltr'>δισμὲνος,</span> <span class='ocrx_word' id='word_1_186' title='bbox 345 1285 391 1311; x_wconf 78' lang='grc' dir='ltr'>καὶ</span> <span class='ocrx_word' id='word_1_187' title='bbox 402 1286 457 1312; x_wconf 73' lang='grc' dir='ltr'>οὐδ’</span> <span class='ocrx_word' id='word_1_188' title='bbox 476 1287 543 1319; x_wconf 78' lang='grc' dir='ltr'>ὅλως</span> <span class='ocrx_word' id='word_1_189' title='bbox 559 1289 666 1324; x_wconf 78' lang='grc' dir='ltr'><strong>ἀπέστη</strong></span> <span class='ocrx_word' id='word_1_190' title='bbox 684 1291 714 1323; x_wconf 78' lang='grc' dir='ltr'><strong>ἐξ</strong></span> <span class='ocrx_word' id='word_1_191' title='bbox 728 1293 810 1319; x_wconf 81' lang='grc' dir='ltr'><strong>αὐτοῦ</strong></span> <span class='ocrx_word' id='word_1_192' title='bbox 834 1282 915 1330; x_wconf 78' lang='grc' dir='ltr'>μέχρι</span> <span class='ocrx_word' id='word_1_193' title='bbox 932 1296 982 1331; x_wconf 81' lang='grc' dir='ltr'>τῆς</span> 
     </span>
    </p>
   </div>
   <div class='ocr_carea' id='block_1_30' title="bbox 190 1329 982 1376">
    <p class='ocr_par' dir='ltr' id='par_1_30' title="bbox 190 1329 982 1376">
     <span class='ocr_line' id='line_1_30' title="bbox 190 1329 982 1376; baseline 0.02 -22"><span class='ocrx_word' id='word_1_194' title='bbox 190 1329 288 1376; x_wconf 64' lang='grc' dir='ltr'>δεύρο,</span> <span class='ocrx_word' id='word_1_195' title='bbox 317 1330 333 1365; x_wconf 76' lang='grc' dir='ltr'><strong>ἢ</strong></span> <span class='ocrx_word' id='word_1_196' title='bbox 365 1332 415 1359; x_wconf 79' lang='grc' dir='ltr'>οὐκ</span> <span class='ocrx_word' id='word_1_197' title='bbox 448 1333 618 1368; x_wconf 79' lang='grc' dir='ltr'>ἐξήγ.γειλεν,</span> <span class='ocrx_word' id='word_1_198' title='bbox 648 1337 664 1372; x_wconf 81' lang='grc' dir='ltr'>ἧ</span> <span class='ocrx_word' id='word_1_199' title='bbox 695 1339 726 1364; x_wconf 83' lang='grc' dir='ltr'>οὐ</span> <span class='ocrx_word' id='word_1_200' title='bbox 749 1329 918 1376; x_wconf 77' lang='grc' dir='ltr'>μετενόησε·</span> <span class='ocrx_word' id='word_1_201' title='bbox 937 1329 982 1371; x_wconf 72' lang='grc' dir='ltr'>διὰ</span> 
     </span>
    </p>
   </div>
   <div class='ocr_carea' id='block_1_31' title="bbox 191 1374 981 1420">
    <p class='ocr_par' dir='ltr' id='par_1_31' title="bbox 191 1374 981 1420">
     <span class='ocr_line' id='line_1_31' title="bbox 191 1374 981 1420; baseline 0.019 -20"><span class='ocrx_word' id='word_1_202' title='bbox 191 1374 270 1401; x_wconf 69' lang='grc' dir='ltr'>τοῦτο</span> <span class='ocrx_word' id='word_1_203' title='bbox 297 1377 361 1408; x_wconf 76' lang='grc' dir='ltr'>τοὺς</span> <span class='ocrx_word' id='word_1_204' title='bbox 389 1377 594 1414; x_wconf 84' lang='grc' dir='ltr'>ἀμετανοήτους</span> <span class='ocrx_word' id='word_1_205' title='bbox 621 1382 788 1419; x_wconf 77' lang='grc' dir='ltr'>κληρονομεῖ</span> <span class='ocrx_word' id='word_1_206' title='bbox 808 1386 822 1412; x_wconf 84' lang='grc' dir='ltr'>ὀ</span> <span class='ocrx_word' id='word_1_207' title='bbox 848 1374 981 1420; x_wconf 68' lang='grc' dir='ltr'>θιάὸολος.</span> 
     </span>
    </p>
   </div>
   <div class='ocr_carea' id='block_1_32' title="bbox 197 1419 982 1466">
    <p class='ocr_par' dir='ltr' id='par_1_32' title="bbox 197 1419 982 1466">
     <span class='ocr_line' id='line_1_32' title="bbox 197 1419 982 1466; baseline 0.022 -22"><span class='ocrx_word' id='word_1_208' title='bbox 197 1419 242 1445; x_wconf 83' lang='grc' dir='ltr'>Ἐν</span> <span class='ocrx_word' id='word_1_209' title='bbox 261 1421 294 1455; x_wconf 82' lang='grc' dir='ltr'>τῇ</span> <span class='ocrx_word' id='word_1_210' title='bbox 313 1421 424 1458; x_wconf 81' lang='grc' dir='ltr'>τοιαύτῃ</span> <span class='ocrx_word' id='word_1_211' title='bbox 441 1421 488 1450; x_wconf 80' lang='grc' dir='ltr'>οὖν</span> <span class='ocrx_word' id='word_1_212' title='bbox 505 1424 629 1457; x_wconf 66' lang='grc' dir='ltr'>ἐξετάσει</span> <span class='ocrx_word' id='word_1_213' title='bbox 643 1428 746 1460; x_wconf 76' lang='grc' dir='ltr'>ἐκεῖνος</span> <span class='ocrx_word' id='word_1_214' title='bbox 761 1430 807 1456; x_wconf 69' lang='grc' dir='ltr'><strong>τὸν</strong></span> <span class='ocrx_word' id='word_1_215' title='bbox 832 1432 889 1466; x_wconf 84' lang='grc' dir='ltr'>βίον</span> <span class='ocrx_word' id='word_1_216' title='bbox 902 1435 982 1460; x_wconf 85' lang='grc' dir='ltr'>κατέ-</span> 
     </span>
    </p>
   </div>
   <div class='ocr_carea' id='block_1_33' title="bbox 191 1463 281 1492">
    <p class='ocr_par' dir='ltr' id='par_1_33' title="bbox 191 1463 281 1492">
     <span class='ocr_line' id='line_1_33' title="bbox 191 1463 281 1492; baseline 0.033 -3"><span class='ocrx_word' id='word_1_217' title='bbox 191 1463 222 1490; x_wconf 89' lang='grc' dir='ltr'><strong>λυ</strong></span> <span class='ocrx_word' id='word_1_218' title='bbox 228 1473 281 1492; x_wconf 73' lang='grc' dir='ltr'>τεν.</span> 
     </span>
    </p>
   </div>
   <div class='ocr_carea' id='block_1_34' title="bbox 229 1513 1017 1559">
    <p class='ocr_par' dir='ltr' id='par_1_34' title="bbox 229 1513 1017 1559">
     <span class='ocr_line' id='line_1_34' title="bbox 229 1513 1017 1559; baseline 0.022 -23"><span class='ocrx_word' id='word_1_219' title='bbox 229 1515 296 1545; x_wconf 88' lang='grc' dir='ltr'>ρνα’.</span> <span class='ocrx_word' id='word_1_220' title='bbox 317 1513 366 1559; x_wconf 71' lang='grc' dir='ltr'>ᾚν</span> <span class='ocrx_word' id='word_1_221' title='bbox 389 1515 438 1549; x_wconf 86' lang='grc' dir='ltr'><strong>μιᾷ</strong></span> <span class='ocrx_word' id='word_1_222' title='bbox 459 1515 506 1542; x_wconf 83' lang='grc' dir='ltr'>οὖν</span> <span class='ocrx_word' id='word_1_223' title='bbox 522 1517 614 1553; x_wconf 82' lang='grc' dir='ltr'>ἡμέρᾳ</span> <span class='ocrx_word' id='word_1_224' title='bbox 637 1520 766 1556; x_wconf 76' lang='grc' dir='ltr'>εὑρηκὼς</span> <span class='ocrx_word' id='word_1_225' title='bbox 781 1523 795 1548; x_wconf 88' lang='lat'><strong>6</strong></span> <span class='ocrx_word' id='word_1_226' title='bbox 821 1523 981 1559; x_wconf 73' lang='grc' dir='ltr'>Ἐπιφάνιος</span> <span class='ocrx_word' id='word_1_227' title='bbox 996 1529 1017 1556; x_wconf 82' lang='lat' dir='ltr'><strong><em>C</em></strong></span> 
     </span>
    </p>
   </div>
   <div class='ocr_carea' id='block_1_35' title="bbox 190 1555 980 1603">
    <p class='ocr_par' dir='ltr' id='par_1_35' title="bbox 190 1555 980 1603">
     <span class='ocr_line' id='line_1_35' title="bbox 190 1555 980 1603; baseline 0.02 -22"><span class='ocrx_word' id='word_1_228' title='bbox 190 1555 236 1582; x_wconf 61' lang='grc' dir='ltr'><strong>τὸν</strong></span> <span class='ocrx_word' id='word_1_229' title='bbox 262 1557 397 1593; x_wconf 84' lang='grc' dir='ltr'>μακάριον</span> <span class='ocrx_word' id='word_1_230' title='bbox 427 1559 566 1595; x_wconf 71' lang='grc' dir='ltr'>Ἀνδρέαν,</span> <span class='ocrx_word' id='word_1_231' title='bbox 587 1563 738 1598; x_wconf 81' lang='grc' dir='ltr'>διηγήσατο</span> <span class='ocrx_word' id='word_1_232' title='bbox 760 1567 834 1602; x_wconf 79' lang='grc' dir='ltr'>αὐτῷ</span> <span class='ocrx_word' id='word_1_233' title='bbox 860 1555 980 1603; x_wconf 63' lang='grc' dir='ltr'>ἅπαντα,</span> 
     </span>
    </p>
   </div>
   <div class='ocr_carea' id='block_1_36' title="bbox 193 1601 981 1644">
    <p class='ocr_par' dir='ltr' id='par_1_36' title="bbox 193 1601 981 1644">
     <span class='ocr_line' id='line_1_36' title="bbox 193 1601 981 1644; baseline 0.022 -18"><span class='ocrx_word' id='word_1_234' title='bbox 193 1601 240 1627; x_wconf 79' lang='grc' dir='ltr'>καὶ</span> <span class='ocrx_word' id='word_1_235' title='bbox 255 1603 404 1636; x_wconf 83' lang='grc' dir='ltr'>παρεκάλει</span> <span class='ocrx_word' id='word_1_236' title='bbox 424 1605 530 1639; x_wconf 79' lang='grc' dir='ltr'>μαθεῖν,</span> <span class='ocrx_word' id='word_1_237' title='bbox 549 1607 584 1633; x_wconf 83' lang='grc' dir='ltr'>δι’</span> <span class='ocrx_word' id='word_1_238' title='bbox 599 1608 633 1644; x_wconf 75' lang='grc' dir='ltr'><strong>ην</strong></span> <span class='ocrx_word' id='word_1_239' title='bbox 643 1610 734 1637; x_wconf 76' lang='grc' dir='ltr'>αἰτίαν</span> <span class='ocrx_word' id='word_1_240' title='bbox 748 1601 826 1644; x_wconf 75' lang='grc' dir='ltr'>οὗτος</span> <span class='ocrx_word' id='word_1_241' title='bbox 850 1614 865 1641; x_wconf 96' lang='lat'><strong>6</strong></span> <span class='ocrx_word' id='word_1_242' title='bbox 885 1601 981 1643; x_wconf 49' lang='grc' dir='ltr'>ταπειέ</span> 
     </span>
    </p>
   </div>
   <div class='ocr_carea' id='block_1_37' title="bbox 191 1647 979 1698">
    <p class='ocr_par' dir='ltr' id='par_1_37' title="bbox 191 1647 979 1698">
     <span class='ocr_line' id='line_1_37' title="bbox 191 1647 979 1698; baseline 0.02 -26"><span class='ocrx_word' id='word_1_243' title='bbox 191 1647 236 1676; x_wconf 70' lang='grc' dir='ltr'>νὺξ</span> <span class='ocrx_word' id='word_1_244' title='bbox 251 1648 377 1684; x_wconf 76' lang='grc' dir='ltr'>καθάπερ</span> <span class='ocrx_word' id='word_1_245' title='bbox 390 1651 462 1677; x_wconf 82' lang='grc' dir='ltr'>κύων</span> <span class='ocrx_word' id='word_1_246' title='bbox 476 1651 600 1680; x_wconf 77' lang='grc' dir='ltr'>ὑλακτῶν</span> <span class='ocrx_word' id='word_1_247' title='bbox 615 1656 819 1690; x_wconf 82' lang='grc' dir='ltr'>τετελεύτηκεν.</span> <span class='ocrx_word' id='word_1_248' title='bbox 829 1660 979 1698; x_wconf 69' lang='grc' dir='ltr'>Ἀπεκρίθη</span> 
     </span>
    </p>
   </div>
   <div class='ocr_carea' id='block_1_38' title="bbox 188 1693 980 1740">
    <p class='ocr_par' dir='ltr' id='par_1_38' title="bbox 188 1693 980 1740">
     <span class='ocr_line' id='line_1_38' title="bbox 188 1693 980 1740; baseline 0.021 -22"><span class='ocrx_word' id='word_1_249' title='bbox 188 1693 202 1718; x_wconf 83' lang='grc' dir='ltr'><strong>ὁ</strong></span> <span class='ocrx_word' id='word_1_250' title='bbox 214 1693 286 1724; x_wconf 75' lang='grc' dir='ltr'>ὅσιος</span> <span class='ocrx_word' id='word_1_251' title='bbox 308 1695 376 1740; x_wconf 61' lang='grc' dir='ltr'>πρὸς</span> <span class='ocrx_word' id='word_1_252' title='bbox 391 1696 473 1723; x_wconf 73' lang='grc' dir='ltr'>αὐτὸν</span> <span class='ocrx_word' id='word_1_253' title='bbox 488 1697 535 1724; x_wconf 77' lang='grc' dir='ltr'>καὶ</span> <span class='ocrx_word' id='word_1_254' title='bbox 562 1699 634 1734; x_wconf 84' lang='grc' dir='ltr'>λέγει</span> <span class='ocrx_word' id='word_1_255' title='bbox 648 1709 655 1716; x_wconf 93' lang='grc'><strong>·</strong></span> <span class='ocrx_word' id='word_1_256' title='bbox 677 1702 797 1735; x_wconf 84' lang='grc' dir='ltr'>Ἐκεῖνος</span> <span class='ocrx_word' id='word_1_257' title='bbox 813 1706 826 1731; x_wconf 88' lang='lat'><strong>6</strong></span> <span class='ocrx_word' id='word_1_258' title='bbox 841 1693 921 1740; x_wconf 67' lang='grc' dir='ltr'>φίλος</span> <span class='ocrx_word' id='word_1_259' title='bbox 934 1693 980 1735; x_wconf 83' lang='grc' dir='ltr'><strong>σού</strong></span> 
     </span>
    </p>
   </div>
   <div class='ocr_carea' id='block_1_39' title="bbox 191 1738 980 1790">
    <p class='ocr_par' dir='ltr' id='par_1_39' title="bbox 191 1738 980 1790">
     <span class='ocr_line' id='line_1_39' title="bbox 191 1738 980 1790; baseline 0.02 -26"><span class='ocrx_word' id='word_1_260' title='bbox 191 1739 288 1790; x_wconf 61' lang='grc' dir='ltr'>μοιχὸς</span> <span class='ocrx_word' id='word_1_261' title='bbox 309 1738 344 1776; x_wconf 83' lang='grc' dir='ltr'>ἦν</span> <span class='ocrx_word' id='word_1_262' title='bbox 364 1743 409 1768; x_wconf 78' lang='grc' dir='ltr'>καὶ</span> <span class='ocrx_word' id='word_1_263' title='bbox 431 1743 602 1778; x_wconf 73' lang='grc' dir='ltr'>μνησίκακος</span> <span class='ocrx_word' id='word_1_264' title='bbox 617 1746 777 1782; x_wconf 76' lang='grc' dir='ltr'>ἄνθρωπος·</span> <span class='ocrx_word' id='word_1_265' title='bbox 796 1738 918 1788; x_wconf 25' lang='grc' dir='ltr'>ὲῶννγὰρ</span> <span class='ocrx_word' id='word_1_266' title='bbox 930 1754 980 1790; x_wconf 80' lang='grc' dir='ltr'>τὴν</span> 
     </span>
    </p>
   </div>
   <div class='ocr_carea' id='block_1_40' title="bbox 192 1785 979 1830">
    <p class='ocr_par' dir='ltr' id='par_1_40' title="bbox 192 1785 979 1830">
     <span class='ocr_line' id='line_1_40' title="bbox 192 1785 979 1830; baseline 0.02 -20"><span class='ocrx_word' id='word_1_267' title='bbox 192 1785 290 1812; x_wconf 78' lang='grc' dir='ltr'>ἑαυτοῦ</span> <span class='ocrx_word' id='word_1_268' title='bbox 305 1787 431 1821; x_wconf 74' lang='grc' dir='ltr'>σύμϐιον,</span> <span class='ocrx_word' id='word_1_269' title='bbox 450 1790 483 1825; x_wconf 81' lang='grc' dir='ltr'>τῇ</span> <span class='ocrx_word' id='word_1_270' title='bbox 511 1789 682 1825; x_wconf 77' lang='grc' dir='ltr'>θεραπαινίδι</span> <span class='ocrx_word' id='word_1_271' title='bbox 697 1794 780 1821; x_wconf 73' lang='grc' dir='ltr'>αὐτοῦ</span> <span class='ocrx_word' id='word_1_272' title='bbox 797 1785 884 1830; x_wconf 71' lang='grc' dir='ltr'>ἀδεῶς</span> <span class='ocrx_word' id='word_1_273' title='bbox 901 1785 979 1826; x_wconf 70' lang='grc' dir='ltr'><strong>ἐπυνὲ-</strong></span> 
     </span>
    </p>
   </div>
   <div class='ocr_carea' id='block_1_41' title="bbox 191 1831 978 1881">
    <p class='ocr_par' dir='ltr' id='par_1_41' title="bbox 191 1831 978 1881">
     <span class='ocr_line' id='line_1_41' title="bbox 191 1831 978 1881; baseline 0.022 -26"><span class='ocrx_word' id='word_1_274' title='bbox 191 1831 304 1881; x_wconf 54' lang='grc' dir='ltr'>μίχνυτο</span> <span class='ocrx_word' id='word_1_275' title='bbox 315 1840 322 1848; x_wconf 79' lang='grc'><em>’</em></span> <span class='ocrx_word' id='word_1_276' title='bbox 342 1832 464 1866; x_wconf 76' lang='grc' dir='ltr'>διάκονός</span> <span class='ocrx_word' id='word_1_277' title='bbox 481 1844 511 1862; x_wconf 89' lang='grc' dir='ltr'><strong>τε</strong></span> <span class='ocrx_word' id='word_1_278' title='bbox 527 1838 718 1872; x_wconf 70' lang='grc' dir='ltr'>χρηματίζων,</span> <span class='ocrx_word' id='word_1_279' title='bbox 735 1841 785 1868; x_wconf 79' lang='grc' dir='ltr'>οὐκ</span> <span class='ocrx_word' id='word_1_280' title='bbox 799 1842 910 1878; x_wconf 85' lang='grc' dir='ltr'>ἔφριττε</span> <span class='ocrx_word' id='word_1_281' title='bbox 928 1845 978 1881; x_wconf 80' lang='grc' dir='ltr'>τὴν</span> 
     </span>
    </p>
   </div>
   <div class='ocr_carea' id='block_1_42' title="bbox 189 1877 975 1922">
    <p class='ocr_par' dir='ltr' id='par_1_42' title="bbox 189 1877 975 1922">
     <span class='ocr_line' id='line_1_42' title="bbox 189 1877 975 1922; baseline 0.02 -21"><span class='ocrx_word' id='word_1_282' title='bbox 189 1877 309 1912; x_wconf 74' lang='grc' dir='ltr'>φοϐερὰν</span> <span class='ocrx_word' id='word_1_283' title='bbox 325 1879 442 1914; x_wconf 81' lang='grc' dir='ltr'>δύναμιν</span> <span class='ocrx_word' id='word_1_284' title='bbox 466 1881 517 1916; x_wconf 82' lang='grc' dir='ltr'>τῆς</span> <span class='ocrx_word' id='word_1_285' title='bbox 540 1883 691 1918; x_wconf 74' lang='grc' dir='ltr'>ἀπροσίτου</span> <span class='ocrx_word' id='word_1_286' title='bbox 707 1877 862 1922; x_wconf 18' lang='grc' dir='ltr'>θεότητοςνὸ</span> <span class='ocrx_word' id='word_1_287' title='bbox 878 1877 975 1917; x_wconf 75' lang='grc' dir='ltr'>ταλαί-</span> 
     </span>
    </p>
   </div>
   <div class='ocr_carea' id='block_1_43' title="bbox 189 1926 978 1972">
    <p class='ocr_par' dir='ltr' id='par_1_43' title="bbox 189 1926 978 1972">
     <span class='ocr_line' id='line_1_43' title="bbox 189 1926 978 1972; baseline 0.019 -23"><span class='ocrx_word' id='word_1_288' title='bbox 189 1932 282 1972; x_wconf 58' lang='lat' dir='ltr'><strong>stippa;</strong></span> <span class='ocrx_word' id='word_1_289' title='bbox 298 1933 305 1939; x_wconf 85' lang='lat'>&#39;</span> <span class='ocrx_word' id='word_1_290' title='bbox 322 1926 368 1972; x_wconf 61' lang='grc' dir='ltr'><strong>καλ</strong></span> <span class='ocrx_word' id='word_1_291' title='bbox 390 1927 468 1958; x_wconf 76' lang='grc' dir='ltr'>εἰδὼς</span> <span class='ocrx_word' id='word_1_292' title='bbox 484 1928 566 1955; x_wconf 77' lang='grc' dir='ltr'>αὑτὸν</span> <span class='ocrx_word' id='word_1_293' title='bbox 581 1931 742 1967; x_wconf 77' lang='grc' dir='ltr'>ἁμαρτωλὸν</span> <span class='ocrx_word' id='word_1_294' title='bbox 759 1934 807 1969; x_wconf 87' lang='grc' dir='ltr'>οὐχ</span> <span class='ocrx_word' id='word_1_295' title='bbox 828 1935 978 1972; x_wconf 75' lang='grc' dir='ltr'><strong>ἡσύχαζεν,</strong></span> 
     </span>
    </p>
   </div>
   <div class='ocr_carea' id='block_1_44' title="bbox 186 1970 977 2017">
    <p class='ocr_par' dir='ltr' id='par_1_44' title="bbox 186 1970 977 2017">
     <span class='ocr_line' id='line_1_44' title="bbox 186 1970 977 2017; baseline 0.018 -22"><span class='ocrx_word' id='word_1_296' title='bbox 186 1970 254 1997; x_wconf 79' lang='grc' dir='ltr'>ἀλλὰ</span> <span class='ocrx_word' id='word_1_297' title='bbox 267 1971 414 2006; x_wconf 82' lang='grc' dir='ltr'>μοιχεύων,</span> <span class='ocrx_word' id='word_1_298' title='bbox 429 1974 522 2008; x_wconf 82' lang='grc' dir='ltr'>φορῶν</span> <span class='ocrx_word' id='word_1_299' title='bbox 535 1974 565 2001; x_wconf 76' lang='grc' dir='ltr'>τὸ</span> <span class='ocrx_word' id='word_1_300' title='bbox 580 1976 711 2010; x_wconf 82' lang='grc' dir='ltr'>φελὼνιον</span> <span class='ocrx_word' id='word_1_301' title='bbox 727 1979 810 2005; x_wconf 77' lang='grc' dir='ltr'>αὑτοῦ</span> <span class='ocrx_word' id='word_1_302' title='bbox 826 1970 977 2017; x_wconf 71' lang='grc' dir='ltr'>ἱεράτενεν,</span> 
     </span>
    </p>
   </div>
   <div class='ocr_carea' id='block_1_45' title="bbox 187 2018 978 2056">
    <p class='ocr_par' dir='ltr' id='par_1_45' title="bbox 187 2018 978 2056">
     <span class='ocr_line' id='line_1_45' title="bbox 187 2018 978 2056; baseline 0.018 -14"><span class='ocrx_word' id='word_1_303' title='bbox 187 2018 367 2052; x_wconf 81' lang='grc' dir='ltr'>καταφρονῶν</span> <span class='ocrx_word' id='word_1_304' title='bbox 386 2019 441 2046; x_wconf 85' lang='grc' dir='ltr'>τῶν</span> <span class='ocrx_word' id='word_1_305' title='bbox 465 2019 607 2051; x_wconf 83' lang='grc' dir='ltr'>ζωοποιῶν</span> <span class='ocrx_word' id='word_1_306' title='bbox 631 2023 746 2051; x_wconf 79' lang='grc' dir='ltr'>ἐκείνων</span> <span class='ocrx_word' id='word_1_307' title='bbox 771 2026 819 2052; x_wconf 76' lang='grc' dir='ltr'>καὶ</span> <span class='ocrx_word' id='word_1_308' title='bbox 833 2027 978 2056; x_wconf 81' lang='grc' dir='ltr'>ἀθανάτων</span> 
     </span>
    </p>
   </div>
   <div class='ocr_carea' id='block_1_46' title="bbox 189 2063 977 2110">
    <p class='ocr_par' dir='ltr' id='par_1_46' title="bbox 189 2063 977 2110">
     <span class='ocr_line' id='line_1_46' title="bbox 189 2063 977 2110; baseline 0.019 -23"><span class='ocrx_word' id='word_1_309' title='bbox 189 2063 347 2098; x_wconf 81' lang='grc' dir='ltr'>μυστηρίων</span> <span class='ocrx_word' id='word_1_310' title='bbox 361 2072 368 2080; x_wconf 75' lang='grc' dir='ltr'><strong>ο</strong></span> <span class='ocrx_word' id='word_1_311' title='bbox 392 2066 439 2091; x_wconf 73' lang='grc' dir='ltr'>καὶ</span> <span class='ocrx_word' id='word_1_312' title='bbox 463 2065 573 2098; x_wconf 73' lang='grc' dir='ltr'>εἴκαζεν</span> <span class='ocrx_word' id='word_1_313' title='bbox 591 2067 633 2094; x_wconf 84' lang='grc' dir='ltr'>ὅτι</span> <span class='ocrx_word' id='word_1_314' title='bbox 648 2069 740 2097; x_wconf 84' lang='grc' dir='ltr'>λαθεῖν</span> <span class='ocrx_word' id='word_1_315' title='bbox 760 2070 817 2107; x_wconf 81' lang='grc' dir='ltr'>ἔχει</span> <span class='ocrx_word' id='word_1_316' title='bbox 831 2073 925 2109; x_wconf 82' lang='grc' dir='ltr'>Κυρίῳ</span> <span class='ocrx_word' id='word_1_317' title='bbox 939 2075 977 2110; x_wconf 87' lang='grc' dir='ltr'>τῷ</span> 
     </span>
    </p>
   </div>
   <div class='ocr_carea' id='block_1_47' title="bbox 185 2109 978 2155">
    <p class='ocr_par' dir='ltr' id='par_1_47' title="bbox 185 2109 978 2155">
     <span class='ocr_line' id='line_1_47' title="bbox 185 2109 978 2155; baseline 0.016 -21"><span class='ocrx_word' id='word_1_318' title='bbox 185 2109 245 2144; x_wconf 82' lang='grc' dir='ltr'>Θεῷ</span> <span class='ocrx_word' id='word_1_319' title='bbox 268 2109 358 2144; x_wconf 77' lang='grc' dir='ltr'>ἡμῶν.</span> <span class='ocrx_word' id='word_1_320' title='bbox 390 2110 490 2146; x_wconf 74' lang='grc' dir='ltr'>Ὶερείις</span> <span class='ocrx_word' id='word_1_321' title='bbox 505 2113 561 2148; x_wconf 86' lang='grc' dir='ltr'><strong>γὰρ</strong></span> <span class='ocrx_word' id='word_1_322' title='bbox 578 2114 687 2149; x_wconf 74' lang='grc' dir='ltr'>πόρνος,</span> <span class='ocrx_word' id='word_1_323' title='bbox 713 2117 760 2143; x_wconf 73' lang='grc' dir='ltr'>καὶ</span> <span class='ocrx_word' id='word_1_324' title='bbox 774 2117 898 2151; x_wconf 79' lang='grc' dir='ltr'>διάκονος</span> <span class='ocrx_word' id='word_1_325' title='bbox 918 2109 978 2155; x_wconf 60' lang='lat' dir='ltr'><strong>itot-</strong></span> 
     </span>
    </p>
   </div>
   <div class='ocr_carea' id='block_1_48' title="bbox 185 2155 976 2204">
    <p class='ocr_par' dir='ltr' id='par_1_48' title="bbox 185 2155 976 2204">
     <span class='ocr_line' id='line_1_48' title="bbox 185 2155 976 2204; baseline 0.018 -23"><span class='ocrx_word' id='word_1_326' title='bbox 185 2155 233 2191; x_wconf 85' lang='grc' dir='ltr'>χός</span> <span class='ocrx_word' id='word_1_327' title='bbox 259 2165 288 2183; x_wconf 83' lang='grc' dir='ltr'><strong>τε</strong></span> <span class='ocrx_word' id='word_1_328' title='bbox 315 2157 425 2192; x_wconf 85' lang='grc' dir='ltr'>πόρνος,</span> <span class='ocrx_word' id='word_1_329' title='bbox 451 2159 650 2196; x_wconf 77' lang='grc' dir='ltr'>ἐπικατὰρατοι</span> <span class='ocrx_word' id='word_1_330' title='bbox 678 2163 786 2191; x_wconf 77' lang='grc' dir='ltr'>ἔσονται</span> <span class='ocrx_word' id='word_1_331' title='bbox 815 2167 910 2203; x_wconf 86' lang='grc' dir='ltr'>Κυρίῳ</span> <span class='ocrx_word' id='word_1_332' title='bbox 937 2168 976 2204; x_wconf 83' lang='grc' dir='ltr'>τῷ</span> 
     </span>
    </p>
   </div>
   <div class='ocr_carea' id='block_1_49' title="bbox 185 2202 974 2249">
    <p class='ocr_par' dir='ltr' id='par_1_49' title="bbox 185 2202 974 2249">
     <span class='ocr_line' id='line_1_49' title="bbox 185 2202 974 2249; baseline 0.018 -22"><span class='ocrx_word' id='word_1_333' title='bbox 185 2202 246 2236; x_wconf 85' lang='grc' dir='ltr'><strong>Θεῷ</strong></span> <span class='ocrx_word' id='word_1_334' title='bbox 262 2210 269 2217; x_wconf 89' lang='grc'>·</span> <span class='ocrx_word' id='word_1_335' title='bbox 293 2203 361 2230; x_wconf 84' lang='grc' dir='ltr'>πολὺ</span> <span class='ocrx_word' id='word_1_336' title='bbox 384 2205 439 2240; x_wconf 72' lang='grc' dir='ltr'><strong>γὰρ</strong></span> <span class='ocrx_word' id='word_1_337' title='bbox 460 2205 562 2239; x_wconf 64' lang='grc' dir='ltr'>ὀφείλει</span> <span class='ocrx_word' id='word_1_338' title='bbox 584 2207 706 2243; x_wconf 71' lang='grc' dir='ltr'>καθαρὸς</span> <span class='ocrx_word' id='word_1_339' title='bbox 727 2208 798 2237; x_wconf 77' lang='grc' dir='ltr'>εἶναι</span> <span class='ocrx_word' id='word_1_340' title='bbox 816 2211 830 2238; x_wconf 91' lang='lat'><strong>6</strong></span> <span class='ocrx_word' id='word_1_341' title='bbox 847 2202 974 2249; x_wconf 50' lang='lat' dir='ltr'><strong>17(96le</strong></span> 
     </span>
    </p>
   </div>
   <div class='ocr_carea' id='block_1_50' title="bbox 186 2247 975 2293">
    <p class='ocr_par' dir='ltr' id='par_1_50' title="bbox 186 2247 975 2293">
     <span class='ocr_line' id='line_1_50' title="bbox 186 2247 975 2293; baseline 0.018 -20"><span class='ocrx_word' id='word_1_342' title='bbox 186 2247 373 2284; x_wconf 79' lang='grc' dir='ltr'>θυσιαστηρίῳ</span> <span class='ocrx_word' id='word_1_343' title='bbox 394 2252 611 2286; x_wconf 79' lang='grc' dir='ltr'>παριστάμενος.</span> <span class='ocrx_word' id='word_1_344' title='bbox 632 2255 668 2281; x_wconf 77' lang='grc' dir='ltr'><strong>Σὺ</strong></span> <span class='ocrx_word' id='word_1_345' title='bbox 684 2255 739 2291; x_wconf 67' lang='grc' dir='ltr'>γὰρ</span> <span class='ocrx_word' id='word_1_346' title='bbox 761 2254 846 2291; x_wconf 80' lang='grc' dir='ltr'>οἶδας,</span> <span class='ocrx_word' id='word_1_347' title='bbox 867 2247 975 2293; x_wconf 73' lang='grc' dir='ltr'>τέκνον,</span> 
     </span>
    </p>
   </div>
   <div class='ocr_carea' id='block_1_51' title="bbox 185 2293 976 2340">
    <p class='ocr_par' dir='ltr' id='par_1_51' title="bbox 185 2293 976 2340">
     <span class='ocr_line' id='line_1_51' title="bbox 185 2293 976 2340; baseline 0.018 -21"><span class='ocrx_word' id='word_1_348' title='bbox 185 2294 226 2320; x_wconf 81' lang='grc' dir='ltr'>ὅτι</span> <span class='ocrx_word' id='word_1_349' title='bbox 245 2293 260 2320; x_wconf 90' lang='lat'><strong>6</strong></span> <span class='ocrx_word' id='word_1_350' title='bbox 276 2294 342 2326; x_wconf 85' lang='grc' dir='ltr'>Θεὸς</span> <span class='ocrx_word' id='word_1_351' title='bbox 367 2296 508 2332; x_wconf 75' lang='grc' dir='ltr'>ῥυπαροὺς</span> <span class='ocrx_word' id='word_1_352' title='bbox 532 2298 671 2334; x_wconf 85' lang='grc' dir='ltr'>ὑπηρέτας</span> <span class='ocrx_word' id='word_1_353' title='bbox 700 2302 731 2328; x_wconf 79' lang='grc' dir='ltr'>οὐ</span> <span class='ocrx_word' id='word_1_354' title='bbox 759 2303 856 2338; x_wconf 79' lang='grc' dir='ltr'>χρῄζει</span> <span class='ocrx_word' id='word_1_355' title='bbox 873 2312 880 2319; x_wconf 94' lang='grc'><strong>·</strong></span> <span class='ocrx_word' id='word_1_356' title='bbox 901 2306 976 2340; x_wconf 87' lang='grc' dir='ltr'>μισεῖ</span> 
     </span>
    </p>
   </div>
   <div class='ocr_carea' id='block_1_52' title="bbox 184 2341 973 2382">
    <p class='ocr_par' dir='ltr' id='par_1_52' title="bbox 184 2341 973 2382">
     <span class='ocr_line' id='line_1_52' title="bbox 184 2341 973 2382; baseline 0.018 -18"><span class='ocrx_word' id='word_1_357' title='bbox 184 2341 240 2375; x_wconf 66' lang='grc' dir='ltr'><strong>γὰρ</strong></span> <span class='ocrx_word' id='word_1_358' title='bbox 264 2341 360 2374; x_wconf 79' lang='grc' dir='ltr'>γενεὰν</span> <span class='ocrx_word' id='word_1_359' title='bbox 380 2342 522 2378; x_wconf 81' lang='grc' dir='ltr'>μοιχαλίδα</span> <span class='ocrx_word' id='word_1_360' title='bbox 546 2345 592 2372; x_wconf 81' lang='grc' dir='ltr'>καὶ</span> <span class='ocrx_word' id='word_1_361' title='bbox 618 2346 792 2381; x_wconf 86' lang='grc' dir='ltr'>άμαρτωλόν.</span> <span class='ocrx_word' id='word_1_362' title='bbox 823 2350 973 2382; x_wconf 79' lang='grc' dir='ltr'>Εξκάζουσί</span> 
     </span>
    </p>
   </div>
   <div class='ocr_carea' id='block_1_53' title="bbox 183 2386 974 2432">
    <p class='ocr_par' dir='ltr' id='par_1_53' title="bbox 183 2386 974 2432">
     <span class='ocr_line' id='line_1_53' title="bbox 183 2386 974 2432; baseline 0.016 -21"><span class='ocrx_word' id='word_1_363' title='bbox 183 2394 257 2417; x_wconf 80' lang='grc' dir='ltr'>τινες</span> <span class='ocrx_word' id='word_1_364' title='bbox 279 2386 334 2413; x_wconf 83' lang='grc' dir='ltr'>τῶν</span> <span class='ocrx_word' id='word_1_365' title='bbox 356 2387 520 2424; x_wconf 77' lang='grc' dir='ltr'>ἀνθρώπων,</span> <span class='ocrx_word' id='word_1_366' title='bbox 536 2390 577 2418; x_wconf 76' lang='grc' dir='ltr'><strong>ὅτι</strong></span> <span class='ocrx_word' id='word_1_367' title='bbox 597 2391 682 2427; x_wconf 79' lang='grc' dir='ltr'>μῦθός</span> <span class='ocrx_word' id='word_1_368' title='bbox 697 2393 755 2420; x_wconf 68' lang='grc' dir='ltr'>ἐστι</span> <span class='ocrx_word' id='word_1_369' title='bbox 777 2395 812 2421; x_wconf 79' lang='grc' dir='ltr'>τὰ</span> <span class='ocrx_word' id='word_1_370' title='bbox 825 2396 880 2423; x_wconf 83' lang='grc' dir='ltr'>τῶν</span> <span class='ocrx_word' id='word_1_371' title='bbox 903 2397 974 2432; x_wconf 84' lang='grc' dir='ltr'>Χρι-</span> 
     </span>
    </p>
   </div>
   <div class='ocr_carea' id='block_1_54' title="bbox 185 2434 975 2478">
    <p class='ocr_par' dir='ltr' id='par_1_54' title="bbox 185 2434 975 2478">
     <span class='ocr_line' id='line_1_54' title="bbox 185 2434 975 2478; baseline 0.016 -20"><span class='ocrx_word' id='word_1_372' title='bbox 185 2434 301 2460; x_wconf 81' lang='grc' dir='ltr'>στιανῶν</span> <span class='ocrx_word' id='word_1_373' title='bbox 324 2434 515 2471; x_wconf 83' lang='grc' dir='ltr'>διαγγέλματα</span> <span class='ocrx_word' id='word_1_374' title='bbox 532 2445 540 2454; x_wconf 78' lang='grc' dir='ltr'><strong><em>ο</em></strong></span> <span class='ocrx_word' id='word_1_375' title='bbox 566 2438 627 2465; x_wconf 76' lang='grc' dir='ltr'>ὅθεν</span> <span class='ocrx_word' id='word_1_376' title='bbox 643 2441 716 2472; x_wconf 81' lang='grc' dir='ltr'>τινὲς</span> <span class='ocrx_word' id='word_1_377' title='bbox 735 2442 783 2468; x_wconf 77' lang='grc' dir='ltr'><strong>καὶ</strong></span> <span class='ocrx_word' id='word_1_378' title='bbox 799 2442 897 2478; x_wconf 83' lang='grc' dir='ltr'>ἀηδίαν</span> <span class='ocrx_word' id='word_1_379' title='bbox 909 2452 975 2478; x_wconf 87' lang='grc' dir='ltr'>φαν-</span> 
     </span>
    </p>
   </div>
   <div class='ocr_carea' id='block_1_55' title="bbox 184 2479 974 2521">
    <p class='ocr_par' dir='ltr' id='par_1_55' title="bbox 184 2479 974 2521">
     <span class='ocr_line' id='line_1_55' title="bbox 184 2479 974 2521; baseline 0.016 -17"><span class='ocrx_word' id='word_1_380' title='bbox 184 2479 324 2512; x_wconf 76' lang='grc' dir='ltr'>τάζονται,</span> <span class='ocrx_word' id='word_1_381' title='bbox 339 2481 424 2513; x_wconf 84' lang='grc' dir='ltr'>λίθοις</span> <span class='ocrx_word' id='word_1_382' title='bbox 441 2482 535 2518; x_wconf 79' lang='grc' dir='ltr'>βυθοῖς</span> <span class='ocrx_word' id='word_1_383' title='bbox 547 2485 767 2521; x_wconf 82' lang='grc' dir='ltr'>ἀμαυρούμενοι.</span> <span class='ocrx_word' id='word_1_384' title='bbox 789 2489 835 2515; x_wconf 78' lang='grc' dir='ltr'><strong>καὶ</strong></span> <span class='ocrx_word' id='word_1_385' title='bbox 849 2489 974 2516; x_wconf 76' lang='grc' dir='ltr'>ἐντεῦθεν</span> 
     </span>
    </p>
   </div>
   <div class='ocr_carea' id='block_1_56' title="bbox 183 2525 974 2568">
    <p class='ocr_par' dir='ltr' id='par_1_56' title="bbox 183 2525 974 2568">
     <span class='ocr_line' id='line_1_56' title="bbox 183 2525 974 2568; baseline 0.014 -17"><span class='ocrx_word' id='word_1_386' title='bbox 183 2525 269 2557; x_wconf 82' lang='grc' dir='ltr'>ἀδεῶς</span> <span class='ocrx_word' id='word_1_387' title='bbox 284 2527 391 2555; x_wconf 85' lang='grc' dir='ltr'>ποιοῦσι</span> <span class='ocrx_word' id='word_1_388' title='bbox 415 2529 449 2556; x_wconf 81' lang='grc' dir='ltr'>τὰ</span> <span class='ocrx_word' id='word_1_389' title='bbox 466 2530 627 2566; x_wconf 83' lang='grc' dir='ltr'>καταθύμια</span> <span class='ocrx_word' id='word_1_390' title='bbox 639 2538 647 2547; x_wconf 83' lang='grc'><strong>’</strong></span> <span class='ocrx_word' id='word_1_391' title='bbox 661 2532 708 2559; x_wconf 85' lang='grc' dir='ltr'>καὶ</span> <span class='ocrx_word' id='word_1_392' title='bbox 723 2533 773 2560; x_wconf 80' lang='grc' dir='ltr'>οὐκ</span> <span class='ocrx_word' id='word_1_393' title='bbox 790 2534 877 2562; x_wconf 77' lang='grc' dir='ltr'>οἴδασι</span> <span class='ocrx_word' id='word_1_394' title='bbox 898 2536 974 2568; x_wconf 82' lang='grc' dir='ltr'>ποῖός</span> 
     </span>
    </p>
   </div>
   <div class='ocr_carea' id='block_1_57' title="bbox 183 2571 972 2615">
    <p class='ocr_par' dir='ltr' id='par_1_57' title="bbox 183 2571 972 2615">
     <span class='ocr_line' id='line_1_57' title="bbox 183 2571 972 2615; baseline 0.015 -20"><span class='ocrx_word' id='word_1_395' title='bbox 183 2571 257 2597; x_wconf 83' lang='grc' dir='ltr'>ἐστιν</span> <span class='ocrx_word' id='word_1_396' title='bbox 284 2571 298 2598; x_wconf 93' lang='lat'><strong>6</strong></span> <span class='ocrx_word' id='word_1_397' title='bbox 324 2572 433 2608; x_wconf 78' lang='grc' dir='ltr'>δράκων</span> <span class='ocrx_word' id='word_1_398' title='bbox 455 2574 552 2610; x_wconf 83' lang='grc' dir='ltr'>ἄγριος</span> <span class='ocrx_word' id='word_1_399' title='bbox 576 2576 625 2603; x_wconf 81' lang='grc' dir='ltr'>καὶ</span> <span class='ocrx_word' id='word_1_400' title='bbox 650 2579 759 2613; x_wconf 77' lang='grc' dir='ltr'>πικρὸς.</span> <span class='ocrx_word' id='word_1_401' title='bbox 775 2579 790 2605; x_wconf 88' lang='lat'><strong>6</strong></span> <span class='ocrx_word' id='word_1_402' title='bbox 805 2579 852 2605; x_wconf 85' lang='grc' dir='ltr'>τοῦ</span> <span class='ocrx_word' id='word_1_403' title='bbox 868 2580 972 2615; x_wconf 81' lang='grc' dir='ltr'>κόσμου</span> 
     </span>
    </p>
   </div>
   <div class='ocr_carea' id='block_1_58' title="bbox 182 2617 972 2657">
    <p class='ocr_par' dir='ltr' id='par_1_58' title="bbox 182 2617 972 2657">
     <span class='ocr_line' id='line_1_58' title="bbox 182 2617 972 2657; baseline 0.014 -15"><span class='ocrx_word' id='word_1_404' title='bbox 182 2617 288 2651; x_wconf 84' lang='grc' dir='ltr'>ἄρχων,</span> <span class='ocrx_word' id='word_1_405' title='bbox 314 2620 397 2653; x_wconf 78' lang='grc' dir='ltr'>φημὶ,</span> <span class='ocrx_word' id='word_1_406' title='bbox 424 2621 438 2647; x_wconf 85' lang='lat'><strong>6</strong></span> <span class='ocrx_word' id='word_1_407' title='bbox 462 2621 695 2657; x_wconf 81' lang='grc' dir='ltr'>ἀποστελλόμενος</span> <span class='ocrx_word' id='word_1_408' title='bbox 720 2624 760 2655; x_wconf 79' lang='grc' dir='ltr'><strong>είς</strong></span> <span class='ocrx_word' id='word_1_409' title='bbox 777 2624 836 2657; x_wconf 79' lang='grc' dir='ltr'>ἐνὸς</span> <span class='ocrx_word' id='word_1_410' title='bbox 856 2626 972 2653; x_wconf 76' lang='grc' dir='ltr'>ἑκάστου</span> 
     </span>
    </p>
   </div>
   <div class='ocr_carea' id='block_1_59' title="bbox 183 2662 972 2710">
    <p class='ocr_par' dir='ltr' id='par_1_59' title="bbox 183 2662 972 2710">
     <span class='ocr_line' id='line_1_59' title="bbox 183 2662 972 2710; baseline 0.015 -22"><span class='ocrx_word' id='word_1_411' title='bbox 183 2662 297 2710; x_wconf 72' lang='grc' dir='ltr'>θάνατον</span> <span class='ocrx_word' id='word_1_412' title='bbox 323 2666 370 2692; x_wconf 83' lang='grc' dir='ltr'>τοῦ</span> <span class='ocrx_word' id='word_1_413' title='bbox 397 2667 512 2703; x_wconf 80' lang='grc' dir='ltr'>ὲρευνᾷν</span> <span class='ocrx_word' id='word_1_414' title='bbox 536 2669 571 2696; x_wconf 76' lang='grc' dir='ltr'><strong>τὰ</strong></span> <span class='ocrx_word' id='word_1_415' title='bbox 593 2671 700 2706; x_wconf 64' lang='grc' dir='ltr'>πονιηρὰ</span> <span class='ocrx_word' id='word_1_416' title='bbox 723 2671 803 2705; x_wconf 81' lang='grc' dir='ltr'>ἔργα,</span> <span class='ocrx_word' id='word_1_417' title='bbox 825 2674 872 2699; x_wconf 83' lang='grc' dir='ltr'><strong>καὶ</strong></span> <span class='ocrx_word' id='word_1_418' title='bbox 895 2673 972 2710; x_wconf 81' lang='grc' dir='ltr'>δίκην</span> 
     </span>
    </p>
   </div>
   <div class='ocr_carea' id='block_1_60' title="bbox 181 2708 971 2754">
    <p class='ocr_par' dir='ltr' id='par_1_60' title="bbox 181 2708 971 2754">
     <span class='ocr_line' id='line_1_60' title="bbox 181 2708 971 2754; baseline 0.016 -20"><span class='ocrx_word' id='word_1_419' title='bbox 181 2708 332 2744; x_wconf 75' lang='grc' dir='ltr'>λαμϐάνειν</span> <span class='ocrx_word' id='word_1_420' title='bbox 356 2713 426 2747; x_wconf 77' lang='grc' dir='ltr'>μετὰ</span> <span class='ocrx_word' id='word_1_421' title='bbox 452 2714 507 2741; x_wconf 79' lang='grc' dir='ltr'>τῶν</span> <span class='ocrx_word' id='word_1_422' title='bbox 534 2715 658 2750; x_wconf 78' lang='grc' dir='ltr'>ἀγγέλων</span> <span class='ocrx_word' id='word_1_423' title='bbox 681 2717 728 2743; x_wconf 83' lang='grc' dir='ltr'><strong>τοῦ</strong></span> <span class='ocrx_word' id='word_1_424' title='bbox 752 2717 820 2745; x_wconf 79' lang='grc' dir='ltr'><strong>6εοῦ</strong></span> <span class='ocrx_word' id='word_1_425' title='bbox 836 2719 902 2754; x_wconf 79' lang='grc' dir='ltr'>περὶ</span> <span class='ocrx_word' id='word_1_426' title='bbox 917 2708 971 2747; x_wconf 69' lang='grc' dir='ltr'><strong>τῶν</strong></span> 
     </span>
    </p>
   </div>
   <div class='ocr_carea' id='block_1_61' title="bbox 181 2755 970 2802">
    <p class='ocr_par' dir='ltr' id='par_1_61' title="bbox 181 2755 970 2802">
     <span class='ocr_line' id='line_1_61' title="bbox 181 2755 970 2802; baseline 0.015 -21"><span class='ocrx_word' id='word_1_427' title='bbox 181 2755 404 2791; x_wconf 79' lang='grc' dir='ltr'>ἁμαρτησάντων</span> <span class='ocrx_word' id='word_1_428' title='bbox 426 2757 530 2794; x_wconf 83' lang='grc' dir='ltr'>ψυχῶν,</span> <span class='ocrx_word' id='word_1_429' title='bbox 552 2761 603 2788; x_wconf 86' lang='grc' dir='ltr'>ποῦ</span> <span class='ocrx_word' id='word_1_430' title='bbox 622 2762 638 2797; x_wconf 81' lang='grc' dir='ltr'><strong>ῆ</strong></span> <span class='ocrx_word' id='word_1_431' title='bbox 655 2763 714 2794; x_wconf 82' lang='grc' dir='ltr'><strong>πῶς</strong></span> <span class='ocrx_word' id='word_1_432' title='bbox 727 2763 797 2800; x_wconf 81' lang='grc' dir='ltr'>εὕρῃ</span> <span class='ocrx_word' id='word_1_433' title='bbox 819 2765 869 2799; x_wconf 74' lang='grc' dir='ltr'><strong>τὴν</strong></span> <span class='ocrx_word' id='word_1_434' title='bbox 881 2765 970 2802; x_wconf 73' lang='grc' dir='ltr'>ψυχὴν</span> 
     </span>
    </p>
   </div>
   <div class='ocr_carea' id='block_1_62' title="bbox 180 2803 971 2850">
    <p class='ocr_par' dir='ltr' id='par_1_62' title="bbox 180 2803 971 2850">
     <span class='ocr_line' id='line_1_62' title="bbox 180 2803 971 2850; baseline 0.014 -22"><span class='ocrx_word' id='word_1_435' title='bbox 180 2803 232 2837; x_wconf 79' lang='grc' dir='ltr'>τὴν</span> <span class='ocrx_word' id='word_1_436' title='bbox 258 2803 289 2830; x_wconf 72' lang='grc' dir='ltr'><strong>τὸ</strong></span> <span class='ocrx_word' id='word_1_437' title='bbox 318 2805 415 2838; x_wconf 76' lang='grc' dir='ltr'>σκότος</span> <span class='ocrx_word' id='word_1_438' title='bbox 440 2806 634 2842; x_wconf 71' lang='grc' dir='ltr'>ἅγαπήσασαν,</span> <span class='ocrx_word' id='word_1_439' title='bbox 667 2809 741 2841; x_wconf 76' lang='grc' dir='ltr'>ὅπως</span> <span class='ocrx_word' id='word_1_440' title='bbox 777 2810 971 2850; x_wconf 78' lang='grc' dir='ltr'>κληρονομήσῃ</span> 
     </span>
    </p>
   </div>
   <div class='ocr_carea' id='block_1_63' title="bbox 181 2857 277 2884">
    <p class='ocr_par' dir='ltr' id='par_1_63' title="bbox 181 2857 277 2884">
     <span class='ocr_line' id='line_1_63' title="bbox 181 2857 277 2884; baseline 0.031 -9"><span class='ocrx_word' id='word_1_441' title='bbox 181 2857 277 2884; x_wconf 58' lang='lat' dir='ltr'><strong>«arma</strong></span> 
     </span>
    </p>
   </div>
   <div class='ocr_carea' id='block_1_64' title="bbox 1038 244 1826 281">
    <p class='ocr_par' dir='ltr' id='par_1_64' title="bbox 1038 244 1826 281">
     <span class='ocr_line' id='line_1_64' title="bbox 1038 244 1826 281; baseline 0.006 -12"><span class='ocrx_word' id='word_1_442' title='bbox 1038 249 1087 276; x_wconf 86' lang='lat' dir='ltr'><strong>pro</strong></span> <span class='ocrx_word' id='word_1_443' title='bbox 1102 244 1201 276; x_wconf 88' lang='lat' dir='ltr'><strong>amico,</strong></span> <span class='ocrx_word' id='word_1_444' title='bbox 1221 249 1250 271; x_wconf 92' lang='lat' dir='ltr'><strong>ut</strong></span> <span class='ocrx_word' id='word_1_445' title='bbox 1261 253 1295 272; x_wconf 92' lang='lat' dir='ltr'><strong>ne</strong></span> <span class='ocrx_word' id='word_1_446' title='bbox 1311 246 1493 273; x_wconf 85' lang='lat' dir='ltr'><strong>incesseretur</strong></span> <span class='ocrx_word' id='word_1_447' title='bbox 1510 246 1744 281; x_wconf 79' lang='lat' dir='ltr'><strong>castigareturque</strong></span> <span class='ocrx_word' id='word_1_448' title='bbox 1771 252 1826 274; x_wconf 78' lang='lat' dir='ltr'><strong>tam</strong></span> 
     </span>
    </p>
   </div>
   <div class='ocr_carea' id='block_1_65' title="bbox 1038 290 1826 323">
    <p class='ocr_par' dir='ltr' id='par_1_65' title="bbox 1038 290 1826 323">
     <span class='ocr_line' id='line_1_65' title="bbox 1038 290 1826 323; baseline 0.006 -9"><span class='ocrx_word' id='word_1_449' title='bbox 1038 290 1193 316; x_wconf 74' lang='lat' dir='ltr'><strong>humaniter</strong></span> <span class='ocrx_word' id='word_1_450' title='bbox 1210 297 1224 316; x_wconf 89' lang='lat' dir='ltr'><strong>a</strong></span> <span class='ocrx_word' id='word_1_451' title='bbox 1243 290 1387 317; x_wconf 73' lang='lat' dir='ltr'><strong>tlzetnonio.</strong></span> <span class='ocrx_word' id='word_1_452' title='bbox 1414 292 1448 318; x_wconf 78' lang='lat' dir='ltr'><strong>At</strong></span> <span class='ocrx_word' id='word_1_453' title='bbox 1463 298 1527 318; x_wconf 78' lang='lat' dir='ltr'><strong>vero</strong></span> <span class='ocrx_word' id='word_1_454' title='bbox 1557 293 1601 318; x_wconf 91' lang='lat' dir='ltr'><strong>ubi</strong></span> <span class='ocrx_word' id='word_1_455' title='bbox 1616 292 1745 323; x_wconf 82' lang='lat' dir='ltr'><strong>Satanas.</strong></span> <span class='ocrx_word' id='word_1_456' title='bbox 1764 301 1826 320; x_wconf 85' lang='lat' dir='ltr'><strong>cum</strong></span> 
     </span>
    </p>
   </div>
   <div class='ocr_carea' id='block_1_66' title="bbox 1039 335 1827 370">
    <p class='ocr_par' dir='ltr' id='par_1_66' title="bbox 1039 335 1827 370">
     <span class='ocr_line' id='line_1_66' title="bbox 1039 335 1827 370; baseline 0.005 -9"><span class='ocrx_word' id='word_1_457' title='bbox 1039 335 1141 370; x_wconf 87' lang='lat' dir='ltr'><strong>reliqua</strong></span> <span class='ocrx_word' id='word_1_458' title='bbox 1169 336 1322 364; x_wconf 67' lang='lat' dir='ltr'><strong>dmmonum</strong></span> <span class='ocrx_word' id='word_1_459' title='bbox 1352 337 1441 370; x_wconf 86' lang='lat' dir='ltr'><strong>turba,</strong></span> <span class='ocrx_word' id='word_1_460' title='bbox 1458 337 1485 364; x_wconf 93' lang='lat' dir='ltr'><strong>in</strong></span> <span class='ocrx_word' id='word_1_461' title='bbox 1508 339 1599 365; x_wconf 83' lang='lat' dir='ltr'><strong>omnia</strong></span> <span class='ocrx_word' id='word_1_462' title='bbox 1623 339 1717 366; x_wconf 86' lang='lat' dir='ltr'><strong>scdulo</strong></span> <span class='ocrx_word' id='word_1_463' title='bbox 1738 338 1827 366; x_wconf 82' lang='lat' dir='ltr'><strong>intru-</strong></span> 
     </span>
    </p>
   </div>
   <div class='ocr_carea' id='block_1_67' title="bbox 1039 380 1825 417">
    <p class='ocr_par' dir='ltr' id='par_1_67' title="bbox 1039 380 1825 417">
     <span class='ocr_line' id='line_1_67' title="bbox 1039 380 1825 417; baseline 0.005 -11"><span class='ocrx_word' id='word_1_464' title='bbox 1039 384 1093 416; x_wconf 70' lang='lat' dir='ltr'><strong>tus,</strong></span> <span class='ocrx_word' id='word_1_465' title='bbox 1118 380 1298 414; x_wconf 81' lang='lat' dir='ltr'><strong>deprehendit</strong></span> <span class='ocrx_word' id='word_1_466' title='bbox 1316 385 1437 408; x_wconf 85' lang='lat' dir='ltr'><strong>orantem</strong></span> <span class='ocrx_word' id='word_1_467' title='bbox 1453 381 1633 417; x_wconf 85' lang='lat' dir='ltr'><strong>Epiphanium</strong></span> <span class='ocrx_word' id='word_1_468' title='bbox 1664 384 1733 417; x_wconf 71' lang='lat' dir='ltr'><strong>(erat</strong></span> <span class='ocrx_word' id='word_1_469' title='bbox 1752 384 1825 410; x_wconf 83' lang='lat' dir='ltr'><strong>enim</strong></span> 
     </span>
    </p>
   </div>
   <div class='ocr_carea' id='block_1_68' title="bbox 1037 426 1826 464">
    <p class='ocr_par' dir='ltr' id='par_1_68' title="bbox 1037 426 1826 464">
     <span class='ocr_line' id='line_1_68' title="bbox 1037 426 1826 464; baseline 0.008 -13"><span class='ocrx_word' id='word_1_470' title='bbox 1037 426 1101 452; x_wconf 89' lang='lat' dir='ltr'><strong>mali</strong></span> <span class='ocrx_word' id='word_1_471' title='bbox 1119 426 1290 453; x_wconf 75' lang='lat' dir='ltr'><strong>machinator</strong></span> <span class='ocrx_word' id='word_1_472' title='bbox 1307 428 1469 455; x_wconf 77' lang='lat' dir='ltr'><strong>insolentior</strong></span> <span class='ocrx_word' id='word_1_473' title='bbox 1484 429 1677 464; x_wconf 82' lang='lat' dir='ltr'><strong>audaciorque,</strong></span> <span class='ocrx_word' id='word_1_474' title='bbox 1703 431 1775 464; x_wconf 88' lang='lat' dir='ltr'><strong>quod</strong></span> <span class='ocrx_word' id='word_1_475' title='bbox 1789 431 1826 457; x_wconf 89' lang='lat' dir='ltr'><strong>illi</strong></span> 
     </span>
    </p>
   </div>
   <div class='ocr_carea' id='block_1_69' title="bbox 1035 471 1826 509">
    <p class='ocr_par' dir='ltr' id='par_1_69' title="bbox 1035 471 1826 509">
     <span class='ocr_line' id='line_1_69' title="bbox 1035 471 1826 509; baseline 0.008 -12"><span class='ocrx_word' id='word_1_476' title='bbox 1035 471 1090 506; x_wconf 89' lang='lat' dir='ltr'><strong>jam</strong></span> <span class='ocrx_word' id='word_1_477' title='bbox 1121 479 1195 498; x_wconf 88' lang='lat' dir='ltr'><strong>ttunc</strong></span> <span class='ocrx_word' id='word_1_478' title='bbox 1222 473 1393 507; x_wconf 84' lang='lat' dir='ltr'><strong>adjudieatus</strong></span> <span class='ocrx_word' id='word_1_479' title='bbox 1413 474 1549 502; x_wconf 75' lang='lat' dir='ltr'><strong>videretur</strong></span> <span class='ocrx_word' id='word_1_480' title='bbox 1578 476 1659 509; x_wconf 80' lang='lat' dir='ltr'><strong>a-ger)</strong></span> <span class='ocrx_word' id='word_1_481' title='bbox 1680 476 1826 503; x_wconf 81' lang='lat' dir='ltr'><strong>consilium</strong></span> 
     </span>
    </p>
   </div>
   <div class='ocr_carea' id='block_1_70' title="bbox 1038 517 1827 553">
    <p class='ocr_par' dir='ltr' id='par_1_70' title="bbox 1038 517 1827 553">
     <span class='ocr_line' id='line_1_70' title="bbox 1038 517 1827 553; baseline 0.004 -9"><span class='ocrx_word' id='word_1_482' title='bbox 1038 517 1098 544; x_wconf 90' lang='lat' dir='ltr'><strong>iniit</strong></span> <span class='ocrx_word' id='word_1_483' title='bbox 1113 518 1296 552; x_wconf 69' lang='lat' dir='ltr'><strong>praecipitandi</strong></span> <span class='ocrx_word' id='word_1_484' title='bbox 1315 519 1387 553; x_wconf 86' lang='lat' dir='ltr'><strong>pium</strong></span> <span class='ocrx_word' id='word_1_485' title='bbox 1401 519 1603 547; x_wconf 76' lang='lat' dir='ltr'><strong>adolescentem</strong></span> <span class='ocrx_word' id='word_1_486' title='bbox 1619 528 1681 547; x_wconf 91' lang='lat' dir='ltr'><strong>cum</strong></span> <span class='ocrx_word' id='word_1_487' title='bbox 1698 521 1761 547; x_wconf 86' lang='lat' dir='ltr'><strong>sede</strong></span> <span class='ocrx_word' id='word_1_488' title='bbox 1777 529 1827 548; x_wconf 86' lang='lat' dir='ltr'><strong>sua</strong></span> 
     </span>
    </p>
   </div>
   <div class='ocr_carea' id='block_1_71' title="bbox 1037 563 1828 601">
    <p class='ocr_par' dir='ltr' id='par_1_71' title="bbox 1037 563 1828 601">
     <span class='ocr_line' id='line_1_71' title="bbox 1037 563 1828 601; baseline 0.005 -12"><span class='ocrx_word' id='word_1_489' title='bbox 1037 563 1063 590; x_wconf 88' lang='lat' dir='ltr'><strong>in</strong></span> <span class='ocrx_word' id='word_1_490' title='bbox 1077 564 1255 598; x_wconf 83' lang='lat' dir='ltr'><strong>propinquam</strong></span> <span class='ocrx_word' id='word_1_491' title='bbox 1282 564 1374 592; x_wconf 88' lang='lat' dir='ltr'><strong>domui</strong></span> <span class='ocrx_word' id='word_1_492' title='bbox 1393 570 1570 593; x_wconf 75' lang='lat' dir='ltr'><strong>cataractam.</strong></span> <span class='ocrx_word' id='word_1_493' title='bbox 1596 566 1694 593; x_wconf 78' lang='lat' dir='ltr'><strong>Verum</strong></span> <span class='ocrx_word' id='word_1_494' title='bbox 1713 567 1828 601; x_wconf 76' lang='lat' dir='ltr'><strong>Epipha-</strong></span> 
     </span>
    </p>
   </div>
   <div class='ocr_carea' id='block_1_72' title="bbox 1038 609 1827 645">
    <p class='ocr_par' dir='ltr' id='par_1_72' title="bbox 1038 609 1827 645">
     <span class='ocr_line' id='line_1_72' title="bbox 1038 609 1827 645; baseline 0.008 -11"><span class='ocrx_word' id='word_1_495' title='bbox 1038 609 1109 640; x_wconf 84' lang='lat' dir='ltr'><strong>nius,</strong></span> <span class='ocrx_word' id='word_1_496' title='bbox 1138 611 1304 645; x_wconf 71' lang='lat' dir='ltr'><strong>prmeognito</strong></span> <span class='ocrx_word' id='word_1_497' title='bbox 1315 611 1512 639; x_wconf 88' lang='lat' dir='ltr'><strong>maehinatoris</strong></span> <span class='ocrx_word' id='word_1_498' title='bbox 1529 613 1654 644; x_wconf 86' lang='lat' dir='ltr'><strong>consilio,</strong></span> <span class='ocrx_word' id='word_1_499' title='bbox 1684 612 1827 640; x_wconf 74' lang='lat' dir='ltr'><strong>confestim</strong></span> 
     </span>
    </p>
   </div>
   <div class='ocr_carea' id='block_1_73' title="bbox 1037 656 1829 692">
    <p class='ocr_par' dir='ltr' id='par_1_73' title="bbox 1037 656 1829 692">
     <span class='ocr_line' id='line_1_73' title="bbox 1037 656 1829 692; baseline 0.003 -10"><span class='ocrx_word' id='word_1_500' title='bbox 1037 656 1173 690; x_wconf 72' lang='lat' dir='ltr'><strong>snt-gentle</strong></span> <span class='ocrx_word' id='word_1_501' title='bbox 1195 656 1302 682; x_wconf 90' lang='lat' dir='ltr'><strong>irritum</strong></span> <span class='ocrx_word' id='word_1_502' title='bbox 1329 661 1409 690; x_wconf 80' lang='lat' dir='ltr'><strong>alque</strong></span> <span class='ocrx_word' id='word_1_503' title='bbox 1425 657 1507 684; x_wconf 83' lang='lat' dir='ltr'><strong>inane</strong></span> <span class='ocrx_word' id='word_1_504' title='bbox 1523 657 1589 684; x_wconf 89' lang='lat' dir='ltr'><strong>illttd</strong></span> <span class='ocrx_word' id='word_1_505' title='bbox 1606 657 1680 684; x_wconf 86' lang='lat' dir='ltr'><strong>fecit.</strong></span> <span class='ocrx_word' id='word_1_506' title='bbox 1704 657 1829 692; x_wconf 74' lang='lat' dir='ltr'><strong>Dejectus</strong></span> 
     </span>
    </p>
   </div>
   <div class='ocr_carea' id='block_1_74' title="bbox 1037 701 1831 737">
    <p class='ocr_par' dir='ltr' id='par_1_74' title="bbox 1037 701 1831 737">
     <span class='ocr_line' id='line_1_74' title="bbox 1037 701 1831 737; baseline 0.006 -11"><span class='ocrx_word' id='word_1_507' title='bbox 1037 701 1127 735; x_wconf 85' lang='lat' dir='ltr'><strong>itaque</strong></span> <span class='ocrx_word' id='word_1_508' title='bbox 1142 708 1190 736; x_wconf 87' lang='lat' dir='ltr'><strong>spe</strong></span> <span class='ocrx_word' id='word_1_509' title='bbox 1206 708 1255 728; x_wconf 83' lang='lat' dir='ltr'><strong>sua</strong></span> <span class='ocrx_word' id='word_1_510' title='bbox 1269 706 1296 728; x_wconf 81' lang='lat' dir='ltr'><strong>et</strong></span> <span class='ocrx_word' id='word_1_511' title='bbox 1314 702 1422 729; x_wconf 82' lang='lat' dir='ltr'><strong>intento</strong></span> <span class='ocrx_word' id='word_1_512' title='bbox 1438 703 1624 737; x_wconf 87' lang='lat' dir='ltr'><strong>nequissimus</strong></span> <span class='ocrx_word' id='word_1_513' title='bbox 1640 703 1757 734; x_wconf 70' lang='lat' dir='ltr'><strong>daemon.</strong></span> <span class='ocrx_word' id='word_1_514' title='bbox 1769 712 1831 731; x_wconf 90' lang='lat' dir='ltr'><strong>rur-</strong></span> 
     </span>
    </p>
   </div>
   <div class='ocr_carea' id='block_1_75' title="bbox 1037 748 1829 783">
    <p class='ocr_par' dir='ltr' id='par_1_75' title="bbox 1037 748 1829 783">
     <span class='ocr_line' id='line_1_75' title="bbox 1037 748 1829 783; baseline 0.006 -11"><span class='ocrx_word' id='word_1_515' title='bbox 1037 754 1096 773; x_wconf 87' lang='lat' dir='ltr'><strong>sum</strong></span> <span class='ocrx_word' id='word_1_516' title='bbox 1111 754 1141 773; x_wconf 85' lang='lat' dir='ltr'><strong>se</strong></span> <span class='ocrx_word' id='word_1_517' title='bbox 1159 748 1191 774; x_wconf 85' lang='lat' dir='ltr'><strong>ad</strong></span> <span class='ocrx_word' id='word_1_518' title='bbox 1206 755 1307 782; x_wconf 61' lang='grc' dir='ltr'><strong>εδει-ιιοι</strong></span> <span class='ocrx_word' id='word_1_519' title='bbox 1333 748 1515 775; x_wconf 81' lang='lat' dir='ltr'><strong>divexandum</strong></span> <span class='ocrx_word' id='word_1_520' title='bbox 1529 749 1663 776; x_wconf 80' lang='lat' dir='ltr'><strong>convertit</strong></span> <span class='ocrx_word' id='word_1_521' title='bbox 1677 758 1683 776; x_wconf 90' lang='lat'>:</span> <span class='ocrx_word' id='word_1_522' title='bbox 1697 750 1744 783; x_wconf 84' lang='lat' dir='ltr'><strong>qui</strong></span> <span class='ocrx_word' id='word_1_523' title='bbox 1767 758 1829 777; x_wconf 78' lang='lat' dir='ltr'><strong>mox</strong></span> 
     </span>
    </p>
   </div>
   <div class='ocr_carea' id='block_1_76' title="bbox 1037 792 1831 826">
    <p class='ocr_par' dir='ltr' id='par_1_76' title="bbox 1037 792 1831 826">
     <span class='ocr_line' id='line_1_76' title="bbox 1037 792 1831 826; baseline 0.006 -8"><span class='ocrx_word' id='word_1_524' title='bbox 1037 792 1152 819; x_wconf 89' lang='lat' dir='ltr'><strong>evellere</strong></span> <span class='ocrx_word' id='word_1_525' title='bbox 1175 793 1226 820; x_wconf 87' lang='lat' dir='ltr'><strong>sibi</strong></span> <span class='ocrx_word' id='word_1_526' title='bbox 1254 793 1377 826; x_wconf 79' lang='lat' dir='ltr'><strong>barbam,</strong></span> <span class='ocrx_word' id='word_1_527' title='bbox 1397 798 1452 821; x_wconf 75' lang='lat' dir='ltr'><strong>tum</strong></span> <span class='ocrx_word' id='word_1_528' title='bbox 1465 795 1585 822; x_wconf 83' lang='lat' dir='ltr'><strong>clamore</strong></span> <span class='ocrx_word' id='word_1_529' title='bbox 1605 803 1656 823; x_wconf 83' lang='lat' dir='ltr'><strong>suo</strong></span> <span class='ocrx_word' id='word_1_530' title='bbox 1675 803 1768 823; x_wconf 84' lang='lat' dir='ltr'><strong>vocem</strong></span> <span class='ocrx_word' id='word_1_531' title='bbox 1785 804 1831 824; x_wconf 84' lang='lat' dir='ltr'><strong>ca-</strong></span> 
     </span>
    </p>
   </div>
   <div class='ocr_carea' id='block_1_77' title="bbox 1039 839 1831 876">
    <p class='ocr_par' dir='ltr' id='par_1_77' title="bbox 1039 839 1831 876">
     <span class='ocr_line' id='line_1_77' title="bbox 1039 839 1831 876; baseline 0.008 -13"><span class='ocrx_word' id='word_1_532' title='bbox 1039 846 1147 872; x_wconf 84' lang='lat' dir='ltr'><strong>prarum</strong></span> <span class='ocrx_word' id='word_1_533' title='bbox 1178 839 1289 871; x_wconf 88' lang='lat' dir='ltr'><strong>itnitari,</strong></span> <span class='ocrx_word' id='word_1_534' title='bbox 1319 840 1386 868; x_wconf 89' lang='lat' dir='ltr'><strong>alias</strong></span> <span class='ocrx_word' id='word_1_535' title='bbox 1405 846 1511 868; x_wconf 84' lang='lat' dir='ltr'><strong>exserta</strong></span> <span class='ocrx_word' id='word_1_536' title='bbox 1529 842 1645 876; x_wconf 85' lang='lat' dir='ltr'><strong>turpiter</strong></span> <span class='ocrx_word' id='word_1_537' title='bbox 1662 849 1694 868; x_wconf 79' lang='lat' dir='ltr'><strong>ex</strong></span> <span class='ocrx_word' id='word_1_538' title='bbox 1714 849 1762 869; x_wconf 86' lang='lat' dir='ltr'><strong>ore</strong></span> <span class='ocrx_word' id='word_1_539' title='bbox 1779 841 1831 869; x_wconf 83' lang='lat' dir='ltr'><strong>litt-</strong></span> 
     </span>
    </p>
   </div>
   <div class='ocr_carea' id='block_1_78' title="bbox 1038 884 1830 922">
    <p class='ocr_par' dir='ltr' id='par_1_78' title="bbox 1038 884 1830 922">
     <span class='ocr_line' id='line_1_78' title="bbox 1038 884 1830 922; baseline 0.005 -12"><span class='ocrx_word' id='word_1_540' title='bbox 1038 892 1090 917; x_wconf 68' lang='lat' dir='ltr'><strong>pua</strong></span> <span class='ocrx_word' id='word_1_541' title='bbox 1106 884 1254 912; x_wconf 76' lang='lat' dir='ltr'><strong>lunatirum</strong></span> <span class='ocrx_word' id='word_1_542' title='bbox 1284 893 1372 920; x_wconf 73' lang='lat' dir='ltr'><strong>agere,</strong></span> <span class='ocrx_word' id='word_1_543' title='bbox 1384 886 1451 913; x_wconf 84' lang='lat' dir='ltr'><strong>alias</strong></span> <span class='ocrx_word' id='word_1_544' title='bbox 1470 886 1587 922; x_wconf 86' lang='lat' dir='ltr'><strong>denique</strong></span> <span class='ocrx_word' id='word_1_545' title='bbox 1606 889 1694 913; x_wconf 87' lang='lat' dir='ltr'><strong>instar</strong></span> <span class='ocrx_word' id='word_1_546' title='bbox 1715 889 1830 920; x_wconf 88' lang='lat' dir='ltr'><strong>pastori-</strong></span> 
     </span>
    </p>
   </div>
   <div class='ocr_carea' id='block_1_79' title="bbox 1037 928 1830 965">
    <p class='ocr_par' dir='ltr' id='par_1_79' title="bbox 1037 928 1830 965">
     <span class='ocr_line' id='line_1_79' title="bbox 1037 928 1830 965; baseline 0.005 -10"><span class='ocrx_word' id='word_1_547' title='bbox 1037 928 1066 955; x_wconf 91' lang='lat' dir='ltr'><strong>tii</strong></span> <span class='ocrx_word' id='word_1_548' title='bbox 1091 929 1167 956; x_wconf 82' lang='lat' dir='ltr'><strong>canis</strong></span> <span class='ocrx_word' id='word_1_549' title='bbox 1195 934 1248 956; x_wconf 87' lang='lat' dir='ltr'><strong>tam</strong></span> <span class='ocrx_word' id='word_1_550' title='bbox 1274 930 1386 957; x_wconf 78' lang='lat' dir='ltr'><strong>terribili</strong></span> <span class='ocrx_word' id='word_1_551' title='bbox 1405 931 1431 958; x_wconf 87' lang='lat' dir='ltr'><strong>in</strong></span> <span class='ocrx_word' id='word_1_552' title='bbox 1451 936 1573 959; x_wconf 83' lang='lat' dir='ltr'><strong>astantes</strong></span> <span class='ocrx_word' id='word_1_553' title='bbox 1600 932 1699 958; x_wconf 88' lang='lat' dir='ltr'><strong>latrattt</strong></span> <span class='ocrx_word' id='word_1_554' title='bbox 1728 932 1830 965; x_wconf 78' lang='lat' dir='ltr'><strong>furere,</strong></span> 
     </span>
    </p>
   </div>
   <div class='ocr_carea' id='block_1_80' title="bbox 1037 977 1830 1011">
    <p class='ocr_par' dir='ltr' id='par_1_80' title="bbox 1037 977 1830 1011">
     <span class='ocr_line' id='line_1_80' title="bbox 1037 977 1830 1011; baseline 0.006 -10"><span class='ocrx_word' id='word_1_555' title='bbox 1037 979 1066 1001; x_wconf 92' lang='lat' dir='ltr'><strong>ut</strong></span> <span class='ocrx_word' id='word_1_556' title='bbox 1084 981 1182 1009; x_wconf 78' lang='lat' dir='ltr'><strong>magno</strong></span> <span class='ocrx_word' id='word_1_557' title='bbox 1196 983 1290 1004; x_wconf 84' lang='lat' dir='ltr'><strong>omnes</strong></span> <span class='ocrx_word' id='word_1_558' title='bbox 1306 977 1509 1011; x_wconf 85' lang='lat' dir='ltr'><strong>eorripercntur</strong></span> <span class='ocrx_word' id='word_1_559' title='bbox 1536 983 1620 1010; x_wconf 91' lang='lat' dir='ltr'><strong>metu,</strong></span> <span class='ocrx_word' id='word_1_560' title='bbox 1639 978 1761 1006; x_wconf 81' lang='lat' dir='ltr'><strong>videntes</strong></span> <span class='ocrx_word' id='word_1_561' title='bbox 1774 979 1830 1006; x_wconf 72' lang='grc' dir='ltr'><strong>ἀίε-</strong></span> 
     </span>
    </p>
   </div>
   <div class='ocr_carea' id='block_1_81' title="bbox 1036 1023 1831 1059">
    <p class='ocr_par' dir='ltr' id='par_1_81' title="bbox 1036 1023 1831 1059">
     <span class='ocr_line' id='line_1_81' title="bbox 1036 1023 1831 1059; baseline 0.006 -13"><span class='ocrx_word' id='word_1_562' title='bbox 1036 1028 1144 1047; x_wconf 86' lang='lat' dir='ltr'><strong>monem</strong></span> <span class='ocrx_word' id='word_1_563' title='bbox 1158 1028 1206 1056; x_wconf 90' lang='lat' dir='ltr'><strong>per</strong></span> <span class='ocrx_word' id='word_1_564' title='bbox 1221 1029 1252 1049; x_wconf 91' lang='lat' dir='ltr'><strong>os</strong></span> <span class='ocrx_word' id='word_1_565' title='bbox 1268 1023 1449 1051; x_wconf 70' lang='lat' dir='ltr'><strong>adolescentis</strong></span> <span class='ocrx_word' id='word_1_566' title='bbox 1473 1024 1574 1052; x_wconf 83' lang='lat' dir='ltr'><strong>latrare</strong></span> <span class='ocrx_word' id='word_1_567' title='bbox 1590 1034 1596 1052; x_wconf 88' lang='lat'><strong>:</strong></span> <span class='ocrx_word' id='word_1_568' title='bbox 1612 1026 1831 1059; x_wconf 85' lang='lat' dir='ltr'><strong>percunctaban-</strong></span> 
     </span>
    </p>
   </div>
   <div class='ocr_carea' id='block_1_82' title="bbox 1036 1067 1831 1103">
    <p class='ocr_par' dir='ltr' id='par_1_82' title="bbox 1036 1067 1831 1103">
     <span class='ocr_line' id='line_1_82' title="bbox 1036 1067 1831 1103; baseline 0.004 -10"><span class='ocrx_word' id='word_1_569' title='bbox 1036 1070 1079 1093; x_wconf 91' lang='lat' dir='ltr'><strong>tur</strong></span> <span class='ocrx_word' id='word_1_570' title='bbox 1099 1071 1190 1094; x_wconf 89' lang='lat' dir='ltr'><strong>auletn</strong></span> <span class='ocrx_word' id='word_1_571' title='bbox 1205 1075 1236 1094; x_wconf 79' lang='lat' dir='ltr'><strong>ex</strong></span> <span class='ocrx_word' id='word_1_572' title='bbox 1261 1067 1425 1103; x_wconf 81' lang='lat' dir='ltr'><strong>Epiphanio,</strong></span> <span class='ocrx_word' id='word_1_573' title='bbox 1440 1070 1510 1096; x_wconf 89' lang='lat' dir='ltr'><strong>unde</strong></span> <span class='ocrx_word' id='word_1_574' title='bbox 1527 1074 1631 1096; x_wconf 91' lang='lat' dir='ltr'><strong>tantum</strong></span> <span class='ocrx_word' id='word_1_575' title='bbox 1664 1069 1758 1097; x_wconf 80' lang='lat' dir='ltr'><strong>liceret</strong></span> <span class='ocrx_word' id='word_1_576' title='bbox 1772 1069 1831 1096; x_wconf 89' lang='lat' dir='ltr'><strong>dia-</strong></span> 
     </span>
    </p>
   </div>
   <div class='ocr_carea' id='block_1_83' title="bbox 1037 1111 1829 1150">
    <p class='ocr_par' dir='ltr' id='par_1_83' title="bbox 1037 1111 1829 1150">
     <span class='ocr_line' id='line_1_83' title="bbox 1037 1111 1829 1150; baseline 0.006 -13"><span class='ocrx_word' id='word_1_577' title='bbox 1037 1111 1109 1145; x_wconf 87' lang='lat' dir='ltr'><strong>bolo,</strong></span> <span class='ocrx_word' id='word_1_578' title='bbox 1127 1116 1180 1139; x_wconf 88' lang='lat' dir='ltr'><strong>tam</strong></span> <span class='ocrx_word' id='word_1_579' title='bbox 1199 1113 1328 1141; x_wconf 79' lang='lat' dir='ltr'><strong>terribilia</strong></span> <span class='ocrx_word' id='word_1_580' title='bbox 1357 1115 1489 1148; x_wconf 80' lang='lat' dir='ltr'><strong>patranti.</strong></span> <span class='ocrx_word' id='word_1_581' title='bbox 1508 1115 1614 1147; x_wconf 81' lang='lat' dir='ltr'><strong>Quibus</strong></span> <span class='ocrx_word' id='word_1_582' title='bbox 1645 1115 1829 1150; x_wconf 77' lang='lat' dir='ltr'><strong>Epiphanius:</strong></span> 
     </span>
    </p>
   </div>
   <div class='ocr_carea' id='block_1_84' title="bbox 1035 1156 1830 1195">
    <p class='ocr_par' dir='ltr' id='par_1_84' title="bbox 1035 1156 1830 1195">
     <span class='ocr_line' id='line_1_84' title="bbox 1035 1156 1830 1195; baseline 0.005 -11"><span class='ocrx_word' id='word_1_583' title='bbox 1035 1156 1134 1185; x_wconf 82' lang='lat' dir='ltr'><strong>Nescio</strong></span> <span class='ocrx_word' id='word_1_584' title='bbox 1157 1159 1294 1193; x_wconf 81' lang='lat' dir='ltr'><strong>equidem,</strong></span> <span class='ocrx_word' id='word_1_585' title='bbox 1325 1159 1423 1187; x_wconf 76' lang='lat' dir='ltr'><strong>fratres</strong></span> <span class='ocrx_word' id='word_1_586' title='bbox 1448 1161 1520 1192; x_wconf 89' lang='lat' dir='ltr'><strong>mei,</strong></span> <span class='ocrx_word' id='word_1_587' title='bbox 1547 1161 1613 1195; x_wconf 84' lang='lat' dir='ltr'><strong>quid</strong></span> <span class='ocrx_word' id='word_1_588' title='bbox 1638 1161 1670 1188; x_wconf 90' lang='lat' dir='ltr'><strong>ad</strong></span> <span class='ocrx_word' id='word_1_589' title='bbox 1700 1162 1758 1188; x_wconf 72' lang='lat' dir='ltr'><strong>haec</strong></span> <span class='ocrx_word' id='word_1_590' title='bbox 1785 1169 1830 1188; x_wconf 86' lang='lat' dir='ltr'><strong>re-</strong></span> 
     </span>
    </p>
   </div>
   <div class='ocr_carea' id='block_1_85' title="bbox 1034 1204 1828 1242">
    <p class='ocr_par' dir='ltr' id='par_1_85' title="bbox 1034 1204 1828 1242">
     <span class='ocr_line' id='line_1_85' title="bbox 1034 1204 1828 1242; baseline 0.005 -12"><span class='ocrx_word' id='word_1_591' title='bbox 1034 1204 1127 1238; x_wconf 84' lang='lat' dir='ltr'><strong>spunsi</strong></span> <span class='ocrx_word' id='word_1_592' title='bbox 1138 1204 1198 1231; x_wconf 86' lang='lat' dir='ltr'><strong>dem</strong></span> <span class='ocrx_word' id='word_1_593' title='bbox 1212 1213 1219 1236; x_wconf 88' lang='lat'><strong>;</strong></span> <span class='ocrx_word' id='word_1_594' title='bbox 1233 1205 1285 1231; x_wconf 90' lang='lat' dir='ltr'><strong>nisi</strong></span> <span class='ocrx_word' id='word_1_595' title='bbox 1298 1206 1370 1239; x_wconf 88' lang='lat' dir='ltr'><strong>quod</strong></span> <span class='ocrx_word' id='word_1_596' title='bbox 1386 1206 1565 1237; x_wconf 75' lang='lat' dir='ltr'><strong>exsistimem,</strong></span> <span class='ocrx_word' id='word_1_597' title='bbox 1579 1207 1671 1241; x_wconf 69' lang='lat' dir='ltr'><strong>gravis</strong></span> <span class='ocrx_word' id='word_1_598' title='bbox 1686 1207 1828 1242; x_wconf 76' lang='lat' dir='ltr'><strong>cujusdam</strong></span> 
     </span>
    </p>
   </div>
   <div class='ocr_carea' id='block_1_86' title="bbox 1034 1249 1830 1286">
    <p class='ocr_par' dir='ltr' id='par_1_86' title="bbox 1034 1249 1830 1286">
     <span class='ocr_line' id='line_1_86' title="bbox 1034 1249 1830 1286; baseline 0.003 -9"><span class='ocrx_word' id='word_1_599' title='bbox 1034 1249 1147 1277; x_wconf 88' lang='lat' dir='ltr'><strong>sceleris</strong></span> <span class='ocrx_word' id='word_1_600' title='bbox 1165 1250 1255 1284; x_wconf 89' lang='lat' dir='ltr'><strong>ipsum</strong></span> <span class='ocrx_word' id='word_1_601' title='bbox 1272 1250 1441 1278; x_wconf 85' lang='lat' dir='ltr'><strong>conscientia</strong></span> <span class='ocrx_word' id='word_1_602' title='bbox 1458 1251 1555 1282; x_wconf 86' lang='lat' dir='ltr'><strong>teneri,</strong></span> <span class='ocrx_word' id='word_1_603' title='bbox 1567 1252 1639 1286; x_wconf 91' lang='lat' dir='ltr'><strong>quod</strong></span> <span class='ocrx_word' id='word_1_604' title='bbox 1654 1252 1680 1278; x_wconf 94' lang='lat' dir='ltr'><strong>in</strong></span> <span class='ocrx_word' id='word_1_605' title='bbox 1699 1253 1770 1280; x_wconf 90' lang='lat' dir='ltr'><strong>hunc</strong></span> <span class='ocrx_word' id='word_1_606' title='bbox 1783 1260 1830 1279; x_wconf 86' lang='lat' dir='ltr'><strong>us-</strong></span> 
     </span>
    </p>
   </div>
   <div class='ocr_carea' id='block_1_87' title="bbox 1033 1295 1829 1328">
    <p class='ocr_par' dir='ltr' id='par_1_87' title="bbox 1033 1295 1829 1328">
     <span class='ocr_line' id='line_1_87' title="bbox 1033 1295 1829 1328; baseline 0.003 -6"><span class='ocrx_word' id='word_1_607' title='bbox 1033 1302 1086 1328; x_wconf 88' lang='lat' dir='ltr'><strong>que</strong></span> <span class='ocrx_word' id='word_1_608' title='bbox 1104 1295 1173 1322; x_wconf 87' lang='lat' dir='ltr'><strong>dietn</strong></span> <span class='ocrx_word' id='word_1_609' title='bbox 1191 1295 1337 1322; x_wconf 90' lang='lat' dir='ltr'><strong>identidem</strong></span> <span class='ocrx_word' id='word_1_610' title='bbox 1353 1296 1501 1323; x_wconf 86' lang='lat' dir='ltr'><strong>admissum</strong></span> <span class='ocrx_word' id='word_1_611' title='bbox 1529 1303 1579 1323; x_wconf 88' lang='lat' dir='ltr'><strong>nec</strong></span> <span class='ocrx_word' id='word_1_612' title='bbox 1605 1296 1760 1324; x_wconf 79' lang='grc' dir='ltr'>οοιιΙίιι-ηιιο</span> <span class='ocrx_word' id='word_1_613' title='bbox 1778 1305 1829 1324; x_wconf 77' lang='grc' dir='ltr'>ιιι-α</span> 
     </span>
    </p>
   </div>
   <div class='ocr_carea' id='block_1_88' title="bbox 1033 1340 1830 1376">
    <p class='ocr_par' dir='ltr' id='par_1_88' title="bbox 1033 1340 1830 1376">
     <span class='ocr_line' id='line_1_88' title="bbox 1033 1340 1830 1376; baseline 0.003 -9"><span class='ocrx_word' id='word_1_614' title='bbox 1033 1341 1190 1376; x_wconf 73' lang='grc' dir='ltr'>μωιιίιθιιιιο</span> <span class='ocrx_word' id='word_1_615' title='bbox 1223 1340 1338 1375; x_wconf 79' lang='lat' dir='ltr'><strong>delevit;</strong></span> <span class='ocrx_word' id='word_1_616' title='bbox 1367 1348 1400 1368; x_wconf 84' lang='lat' dir='ltr'><strong>ac</strong></span> <span class='ocrx_word' id='word_1_617' title='bbox 1417 1346 1570 1376; x_wconf 85' lang='lat' dir='ltr'><strong>propterea,</strong></span> <span class='ocrx_word' id='word_1_618' title='bbox 1587 1342 1626 1369; x_wconf 85' lang='lat' dir='ltr'><strong>uti</strong></span> <span class='ocrx_word' id='word_1_619' title='bbox 1657 1342 1830 1376; x_wconf 64' lang='lat' dir='ltr'><strong>impaeniten-</strong></span> 
     </span>
    </p>
   </div>
   <div class='ocr_carea' id='block_1_89' title="bbox 1034 1387 1830 1424">
    <p class='ocr_par' dir='ltr' id='par_1_89' title="bbox 1034 1387 1830 1424">
     <span class='ocr_line' id='line_1_89' title="bbox 1034 1387 1830 1424; baseline 0.003 -11"><span class='ocrx_word' id='word_1_620' title='bbox 1034 1391 1074 1414; x_wconf 90' lang='lat' dir='ltr'><strong>tes</strong></span> <span class='ocrx_word' id='word_1_621' title='bbox 1104 1387 1202 1419; x_wconf 88' lang='lat' dir='ltr'><strong>solent,</strong></span> <span class='ocrx_word' id='word_1_622' title='bbox 1217 1387 1245 1413; x_wconf 90' lang='lat' dir='ltr'><strong>in</strong></span> <span class='ocrx_word' id='word_1_623' title='bbox 1267 1387 1398 1415; x_wconf 83' lang='lat' dir='ltr'><strong>daemouis</strong></span> <span class='ocrx_word' id='word_1_624' title='bbox 1415 1388 1523 1415; x_wconf 87' lang='lat' dir='ltr'><strong>transiit</strong></span> <span class='ocrx_word' id='word_1_625' title='bbox 1548 1393 1719 1422; x_wconf 79' lang='lat' dir='ltr'><strong>potestatem.</strong></span> <span class='ocrx_word' id='word_1_626' title='bbox 1746 1388 1830 1424; x_wconf 65' lang='lat' dir='ltr'><strong>Egcr</strong></span> 
     </span>
    </p>
   </div>
   <div class='ocr_carea' id='block_1_90' title="bbox 1033 1432 1828 1462">
    <p class='ocr_par' dir='ltr' id='par_1_90' title="bbox 1033 1432 1828 1462">
     <span class='ocr_line' id='line_1_90' title="bbox 1033 1432 1828 1462; baseline 0.005 -4"><span class='ocrx_word' id='word_1_627' title='bbox 1033 1437 1122 1459; x_wconf 84' lang='lat' dir='ltr'><strong>autent</strong></span> <span class='ocrx_word' id='word_1_628' title='bbox 1146 1433 1214 1460; x_wconf 83' lang='lat' dir='ltr'><strong>tales</strong></span> <span class='ocrx_word' id='word_1_629' title='bbox 1242 1432 1314 1460; x_wconf 66' lang='lat' dir='ltr'><strong>inter</strong></span> <span class='ocrx_word' id='word_1_630' title='bbox 1345 1433 1482 1460; x_wconf 85' lang='lat' dir='ltr'><strong>cruciatus</strong></span> <span class='ocrx_word' id='word_1_631' title='bbox 1511 1441 1543 1461; x_wconf 81' lang='lat' dir='ltr'><strong>ac</strong></span> <span class='ocrx_word' id='word_1_632' title='bbox 1561 1438 1695 1462; x_wconf 84' lang='lat' dir='ltr'><strong>tormenta</strong></span> <span class='ocrx_word' id='word_1_633' title='bbox 1720 1434 1828 1462; x_wconf 81' lang='lat' dir='ltr'><strong>vivendi</strong></span> 
     </span>
    </p>
   </div>
   <div class='ocr_carea' id='block_1_91' title="bbox 1035 1477 1209 1505">
    <p class='ocr_par' dir='ltr' id='par_1_91' title="bbox 1035 1477 1209 1505">
     <span class='ocr_line' id='line_1_91' title="bbox 1035 1477 1209 1505; baseline 0.006 -1"><span class='ocrx_word' id='word_1_634' title='bbox 1035 1477 1115 1505; x_wconf 85' lang='lat' dir='ltr'><strong>finem</strong></span> <span class='ocrx_word' id='word_1_635' title='bbox 1134 1478 1209 1505; x_wconf 88' lang='lat' dir='ltr'><strong>fecit.</strong></span> 
     </span>
    </p>
   </div>
   <div class='ocr_carea' id='block_1_92' title="bbox 1071 1525 1829 1560">
    <p class='ocr_par' dir='ltr' id='par_1_92' title="bbox 1071 1525 1829 1560">
     <span class='ocr_line' id='line_1_92' title="bbox 1071 1525 1829 1560; baseline 0.005 -9"><span class='ocrx_word' id='word_1_636' title='bbox 1071 1525 1134 1551; x_wconf 73' lang='grc'><strong>151.</strong></span> <span class='ocrx_word' id='word_1_637' title='bbox 1170 1525 1340 1560; x_wconf 84' lang='lat' dir='ltr'><strong>Epiphanius</strong></span> <span class='ocrx_word' id='word_1_638' title='bbox 1371 1525 1511 1560; x_wconf 82' lang='lat' dir='ltr'><strong>aliquanto</strong></span> <span class='ocrx_word' id='word_1_639' title='bbox 1529 1531 1589 1560; x_wconf 85' lang='lat' dir='ltr'><strong>post</strong></span> <span class='ocrx_word' id='word_1_640' title='bbox 1614 1527 1722 1554; x_wconf 83' lang='lat' dir='ltr'><strong>obviam</strong></span> <span class='ocrx_word' id='word_1_641' title='bbox 1740 1527 1829 1555; x_wconf 80' lang='lat' dir='ltr'><strong>factus</strong></span> 
     </span>
    </p>
   </div>
   <div class='ocr_carea' id='block_1_93' title="bbox 1035 1570 1829 1607">
    <p class='ocr_par' dir='ltr' id='par_1_93' title="bbox 1035 1570 1829 1607">
     <span class='ocr_line' id='line_1_93' title="bbox 1035 1570 1829 1607; baseline 0.005 -11"><span class='ocrx_word' id='word_1_642' title='bbox 1035 1570 1066 1597; x_wconf 84' lang='grc' dir='ltr'><strong>Β.</strong></span> <span class='ocrx_word' id='word_1_643' title='bbox 1091 1570 1217 1602; x_wconf 65' lang='lat' dir='ltr'><strong>Andreae,</strong></span> <span class='ocrx_word' id='word_1_644' title='bbox 1235 1571 1357 1598; x_wconf 87' lang='lat' dir='ltr'><strong>narravit</strong></span> <span class='ocrx_word' id='word_1_645' title='bbox 1374 1571 1399 1598; x_wconf 87' lang='lat' dir='ltr'><strong>ei</strong></span> <span class='ocrx_word' id='word_1_646' title='bbox 1414 1573 1511 1599; x_wconf 87' lang='lat' dir='ltr'><strong>seriem</strong></span> <span class='ocrx_word' id='word_1_647' title='bbox 1530 1573 1615 1598; x_wconf 87' lang='lat' dir='ltr'><strong>totius</strong></span> <span class='ocrx_word' id='word_1_648' title='bbox 1636 1573 1692 1604; x_wconf 89' lang='lat' dir='ltr'><strong>rei,</strong></span> <span class='ocrx_word' id='word_1_649' title='bbox 1714 1573 1829 1607; x_wconf 76' lang='lat' dir='ltr'><strong>cupidus</strong></span> 
     </span>
    </p>
   </div>
   <div class='ocr_carea' id='block_1_94' title="bbox 1033 1617 1829 1651">
    <p class='ocr_par' dir='ltr' id='par_1_94' title="bbox 1033 1617 1829 1651">
     <span class='ocr_line' id='line_1_94' title="bbox 1033 1617 1829 1651; baseline 0.003 -7"><span class='ocrx_word' id='word_1_650' title='bbox 1033 1625 1067 1644; x_wconf 83' lang='lat' dir='ltr'><strong>ex</strong></span> <span class='ocrx_word' id='word_1_651' title='bbox 1083 1617 1130 1644; x_wconf 92' lang='lat' dir='ltr'><strong>illo</strong></span> <span class='ocrx_word' id='word_1_652' title='bbox 1145 1617 1250 1644; x_wconf 82' lang='lat' dir='ltr'><strong>discere</strong></span> <span class='ocrx_word' id='word_1_653' title='bbox 1276 1617 1453 1651; x_wconf 84' lang='lat' dir='ltr'><strong>quamobrem</strong></span> <span class='ocrx_word' id='word_1_654' title='bbox 1484 1617 1577 1644; x_wconf 81' lang='lat' dir='ltr'><strong>infelix</strong></span> <span class='ocrx_word' id='word_1_655' title='bbox 1599 1618 1650 1645; x_wconf 91' lang='lat' dir='ltr'><strong>iste</strong></span> <span class='ocrx_word' id='word_1_656' title='bbox 1671 1618 1829 1646; x_wconf 77' lang='lat' dir='ltr'><strong>adolescens</strong></span> 
     </span>
    </p>
   </div>
   <div class='ocr_carea' id='block_1_95' title="bbox 1032 1662 1830 1690">
    <p class='ocr_par' dir='ltr' id='par_1_95' title="bbox 1032 1662 1830 1690">
     <span class='ocr_line' id='line_1_95' title="bbox 1032 1662 1830 1690; baseline 0.001 -1"><span class='ocrx_word' id='word_1_657' title='bbox 1032 1662 1160 1690; x_wconf 86' lang='lat' dir='ltr'><strong>latramlo</strong></span> <span class='ocrx_word' id='word_1_658' title='bbox 1189 1662 1215 1688; x_wconf 93' lang='lat' dir='ltr'><strong>in</strong></span> <span class='ocrx_word' id='word_1_659' title='bbox 1235 1662 1347 1688; x_wconf 93' lang='lat' dir='ltr'><strong>modum</strong></span> <span class='ocrx_word' id='word_1_660' title='bbox 1361 1663 1437 1688; x_wconf 86' lang='lat' dir='ltr'><strong>canis</strong></span> <span class='ocrx_word' id='word_1_661' title='bbox 1464 1670 1480 1689; x_wconf 78' lang='grc' dir='ltr'><strong>ο</strong></span> <span class='ocrx_word' id='word_1_662' title='bbox 1497 1663 1566 1689; x_wconf 81' lang='lat' dir='ltr'><strong>vivis</strong></span> <span class='ocrx_word' id='word_1_663' title='bbox 1578 1663 1703 1690; x_wconf 85' lang='lat' dir='ltr'><strong>abiissct.</strong></span> <span class='ocrx_word' id='word_1_664' title='bbox 1719 1662 1768 1690; x_wconf 89' lang='lat' dir='ltr'><strong>Cui</strong></span> <span class='ocrx_word' id='word_1_665' title='bbox 1791 1663 1830 1690; x_wconf 88' lang='lat' dir='ltr'><strong>ita</strong></span> 
     </span>
    </p>
   </div>
   <div class='ocr_carea' id='block_1_96' title="bbox 1033 1707 1828 1742">
    <p class='ocr_par' dir='ltr' id='par_1_96' title="bbox 1033 1707 1828 1742">
     <span class='ocr_line' id='line_1_96' title="bbox 1033 1707 1828 1742; baseline 0.001 -7"><span class='ocrx_word' id='word_1_666' title='bbox 1033 1713 1144 1736; x_wconf 89' lang='lat' dir='ltr'><strong>sanctus</strong></span> <span class='ocrx_word' id='word_1_667' title='bbox 1162 1716 1169 1735; x_wconf 90' lang='lat'><strong>:</strong></span> <span class='ocrx_word' id='word_1_668' title='bbox 1194 1707 1332 1736; x_wconf 87' lang='lat' dir='ltr'><strong>Tuusiste</strong></span> <span class='ocrx_word' id='word_1_669' title='bbox 1344 1708 1455 1739; x_wconf 90' lang='lat' dir='ltr'><strong>sodalis,</strong></span> <span class='ocrx_word' id='word_1_670' title='bbox 1478 1709 1602 1736; x_wconf 73' lang='lat' dir='ltr'><strong>mmchus</strong></span> <span class='ocrx_word' id='word_1_671' title='bbox 1615 1712 1643 1736; x_wconf 90' lang='lat' dir='ltr'><strong>et</strong></span> <span class='ocrx_word' id='word_1_672' title='bbox 1664 1708 1828 1742; x_wconf 87' lang='lat' dir='ltr'><strong>injurlarnm</strong></span> 
     </span>
    </p>
   </div>
   <div class='ocr_carea' id='block_1_97' title="bbox 1032 1753 1827 1789">
    <p class='ocr_par' dir='ltr' id='par_1_97' title="bbox 1032 1753 1827 1789">
     <span class='ocr_line' id='line_1_97' title="bbox 1032 1753 1827 1789; baseline 0.001 -9"><span class='ocrx_word' id='word_1_673' title='bbox 1032 1754 1166 1789; x_wconf 87' lang='lat' dir='ltr'><strong>imprimis</strong></span> <span class='ocrx_word' id='word_1_674' title='bbox 1183 1761 1287 1781; x_wconf 87' lang='lat' dir='ltr'><strong>memor</strong></span> <span class='ocrx_word' id='word_1_675' title='bbox 1312 1754 1371 1781; x_wconf 82' lang='lat' dir='ltr'><strong>fuit.</strong></span> <span class='ocrx_word' id='word_1_676' title='bbox 1401 1753 1456 1781; x_wconf 84' lang='lat' dir='ltr'><strong>Sua</strong></span> <span class='ocrx_word' id='word_1_677' title='bbox 1478 1762 1596 1789; x_wconf 89' lang='lat' dir='ltr'><strong>namque</strong></span> <span class='ocrx_word' id='word_1_678' title='bbox 1612 1755 1729 1789; x_wconf 75' lang='lat' dir='ltr'><strong>conjuge</strong></span> <span class='ocrx_word' id='word_1_679' title='bbox 1745 1762 1827 1789; x_wconf 89' lang='lat' dir='ltr'><strong>repu-</strong></span> 
     </span>
    </p>
   </div>
   <div class='ocr_carea' id='block_1_98' title="bbox 1032 1800 1825 1834">
    <p class='ocr_par' dir='ltr' id='par_1_98' title="bbox 1032 1800 1825 1834">
     <span class='ocr_line' id='line_1_98' title="bbox 1032 1800 1825 1834; baseline 0 -7"><span class='ocrx_word' id='word_1_680' title='bbox 1032 1800 1117 1831; x_wconf 85' lang='lat' dir='ltr'><strong>diata,</strong></span> <span class='ocrx_word' id='word_1_681' title='bbox 1136 1808 1199 1828; x_wconf 92' lang='lat' dir='ltr'><strong>cum</strong></span> <span class='ocrx_word' id='word_1_682' title='bbox 1217 1800 1345 1828; x_wconf 86' lang='lat' dir='ltr'><strong>ancillula</strong></span> <span class='ocrx_word' id='word_1_683' title='bbox 1361 1808 1409 1828; x_wconf 78' lang='lat' dir='ltr'><strong>Sua</strong></span> <span class='ocrx_word' id='word_1_684' title='bbox 1441 1808 1488 1834; x_wconf 87' lang='lat' dir='ltr'><strong>per</strong></span> <span class='ocrx_word' id='word_1_685' title='bbox 1504 1808 1643 1828; x_wconf 88' lang='lat' dir='ltr'><strong>summum</strong></span> <span class='ocrx_word' id='word_1_686' title='bbox 1664 1801 1755 1828; x_wconf 82' lang='lat' dir='ltr'><strong>scelus</strong></span> <span class='ocrx_word' id='word_1_687' title='bbox 1769 1808 1825 1828; x_wconf 83' lang='lat' dir='ltr'><strong>rem</strong></span> 
     </span>
    </p>
   </div>
   <div class='ocr_carea' id='block_1_99' title="bbox 1033 1845 1825 1881">
    <p class='ocr_par' dir='ltr' id='par_1_99' title="bbox 1033 1845 1825 1881">
     <span class='ocr_line' id='line_1_99' title="bbox 1033 1845 1825 1881; baseline 0.001 -9"><span class='ocrx_word' id='word_1_688' title='bbox 1033 1845 1146 1878; x_wconf 83' lang='lat' dir='ltr'><strong>habuit;</strong></span> <span class='ocrx_word' id='word_1_689' title='bbox 1164 1853 1280 1880; x_wconf 88' lang='lat' dir='ltr'><strong>cumque</strong></span> <span class='ocrx_word' id='word_1_690' title='bbox 1302 1845 1411 1873; x_wconf 90' lang='lat' dir='ltr'><strong>diaconi</strong></span> <span class='ocrx_word' id='word_1_691' title='bbox 1433 1845 1590 1881; x_wconf 80' lang='lat' dir='ltr'><strong>fungeretur</strong></span> <span class='ocrx_word' id='word_1_692' title='bbox 1617 1853 1741 1878; x_wconf 86' lang='lat' dir='ltr'><strong>munere,</strong></span> <span class='ocrx_word' id='word_1_693' title='bbox 1770 1853 1825 1873; x_wconf 88' lang='lat' dir='ltr'><strong>non</strong></span> 
     </span>
    </p>
   </div>
   <div class='ocr_carea' id='block_1_100' title="bbox 1031 1891 1827 1925">
    <p class='ocr_par' dir='ltr' id='par_1_100' title="bbox 1031 1891 1827 1925">
     <span class='ocr_line' id='line_1_100' title="bbox 1031 1891 1827 1925; baseline -0.001 -7"><span class='ocrx_word' id='word_1_694' title='bbox 1031 1892 1173 1919; x_wconf 86' lang='lat' dir='ltr'><strong>exhorruit</strong></span> <span class='ocrx_word' id='word_1_695' title='bbox 1205 1891 1372 1919; x_wconf 83' lang='lat' dir='ltr'><strong>tremendam</strong></span> <span class='ocrx_word' id='word_1_696' title='bbox 1390 1891 1588 1919; x_wconf 85' lang='lat' dir='ltr'><strong>inaccessibilis</strong></span> <span class='ocrx_word' id='word_1_697' title='bbox 1606 1891 1718 1918; x_wconf 86' lang='lat' dir='ltr'><strong>Deitatis</strong></span> <span class='ocrx_word' id='word_1_698' title='bbox 1731 1896 1827 1925; x_wconf 75' lang='lat' dir='ltr'><strong>poten-</strong></span> 
     </span>
    </p>
   </div>
   <div class='ocr_carea' id='block_1_101' title="bbox 1031 1937 1824 1972">
    <p class='ocr_par' dir='ltr' id='par_1_101' title="bbox 1031 1937 1824 1972">
     <span class='ocr_line' id='line_1_101' title="bbox 1031 1937 1824 1972; baseline -0.003 -8"><span class='ocrx_word' id='word_1_699' title='bbox 1031 1938 1095 1964; x_wconf 89' lang='lat' dir='ltr'><strong>tiam</strong></span> <span class='ocrx_word' id='word_1_700' title='bbox 1127 1937 1231 1970; x_wconf 79' lang='lat' dir='ltr'><strong>infelix,</strong></span> <span class='ocrx_word' id='word_1_701' title='bbox 1258 1938 1304 1965; x_wconf 85' lang='lat' dir='ltr'><strong>sed</strong></span> <span class='ocrx_word' id='word_1_702' title='bbox 1328 1937 1448 1972; x_wconf 84' lang='lat' dir='ltr'><strong>peccatis</strong></span> <span class='ocrx_word' id='word_1_703' title='bbox 1480 1937 1580 1972; x_wconf 89' lang='lat' dir='ltr'><strong>quibus</strong></span> <span class='ocrx_word' id='word_1_704' title='bbox 1601 1944 1631 1964; x_wconf 84' lang='lat' dir='ltr'><strong>se</strong></span> <span class='ocrx_word' id='word_1_705' title='bbox 1665 1937 1824 1963; x_wconf 81' lang='lat' dir='ltr'><strong>immersum</strong></span> 
     </span>
    </p>
   </div>
   <div class='ocr_carea' id='block_1_102' title="bbox 1030 1983 1825 2017">
    <p class='ocr_par' dir='ltr' id='par_1_102' title="bbox 1030 1983 1825 2017">
     <span class='ocr_line' id='line_1_102' title="bbox 1030 1983 1825 2017; baseline -0.001 -7"><span class='ocrx_word' id='word_1_706' title='bbox 1030 1983 1137 2017; x_wconf 85' lang='lat' dir='ltr'><strong>penitus</strong></span> <span class='ocrx_word' id='word_1_707' title='bbox 1151 1990 1205 2010; x_wconf 90' lang='lat' dir='ltr'><strong>non</strong></span> <span class='ocrx_word' id='word_1_708' title='bbox 1219 1983 1372 2017; x_wconf 76' lang='lat' dir='ltr'><strong>ignorabat,</strong></span> <span class='ocrx_word' id='word_1_709' title='bbox 1390 1988 1502 2017; x_wconf 65' lang='lat' dir='ltr'><strong>peccata</strong></span> <span class='ocrx_word' id='word_1_710' title='bbox 1523 1984 1623 2010; x_wconf 87' lang='lat' dir='ltr'><strong>addere</strong></span> <span class='ocrx_word' id='word_1_711' title='bbox 1638 1991 1692 2010; x_wconf 87' lang='lat' dir='ltr'><strong>non</strong></span> <span class='ocrx_word' id='word_1_712' title='bbox 1713 1989 1825 2010; x_wconf 75' lang='lat' dir='ltr'><strong>cessans</strong></span> 
     </span>
    </p>
   </div>
   <div class='ocr_carea' id='block_1_103' title="bbox 1029 2029 1823 2064">
    <p class='ocr_par' dir='ltr' id='par_1_103' title="bbox 1029 2029 1823 2064">
     <span class='ocr_line' id='line_1_103' title="bbox 1029 2029 1823 2064; baseline 0.001 -9"><span class='ocrx_word' id='word_1_713' title='bbox 1029 2034 1111 2064; x_wconf 85' lang='lat' dir='ltr'><strong>atque</strong></span> <span class='ocrx_word' id='word_1_714' title='bbox 1138 2029 1280 2057; x_wconf 73' lang='lat' dir='ltr'><strong>adulteriis</strong></span> <span class='ocrx_word' id='word_1_715' title='bbox 1303 2030 1407 2056; x_wconf 83' lang='lat' dir='ltr'><strong>crebris</strong></span> <span class='ocrx_word' id='word_1_716' title='bbox 1420 2036 1449 2056; x_wconf 89' lang='lat' dir='ltr'><strong>se</strong></span> <span class='ocrx_word' id='word_1_717' title='bbox 1478 2029 1602 2064; x_wconf 88' lang='lat' dir='ltr'><strong>pollnens</strong></span> <span class='ocrx_word' id='word_1_718' title='bbox 1614 2048 1621 2061; x_wconf 93' lang='lat'><strong>,</strong></span> <span class='ocrx_word' id='word_1_719' title='bbox 1637 2029 1731 2056; x_wconf 91' lang='lat' dir='ltr'><strong>induto</strong></span> <span class='ocrx_word' id='word_1_720' title='bbox 1743 2036 1823 2057; x_wconf 89' lang='lat' dir='ltr'><strong>sacro</strong></span> 
     </span>
    </p>
   </div>
   <div class='ocr_carea' id='block_1_104' title="bbox 1029 2075 1824 2110">
    <p class='ocr_par' dir='ltr' id='par_1_104' title="bbox 1029 2075 1824 2110">
     <span class='ocr_line' id='line_1_104' title="bbox 1029 2075 1824 2110; baseline 0 -8"><span class='ocrx_word' id='word_1_721' title='bbox 1029 2075 1112 2110; x_wconf 89' lang='lat' dir='ltr'><strong>pallio</strong></span> <span class='ocrx_word' id='word_1_722' title='bbox 1136 2075 1259 2102; x_wconf 90' lang='lat' dir='ltr'><strong>divinum</strong></span> <span class='ocrx_word' id='word_1_723' title='bbox 1277 2084 1378 2103; x_wconf 87' lang='lat' dir='ltr'><strong>munus</strong></span> <span class='ocrx_word' id='word_1_724' title='bbox 1396 2076 1499 2109; x_wconf 88' lang='lat' dir='ltr'><strong>obibat,</strong></span> <span class='ocrx_word' id='word_1_725' title='bbox 1516 2076 1589 2102; x_wconf 91' lang='lat' dir='ltr'><strong>nulla</strong></span> <span class='ocrx_word' id='word_1_726' title='bbox 1604 2075 1824 2102; x_wconf 86' lang='lat' dir='ltr'><strong>vivilleorumat-</strong></span> 
     </span>
    </p>
   </div>
   <div class='ocr_carea' id='block_1_105' title="bbox 1029 2121 1823 2157">
    <p class='ocr_par' dir='ltr' id='par_1_105' title="bbox 1029 2121 1823 2157">
     <span class='ocr_line' id='line_1_105' title="bbox 1029 2121 1823 2157; baseline 0.003 -10"><span class='ocrx_word' id='word_1_727' title='bbox 1029 2129 1083 2156; x_wconf 84' lang='lat' dir='ltr'><strong>que.</strong></span> <span class='ocrx_word' id='word_1_728' title='bbox 1110 2121 1305 2148; x_wconf 84' lang='lat' dir='ltr'><strong>immortalium</strong></span> <span class='ocrx_word' id='word_1_729' title='bbox 1333 2122 1524 2157; x_wconf 83' lang='lat' dir='ltr'><strong>mysteriorum</strong></span> <span class='ocrx_word' id='word_1_730' title='bbox 1565 2127 1716 2149; x_wconf 78' lang='lat' dir='ltr'><strong>reteremta</strong></span> <span class='ocrx_word' id='word_1_731' title='bbox 1733 2130 1740 2148; x_wconf 88' lang='lat'><strong>:</strong></span> <span class='ocrx_word' id='word_1_732' title='bbox 1756 2124 1823 2157; x_wconf 81' lang='lat' dir='ltr'><strong>quiti</strong></span> 
     </span>
    </p>
   </div>
   <div class='ocr_carea' id='block_1_106' title="bbox 1028 2167 1821 2202">
    <p class='ocr_par' dir='ltr' id='par_1_106' title="bbox 1028 2167 1821 2202">
     <span class='ocr_line' id='line_1_106' title="bbox 1028 2167 1821 2202; baseline 0.003 -9"><span class='ocrx_word' id='word_1_733' title='bbox 1028 2167 1111 2194; x_wconf 88' lang='lat' dir='ltr'><strong>etiam</strong></span> <span class='ocrx_word' id='word_1_734' title='bbox 1126 2167 1301 2202; x_wconf 83' lang='lat' dir='ltr'><strong>opinabatur,</strong></span> <span class='ocrx_word' id='word_1_735' title='bbox 1319 2167 1388 2194; x_wconf 88' lang='lat' dir='ltr'><strong>clam</strong></span> <span class='ocrx_word' id='word_1_736' title='bbox 1408 2167 1461 2195; x_wconf 81' lang='lat' dir='ltr'><strong>Deo</strong></span> <span class='ocrx_word' id='word_1_737' title='bbox 1477 2175 1508 2194; x_wconf 91' lang='lat' dir='ltr'><strong>ac</strong></span> <span class='ocrx_word' id='word_1_738' title='bbox 1529 2167 1644 2195; x_wconf 91' lang='lat' dir='ltr'><strong>Domino</strong></span> <span class='ocrx_word' id='word_1_739' title='bbox 1659 2174 1754 2195; x_wconf 86' lang='lat' dir='ltr'><strong>nostro</strong></span> <span class='ocrx_word' id='word_1_740' title='bbox 1771 2176 1821 2196; x_wconf 82' lang='lat' dir='ltr'><strong>sua</strong></span> 
     </span>
    </p>
   </div>
   <div class='ocr_carea' id='block_1_107' title="bbox 992 2205 1822 2249">
    <p class='ocr_par' dir='ltr' id='par_1_107' title="bbox 992 2205 1822 2249">
     <span class='ocr_line' id='line_1_107' title="bbox 992 2205 1822 2249; baseline -0.001 -9"><span class='ocrx_word' id='word_1_741' title='bbox 992 2205 1014 2232; x_wconf 76' lang='grc' dir='ltr'><strong>Ι)</strong></span> <span class='ocrx_word' id='word_1_742' title='bbox 1029 2213 1144 2240; x_wconf 86' lang='lat' dir='ltr'><strong>crimina</strong></span> <span class='ocrx_word' id='word_1_743' title='bbox 1172 2220 1242 2241; x_wconf 82' lang='lat' dir='ltr'><strong>esse.</strong></span> <span class='ocrx_word' id='word_1_744' title='bbox 1273 2214 1407 2241; x_wconf 83' lang='lat' dir='ltr'><strong>Sacerdos</strong></span> <span class='ocrx_word' id='word_1_745' title='bbox 1431 2214 1531 2249; x_wconf 87' lang='lat' dir='ltr'><strong>qttippe</strong></span> <span class='ocrx_word' id='word_1_746' title='bbox 1550 2219 1696 2245; x_wconf 88' lang='lat' dir='ltr'><strong>scortator,</strong></span> <span class='ocrx_word' id='word_1_747' title='bbox 1726 2218 1752 2242; x_wconf 88' lang='lat' dir='ltr'><strong>et</strong></span> <span class='ocrx_word' id='word_1_748' title='bbox 1764 2215 1822 2240; x_wconf 78' lang='lat' dir='ltr'><strong>dia-</strong></span> 
     </span>
    </p>
   </div>
   <div class='ocr_carea' id='block_1_108' title="bbox 1032 2258 1822 2295">
    <p class='ocr_par' dir='ltr' id='par_1_108' title="bbox 1032 2258 1822 2295">
     <span class='ocr_line' id='line_1_108' title="bbox 1032 2258 1822 2295; baseline 0.003 -10"><span class='ocrx_word' id='word_1_749' title='bbox 1032 2266 1119 2286; x_wconf 82' lang='lat' dir='ltr'><strong>conus</strong></span> <span class='ocrx_word' id='word_1_750' title='bbox 1149 2258 1254 2286; x_wconf 87' lang='lat' dir='ltr'><strong>adulter</strong></span> <span class='ocrx_word' id='word_1_751' title='bbox 1284 2264 1366 2295; x_wconf 92' lang='lat' dir='ltr'><strong>atque</strong></span> <span class='ocrx_word' id='word_1_752' title='bbox 1383 2260 1556 2293; x_wconf 85' lang='lat' dir='ltr'><strong>fornicarius,</strong></span> <span class='ocrx_word' id='word_1_753' title='bbox 1584 2260 1721 2287; x_wconf 88' lang='lat' dir='ltr'><strong>maledicti</strong></span> <span class='ocrx_word' id='word_1_754' title='bbox 1739 2258 1822 2287; x_wconf 65' lang='lat' dir='ltr'><strong>erun‘</strong></span> 
     </span>
    </p>
   </div>
   <div class='ocr_carea' id='block_1_109' title="bbox 1028 2302 1822 2340">
    <p class='ocr_par' dir='ltr' id='par_1_109' title="bbox 1028 2302 1822 2340">
     <span class='ocr_line' id='line_1_109' title="bbox 1028 2302 1822 2340; baseline 0.005 -11"><span class='ocrx_word' id='word_1_755' title='bbox 1028 2302 1143 2331; x_wconf 83' lang='lat' dir='ltr'><strong>Domino</strong></span> <span class='ocrx_word' id='word_1_756' title='bbox 1160 2305 1213 2332; x_wconf 80' lang='lat' dir='ltr'><strong>Deo</strong></span> <span class='ocrx_word' id='word_1_757' title='bbox 1230 2313 1238 2338; x_wconf 88' lang='lat'><strong>;</strong></span> <span class='ocrx_word' id='word_1_758' title='bbox 1254 2310 1361 2340; x_wconf 81' lang='lat' dir='ltr'><strong>oportet</strong></span> <span class='ocrx_word' id='word_1_759' title='bbox 1380 2306 1451 2333; x_wconf 89' lang='lat' dir='ltr'><strong>enim</strong></span> <span class='ocrx_word' id='word_1_760' title='bbox 1472 2307 1532 2333; x_wconf 71' lang='lat' dir='ltr'><strong>vitm</strong></span> <span class='ocrx_word' id='word_1_761' title='bbox 1548 2306 1686 2340; x_wconf 82' lang='lat' dir='ltr'><strong>integrum</strong></span> <span class='ocrx_word' id='word_1_762' title='bbox 1712 2314 1822 2340; x_wconf 87' lang='lat' dir='ltr'><strong>purum-</strong></span> 
     </span>
    </p>
   </div>
   <div class='ocr_carea' id='block_1_110' title="bbox 1026 2350 1819 2386">
    <p class='ocr_par' dir='ltr' id='par_1_110' title="bbox 1026 2350 1819 2386">
     <span class='ocr_line' id='line_1_110' title="bbox 1026 2350 1819 2386; baseline 0.003 -12"><span class='ocrx_word' id='word_1_763' title='bbox 1026 2356 1080 2382; x_wconf 89' lang='lat' dir='ltr'><strong>que</strong></span> <span class='ocrx_word' id='word_1_764' title='bbox 1093 2357 1164 2383; x_wconf 72' lang='lat' dir='ltr'><strong>esse,</strong></span> <span class='ocrx_word' id='word_1_765' title='bbox 1177 2350 1223 2384; x_wconf 90' lang='lat' dir='ltr'><strong>qui</strong></span> <span class='ocrx_word' id='word_1_766' title='bbox 1235 2351 1321 2377; x_wconf 86' lang='lat' dir='ltr'><strong>sacris</strong></span> <span class='ocrx_word' id='word_1_767' title='bbox 1332 2351 1465 2378; x_wconf 83' lang='lat' dir='ltr'><strong>altaribus</strong></span> <span class='ocrx_word' id='word_1_768' title='bbox 1480 2356 1581 2378; x_wconf 85' lang='lat' dir='ltr'><strong>astant.</strong></span> <span class='ocrx_word' id='word_1_769' title='bbox 1606 2351 1682 2378; x_wconf 85' lang='lat' dir='ltr'><strong>Nosti</strong></span> <span class='ocrx_word' id='word_1_770' title='bbox 1708 2351 1819 2386; x_wconf 74' lang='lat' dir='ltr'><strong>quippe,</strong></span> 
     </span>
    </p>
   </div>
   <div class='ocr_carea' id='block_1_111' title="bbox 1026 2394 1820 2430">
    <p class='ocr_par' dir='ltr' id='par_1_111' title="bbox 1026 2394 1820 2430">
     <span class='ocr_line' id='line_1_111' title="bbox 1026 2394 1820 2430; baseline 0.004 -9"><span class='ocrx_word' id='word_1_771' title='bbox 1026 2394 1075 2426; x_wconf 91' lang='lat' dir='ltr'><strong>lili,</strong></span> <span class='ocrx_word' id='word_1_772' title='bbox 1101 2395 1295 2429; x_wconf 84' lang='lat' dir='ltr'><strong>coinquinatos</strong></span> <span class='ocrx_word' id='word_1_773' title='bbox 1327 2396 1431 2430; x_wconf 78' lang='lat' dir='ltr'><strong>pecrati</strong></span> <span class='ocrx_word' id='word_1_774' title='bbox 1444 2396 1573 2424; x_wconf 87' lang='lat' dir='ltr'><strong>sordibus</strong></span> <span class='ocrx_word' id='word_1_775' title='bbox 1593 2397 1731 2424; x_wconf 88' lang='lat' dir='ltr'><strong>ministros</strong></span> <span class='ocrx_word' id='word_1_776' title='bbox 1745 2396 1820 2430; x_wconf 68' lang='lat' dir='ltr'><strong>rejici</strong></span> 
     </span>
    </p>
   </div>
   <div class='ocr_carea' id='block_1_112' title="bbox 1025 2440 1821 2477">
    <p class='ocr_par' dir='ltr' id='par_1_112' title="bbox 1025 2440 1821 2477">
     <span class='ocr_line' id='line_1_112' title="bbox 1025 2440 1821 2477; baseline 0.003 -10"><span class='ocrx_word' id='word_1_777' title='bbox 1025 2449 1040 2469; x_wconf 91' lang='lat' dir='ltr'><strong>a</strong></span> <span class='ocrx_word' id='word_1_778' title='bbox 1069 2440 1136 2472; x_wconf 84' lang='lat' dir='ltr'><strong>Deo,</strong></span> <span class='ocrx_word' id='word_1_779' title='bbox 1172 2446 1266 2476; x_wconf 89' lang='lat' dir='ltr'><strong>utpote</strong></span> <span class='ocrx_word' id='word_1_780' title='bbox 1291 2443 1446 2477; x_wconf 85' lang='lat' dir='ltr'><strong>progeniem</strong></span> <span class='ocrx_word' id='word_1_781' title='bbox 1469 2443 1619 2469; x_wconf 91' lang='lat' dir='ltr'><strong>adulteram</strong></span> <span class='ocrx_word' id='word_1_782' title='bbox 1645 2446 1672 2469; x_wconf 86' lang='lat' dir='ltr'><strong>et</strong></span> <span class='ocrx_word' id='word_1_783' title='bbox 1691 2443 1821 2477; x_wconf 85' lang='lat' dir='ltr'><strong>peccatri-</strong></span> 
     </span>
    </p>
   </div>
   <div class='ocr_carea' id='block_1_113' title="bbox 1025 2487 1818 2524">
    <p class='ocr_par' dir='ltr' id='par_1_113' title="bbox 1025 2487 1818 2524">
     <span class='ocr_line' id='line_1_113' title="bbox 1025 2487 1818 2524; baseline 0.003 -10"><span class='ocrx_word' id='word_1_784' title='bbox 1025 2496 1084 2515; x_wconf 88' lang='lat' dir='ltr'><strong>cem</strong></span> <span class='ocrx_word' id='word_1_785' title='bbox 1113 2487 1176 2515; x_wconf 90' lang='lat' dir='ltr'><strong>odio</strong></span> <span class='ocrx_word' id='word_1_786' title='bbox 1200 2488 1309 2523; x_wconf 87' lang='lat' dir='ltr'><strong>capitali</strong></span> <span class='ocrx_word' id='word_1_787' title='bbox 1339 2494 1530 2524; x_wconf 86' lang='lat' dir='ltr'><strong>prosequente.</strong></span> <span class='ocrx_word' id='word_1_788' title='bbox 1561 2488 1630 2516; x_wconf 90' lang='lat' dir='ltr'><strong>Sunt</strong></span> <span class='ocrx_word' id='word_1_789' title='bbox 1646 2493 1748 2521; x_wconf 83' lang='lat' dir='ltr'><strong>tamen,</strong></span> <span class='ocrx_word' id='word_1_790' title='bbox 1773 2489 1818 2524; x_wconf 78' lang='lat' dir='ltr'><strong>qui</strong></span> 
     </span>
    </p>
   </div>
   <div class='ocr_carea' id='block_1_114' title="bbox 1024 2535 1820 2571">
    <p class='ocr_par' dir='ltr' id='par_1_114' title="bbox 1024 2535 1820 2571">
     <span class='ocr_line' id='line_1_114' title="bbox 1024 2535 1820 2571; baseline -0.001 -8"><span class='ocrx_word' id='word_1_791' title='bbox 1024 2536 1171 2570; x_wconf 79' lang='lat' dir='ltr'><strong>opinantur</strong></span> <span class='ocrx_word' id='word_1_792' title='bbox 1188 2542 1266 2562; x_wconf 83' lang='lat' dir='ltr'><strong>saera</strong></span> <span class='ocrx_word' id='word_1_793' title='bbox 1296 2535 1514 2563; x_wconf 85' lang='lat' dir='ltr'><strong>Christianorum</strong></span> <span class='ocrx_word' id='word_1_794' title='bbox 1548 2536 1693 2571; x_wconf 79' lang='lat' dir='ltr'><strong>Evangelia</strong></span> <span class='ocrx_word' id='word_1_795' title='bbox 1716 2536 1820 2563; x_wconf 88' lang='lat' dir='ltr'><strong>fabula-</strong></span> 
     </span>
    </p>
   </div>
   <div class='ocr_carea' id='block_1_115' title="bbox 1024 2581 1819 2617">
    <p class='ocr_par' dir='ltr' id='par_1_115' title="bbox 1024 2581 1819 2617">
     <span class='ocr_line' id='line_1_115' title="bbox 1024 2581 1819 2617; baseline -0.001 -8"><span class='ocrx_word' id='word_1_796' title='bbox 1024 2589 1085 2609; x_wconf 90' lang='lat' dir='ltr'><strong>rum</strong></span> <span class='ocrx_word' id='word_1_797' title='bbox 1102 2581 1162 2609; x_wconf 91' lang='lat' dir='ltr'><strong>loco</strong></span> <span class='ocrx_word' id='word_1_798' title='bbox 1172 2581 1295 2609; x_wconf 83' lang='lat' dir='ltr'><strong>habenda</strong></span> <span class='ocrx_word' id='word_1_799' title='bbox 1314 2590 1320 2614; x_wconf 88' lang='lat'><strong>;</strong></span> <span class='ocrx_word' id='word_1_800' title='bbox 1341 2583 1414 2610; x_wconf 86' lang='lat' dir='ltr'><strong>unde</strong></span> <span class='ocrx_word' id='word_1_801' title='bbox 1429 2586 1456 2610; x_wconf 89' lang='lat' dir='ltr'><strong>et</strong></span> <span class='ocrx_word' id='word_1_802' title='bbox 1469 2582 1587 2610; x_wconf 79' lang='lat' dir='ltr'><strong>morosis</strong></span> <span class='ocrx_word' id='word_1_803' title='bbox 1608 2582 1819 2617; x_wconf 65' lang='lat' dir='ltr'><strong>eositationibus</strong></span> 
     </span>
    </p>
   </div>
   <div class='ocr_carea' id='block_1_116' title="bbox 1024 2627 1819 2663">
    <p class='ocr_par' dir='ltr' id='par_1_116' title="bbox 1024 2627 1819 2663">
     <span class='ocr_line' id='line_1_116' title="bbox 1024 2627 1819 2663; baseline 0.001 -9"><span class='ocrx_word' id='word_1_804' title='bbox 1024 2627 1133 2660; x_wconf 88' lang='lat' dir='ltr'><strong>intenti,</strong></span> <span class='ocrx_word' id='word_1_805' title='bbox 1158 2627 1236 2662; x_wconf 88' lang='lat' dir='ltr'><strong>quasi</strong></span> <span class='ocrx_word' id='word_1_806' title='bbox 1250 2629 1430 2656; x_wconf 87' lang='lat' dir='ltr'><strong>subterraneo</strong></span> <span class='ocrx_word' id='word_1_807' title='bbox 1443 2628 1560 2656; x_wconf 59' lang='lat' dir='ltr'><strong>aedificio</strong></span> <span class='ocrx_word' id='word_1_808' title='bbox 1573 2629 1721 2660; x_wconf 86' lang='lat' dir='ltr'><strong>latitarent.</strong></span> <span class='ocrx_word' id='word_1_809' title='bbox 1744 2630 1819 2663; x_wconf 76' lang='lat' dir='ltr'><strong>posi-</strong></span> 
     </span>
    </p>
   </div>
   <div class='ocr_carea' id='block_1_117' title="bbox 1024 2675 1817 2711">
    <p class='ocr_par' dir='ltr' id='par_1_117' title="bbox 1024 2675 1817 2711">
     <span class='ocr_line' id='line_1_117' title="bbox 1024 2675 1817 2711; baseline 0.003 -11"><span class='ocrx_word' id='word_1_810' title='bbox 1024 2678 1052 2700; x_wconf 89' lang='lat' dir='ltr'><strong>ta</strong></span> <span class='ocrx_word' id='word_1_811' title='bbox 1081 2675 1246 2702; x_wconf 76' lang='lat' dir='ltr'><strong>verecundia</strong></span> <span class='ocrx_word' id='word_1_812' title='bbox 1273 2683 1305 2702; x_wconf 85' lang='lat' dir='ltr'><strong>ac</strong></span> <span class='ocrx_word' id='word_1_813' title='bbox 1333 2676 1450 2708; x_wconf 87' lang='lat' dir='ltr'><strong>timore,</strong></span> <span class='ocrx_word' id='word_1_814' title='bbox 1475 2676 1556 2711; x_wconf 83' lang='lat' dir='ltr'><strong>genio</strong></span> <span class='ocrx_word' id='word_1_815' title='bbox 1582 2683 1631 2702; x_wconf 82' lang='lat' dir='ltr'><strong>suo</strong></span> <span class='ocrx_word' id='word_1_816' title='bbox 1659 2675 1817 2710; x_wconf 73' lang='lat' dir='ltr'><strong>indulgent;</strong></span> 
     </span>
    </p>
   </div>
   <div class='ocr_carea' id='block_1_118' title="bbox 1024 2718 1819 2756">
    <p class='ocr_par' dir='ltr' id='par_1_118' title="bbox 1024 2718 1819 2756">
     <span class='ocr_line' id='line_1_118' title="bbox 1024 2718 1819 2756; baseline 0.004 -11"><span class='ocrx_word' id='word_1_817' title='bbox 1024 2718 1110 2753; x_wconf 78' lang='lat' dir='ltr'><strong>ignari</strong></span> <span class='ocrx_word' id='word_1_818' title='bbox 1124 2718 1259 2754; x_wconf 83' lang='lat' dir='ltr'><strong>profecto,</strong></span> <span class='ocrx_word' id='word_1_819' title='bbox 1271 2724 1391 2755; x_wconf 89' lang='lat' dir='ltr'><strong>quantus</strong></span> <span class='ocrx_word' id='word_1_820' title='bbox 1408 2721 1443 2748; x_wconf 88' lang='lat' dir='ltr'><strong>sit</strong></span> <span class='ocrx_word' id='word_1_821' title='bbox 1463 2728 1599 2756; x_wconf 83' lang='lat' dir='ltr'><strong>quamque</strong></span> <span class='ocrx_word' id='word_1_822' title='bbox 1620 2720 1696 2748; x_wconf 83' lang='lat' dir='ltr'><strong>ferus</strong></span> <span class='ocrx_word' id='word_1_823' title='bbox 1712 2725 1739 2748; x_wconf 87' lang='lat' dir='ltr'><strong>et</strong></span> <span class='ocrx_word' id='word_1_824' title='bbox 1752 2720 1819 2748; x_wconf 81' lang='lat' dir='ltr'><strong>infe-</strong></span> 
     </span>
    </p>
   </div>
   <div class='ocr_carea' id='block_1_119' title="bbox 1024 2766 1816 2802">
    <p class='ocr_par' dir='ltr' id='par_1_119' title="bbox 1024 2766 1816 2802">
     <span class='ocr_line' id='line_1_119' title="bbox 1024 2766 1816 2802; baseline 0.001 -9"><span class='ocrx_word' id='word_1_825' title='bbox 1024 2771 1083 2793; x_wconf 84' lang='lat' dir='ltr'><strong>stus</strong></span> <span class='ocrx_word' id='word_1_826' title='bbox 1109 2766 1214 2799; x_wconf 89' lang='lat' dir='ltr'><strong>draco,</strong></span> <span class='ocrx_word' id='word_1_827' title='bbox 1244 2766 1391 2802; x_wconf 86' lang='lat' dir='ltr'><strong>princeps.</strong></span> <span class='ocrx_word' id='word_1_828' title='bbox 1420 2766 1547 2802; x_wconf 85' lang='lat' dir='ltr'><strong>inquam,</strong></span> <span class='ocrx_word' id='word_1_829' title='bbox 1585 2767 1678 2795; x_wconf 90' lang='lat' dir='ltr'><strong>mundi</strong></span> <span class='ocrx_word' id='word_1_830' title='bbox 1714 2767 1816 2802; x_wconf 89' lang='lat' dir='ltr'><strong>hujus,</strong></span> 
     </span>
    </p>
   </div>
   <div class='ocr_carea' id='block_1_120' title="bbox 1024 2812 1817 2849">
    <p class='ocr_par' dir='ltr' id='par_1_120' title="bbox 1024 2812 1817 2849">
     <span class='ocr_line' id='line_1_120' title="bbox 1024 2812 1817 2849; baseline 0.005 -11"><span class='ocrx_word' id='word_1_831' title='bbox 1024 2812 1069 2846; x_wconf 87' lang='lat' dir='ltr'><strong>qui</strong></span> <span class='ocrx_word' id='word_1_832' title='bbox 1095 2813 1212 2840; x_wconf 90' lang='lat' dir='ltr'><strong>mitIitur</strong></span> <span class='ocrx_word' id='word_1_833' title='bbox 1241 2812 1275 2839; x_wconf 87' lang='lat' dir='ltr'><strong>ad</strong></span> <span class='ocrx_word' id='word_1_834' title='bbox 1289 2821 1514 2849; x_wconf 84' lang='lat' dir='ltr'><strong>unumquemque</strong></span> <span class='ocrx_word' id='word_1_835' title='bbox 1546 2815 1759 2846; x_wconf 88' lang='lat' dir='ltr'><strong>moribundum.</strong></span> <span class='ocrx_word' id='word_1_836' title='bbox 1787 2819 1817 2842; x_wconf 91' lang='lat' dir='ltr'><strong>ut</strong></span> 
     </span>
    </p>
   </div>
   <div class='ocr_carea' id='block_1_121' title="bbox 1024 2859 1819 2895">
    <p class='ocr_par' dir='ltr' id='par_1_121' title="bbox 1024 2859 1819 2895">
     <span class='ocr_line' id='line_1_121' title="bbox 1024 2859 1819 2895; baseline 0.001 -10"><span class='ocrx_word' id='word_1_837' title='bbox 1024 2859 1151 2888; x_wconf 61' lang='lat' dir='ltr'><strong>discutiat</strong></span> <span class='ocrx_word' id='word_1_838' title='bbox 1163 2859 1256 2894; x_wconf 77' lang='lat' dir='ltr'><strong>iniqua</strong></span> <span class='ocrx_word' id='word_1_839' title='bbox 1272 2868 1352 2895; x_wconf 80' lang='lat' dir='ltr'><strong>opera</strong></span> <span class='ocrx_word' id='word_1_840' title='bbox 1365 2865 1390 2888; x_wconf 80' lang='lat' dir='ltr'><strong>et</strong></span> <span class='ocrx_word' id='word_1_841' title='bbox 1406 2861 1453 2889; x_wconf 87' lang='lat' dir='ltr'><strong>lite</strong></span> <span class='ocrx_word' id='word_1_842' title='bbox 1465 2860 1611 2889; x_wconf 87' lang='lat' dir='ltr'><strong>contendat</strong></span> <span class='ocrx_word' id='word_1_843' title='bbox 1634 2869 1695 2889; x_wconf 77' lang='lat' dir='ltr'><strong>cum</strong></span> <span class='ocrx_word' id='word_1_844' title='bbox 1713 2860 1819 2889; x_wconf 69' lang='lat' dir='ltr'><strong>sanctis</strong></span> 
     </span>
    </p>
   </div>
  </div>
