2009 3088
187 110 241 142 799

721 100 931 132 NICEPHORI
952 96 1187 129 PRESBYTER!
1207 96 1262 125 (ιε’.

1758 88 1811 120 800

191 167 238 194 Dei
254 165 358 201 angelis
372 163 461 200 quoad
477 163 584 190 animas
610 160 791 195 peccatrices:
806 157 972 184 adducturus
991 155 1091 189 uliqtte-
1120 153 1147 180 in
1167 151 1284 179 medium
1312 149 1364 176 ubi
1387 151 1417 175 ct.
1436 145 1573 182 quomodo
1596 143 1728 173 invenerit
1752 143 1807 170 ani-

190 220 261 240 mam
283 198 410 239 tcttebras
437 209 559 237 studiose
579 211 725 238 sectatum,
750 213 804 240 quo
816 211 875 231 eam
901 210 957 230 sua:
976 202 1093 229 vindicet
1108 198 1244 234 potestati.

232 256 287 284 152.
301 255 411 283 Plurimi
436 254 516 289 igitur
531 260 592 280 cum
606 251 705 285 gaudio
729 235 895 280 scortantur,
912 248 970 282 plu-

1059 244 1124 280 ρν6’.
1149 242 1244 270 Πολλοί
1268 238 1315 268 οἷν
1344 239 1414 275 μετὰ
1443 239 1532 274 χαρᾶς
1560 235 1735 271 πορνεύουσι,
1764 235 1811 261 aut

190 302 252 330 rimi
281 302 362 328 donis
381 299 591 332 muneribusque
610 297 714 331 copiam
736 294 906 322 adnlterandi
921 293 973 321 sibi

192 353 364 383 comparan',
380 346 475 373 anima:
489 352 545 371 sua:
567 341 747 370 substantiam
762 340 951 368 exhaurientcs
966 347 973 366 :

191 398 219 421 rt
239 399 374 426 nunquam
397 390 469 418 serio
494 389 626 419 recolunt,
656 387 736 422 quale
760 386 810 413 sibi
833 390 893 420 post
905 392 977 412 mor-

193 443 247 464 tem
271 435 436 466 incendium,
466 437 567 469 qttanta
582 432 731 465 tribulatio,
746 435 865 466 quantus
887 429 977 461 dolor,

191 482 352 514 amaritudo,
383 481 490 511 horror.
516 479 645 507 contritio
676 482 813 505 maneant.
841 476 975 510 Denique,

193 526 326 562 propitius
342 529 412 556 esto,
440 525 563 552 Domine.
579 524 645 558 Quis
665 523 737 550 enim
757 522 801 549 illa
817 526 899 556 queat
914 528 978 547 nar-

192 572 296 599 ratione
311 570 449 605 prosequi,
467 569 500 597 ad
511 576 628 604 quorum
641 568 798 595 memoriam
811 565 898 600 angeli
911 572 978 600 quo-

192 625 246 652 que
272 616 322 651 ipsi
335 623 388 650 pne
404 616 517 643 horrore
539 613 772 642 contremiscunt?
785 612 860 640 Talis
878 612 978 646 quippe

192 662 263 697 ignis
288 662 362 688 illius
385 661 411 687 iu
435 660 619 688 comburendo
635 660 678 686 vis
696 663 748 690 est,
764 662 793 685 ut
815 658 900 694 ipsam
913 664 980 690 quo-

191 717 245 744 que
263 708 387 743 corporis
416 713 553 742 expertem
568 710 706 737 naturam,
730 704 880 738 angelicam
905 701 977 732 dico,

191 762 246 789 qua
263 754 374 789 spiritus
389 753 458 781 coelo
472 752 607 780 deturbati
621 754 767 782 constant,
783 747 938 776 terribiliter
953 750 980 774 et

197 800 282 834 rigide
299 799 427 834 pervadat
452 798 651 832 exerucietque.
676 795 760 823 Porro
772 794 856 822 sodali
872 793 916 820 isti
933 797 979 819 tuo

195 845 296 872 infelici
311 844 465 879 neutiquam
478 843 630 871 sufﬁciebat
645 849 715 869 uxor
734 847 794 871 sua,
816 838 862 866 sed
887 843 913 866 et
929 845 979 865 an-

193 891 263 917 cilla:
276 890 348 924 turpi
362 894 459 923 captus
489 895 595 920 amore,
608 887 697 915 scelus
716 885 879 913 diabolicum
892 883 981 911 admi-

193 936 240 967 sit,
265 934 396 962 etanimaa
416 941 472 962 suae
487 934 576 961 debita
593 933 626 960 ad
652 937 765 960 mortem
780 938 866 966 usque
895 929 981 964 magis

193 985 221 1007 et
245 979 331 1015 magis
342 979 500 1007 cumulavit.
519 978 598 1007 Venit
622 977 728 1005 tandem
744 983 888 1011 suprenms
918 975 981 1002 vitae

199 1025 278 1057 dies,
304 1025 391 1052 adfuit
414 1024 498 1052 draco
535 1023 694 1055 infernalis,
716 1022 828 1049 adfuere
859 1021 945 1049 sancti
965 1027 980 1047 e

197 1070 267 1098 coelo
286 1070 388 1105 angeli;
405 1069 533 1098 universa
560 1068 677 1097 hominis
706 1072 765 1095 acta
787 1066 890 1101 judicio
923 1064 979 1093 acri

195 1117 402 1149 discusserunt;
413 1116 612 1151 eomperientes
628 1122 692 1143 vero
701 1114 819 1141 animatn
830 1113 891 1147 ejus
905 1111 980 1138 omni

195 1170 228 1190 cx
252 1166 328 1195 parte
360 1162 501 1196 pollutam,
529 1161 662 1195 putidam,
689 1160 844 1192 fostentcm,
862 1162 981 1185 stercore

195 1211 223 1233 et
235 1207 364 1240 sulphure
379 1206 503 1238 oblitam,
517 1205 580 1233 inde
595 1206 738 1235 abierunt;
754 1204 874 1238 rapiente
889 1202 980 1230 misel-

196 1251 248 1276 lam
269 1250 388 1281 diabolo,
415 1253 442 1276 et
467 1256 515 1283 pro
530 1249 605 1276 libitu
631 1256 681 1276 suo
701 1248 853 1276 divexante.
883 1247 980 1273 Sacer-

199 1294 251 1322 dos
271 1295 344 1321 enim
373 1294 493 1321 studiose
516 1293 661 1320 admodum
680 1293 820 1328 invigilare
838 1292 927 1322 debet.
945 1299 980 1319 ne

199 1343 311 1375 peccato
344 1339 559 1366 commaculatus
578 1339 605 1365 in
633 1338 776 1366 ecclesiam
790 1337 977 1372 ingrediatur:

197 1392 260 1412 nam
294 1388 398 1411 tantum
417 1384 493 1411 abest
513 1388 542 1411 ut
571 1383 609 1410 sic
637 1383 767 1418 prodesse
779 1382 863 1417 possit
885 1381 977 1413 alicui,

1031 291 1100 327 μετὰ
1124 289 1218 324 δώρων
1244 288 1292 315 καὶ
1314 283 1593 320 ξενίωνομοιχεύουσι,
1616 283 1664 309 καὶ
1689 281 1812 314 κατασή-

1029 345 1111 364 πουσι
1129 336 1178 371 τὴν
1189 335 1239 369 τῆς
1265 333 1354 368 ψυχῆς
1370 331 1477 363 οὐσίαν,
1494 331 1541 356 καὶ
1558 329 1607 355 οὑκ
1622 328 1710 355 οἴδασι
1736 328 1813 357 ποῖος

1029 381 1194 418 ἐμπρησμὸς
1205 379 1251 406 τοῦ
1264 379 1380 405 θανάτου
1395 378 1443 404 καὶ
1459 375 1548 410 θλίψις
1561 375 1608 400 καὶ
1622 373 1701 407 ὀδύνη
1715 372 1814 402 αὐτοὺς

1027 427 1183 464 περιμένει,
1197 426 1244 452 καὶ
1261 424 1370 459 πικρία,
1386 424 1433 449 καὶ
1447 422 1544 456 φρίκη,
1561 420 1608 446 καὶ
1632 418 1812 453 συντριμμὸς.

1028 461 1106 500 Μετᾶ
1122 471 1150 498 δὲ
1169 470 1265 501 ταῦτα,
1285 469 1383 504 Κύριε,
1400 467 1501 500 φεῖσαι.
1518 465 1567 496 Τίς
1582 463 1636 499 γὰρ
1660 464 1752 488 ἐκεῖνα
1770 461 1812 487 δύο

1028 527 1108 546 νκται
1130 515 1314 551 διηγήσασθαι
1333 514 1404 548 ἅπερ
1422 512 1468 539 καὶ
1488 512 1512 538 οἰ
1533 510 1644 551 ἄγγελοι
1661 508 1820 538 ἐννοοῦντες.

1030 564 1171 599 φρίττουσι
1187 562 1235 588 καὶ
1249 560 1400 596 τρέμουσις
1417 557 1545 585 Τοιοῦτον
1567 556 1622 591 γάρ
1636 556 1693 582 ἐστι
1717 555 1747 580 τὸ
1759 554 1814 588 πῦρ

1028 610 1128 639 ἐκεῖνο,
1154 606 1216 634 καθ’
1238 607 1252 632 ὂ
1270 614 1296 631 τι
1317 605 1364 631 καὶ
1382 604 1465 637 αὐτῆς
1479 603 1528 637 τῆς
1546 602 1698 636 ἀσωμάτου
1708 599 1815 633 φύσεως

1029 656 1144 682 ἅπτεται
1172 650 1296 687 φοϐερῶς
1317 650 1365 676 καὶ
1388 648 1536 683 ἀποτόμως
1549 666 1556 675 .
1580 647 1631 682 τῆς
1652 645 1819 679 ιίιγγελικῆςΓ

1029 701 1111 734 λέγω,
1127 699 1143 734 ἦ
1161 697 1319 733 παραπέσῃ,
1332 695 1361 727 ἐξ
1376 692 1409 730 ἧς
1422 695 1469 720 καὶ
1482 694 1506 720 οι
1517 693 1654 727 δαίμονες.
1667 691 1724 718 Οὐκ
1735 691 1819 725 ἦρκετ

1029 745 1085 779 γὰρ
1107 742 1181 777 αὐτῷ
1203 743 1219 776 ἠ
1237 740 1350 774 σύμϐιος
1366 738 1460 770 αὑτοῦ,
1474 738 1509 773 ἢν
1533 735 1628 772 εἶχενὸ
1647 734 1794 766 nauem;
1806 742 1820 751 '

1031 790 1100 817 ἀλλὰ
1114 789 1162 816 καὶ
1175 788 1224 823 τῆς
1235 787 1330 821 δούλης
1344 785 1477 819 ἐγλίχετο,
1488 783 1536 818 τὴν
1552 783 1685 817 αἰσχύνην
1697 781 1743 808 τοῦ
1757 781 1815 807 δια-

1031 836 1109 862 δόλου
1123 834 1317 870 ἐργαζόμενος,
1328 830 1511 858 ἀπεστοίὸισε
1526 829 1560 855 τὰ
1578 828 1645 863 χρέη
1663 827 1712 861 τῆς
1727 826 1815 861 ψυχῆς

1032 883 1115 911 αὑτοῦ
1139 882 1220 916 μέχρι
1240 880 1345 910 τέλους.
1359 876 1446 904 ⁷11).οε
1471 877 1502 903 τὸ
1516 875 1604 906 τέλος,
1617 872 1699 908 ἦλθεν
1717 874 1732 900 6
1749 872 1815 907 δρά-

1032 937 1100 961 κων,
1126 926 1209 962 ἦλθον
1231 925 1278 952 καὶ
1295 925 1320 951 οί
1337 924 1411 957 ἅγιοι
1431 922 1555 956 ἄγγελοι,
1578 919 1756 955 ἐψηλάφησαν
1782 918 1816 944 τὰ

1033 974 1093 1001 κατ’
1112 972 1204 1004 αὑτὸν,
1221 971 1269 998 καὶ
1284 970 1410 1005 εὑρόντες
1423 967 1472 1003 τὴν
1489 966 1609 1001 ἐλεεινὴν
1623 964 1707 992 αὑτοῦ
1727 963 1816 998 ψυχὴν

1033 1018 1227 1055 μεμιασμένην
1243 1017 1290 1044 καὶ
1312 1016 1452 1051 σήπιυσαν
1466 1014 1521 1048 (65)
1540 1012 1586 1039 καὶ
1599 1011 1754 1043 ἀπάξουσαν
1770 1010 1816 1036 καὶ

1032 1064 1203 1100 ἠλειμμένην
1216 1063 1318 1097 κόπρον
1329 1061 1376 1088 καὶ
1387 1061 1519 1094 Οειάφιον,
1532 1059 1578 1085 καὶ
1589 1057 1817 1091 ἀπεστράφησαν,

1032 1110 1081 1137 καὶ
1097 1108 1275 1136 ἐπεσπάσατο
1291 1107 1377 1141 αὐτὴν
1390 1106 1404 1131 ὀ
1420 1104 1554 1136 διάὃολος,
1566 1104 1614 1131 καὶ
1623 1103 1661 1134 ὡς
1677 1103 1820 1137 ὴγάπησευι

1033 1155 1283 1190 παρεδειγμάτισεν
1306 1152 1398 1179 αὐτόν.
1430 1150 1531 1186 Ἰερεὺς
1551 1149 1605 1184 γὰρ
1626 1148 1728 1182 πολλὴν
1745 1147 1818 1182 ἔχειν

1033 1201 1176 1237 ἀκρίϐειαν
1188 1199 1304 1235 ὀφείλει,
1320 1199 1393 1227 ὅπως
1409 1196 1445 1232 μὴ
1465 1196 1624 1231 ἐφάμαρτος
1640 1194 1797 1228 εἰσέρχεται
1809 1199 1818 1206 ο

1033 1248 1063 1275 οὐ
1077 1247 1157 1281 μόνον
1167 1246 1244 1273 οὐδὲν
1253 1244 1363 1279 ὠφελεῖ,
1374 1243 1442 1270 ἀλλὰ
1455 1242 1610 1268 τούναντίον
1622 1240 1668 1267 καὶ
1679 1238 1818 1274 ἁμαρτίας

1034 1291 1194 1325 προσθήκην
1207 1289 1315 1324 δέχεται
1333 1296 1340 1302 ·
1359 1287 1395 1314 δι’
1409 1287 1491 1314 αὑτὸν
1507 1286 1560 1321 γὰρ
1585 1286 1644 1311 ἐκεῖ
1659 1285 1690 1310 τὸ
1707 1282 1822 1316 Πνεῦμα

1032 1336 1064 1363 τὺ
1081 1337 1160 1369 ἆγιον
1171 1335 1201 1361 οὑ
1215 1334 1390 1369 κατέρχεται,
1413 1333 1460 1360 καὶ
1476 1331 1652 1366 ὑστεροῦνται
1673 1330 1697 1356 οἱ
1727 1329 1816 1355 ἐκεῖσε

1032 1380 1197 1416 συνηγμένοι
1211 1380 1260 1414 τῆς
1276 1379 1321 1406 τοῦ
1335 1379 1414 1413 ἁγίου
1431 1378 1588 1412 Πνεύματος
1604 1377 1722 1411 χάριτος.

197 1436 226 1457 ut
251 1435 346 1458 contra
373 1434 511 1465 peccatum
548 1438 628 1457 suum
659 1430 815 1464 adaugeat:
847 1429 904 1463 ipse
934 1429 1007 1456 enim
1039 1429 1065 1455 in
1096 1435 1177 1455 causa
1203 1427 1265 1459 erit,
1288 1426 1436 1462 quominus
1460 1425 1520 1453 istic
1546 1424 1632 1459 gratia
1662 1421 1747 1449 sancti
1758 1419 1822 1455 Spi‘

196 1478 265 1506 ritus
293 1477 455 1510 descendat,
469 1478 569 1513 quique
593 1477 749 1512 congregati
769 1481 833 1504 sunt
855 1476 899 1503 illa
922 1475 1114 1510 privabuntur.

908 1531 1021 1559 CAPUT
1036 1531 1096 1558 XX.

347 1595 384 1622 De
402 1595 491 1622 anima
503 1599 527 1622 el
539 1595 571 1622 de
583 1594 817 1622 ntundicreatioue
826 1592 952 1627 rebusque
967 1591 1062 1618 divinis
1075 1590 1253 1625 Epiphaniam
1270 1587 1418 1616 sublimiter
1433 1587 1506 1615 docet
1532 1586 1670 1614 Andreas.

233 1663 296 1690 155.
311 1662 391 1693 Cum,
404 1670 463 1696 qua:
478 1661 533 1696 jam
551 1666 660 1689 narrata
674 1665 748 1694 sunt,
771 1660 903 1688 edocebat
919 1659 981 1694 Epi-
996 1661 1019 1691 (ἶ

197 1708 327 1742 phauium
353 1708 486 1740 Andreas,
501 1712 558 1735 erat
574 1707 736 1734 matutinum
765 1706 913 1734 Dominicze
928 1705 980 1732 diei

200 1751 510 1787 tempus;transiitque
540 1751 667 1786 princeps
708 1751 817 1786 quidam
853 1750 982 1785 palatium

199 1805 307 1831 versus,
320 1799 366 1833 qui
381 1798 501 1826 libidinis
510 1797 616 1825 ﬂamma
631 1804 791 1829 succensus,
808 1797 982 1831 cupiditatem

199 1852 277 1872 suam
307 1852 369 1872 cum
398 1844 521 1876 muliere,
537 1851 617 1878 quam
639 1842 789 1878 deperibat,
818 1842 981 1877 expleverat.

201 1889 367 1918 Tendentem
394 1890 484 1925 itaque
499 1890 574 1917 illum
587 1890 621 1917 ad
646 1889 787 1924 palatium,
799 1889 911 1923 jamque
929 1895 982 1914 non

200 1936 294 1971 procul
308 1943 323 1963 a
339 1943 367 1964 se
382 1936 526 1963 distantem
547 1936 663 1963 intuitus
686 1935 715 1962 Β.
730 1935 864 1967 Andreas,
884 1941 985 1968 cogno-

203 1981 241 2007 rit
256 1988 316 2015 quae
339 1980 374 2007 ab
387 1979 445 2015 ipso
475 1980 518 2008 die
531 1980 583 2008 ista
601 1984 705 2016 patrata
723 1983 814 2007 essent
840 1979 960 2013 dixitque
975 1987 982 2005 :

202 2025 241 2052 En
257 2025 392 2052 hominem
415 2025 552 2058 insanttm,
568 2026 745 2060 quisanctatn
762 2025 842 2052 modo
877 2024 984 2051 Domini

203 2071 275 2098 diem
301 2070 444 2105 profanare
455 2078 508 2098 non
532 2071 643 2103 veritus,
660 2071 715 2097 adit
735 2070 876 2105 palatium,
895 2069 983 2104 ipsum

204 2123 314 2152 quoque
350 2117 550 2151 iuquiuaturus.
584 2116 618 2144 Ut
649 2117 705 2144 haec
739 2116 826 2144 audiit
860 2116 984 2151 princeps

205 2163 259 2195 ille,
289 2163 461 2190 vehementer
485 2162 640 2197 obstupuit;
672 2162 818 2190 subridens
838 2167 927 2190 tamen
941 2163 984 2189 via

201 2217 251 2237 sua
278 2210 405 2244 perrexit.
426 2208 525 2236 Drindc
541 2208 709 2236 veroisthazc
721 2208 815 2236 amicis
833 2209 890 2235 suis
907 2215 986 2236 enar-

202 2263 276 2287 rans,
294 2255 354 2282 aliis
369 2255 575 2282 admirationem
599 2255 711 2289 peperit,
729 2256 798 2289 apud
822 2255 888 2282 alios
906 2256 984 2281 tidem

201 2309 255 2329 non
282 2301 394 2332 invenit,
422 2300 456 2327 ab
479 2300 539 2327 aliis
561 2300 679 2335 denique
708 2300 733 2327 id
758 2300 881 2335 responsi
912 2299 983 2331 tulit,

1071 1659 1140 1692 ρνγ¹.
1158 1655 1250 1682 Ταῦτα
1263 1655 1310 1682 τοῦ
1335 1655 1440 1682 δικαίου
1462 1654 1587 1688 λέγοντος
1608 1653 1677 1689 μετὰ
1703 1654 1821 1688 Ἐπιφα-

1033 1703 1101 1734 νόυ,
1128 1700 1255 1735 Κυριακὴ
1280 1698 1315 1736 ἦν
1339 1700 1421 1735 πρωϊ,
1453 1700 1499 1726 καί
1520 1708 1563 1731 τις
1589 1699 1681 1734 ἄρχων
1700 1699 1819 1726 διέὸαινε

1034 1748 1101 1784 πρὸς
1122 1747 1263 1774 παλατιον.
1284 1744 1366 1777 Οὗτος
1396 1745 1610 1780 παρενοχληθεὶς
1636 1746 1676 1776 είς
1695 1745 1745 1780 τὴν
1768 1745 1819 1779 τῆς

1034 1794 1138 1829 σαρκὸς
1153 1792 1288 1827 πύρωσιν,
1312 1793 1352 1822 εἰς
1367 1791 1515 1826 ἐπιθυμίαν
1528 1791 1577 1825 τῆς
1592 1791 1730 1825 γυναικὸς,
1752 1790 1816 1817 ὅθεν

1033 1840 1081 1867 καὶ
1096 1839 1253 1873 συνεγένετο
1271 1838 1329 1873 μετ’
1342 1837 1437 1872 αὑτῆς.
1460 1837 1503 1868 Ὠς
1519 1837 1546 1863 δὲ
1563 1837 1717 1872 προήρχετο
1730 1837 1769 1867 εἰς
1789 1837 1820 1862 τ’)

1034 1885 1175 1917 παλάτιον,
1189 1884 1236 1911 καί
1258 1883 1372 1919 πλησίον
1392 1883 1438 1909 τοῦ
1459 1882 1564 1909 δικαίου
1582 1883 1702 1916 ἐγένετο,
1719 1881 1820 1916 βλέψας

1034 1932 1073 1964 εἰς
1093 1931 1174 1958 αὐτὴν
1189 1932 1203 1957 ὁ
1219 1930 1364 1966 μακάριος,
1382 1929 1453 1963 ἔγνω
1474 1928 1504 1955 τὸ
1520 1929 1584 1956 κατ’
1600 1928 1681 1955 αὐτὸν
1699 1929 1732 1963 τῇ
1754 1927 1820 1963 ἁγίᾳ

1034 1977 1160 2012 κυριακῇ
1176 1974 1404 2011 διαπραξάμενον,
1422 1975 1467 2002 καί
1489 1983 1554 2009 φησι
1567 1974 1635 2009 πρὸς
1648 1974 1728 2000 αὐτόν
1739 1982 1745 1988 ·
1766 1974 1818 2000 Ἴδε

1033 2023 1048 2049 ὁ
1063 2022 1169 2058 ἐξηχος,
1184 2021 1213 2054 ὃς
1228 2022 1323 2056 ἐμίανε
1334 2021 1384 2055 τὴν
1400 2020 1482 2055 ἁγίαν
1496 2021 1650 2055 Κυριακὴν,
1667 2020 1713 2046 καὶ
1734 2019 1821 2054 ἀπέρ-

1035 2075 1111 2103 χεται
1121 2068 1214 2103 μιᾶναι
1228 2067 1313 2094 καὶτὸ
1325 2066 1464 2094 παλάτιον.
1480 2065 1598 2096 Ἐκεῖνος
1611 2065 1638 2091 δὲ
1649 2064 1685 2096 ὡς
1693 2065 1819 2100 ἤκουσεν,

1035 2113 1195 2148 κατεπλάγη
1221 2113 1358 2148 μεγάλως,
1380 2112 1427 2138 καὶ
1451 2110 1648 2146 ὑπομειδιάσας
1668 2109 1816 2145 παρῆλθεν.

1035 2160 1188 2194 Διηγήσατο
1205 2157 1233 2185 δὲ
1258 2157 1337 2184 τοῦτο
1357 2158 1413 2188 τοῖς
1431 2156 1518 2191 φίλοις
1534 2155 1629 2187 αὑτοῦ,
1652 2156 1699 2181 καὶ
1724 2156 1748 2181 οἱ
1771 2155 1820 2190 μὲν

1037 2203 1204 2240 ἐθαύμαζον,
1226 2203 1252 2230 οί
1267 2203 1295 2230 δὲ
1309 2203 1451 2238 ἠπίστουν,
1467 2203 1491 2229 οί
1506 2202 1534 2229 δὲ
1548 2201 1640 2235 ἔλεγον
1655 2202 1708 2228 ἀπλ)
1723 2200 1818 2235 δλιμό-

1036 2259 1089 2278 νων
1108 2250 1197 2284 λέγειν
1212 2250 1293 2276 αὑτὸν
1308 2248 1404 2275 ταῦτα.
1422 2248 1452 2274 '0
1476 2247 1504 2274 δὲ
1525 2248 1684 2281 Ἐπιφάνιος
1699 2246 1819 2281 ἐθαύμα-

1038 2305 1083 2324 σεν
1101 2297 1147 2323 ἐπὶ
1163 2297 1195 2331 τῇ
1214 2294 1368 2330 προγνώσει
1395 2294 1441 2320 τοῦ
1468 2293 1574 2320 δικαίου
1598 2292 1705 2328 ἀνδρός.
1737 2291 1768 2318 '0
1793 2292 1820 2317 δὲ

201 2349 332 2376 instinctu
362 2347 516 2375 daemonum
554 2347 690 2374 Andream
711 2347 776 2374 talia
816 2347 983 2374 enuntiasse.

1039 2342 1173 2378 μακάριος
1188 2341 1263 2375 λέγει
1282 2341 1351 2376 πρὸς
1366 2340 1448 2368 αὐτόν
1462 2348 1469 2355 ·
1497 2338 1591 2374 Ταύτῃ
1607 2340 1639 2373 τῇ
1655 2338 1733 2364 νυκτὶ
1752 2335 1820 2364 εἶδον

201 2395 287 2422 Porro
311 2402 373 2421 cum
398 2394 543 2421 miraretur
557 2393 734 2428 Epiphanius,
755 2394 825 2421 unde
841 2397 888 2420 aut
914 2400 984 2428 quo-

201 2440 282 2467 modo
307 2439 360 2467 ista
380 2439 554 2474 cognovisset
568 2439 609 2465 vir
628 2443 750 2470 sanctus,
765 2439 804 2466 sic
828 2438 982 2473 loquentem

200 2484 296 2512 audire
311 2484 410 2512 meruit
428 2491 435 2510 ς
451 2484 507 2512 llac
523 2485 581 2519 ipsa
595 2489 675 2512 nocte
693 2484 832 2511 mulierem
846 2484 984 2517 conspexi,

203 2532 276 2566 regio
303 2531 377 2559 cultu
407 2538 574 2566 coronaque,
589 2531 742 2567 margaritis
764 2537 795 2557 ac
815 2530 929 2565 gemmis
946 2529 986 2556 di-

202 2577 302 2605 stincta
318 2577 468 2613 insignem,
482 2585 553 2612 quae,
576 2584 655 2612 quem
675 2577 756 2604 ntodo
779 2580 985 2611 przetereuntem

203 2623 339 2655 vidimtts,
368 2627 520 2658 magnatem
557 2623 640 2650 \‘eluti
674 2622 701 2650 in
733 2621 778 2656 jus
801 2621 986 2657 protrahens:

201 2667 260 2701 Qua
303 2669 402 2700 fronte,
439 2669 588 2703 inquiebat,
604 2668 772 2696 Dotninicam
805 2675 988 2703 conspurcare

201 2722 285 2742 ausus
300 2721 340 2748 es,
353 2715 445 2742 infelix
459 2715 470 2741 τ
485 2723 550 2742 nunt
569 2714 716 2743 ltcbdomas
728 2715 832 2750 integra
849 2713 989 2750 explenda:

1033 2389 1151 2423 γυναῖκα
1180 2387 1350 2422 βασίλισσαν,
1379 2386 1515 2421 φοροῦσαι)
1542 2385 1651 2419 στέμμα
1683 2383 1820 2418 βασιλικὸν

1035 2433 1212 2469 μαργαρῶδες
1224 2433 1272 2460 καὶ
1282 2433 1326 2459 διὰ
1339 2432 1432 2466 λίθων,
1445 2432 1492 2458 καὶ
1505 2430 1685 2464 δικιζομένην
1699 2428 1737 2464 τῷ
1751 2437 1820 2463 παρ-

1038 2480 1143 2507 ελθόντι
1165 2479 1275 2515 ἄρχοντι
1293 2487 1301 2495 ο
1330 2478 1403 2507 Πῶς.
1424 2477 1518 2512 φησὶν,
1539 2476 1694 2510 ἐτόλμησας
1727 2475 1820 2509 μιᾶναι

1035 2529 1084 2564 τὴν
1096 2529 1250 2564 Κυριακὴν,
1267 2527 1360 2560 ἄθλιε;
1378 2526 1408 2553 οὐ
1432 2527 1509 2561 κορεῖ
1533 2524 1567 2551 δι’
1588 2524 1651 2558 ὅλης
1676 2521 1821 2556 ἐσδομάδιος

1036 2574 1192 2609 ἀκορέστως
1210 2573 1336 2599 ὑλακτεῖν
1354 2572 1393 2603 εἰς
1411 2571 1460 2606 τὴν
1480 2569 1631 2605 ἐπιθυμίαν
1657 2577 1704 2594 σου
1719 2586 1726 2599 ,
1754 2565 1821 2592 ἀλλὰ

1037 2620 1083 2646 καὶ
1093 2619 1140 2654 τὴν
1153 2619 1259 2655 ἡμέραν
1271 2627 1321 2653 μου
1330 2618 1379 2653 τὴν
1388 2617 1469 2651 ἁγίαν
1479 2614 1677 2651 ἀπροσκέπτως
1691 2612 1821 2646 εἰσπράτ-

1035 2675 1109 2699 urg;
1124 2666 1172 2693 Mi:
1187 2666 1233 2692 τὸν
1249 2665 1368 2700 νυμφίον
1379 2673 1430 2699 μου
1445 2662 1573 2698 Χριστὸν,
1593 2662 1618 2688 εί
1633 2658 1821 2693 δευτερὼσεις,

1037 2713 1068 2740 οὐ
1094 2712 1238 2748 cpt-uineta
1255 2711 1261 2738 l
1277 2710 1363 2738 Teii-.0
1389 2709 1503 2737 εἰποῦσα
1526 2709 1631 2743 ἀπέστη
1656 2706 1703 2734 ἀπ⁸
1725 2703 1821 2732 αὐτοῦ.

239 2803 296 2838 (65)
322 2803 359 2831 lta
387 2804 514 2838 correxi,
542 2811 590 2839 pro
619 2804 793 2837 σεσιπῶσαν,
823 2803 860 2832 uti
901 2802 1058 2831 habebatur.
