2009 3088
196 245 268 280 Ἐγὼ
284 246 312 272 δὲ
334 244 414 271 τοῦτο
438 244 617 279 θεασάμενος,
642 244 736 271 τέκνον
753 252 815 278 μου,
842 244 985 279 ὠδυνήθην
1001 246 1022 273 Α

193 291 244 325 τὴν
260 290 374 326 καρδίαν
392 299 455 324 μου,
475 290 523 316 καὶ
547 289 676 316 ὼιείδισα
691 287 783 321 αὐτὸν,
800 288 864 319 ἴσως
880 296 987 322 σωφρο-

188 337 331 372 νισοῇ.-Εί
343 336 372 362 δὲ
388 335 578 372 δευτερώσεις,
594 335 624 362 οὐ
647 334 805 370 τριτώσεις,
832 334 984 364 τουτέστιν,

190 383 372 419 ἑξαιτήσομαι
404 382 542 418 δρέπανον
561 380 632 408 κατὰ
659 380 708 408 σοῦ
721 400 729 413 ,
753 380 802 407 καὶ
823 379 925 414 οερίσω
945 387 987 407 σε.

194 429 257 464 Ἀφ’
288 427 322 465 ἦς
355 429 409 464 γὰρ
442 428 566 463 ἀποθάνῃ
593 427 607 453 ό
630 426 786 461 ἄνθρωπος,
811 425 903 452 οὐκέτι
932 424 986 451 λοι-

187 476 238 501 ττῆν
264 475 430 510 ἁμαρτάνει,
453 473 514 500 οὔτε
539 472 653 504 δικαίως
685 472 801 505 πράττει
818 480 824 486 ·
853 470 992 504 ).υοείσης’

185 520 239 554 γὰρ
255 521 305 555 τῆς
328 520 418 555 ψυχῆς
437 519 485 546 τοῦ
511 519 648 553 σώματος,
669 519 717 545 καὶ
737 517 910 544 κατάπαυσιν
936 518 982 543 δε-

185 565 313 600 ξάμενος.

777 185 867 218 VlTA
889 186 921 217 S.
942 185 1108 216 ANDREE
1129 186 1227 218 SALl.

1776 187 1834 218 E02

1037 243 1142 271 lubidini
1159 249 1212 270 tuae
1238 243 1384 270 insatiabili
1398 250 1452 270 non
1465 242 1574 274 suilli-it,
1588 247 1617 270 ut
1641 249 1747 270 sacram
1763 250 1833 277 quo-

1040 297 1093 323 que
1121 289 1186 316 mihi
1207 289 1279 316 diem
1311 293 1411 316 temere
1441 293 1469 316 et
1495 288 1695 316 inconsiderate
1722 287 1834 315 violes?

1039 334 1090 362 l‘cr
1109 342 1242 370 sponsum
1257 343 1346 363 meum
1365 334 1504 362 Christum
1525 335 1573 362 tibi
1588 335 1670 370 juro,
1689 335 1711 362 si
1735 335 1834 362 itmaro

1040 379 1067 406 id
1097 387 1183 407 ausus
1212 379 1307 413 fueris,
1329 380 1391 408 faxo
1406 387 1460 407 non
1472 380 1586 415 adjicias
1603 380 1726 407 tertium.
1745 380 1834 414 Atque

1039 425 1099 452 hace
1113 426 1202 452 locuta
1218 426 1350 453 diSCCSsiL
1367 426 1424 461 Ego
1438 431 1541 458 autem,
1561 426 1607 461 qui
1626 430 1707 461 geste
1725 425 1764 452 rei
1791 425 1834 452 in-

1037 475 1166 504 tercram,
1197 471 1234 499 [ili
1269 473 1315 504 ml,
1347 480 1455 507 gravem
1482 472 1576 500 animo
1602 473 1725 499 dolorem
1760 471 1831 505 cepi,

1040 524 1127 551 caque
1143 517 1226 544 modo
1247 518 1347 552 ingessi
1367 518 1488 550 homini,
1505 518 1528 545 si
1546 516 1616 545 forte
1648 517 1830 552 resipisceret.

1032 561 1110 595 Quod
1128 570 1193 590 vero
1206 563 1314 591 dicebat
1335 573 1341 590 :
1357 563 1385 590 Si
1404 565 1501 591 iterare
1512 563 1538 591 id
1551 571 1636 591 ausus
1650 563 1747 594 fueris,
1763 561 1825 588 faxo

186 622 241 641 non
268 614 384 648 adjicias
412 613 541 646 tertium,
561 613 731 640 tantumdem
755 616 797 639 est
818 619 850 638 ac
873 611 896 638 si
917 610 1051 639 dixisset:
1067 611 1220 646 Exposcam
1253 616 1351 640 contra
1384 617 1410 640 te
1425 612 1540 644 falcem,
1574 611 1764 646 demetamque
1784 614 1822 636 te.

185 659 363 694 Posteaquam
391 659 463 686 enim
494 659 577 686 vitam
606 666 669 686 cum
704 663 790 685 morte
824 657 1000 685 commutavit
1031 658 1124 692 homo,
1154 658 1221 686 nihil
1266 663 1308 686 est
1341 659 1413 694 quod
1453 664 1544 694 peccet
1565 659 1704 693 deinceps.
1717 659 1755 685 uti
1771 665 1822 685 nec

185 705 255 739 quod
284 706 352 732 bene
375 709 524 740 operetur:
543 708 636 739 utpote
662 704 708 739 qui
733 704 767 731 ab
792 703 867 730 omni
891 706 981 730 cessat
999 703 1118 737 actione,
1139 704 1220 732 simul
1244 709 1326 740 atque
1343 705 1434 732 anima
1454 706 1578 741 corporis
1595 705 1712 733 vinculis
1732 704 1824 732 soluta

184 751 274 779 fuerit.

220 797 284 833 9v6’.
300 797 372 832 Ἔφη
386 796 454 832 προς
473 796 556 824 αὑτὺν
575 796 735 830 Ἐπιφάνιος
745 804 752 812 ·
766 795 867 831 Δέομαί
881 804 941 827 σου,
955 796 979 822 ει

185 841 264 878 εὖρον
278 842 360 876 χάριν
375 841 498 868 ἐναντίον
514 850 572 873 σου,
589 841 757 875 ἀπάγγειλόν
771 849 815 876 μοι
837 841 879 873 τδ,
895 849 979 868 ποτα-

185 889 222 923 πή
238 889 298 914 ἐστι
323 887 396 923 ψυχὴ
409 888 457 914 τοῦ
477 887 634 922 ἀνθρώπου.
661 887 830 922 Ἐπίσταμαι
857 886 912 921 γὰρ
928 887 978 913 αὖ·
993 898 1015 926 Β

186 935 230 966 τὸς
244 934 333 968 ἔγωγε
350 935 448 969 μικρὸν
462 933 497 960 τὰ
513 935 578 968 περὶ
598 933 693 968 αὐτῆς,
711 933 770 959 ἀλλ’
785 933 816 959 οὐ
842 933 978 968 πληροφο-

188 978 291 1014 ροῦμαι
305 978 352 1004 ἐπὶ
369 979 426 1010 τοῖς
442 979 519 1013 ἐμοῖς
538 979 714 1013 ποχασμοῖς,
732 978 794 1004 ὅσον
808 978 862 1012 ἔχω
878 977 980 1012 πληρο-

186 1024 342 1059 φορηθῆναι
362 1024 408 1051 ἐπὶ
421 1025 478 1056 τοῖς
497 1024 574 1060 παρά
590 1024 637 1051 σοῦ
654 1032 700 1059 μοι
719 1024 878 1059 λεγομένοις
896 1022 979 1054 θείοις

185 1069 316 1104 ῥήμασιν.
334 1070 416 1103 Λέγει
435 1068 502 1104 πρὸς
518 1069 601 1096 αὐτὸν
613 1070 627 1095 ὁ
648 1069 782 1104 μακάριος
797 1077 804 1085 ι
820 1069 923 1095 Τέκνον
937 1087 944 1100 ,
960 1068 977 1101 ή

185 1116 255 1150 ψυχὴ
276 1115 322 1142 τοῦ
342 1115 490 1150 ἀνθρώπου
511 1115 542 1142 τὺ
568 1116 623 1142 πᾶν
639 1116 731 1151 ἐκείνη
759 1115 883 1150 περίεστι
896 1123 903 1130 ·
927 1115 978 1149 τῆς

186 1161 241 1196 γὰρ
254 1161 355 1196 σαρκὸς
365 1161 469 1196 ταύτης
482 1161 529 1188 τοῦ
551 1162 679 1197 σώματος
702 1161 782 1197 ἡμῶν
797 1161 845 1188 τοῦ
861 1161 976 1196 πηλίνου

184 1206 253 1242 αὕτη
271 1208 357 1239 ἐστὶν,
376 1207 432 1233 εἴτε
447 1207 514 1242 ζωὴ,
536 1208 590 1234 εἴτε
613 1208 661 1234 καὶ
678 1207 749 1238 θεὸς,
764 1207 810 1234 ἵνα
828 1206 914 1238 οὕτως
939 1205 978 1232 εἴ·

185 1261 242 1285 πω,
271 1253 318 1279 καὶ
345 1252 409 1279 ἄλλο
431 1261 469 1281 τι.
495 1254 589 1290 Ταύτῃ
609 1254 662 1288 γὰρ
688 1253 817 1279 ἔδωκενό
835 1252 900 1283 θεὸς
926 1251 975 1287 τὴν

184 1299 301 1334 δύναμιν
319 1299 463 1332 ζωοποιεῖν
478 1300 544 1327 αὐτὸ
561 1301 607 1327 καὶ
625 1300 772 1335 κυϐερνᾷν,
795 1300 843 1326 καὶ
863 1299 976 1327 θάλπειν

183 1346 260 1379 αὐτὸ,
285 1347 330 1372 καὶ
360 1346 510 1382 ἀναψύχειν
536 1347 583 1373 διὰ
613 1347 663 1382 τῆς
685 1347 810 1381 Θέρμης’
833 1346 898 1373 ἄνευ
920 1345 976 1380 γὰρ

183 1392 285 1426 ταύτης
296 1393 329 1419 τὰ
341 1391 456 1426 σώματα
471 1392 550 1427 ἡμῶν
562 1392 657 1427 πηλὸς,
675 1392 719 1418 xui
737 1392 821 1423 κόνις,
830 1391 876 1417 καὶ
886 1391 975 1425 τέφρα

184 1438 367 1474 καθέπτηκεν.

220 1521 285 1557 ρνε’.
307 1522 465 1555 Ἔπιςράνιος
488 1520 565 1547 εἶπεν
580 1529 588 1536 ·
614 1520 782 1556 Ἐπίσταμαι
807 1521 842 1547 τὰ
861 1520 975 1546 τοιαῦτα

183 1569 230 1595 καὶ
247 1568 327 1599 αὑτός
340 1576 347 1584 ·
362 1568 419 1594 ἀλλ’
435 1567 529 1602 ὲρωτῶ
543 1568 585 1599 τίς
600 1569 617 1604 ἡ
632 1569 682 1602 τῆς
698 1569 789 1602 ψυχῆς
807 1567 888 1593 οὐσία
901 1586 909 1598 ,
923 1574 973 1592 πο·
988 1568 1009 1596 C

182 1612 255 1647 ταπὴ
282 1612 310 1638 δὲ
335 1613 351 1648 ἡ
369 1612 474 1646 ταύτης
490 1611 593 1647 Θεωρία
617 1612 672 1638 ἀπὸ
690 1612 738 1638 τοῦ
754 1611 874 1646 ἐξελθεῖν
889 1610 976 1646 αὐτὴν

181 1659 236 1685 ἀπὸ
267 1659 315 1685 τοῦ
335 1657 463 1693 σώματος
489 1657 624 1693 [ποταπόν
646 1666 676 1684 τε
703 1658 734 1684 τὸ
761 1657 905 1692 γνώρισμα
926 1656 976 1691 τῆς

183 1714 212 1731 τε
237 1705 346 1736 δικαίας
369 1705 418 1740 τῆς
444 1713 474 1730 τε
503 1702 668 1739 ἁμαρτω)ιοῦ
696 1703 786 1739 (64)].
815 1704 889 1739 Ἔφη
907 1703 976 1738 πρὸς

182 1751 263 1777 αὑτὸν
274 1751 288 1776 ό
309 1750 446 1786 μακάριος
461 1757 470 1766 ³
490 1750 521 1777 Ἥ
538 1750 618 1777 οὐσία
632 1751 682 1785 τῆς
693 1749 784 1784 ψυχῆς
805 1749 901 1784 νοερόν
916 1750 975 1775 ἐστι

185 1797 306 1831 πνεῦμα,
324 1796 443 1830 ἐλαφρόν
458 1803 488 1822 τε
504 1796 552 1822 καὶ
575 1794 733 1830 σοφώτατον
757 1794 871 1829 σφόδρα,
892 1793 977 1828 γαλη-

183 1843 228 1870 νόν
246 1851 275 1869 τε
290 1843 337 1869 καὶ
353 1842 415 1877 ἡδὺ,
434 1841 535 1876 ἥσυχον
552 1842 600 1868 καὶ
615 1842 780 1876 πραότατον,
796 1840 976 1875 τετορνευμέ-

181 1897 228 1915 νον
243 1889 283 1920 si;
300 1887 405 1923 ἀόρατά
420 1895 481 1913 τινι
497 1887 576 1922 μέλη,
593 1887 663 1922 ὑπὲρ
677 1887 807 1922 διήγησιν
821 1886 910 1921 ὡραῖα
928 1885 975 1912 καὶ

182 1935 292 1970 ἥδιστα,
307 1932 492 1968 πανενπρεπῆ
508 1934 556 1959 καὶ
571 1933 732 1968 καταθύμια
760 1933 821 1959 λίαν
846 1932 905 1967 Θεῷ
927 1933 975 1959 καὶ

183 1981 243 2011 ταῖς
270 1979 392 2015 χορείαις
416 1979 470 2005 τῶν
495 1979 581 2012 ἁγίων
605 1978 729 2012 ἀγγέλων
756 1978 973 2014 χρηματίζοντα.

183 2027 251 2053 Κατ’
265 2026 353 2060 ἀρχὰς
364 2025 393 2051 δὲ
409 2024 508 2056 πάντες
523 2024 662 2059 ἄνθρωποι
677 2024 748 2059 ὑπὲρ
762 2024 808 2050 τὸν
819 2023 895 2057 ἥὶιον
908 2031 976 2058 τρα-

182 2070 293 2103 νότερον
314 2069 561 2104 ἁπαστράπτουσιν
574 2076 580 2083 ·
606 2069 784 2104 αὐξανόμενοι
806 2069 845 2102 δὲ,
871 2069 919 2095 καὶ
940 2070 974 2104 τῇ

180 2115 277 2151 ἡλικίᾳ
292 2115 500 2151 προϐαίνοντες,
514 2115 586 2147 οἵαις
609 2116 706 2146 αὑταῖς
730 2114 901 2150 χρησόμεθα.
918 2115 974 2141 οὐκ

180 2161 235 2187 εἰσὶ
257 2160 286 2186 δὲ
312 2161 422 2187 πάντων
444 2160 499 2187 τῶν
522 2161 552 2186 ἐν
578 2160 664 2195 ἀρετῇ
689 2160 820 2195 βιούντων
837 2161 866 2186 αι
891 2160 974 2195 dolat

182 2207 239 2234 [σαι
250 2209 283 2242 τῇ
299 2206 476 2242 λαμπρότητι
493 2214 500 2222 ο
521 2206 590 2233 ἀλλὰ
616 2206 708 2237 καθὼς
723 2206 837 2237 ἕκαστος
854 2205 973 2232 ἔσπευσε

180 2252 340 2288 λαμπρῦναι
366 2252 416 2287 τὴν
444 2251 543 2278 ἑαυτοῦ
560 2251 661 2286 ψυχὴν,
688 2250 723 2277 δι’
747 2250 861 2285 ἀγώνων
893 2249 973 2277 θείων
990 2244 1012 2272 D

181 2300 229 2325 καὶ
256 2300 404 2334 ἐναρέτων.
423 2298 498 2328 Τέως
523 2298 562 2330 δὲ,
579 2297 672 2328 καθὼς
687 2297 797 2333 εἴρηκα,
817 2296 886 2332 πρὸς
900 2296 914 2323 ὃ
932 2293 980 2328 τις

179 2345 356 2380 ἀγωνίζεται,
387 2344 565 2380 φαιδρύνεται
580 2353 587 2360 -
610 2344 657 2371 καὶ
686 2345 748 2371 ὅσον
775 2343 879 2378 ἐγγίζει
903 2342 974 2378 Θεῷ,

179 2391 408 2425 ὰπαπράπτεται
420 2398 426 2404 ’
455 2391 517 2417 ὅπου
530 2399 572 2422 τις
589 2390 721 2424 ὑπομένει
737 2389 841 2424 θλίψεις
858 2388 906 2416 καὶ
926 2389 975 2414 πό-

179 2446 242 2468 νους
258 2437 301 2463 διὰ
321 2437 437 2471 Κύριον,
453 2436 583 2470 ἀνάγεται
599 2436 760 2470 πλησιάζειν
773 2435 842 2470 Θεῷ,
857 2434 974 2469 φωτίζε-

179 2492 235 2518 ται,
257 2483 461 2518 λαμπρύνεται,
492 2482 600 2516 γίνεται
627 2484 661 2517 τῇ
689 2481 799 2517 μεθέξει
823 2481 882 2513 οιὺς
903 2481 976 2508 κατὰ

180 2531 260 2566 χάριν
272 2530 319 2556 τοῦ
333 2529 413 2564 ἁγίου
429 2529 601 2565 Πνεύματος.

1066 793 1128 820 154.
1157 794 1197 820 Ad
1223 793 1280 821 haec
1299 793 1495 826 :Obseemte,
1521 793 1611 828 inquit
1648 792 1831 828 Epiphanius.

1027 840 1157 871 edissere.
1182 840 1204 867 si
1235 847 1289 875 qua
1318 840 1421 866 valeam
1435 839 1506 874 apud
1523 843 1549 867 te
1573 840 1670 875 gratia,
1685 841 1774 874 qualis
1790 842 1828 869 sit

1030 886 1149 913 hominis
1173 886 1264 913 anima
1281 894 1288 912 :
1303 885 1382 920 cujus
1408 885 1534 920 quamvis
1564 885 1630 912 mihi
1660 891 1757 913 natura
1775 894 1829 914 non

1031 932 1143 959 omnino
1165 931 1304 967 incognita
1334 932 1380 966 sit,
1408 935 1449 958 est
1465 936 1553 958 tamen
1569 939 1618 958 cur
1633 932 1701 959 meis
1714 932 1772 967 ipse
1785 940 1831 959 co-

1031 977 1123 1013 gitatis
1139 983 1221 1012 atque
1234 977 1502 1005 considerationibus
1523 977 1613 1004 minus
1643 978 1828 1012 acquiescam,

1031 1023 1222 1050 certitudinem
1236 1023 1421 1058 acquisiturus
1436 1023 1566 1057 majorem
1583 1023 1605 1050 si
1629 1023 1738 1050 accedat
1761 1030 1829 1057 pou-

1031 1068 1083 1095 dus
1103 1069 1250 1095 verborum
1280 1072 1399 1096 tuorum.
1427 1069 1475 1096 Cui
1509 1068 1550 1096 sic
1579 1069 1702 1096 Andreas
1726 1078 1733 1096 :
1753 1068 1830 1096 Talis

1030 1111 1142 1138 omnino
1161 1117 1202 1139 est
1234 1111 1352 1139 hominis
1379 1112 1482 1145 anima,
1508 1113 1557 1145 liii,
1577 1117 1606 1139 ut
1634 1113 1756 1148 corporis
1778 1121 1828 1140 no-

1030 1158 1080 1184 stri
1105 1158 1224 1185 carnalis
1249 1163 1275 1184 ct
1296 1165 1312 1185 e
1331 1157 1388 1185 luto
1401 1159 1536 1193 compecti
1564 1166 1613 1186 seu
1627 1159 1696 1191 vita,
1717 1160 1774 1187 sive
1787 1159 1830 1194 (ut

1029 1203 1066 1230 ita
1091 1202 1199 1238 loquar)
1217 1203 1296 1236 deus,
1313 1211 1361 1231 seu
1376 1203 1449 1231 aliud
1464 1203 1604 1239 quidpiam
1619 1212 1672 1232 non
1691 1205 1828 1237 absimile,

1028 1247 1188 1283 appellanda
1218 1248 1253 1275 sit
1273 1256 1280 1275 :
1296 1248 1333 1275 illi
1366 1253 1439 1276 certe
1456 1250 1536 1276 talem
1554 1250 1625 1277 Deus
1645 1251 1760 1277 contulit
1775 1250 1830 1277 vir-

1029 1298 1126 1326 tutem,
1140 1299 1169 1322 ut
1183 1295 1292 1329 corpori
1306 1295 1388 1322 vitam
1405 1295 1570 1330 suppeditet,
1586 1301 1615 1323 ut
1640 1296 1706 1323 illud
1723 1297 1829 1324 ratione

1027 1341 1173 1375 gubernet,
1208 1341 1299 1369 calore
1325 1346 1356 1368 ut
1381 1341 1481 1375 foveat,
1509 1341 1626 1370 fovendo
1656 1347 1687 1369 ut
1723 1348 1828 1370 recreet

1027 1392 1108 1422 atque
1121 1392 1275 1415 conservet.
1293 1387 1402 1422 Absque
1417 1388 1508 1415 anima
1525 1389 1626 1423 quippe
1639 1388 1717 1420 foret.
1733 1393 1762 1416 ut
1772 1389 1826 1423 iam

1027 1440 1141 1467 corpora
1159 1438 1250 1460 nostra
1262 1433 1288 1460 in
1309 1433 1406 1466 lutum,
1423 1433 1449 1460 in
1468 1433 1585 1468 cineres,
1602 1434 1629 1461 in
1644 1435 1739 1461 sordes
1753 1434 1826 1462 rela-

1029 1478 1168 1505 berentur.

1066 1522 1127 1549 155.
1143 1522 1295 1550 l‘tcsumens
1312 1522 1482 1558 Epiphanius
1501 1533 1507 1550 :
1528 1522 1621 1558 Neque
1637 1524 1694 1552 hzrc
1709 1525 1768 1559 ipsa
1784 1532 1828 1552 me

1026 1568 1154 1602 fugiunt,
1183 1568 1295 1603 inquit;
1333 1568 1399 1596 illud
1438 1573 1528 1596 autem
1558 1570 1726 1604 qumrebam,
1767 1578 1828 1604 quae

1029 1613 1203 1648 potissimum
1218 1614 1316 1640 animae
1331 1614 1484 1641 substantia
1501 1615 1557 1647 sit;
1573 1615 1661 1650 qualia
1672 1615 1825 1643 beatilicata

1028 1658 1096 1685 visio
1112 1659 1182 1693 ejus,
1195 1667 1255 1687 cum
1267 1660 1415 1687 excesserit
1429 1668 1444 1688 e
1463 1667 1595 1695 corpore;
1620 1661 1692 1696 quod
1705 1662 1823 1697 denique

1030 1704 1189 1738 discrimen,
1222 1705 1293 1733 unde
1321 1706 1412 1733 anima
1438 1709 1588 1741 peccatrix,
1612 1708 1766 1742 undejusta
1778 1717 1826 1736 co-

1029 1750 1122 1785 gnosci
1150 1750 1246 1786 possit.
1272 1750 1472 1784 Quaestionibus
1501 1753 1545 1780 his
1567 1753 1607 1781 sic
1629 1755 1750 1782 ouurrit
1769 1756 1826 1782 An-

1027 1795 1107 1823 dreas
1125 1796 1302 1824 :Substantia
1317 1798 1424 1830 animm,
1446 1799 1558 1833 spiritus
1575 1805 1618 1827 est
1639 1801 1823 1832 rationabilis.

1027 1841 1130 1868 moveri
1158 1842 1317 1877 perfacilis,
1341 1844 1474 1879 sapientia
1509 1846 1639 1879 praeditus
1669 1847 1800 1882 singulari
1815 1867 1823 1879 ,

1027 1890 1117 1924 quiete
1145 1893 1173 1917 et
1199 1890 1393 1924 tranquillitate
1408 1890 1529 1926 gaudet,
1552 1892 1669 1919 blandus
1696 1898 1722 1920 et
1751 1894 1825 1920 mitis

1026 1941 1077 1968 est,
1093 1941 1119 1964 et
1136 1936 1268 1964 formatus
1290 1936 1453 1971 quibusdam
1469 1937 1550 1964 veluti
1574 1945 1589 1965 e
1616 1939 1748 1972 partibus,
1774 1939 1825 1965 sub

1027 1986 1164 2016 aspectum
1192 1987 1314 2009 nostrum
1347 1989 1400 2009 non
1426 1983 1597 2015 cadentibus,
1624 1988 1743 2011 attamen
1769 1988 1822 2011 tam

1026 2027 1157 2061 pulchris,
1178 2027 1318 2062 jueundis,
1337 2027 1496 2054 decentibus
1519 2031 1600 2062 atque
1619 2027 1825 2055 delectabihbus

1026 2077 1057 2100 ut
1084 2072 1175 2100 verbis
1195 2071 1332 2107 explicare
1347 2079 1428 2099 nemo
1440 2072 1537 2106 possit,
1553 2072 1721 2107 rapientibus
1741 2074 1823 2100 eliam

1027 2115 1054 2145 in
1085 2118 1292 2145 admirationem
1328 2117 1370 2144 sui
1399 2117 1484 2144 Deum
1520 2118 1610 2153 ipsum
1648 2118 1824 2153 angelosque.

1027 2163 1155 2190 Omnium
1169 2169 1258 2191 autem
1280 2163 1420 2191 hominum
1437 2164 1537 2191 animae
1557 2164 1692 2199 principio
1716 2163 1825 2198 fulgen-

1027 2208 1109 2236 tiores
1137 2208 1216 2243 longe
1234 2213 1298 2236 sunt
1318 2209 1376 2244 ipso
1391 2209 1469 2242 sole;
1492 2208 1655 2243 procedente
1673 2216 1736 2236 vero
1746 2213 1826 2236 aetate

1027 2254 1095 2282 tales
1125 2254 1255 2287 evadunt,
1275 2256 1370 2288 quales
1395 2255 1446 2290 ipsi
1462 2255 1592 2290 operibus
1613 2255 1713 2282 nostris
1727 2254 1825 2281 feceri-

1030 2307 1101 2327 mus.
1132 2298 1226 2334 Neque
1252 2300 1324 2327 enim
1350 2300 1499 2335 putandum
1513 2304 1564 2332 est,
1590 2300 1712 2327 omnium
1728 2300 1754 2326 in
1769 2299 1825 2326 vir-

1025 2345 1092 2372 tutis
1108 2345 1197 2372 stadio
1212 2345 1415 2372 decurrentium
1428 2346 1534 2372 animas
1547 2344 1749 2379 pulchritudine
1764 2345 1824 2379 pari

1026 2392 1133 2424 nitere;
1152 2398 1326 2425 nequaquam
1346 2398 1353 2416 :
1370 2391 1416 2418 sed
1425 2391 1631 2426 proutquisque
1648 2391 1747 2417 minori
1764 2398 1824 2417 eam

1026 2435 1158 2470 majorive
1174 2436 1264 2463 studio
1281 2435 1430 2463 excoluerit
1449 2440 1475 2463 et
1490 2436 1641 2463 exercuerit
1656 2436 1683 2462 in
1694 2436 1824 2470 operibus

1026 2482 1140 2513 sanctis,
1150 2482 1186 2508 ita
1203 2485 1230 2509 et
1247 2481 1475 2517 pulchritudinem
1491 2482 1565 2510 illam
1591 2481 1697 2509 auxerit
1713 2481 1821 2508 Iuiuuc-

1027 2528 1106 2555 ritvc.
1128 2527 1265 2561 Quantum
1294 2528 1380 2558 enim.
1396 2532 1424 2555 ut
1441 2529 1520 2555 modo
1535 2529 1601 2561 dixi,
1626 2528 1759 2556 laboravit
1773 2527 1824 2554 ali-

178 2576 251 2610 quis,
266 2580 341 2603 tanto
355 2575 512 2604 cumulatur
529 2574 787 2609 gaudio;quantum
821 2572 878 2600 Deo
906 2573 1117 2608 appropinquat,
1156 2578 1231 2600 tanto
1258 2573 1381 2608 splendet
1412 2574 1532 2608 lumine;
1560 2579 1664 2610 quanto
1705 2573 1822 2608 denique

177 2623 317 2656 graviores
333 2623 441 2649 labores
460 2629 492 2649 ac
508 2621 696 2648 tribulationes
711 2625 823 2656 propter
844 2621 991 2648 Dominum
1011 2622 1144 2655 sustinet,
1170 2625 1247 2648 tanto
1267 2622 1379 2657 propius
1395 2629 1410 2649 a
1432 2621 1486 2649 Deo
1510 2623 1600 2654 abest,
1626 2626 1704 2649 tanto
1730 2621 1825 2656 copio-

177 2671 243 2699 siori
261 2671 362 2697 lumine
377 2670 538 2701 illustratur,
551 2674 578 2697 et
594 2670 622 2696 lit
648 2669 854 2704 participatione
869 2670 963 2705 gratia:
983 2671 1069 2698 sancti
1089 2670 1206 2704 Spiritus
1220 2669 1424 2705 quodammodo
1445 2671 1503 2705 ipse
1526 2671 1604 2698 deus.

215 2719 288 2752 ρνς’.
303 2716 447 2750 Ὠσπερδέ
460 2716 536 2742 ἐστιν
546 2716 560 2741 ὁ
573 2715 681 2752 σίδηρος
699 2715 784 2751 μέλας
797 2716 844 2742 καὶ
858 2715 974 2751 ψυχρὸς,

179 2761 310 2797 κείμενος
324 2761 354 2787 δὲ
372 2760 447 2786 ἔνδον
459 2760 506 2786 τοῦ
529 2761 615 2796 πυρὸς
631 2761 678 2787 καὶ
694 2760 829 2796 χρονίζων
843 2760 974 2796 λαμπρύ-

179 2815 254 2835 νεται
279 2806 371 2833 πλεῖον
383 2814 389 2821 ·
410 2806 482 2833 οὕτω
497 2806 545 2832 καὶ
570 2806 595 2833 οι
610 2806 761 2842 ἄνθρωποι.
777 2806 837 2841 Πῦρ
851 2806 925 2832 ἐστιν
945 2807 975 2833 τὸ

1069 2715 1132 2743 156.
1146 2716 1252 2743 Etenim
1273 2716 1353 2743 sicuti
1369 2715 1482 2748 ferrum,
1503 2716 1610 2750 nigrum
1627 2715 1822 2752 frigidiimque,

1031 2762 1053 2789 si
1070 2762 1097 2788 in
1113 2762 1202 2795 ignem
1217 2761 1380 2797 conjiciatur
1395 2767 1421 2789 ct
1440 2762 1608 2797 aliquamdiu
1624 2767 1743 2793 maneat.
1762 2770 1822 2789 ma-

1031 2809 1072 2843 gis
1106 2808 1247 2843 magisque
1269 2808 1383 2843 ignescit
1396 2816 1428 2836 ac
1457 2809 1550 2836 rutilat
1569 2818 1576 2837 τ
1592 2809 1632 2836 ita
1648 2812 1675 2836 et
1690 2815 1752 2836 cum
1769 2809 1821 2835 ho-

215 2887 270 2920 (64)
303 2888 354 2916 Ms.
381 2887 469 2916 \‘alic.
502 2889 612 2924 ποταπή
634 2889 694 2924 γεή
710 2888 871 2924 ἁμαρτωλὶς
885 2889 931 2916 7.7.".
944 2889 966 2914 εἰ
988 2887 1027 2915 ἐνί
1046 2888 1094 2924 τῆς
1112 2888 1221 2920 δ;καίας
1234 2887 1324 2924 ψυχῆς
1339 2897 1372 2922 γν
1384 2887 1498 2924 ὖρισμα.
