2009 3088
222 185 274 218 807

750 181 959 212 NICEP'HORI
978 179 1221 211 PRESBYTER!
1236 181 1293 210 (ΣΡ.

1801 177 1855 210 803

224 241 378 268 l‘utestates
391 261 397 272 ,
429 239 549 267 Virtutes
562 259 569 270 ,
601 237 738 273 Angelos,
762 237 1011 272 Archaugelosque.

1084 236 1180 272 πάρχει
1203 237 1217 263 ὁ
1242 235 1341 268 Σατὰν,
1361 236 1374 262 ό
1402 234 1493 270 ριφεῖς
1513 235 1544 262 ὲκ
1563 235 1618 262 τῶν
1642 234 1785 272 οὐρανῶν·
1807 236 1856 262 οὐκ

224 287 334 314 Illorum
354 294 419 313 rcro
431 292 545 312 numero
565 283 732 310 inﬁnitarum
747 283 891 318 spirituum
913 283 1017 318 primas

224 337 318 359 tenent
346 331 478 363 Michael,
507 329 638 361 Gabriel,
668 328 762 362 Uriel,
795 328 934 363 ltaphael.
967 335 1018 356 nec

226 385 280 404 non
312 376 429 407 Samaei,
459 375 505 409 qui
531 382 592 401 mox
613 381 628 401 e
643 373 721 401 caelis
746 373 878 408 deiectus,
902 374 1018 400 Satanas

225 424 313 451 lactus
345 427 405 455 est;
437 429 490 448 non
521 421 584 456 quia
616 420 731 447 adorare
755 420 890 447 Adamum
918 419 1018 452 renuit,

227 469 267 496 uti
297 467 406 502 quidam
434 467 599 494 fabulator-es
622 466 754 501 suspicati
790 469 871 497 sunt,
903 465 1018 492 necdum

225 515 295 542 enim
318 515 449 540 formatus
473 518 532 540 erat
549 513 630 539 homo
649 520 655 539 :
672 512 718 538 sed
736 511 808 545 quod
838 510 977 538 induxerit
989 510 1019 537 in

227 560 369 592 animum,
403 559 537 586 collocare
565 558 593 585 in
624 558 744 585 nubibus
770 557 898 584 thronum
926 563 1020 588 suttm,

226 605 397 638 volueritq-nc
412 603 509 631 similis
518 611 580 630 esse
597 602 739 630 Altissimo
749 622 757 636 ,
772 602 885 637 gloriam
904 601 927 629 ei
943 608 1021 628 suam

225 651 368 683 invidens;
386 650 451 677 hinc
470 650 538 676 Deus
555 649 642 681 illum,
653 655 716 676 cum
733 653 791 676 toto
816 647 940 682 ejusdem
953 654 1021 674 con-

227 696 279 724 silii
295 695 431 726 exercitu,
445 703 460 722 e
477 702 587 721 summo
601 694 628 720 in
644 694 730 721 imum
753 693 920 728 pra‘cipitem
936 693 1021 720 dedit.

225 741 371 769 Constituit
396 741 478 775 igitur
508 739 580 767 Deus
599 739 709 767 ordines
722 739 884 774 angelorum
911 746 1022 774 perma-

226 794 293 820 gnos
304 807 311 819 ,
323 793 441 820 quorum
457 786 578 812 humano
600 784 774 819 computandi
791 784 872 811 modo
887 791 1020 811 numerus

227 832 343 859 inveniri
355 840 408 859 non
423 835 512 866 potest
526 850 534 863 ,
558 830 788 866 quemadmodum
807 830 962 865 nnigenitus
975 830 1021 858 Dei

228 878 314 905 Filius
328 877 462 912 pastionis
478 885 532 903 sua:
548 881 668 910 tempore
682 875 711 902 Β.
725 875 805 902 Petro
813 875 891 907 dixit,
904 883 1023 910 possesc

1069 282 1164 315 ἐπειδὴ
1175 283 1205 308 οὐ
1224 282 1412 316 προσεκύνησε
1426 281 1472 308 τὸν
1494 281 1591 316 ’Λδὰμ,
1606 281 1699 314 καθώς
1717 289 1791 313 τινες
1809 291 1857 316 μυ-

1069 327 1244 360 θολογοῦντες
1272 327 1454 362 ὑπειλήφασιν
1472 327 1532 361 (καὶ
1553 326 1585 362 δὴ
1601 327 1651 353 οὐκ
1665 324 1700 362 ἦν
1713 326 1858 362 ἄνθρωπος

1069 372 1109 400 ἔτι
1126 373 1279 409 πλασθεὶς),
1296 373 1363 399 ἀλλὰ
1378 374 1420 399 ὅτι
1439 374 1563 409 ἐνενόησε
1580 373 1680 408 στῆσαι
1697 373 1742 400 τὸν
1763 373 1858 408 θρόνον

1069 420 1099 446 ὲν
1112 419 1251 454 νεφέλαις,
1276 419 1324 446 καὶ
1345 419 1454 446 ἔσεσθαι
1471 420 1565 454 ὅμοιος
1579 420 1618 455 τῷ
1642 419 1773 455 Ὑψίστῳ,
1788 420 1859 447 ὥστε

1070 466 1119 500 τὴν
1133 466 1212 499 δόξαν
1235 465 1339 501 Κυρίου
1353 466 1562 501 περιεφθόνησε,
1589 467 1637 493 καὶ
1652 466 1697 494 διὰ
1713 467 1794 494 τοῦτο
1811 467 1860 492 αὖ-

1070 510 1116 536 τδν
1129 509 1195 541 Θεὸς
1212 511 1435 545 κατεκρήμνισεν
1446 511 1550 538 ἄνωθεν
1570 511 1647 538 κάτω
1670 512 1719 538 σὺν
1732 512 1809 547 πάσῃ
1826 513 1859 547 τῇ

1072 555 1188 590 στρατιᾷ
1206 555 1300 586 αὑτοῦ,
1318 555 1380 590 μεθ’
1401 552 1438 582 ιῖιν
1455 555 1543 582 ταῦτα
1556 555 1746 583 ἐϐουλεύσατο,
1763 556 1861 588 Τάξεις

1072 599 1118 628 οὖν
1134 602 1258 637 μεγάλας
1272 603 1286 629 ὸ
1297 602 1365 634 Θεὸς
1381 602 1564 637 ὑπεστήσατο,
1585 603 1676 638 μέτρῳ
1694 603 1862 638 ἀνθρωπίνῳ

1073 647 1112 684 μὴ
1127 648 1346 684 ἀριθμουμένας,
1361 649 1453 681 καθὼς
1468 646 1547 676 εἷπεν
1569 651 1584 676 ὁ
1607 650 1755 686 μονογενὴς
1776 650 1862 683 Λόγος

1071 694 1119 720 τοῦ
1133 693 1202 720 Θεοῦ
1221 693 1260 729 τῷ
1277 694 1407 729 μακαρίῳ
1422 694 1518 730 Πέτρῳ
1538 695 1568 721 εν
1586 694 1625 729 τῷ
1644 694 1732 729 καιρῷ
1744 694 1792 721 τοῦ
1809 695 1862 721 πά-

1075 740 1141 770 θους
1155 739 1250 772 αὐτοῦ,
1275 740 1317 765 ὅτι
1341 739 1498 774 Ἦδυνάμην
1521 739 1631 771 πλείους
1651 739 1668 775 ἢ
1692 739 1797 767 δώδεκα
1817 740 1862 767 λε-

1072 786 1179 820 γεῶνας
1206 787 1384 821 παραστῆσαι
1407 785 1544 819 ἀγγέλων.
1565 786 1649 813 Ὅθεν
1665 783 1738 813 οὗτοι
1768 786 1863 820 ἐξέπε-

1074 840 1130 863 σον,
1143 831 1248 858 ἐκεῖθεν
1260 833 1274 858 ὁ
1290 831 1370 866 χορὸς
1383 831 1439 858 τῶν
1455 831 1617 866 σωζομένων
1632 832 1773 866 ἀνάγεται,
1789 833 1862 864 ὅπως

1073 875 1259 911 ἀναπληρωθῇ
1287 875 1318 902 τὸ
1334 875 1448 903 δέκατον
1474 876 1567 910 τάγμα
1588 876 1644 902 τῶν
1666 876 1792 910 ἀγγέλων
1815 877 1863 903 τοῦ

226 924 371 958 plusquam
398 922 541 950 duodecim
557 921 678 956 legiones
701 921 859 955 angelorum
875 920 1017 948 exhibere.

1080 921 1153 948 Θεοῦ.
1168 921 1255 956 Δῆλον
1274 920 1321 948 οὖν
1331 922 1372 949 ὅτι
1389 921 1505 957 δευτέρᾳ
1525 923 1598 958 φορᾷ
1618 923 1646 949 αἱ
1665 923 1722 950 ἄνω
1746 931 1864 959 στρατη-

226 970 303 996 Nunc
318 976 381 996 t'cro
399 968 470 995 ttudc
483 967 596 1002 spiritus
610 967 647 993 illi
663 966 772 1000 superbi
784 965 955 999 exciderunt,
983 973 1018 994 eo

1072 968 1130 1001 γίαι
1146 966 1427 1002 ἐτελεσιουργήθησαν
1443 966 1510 1002 (67).

226 1015 360 1047 homines,
386 1014 433 1049 qui
458 1014 607 1044 snlt‘attlur,
638 1013 775 1040 numerosi
803 1013 966 1044 ascendunt.
987 1019 1016 1041 ut
1035 1015 1158 1042 decinms
1180 1015 1340 1050 angelorum
1363 1015 1465 1043 chorus
1498 1015 1665 1051 suppleatur.
1692 1015 1863 1044 Manifestum

227 1060 318 1094 itaque
341 1063 394 1091 est,
426 1058 546 1086 secundo
573 1059 634 1084 loco
662 1058 808 1093 productos
833 1065 893 1086 esse
904 1058 1018 1094 spiritus
1038 1061 1174 1088 caelestes.

262 1119 323 1146 160.
352 1118 489 1151 Quaerenti
523 1118 621 1144 iterum
660 1117 822 1152 Epiphanio,
847 1118 912 1153 quid
941 1125 1023 1153 porro

228 1165 300 1192 Deus
323 1165 489 1192 condidisset
518 1164 576 1190 loco
604 1163 857 1195 tertiozErcbum,
885 1164 1024 1199 respondit

228 1210 360 1242 Andreas,
388 1214 416 1236 et
445 1209 540 1240 chaos,
576 1209 703 1235 tenebras
716 1213 743 1235 et
759 1216 868 1243 aquam,
889 1209 980 1244 ignem
998 1217 1026 1239 et

229 1255 366 1287 nebulas,
395 1259 423 1281 ct
445 1261 544 1280 caecam
572 1253 722 1280 inferorum
762 1254 911 1288 regionem.
942 1254 1022 1282 Tune

235 1308 305 1336 aqua
321 1308 375 1327 non
394 1300 484 1327 stabat
497 1299 619 1331 immota,
636 1298 683 1326 sed
696 1298 843 1326 ﬂuctuabat
863 1304 890 1326 et
903 1299 1026 1335 agitaba-

230 1352 275 1374 tur
288 1356 294 1373 :
312 1346 425 1380 spiritus
440 1344 539 1379 quippe
556 1344 674 1376 Domini,
689 1349 718 1371 ut
735 1344 856 1379 loquitur
871 1344 1025 1380 Scriptura,

231 1392 368 1420 ferebatur
383 1398 465 1425 super
477 1397 573 1425 aquas,
591 1394 720 1424 rectoque
741 1391 891 1425 procedens
915 1391 1025 1418 tramite

232 1440 293 1466 illas
325 1438 444 1472 untdique
460 1436 577 1464 fovebat.
600 1435 694 1470 Neque
723 1441 814 1464 tamen
839 1442 917 1471 putes
934 1437 1024 1469 illum.

231 1484 263 1511 de
293 1491 349 1518 quo
364 1482 408 1509 hic
432 1481 550 1516 agimus,
566 1480 696 1515 Spiritum
722 1480 807 1509 fuisse
830 1486 966 1516 sanctum,
984 1483 1024 1510 uti

231 1528 411 1564 quorumdam
438 1529 491 1555 fert
515 1527 662 1559 sententia,
692 1526 741 1554 sed
756 1532 783 1554 et
797 1527 887 1562 ipsum
902 1532 1023 1556 creatum

1110 1120 1162 1153 ρξ’.
1185 1120 1346 1154 Ἐπιφάνιος
1363 1117 1441 1146 εἶπεν
1455 1128 1462 1136 ·
1480 1120 1579 1155 Τρίτον
1601 1119 1616 1145 ὁ
1635 1119 1703 1151 Θεδς
1723 1121 1751 1147 τί
1771 1120 1866 1155 ἐποιη-

1077 1174 1144 1199 σενς
1160 1167 1231 1202 Ἔφη
1251 1167 1265 1192 ὁ
1291 1166 1365 1197 ὅσιος
1379 1173 1386 1182 ο
1419 1166 1562 1201 Ἐποίησεν
1580 1166 1694 1202 Ἔρεσος
1714 1167 1760 1193 καὶ
1787 1167 1863 1201 χάος,

1078 1214 1175 1244 σκότος
1192 1213 1240 1239 καὶ
1263 1212 1346 1248 ὕδωρ,
1365 1212 1421 1247 πῦρ
1437 1214 1484 1240 καὶ
1499 1213 1625 1248 ὀμίχλην,
1646 1213 1694 1240 καὶ.
1711 1214 1744 1240 τὰ
1756 1214 1865 1248 ἀφεγγῆ

1078 1258 1168 1293 χωρία
1185 1258 1240 1284 τῶν
1252 1259 1450 1293 καταχθονίων.
1467 1259 1534 1284 Τότε
1549 1258 1620 1293 ὕδωρ
1647 1258 1697 1284 οὐκ
1717 1255 1751 1293 ἦν
1767 1258 1862 1289 ἑστὼς,

1080 1303 1149 1330 ἀλλὰ
1162 1303 1329 1338 κλυζόμενον
1344 1304 1394 1331 καὶ
1411 1303 1573 1338 κινούμενον
1584 1311 1591 1318 ·
1606 1303 1714 1338 πνεῦμα
1730 1304 1784 1338 γὰρ
1796 1302 1864 1329 Θεοῦ

1079 1350 1243 1385 ἐπεφέρετο,
1260 1349 1298 1382 ὥς
1311 1358 1395 1385 φησιν
1409 1350 1426 1385 ἡ
1444 1349 1550 1384 Γραῖὴ,
1568 1349 1661 1376 ἐπάνω
1682 1349 1729 1376 τοῦ
1756 1349 1864 1381 ὓδατος,

1079 1397 1126 1422 καὶ
1142 1395 1301 1430 εὖθυπόρως
1317 1395 1458 1430 ἐπήγαγεν
1473 1395 1546 1429 αὐτῴ
1563 1394 1692 1426 εὐθέτως,
1707 1395 1754 1421 καὶ
1769 1395 1865 1430 περιέ-

1079 1441 1166 1468 θαλπε
1183 1441 1214 1467 τι»
1233 1440 1345 1475 πνεῦμα
1366 1439 1457 1466 τοῦτο.
1477 1440 1546 1474 Οὐχὶ
1567 1439 1597 1466 τδ
1620 1439 1732 1474 Πνεῦμα
1743 1439 1772 1466 τὸ
1786 1439 1865 1474 ἅγιον

1077 1485 1123 1523 ἦν,
1141 1487 1179 1524 μὴ
1195 1487 1312 1522 γένοιτο,
1333 1486 1370 1518 ὥς
1392 1494 1464 1518 τινες
1480 1485 1663 1521 ὑπειλήφασιν
1677 1494 1685 1503 ⁵
1704 1485 1811 1520 πνεῦμα
1835 1486 1865 1512 δὲ

1078 1530 1112 1568 ἦν
1134 1533 1181 1559 καὶ
1198 1531 1264 1558 αὐτὸ
1281 1531 1488 1566 διμιουργηθὲν,
1503 1531 1551 1565 ἀφ’
1575 1528 1606 1558 οὗ
1620 1532 1644 1557 οἱ
1664 1532 1759 1566 ἄνεμοι
1777 1531 1866 1557 ἐτελε-

232 1575 267 1602 ah
296 1575 390 1602 eodem
422 1572 539 1605 artifice,
567 1580 582 1599 ιι
610 1580 664 1606 quo
694 1573 766 1600 renti
800 1573 927 1607 producti
952 1578 1025 1601 sunt.

1080 1577 1296 1613 σιουργήθησαν.
1321 1577 1480 1611 Ἑπιφάνιος
1494 1575 1572 1603 εἶπεν
1585 1584 1592 1591 ·
1607 1577 1667 1608 Πῶς
1682 1577 1756 1603 ἐστιν
1778 1577 1792 1603 6
1803 1585 1866 1610 γεν-

231 1619 325 1646 Ι)αιιιιο
354 1617 533 1652 interroganti
550 1617 709 1651 Epiphanio,
742 1623 798 1652 quo
828 1622 906 1652 pacto
931 1617 1024 1651 Pater,

231 1666 348 1700 genitor,
371 1669 398 1691 et
426 1664 528 1696 Filius,
561 1663 678 1698 genitus,
705 1667 732 1690 et
755 1663 874 1697 Spiritus
913 1668 1025 1692 sanctus

231 1715 305 1738 esset
321 1719 328 1737 ι
344 1710 381 1742 Id,
395 1709 482 1744 inquit
497 1708 630 1740 Andreas,
645 1717 678 1735 ex
693 1709 892 1743 compositione
904 1710 1025 1737 hominis

233 1757 381 1783 bellissime
405 1755 485 1782 datur
507 1754 631 1789 intelligi.
662 1753 737 1781 Mens
768 1754 901 1789 siquidem
931 1759 1026 1782 nostra

234 1803 359 1833 Patrem,
394 1801 464 1828 ratio
496 1799 614 1832 Filium,
653 1799 775 1834 spirandi
815 1800 1026 1835 attrahendique

233 1855 323 1875 acrem
334 1847 451 1874 facultas
462 1845 594 1880 Spiritum
609 1845 776 1878 adumbrat;
793 1845 1024 1880 quemadmodum

232 1894 305 1920 enim
337 1899 388 1919 sua
419 1892 520 1926 cuique
549 1899 637 1923 meus,
663 1891 747 1918 menti
774 1898 840 1918 vero
855 1899 903 1918 sua
921 1892 989 1919 ratio
1000 1897 1027 1919 et

233 1938 416 1975 spiritualitas
425 1937 508 1971 inest,
517 1937 554 1964 ita
561 1944 644 1964 unum
656 1944 717 1963 cum
729 1943 844 1971 corpore
856 1937 1027 1964 constituunt

233 1984 383 2011 hominem.
401 1982 500 2010 Anima
528 1982 628 2016 quippe
645 1981 848 2014 intellectualis,
873 1982 1026 2014 rationalis,

233 2035 259 2056 et
274 2029 472 2064 spiritualisest
486 2037 493 2055 :
508 2033 535 2055 et
550 2028 604 2055 alia
624 2027 734 2062 quidem
753 2027 862 2060 animae,
881 2027 932 2054 alia
950 2036 1027 2055 men-

233 2077 279 2108 ιιι,
313 2075 365 2102 alia
388 2074 501 2101 rationis
533 2073 695 2108 hypostasis,
731 2073 770 2100 uti
795 2077 885 2108 puto:
912 2078 940 2101 at
962 2081 1027 2101 vero

233 2121 400 2154 substantia,
422 2125 530 2152 natura,
557 2119 688 2154 operandi
717 2119 768 2151 vis.
785 2123 868 2154 atque
889 2120 1028 2152 voluntas,

234 2169 262 2196 in
283 2169 316 2195 iis
341 2175 395 2194 una
419 2166 570 2200 eademque
586 2164 797 2199 deprehenditur
818 2169 894 2192 extra
918 2173 1028 2200 corpus.

234 2215 323 2248 Atque
348 2213 405 2240 haec
428 2213 486 2247 ipsa
507 2219 569 2238 cum
598 2210 697 2238 divinis
712 2211 794 2237 velint
814 2211 909 2238 sedulo
919 2219 1031 2245 compa-

234 2267 292 2291 r.-s,
325 2263 486 2294 reperturus
516 2257 611 2291 utique
641 2256 766 2291 spiritum
793 2263 841 2291 pro
866 2257 969 2291 Spiritu
984 2257 1030 2284 Dei
1048 2259 1069 2287 D

235 2310 342 2339 sancto,
359 2309 475 2332 mentem
495 2311 558 2331 vero
572 2311 621 2338 pro
630 2302 722 2334 Patre,
739 2302 872 2330 rationem
892 2311 941 2338 pro
965 2303 1033 2331 Filio

234 2353 294 2388 ejus
307 2351 446 2386 unigenito
460 2357 520 2377 esse
531 2358 540 2376 :
556 2357 603 2385 per
613 2353 668 2376 tres
689 2350 761 2376 enim
778 2349 938 2384 lnypostases
952 2350 1034 2377 hasce

236 2407 308 2426 unus
337 2402 365 2425 tt
391 2397 566 2433 cognoscitur
588 2401 615 2424 et
647 2395 825 2430 prtedicatur,
855 2399 886 2422 ut
916 2403 966 2430 par
980 2400 1032 2429 est,

237 2446 322 2473 Deus.

215 2518 219 2522 '
273 2515 335 2542 l6].
351 2513 436 2541 Dictis
451 2513 527 2541 hisce
538 2512 654 2540 Δηὼ-σω
668 2511 704 2539 ita
719 2510 829 2546 subjicit
839 2510 1008 2546 Epiphanius
1024 2519 1030 2538 :

237 2562 277 2588 Λιι
290 2562 382 2596 itaque
398 2559 471 2587 Deus
489 2559 636 2586 humanam
653 2558 735 2586 habet
749 2557 886 2585 formam?
899 2557 950 2584 Cui
979 2557 1035 2584 An-

237 2608 317 2635 dreas
334 2617 340 2634 :
355 2605 545 2641 Nequaquam,
577 2605 612 2632 ﬁli
639 2605 687 2637 mi,
703 2612 757 2632 non
774 2605 848 2632 enim
871 2604 1032 2636 humanam,

238 2662 320 2690 quam
347 2654 407 2685 ais,
433 2654 568 2688 speciem,
593 2659 645 2679 nec
673 2651 880 2678 similitudinem
903 2654 1035 2677 creatura:

239 2701 362 2737 cugusvis
389 2700 491 2727 habet:
508 2700 564 2726 imo
595 2705 683 2733 neque
711 2697 778 2724 vidit
802 2696 878 2724 illum
897 2696 1034 2731 quispiam

274 2801 332 2837 (76)
359 2801 522 2835 Quanquam
543 2798 619 2837 locus
643 2797 687 2824 hic
702 2796 769 2837 satis
795 2795 910 2837 intelligi
937 2795 1034 2835 possit,

239 2831 308 2863 llbet
322 2831 414 2862 'tauieu
430 2831 462 2862 ei
479 2841 532 2860 ms.
550 2833 649 2860 Mazar.
675 2832 800 2859 eumdem
819 2831 900 2866 paulo
926 2831 1036 2857 varian-

239 2877 295 2898 t.-m
322 2870 439 2900 adferre,
466 2873 496 2894 ut
519 2868 617 2900 eligas,
640 2867 685 2900 qui
718 2866 805 2901 magis
820 2865 937 2901 placet;
954 2865 1036 2901 habet

240 2911 330 2933 autem
362 2899 519 2937 εὶρεΔῆιον
547 2899 594 2928 οὗν
618 2899 659 2927 δτι
681 2899 805 2934 δεύτερον
826 2899 932 2933 ποίημα
948 2899 1035 2926 atav-

1079 1624 1170 1659 νήτωρ
1191 1625 1295 1660 Πατὴρ,
1312 1624 1359 1651 καὶ
1373 1625 1387 1651 ό
1402 1623 1545 1658 γεννηθεὶς
1557 1623 1632 1656 Υἱὸς,
1649 1624 1696 1650 καὶ
1710 1623 1740 1650 τὺ
1755 1623 1866 1657 Πνεῦμα

1079 1669 1109 1695 τὸ
1124 1669 1219 1703 ἆγιον;
1246 1670 1276 1696 '0
1291 1670 1363 1700 ὅσιος
1389 1667 1465 1696 εἶπεν
1481 1677 1489 1685 ι
1512 1668 1558 1695 Ἐκ
1575 1669 1626 1704 τῆς
1649 1668 1697 1695 τοῦ
1718 1668 1865 1704 ἀνθρώπου

1081 1715 1233 1746 συνθέσεως
1261 1715 1320 1741 εστι
1346 1715 1377 1741 τὸ
1402 1717 1457 1741 πᾶν
1472 1714 1679 1742 κατοπτεῦσαι·
1697 1714 1759 1745 νοῦς
1774 1715 1828 1748 γὰρ
1852 1715 1866 1740 ό

1080 1761 1185 1796 Πατὴρ,
1202 1761 1282 1795 λόγος
1297 1761 1312 1787 ό
1326 1760 1400 1792 Υἱὸς,
1416 1760 1529 1795 Πνεῦμα
1545 1760 1637 1794 ἐκείνη
1652 1760 1669 1794 ἠ
1692 1758 1815 1791 clamata,
1831 1758 1865 1784 δι’

1081 1806 1114 1843 ἧς
1128 1807 1173 1834 τὸν
1194 1807 1292 1842 αἰθέρα
1309 1807 1482 1841 ἀναπνέομεν
1494 1815 1501 1821 ·
1517 1806 1643 1842 καθάπερ
1667 1806 1720 1840 γὰρ
1746 1806 1810 1832 νοῦν
1823 1813 1864 1836 τις

1079 1853 1147 1880 ἴδιον
1161 1853 1305 1888 κέκτηται,
1321 1854 1335 1880 ὁ
1349 1852 1377 1879 δὲ
1391 1852 1452 1884 νοῦς
1464 1852 1542 1886 λόγον
1559 1851 1606 1878 καὶ
1624 1851 1742 1886 πνεῦμα,
1759 1859 1866 1877 συστοι-

1080 1899 1159 1935 χοῦσι
1172 1900 1200 1926 δὲ
1219 1900 1258 1931 εις
1274 1899 1323 1925 ἕνα
1345 1898 1393 1925 σὺν
1415 1898 1453 1934 τῷ
1474 1898 1582 1932 σώματι
1597 1897 1740 1932 ἄνθρωπον
1755 1905 1764 1913 ·
1785 1897 1866 1929 νοερὰ

1081 1946 1136 1980 γὰρ
1151 1947 1167 1981 ἡ
1183 1945 1268 1980 ψυχὴ,
1284 1946 1332 1972 καὶ
1342 1945 1452 1980 λογικὴ,
1477 1945 1525 1971 καὶ
1543 1945 1717 1978 πνευματικὴ
1731 1942 1867 1978 χρηματί-

1083 1992 1124 2024 ζει
1135 2000 1142 2008 ’
1159 1991 1226 2026 ἄλλη
1243 2000 1272 2018 τε
1291 1992 1307 2026 ή
1325 1991 1374 2025 τῆς
1385 1990 1473 2025 ψυχῆς
1488 1989 1647 2021 ὑπόστασις,
1661 1988 1728 2023 άλλη
1743 1997 1772 2015 τε
1790 1989 1805 2023 ή
1818 1987 1866 2014 τοῦ

1081 2039 1151 2070 νοὺς,
1169 2037 1251 2073 ἑτέρα
1267 2045 1296 2064 τε
1309 2037 1325 2073 ὴ
1339 2036 1385 2063 τοῦ
1401 2036 1492 2070 λόγου,
1504 2035 1541 2068 ὼς
1553 2033 1629 2070 οἶμαι
1643 2043 1651 2051 ·
1671 2034 1739 2062 ἀλλὰ
1753 2035 1802 2069 μία
1813 2033 1867 2060 τῶν

1082 2084 1222 2120 ἑκατέρων
1245 2084 1262 2119 ἡ
1280 2083 1369 2115 οὐσία,
1391 2082 1428 2114 ὡς
1446 2082 1590 2117 πρόδηλον,
1607 2081 1653 2107 καὶ
1670 2080 1720 2115 μία
1739 2080 1756 2114 ἡ
1774 2079 1866 2114 φύσις,

1083 2132 1131 2158 καὶ
1140 2131 1209 2165 αὐτὴ
1222 2131 1269 2157 καὶ
1281 2130 1419 2165 ἐνέργεια,
1428 2129 1476 2155 καὶ
1488 2129 1517 2155 ἓν
1529 2128 1620 2155 αὐτῶν
1633 2128 1663 2154 τὸ
1678 2127 1784 2162 θέλημα
1795 2126 1868 2160 πάρ-

1082 2175 1113 2208 εξ
1126 2175 1173 2202 τοῦ
1187 2176 1323 2211 σώματος.
1338 2176 1392 2202 Καὶ
1406 2175 1492 2201 ταῦτα
1506 2174 1606 2210 ἐρεύνα
1627 2174 1674 2200 καὶ
1689 2172 1723 2199 τὰ
1736 2171 1800 2207 περὶ
1818 2171 1869 2205 τῆς

1082 2221 1226 2256 Θεότητος,
1239 2220 1285 2247 καὶ
1302 2220 1430 2255 εὑρήσεις
1447 2218 1556 2254 Πνεῦμα
1573 2217 1651 2250 Θεοῦ,
1667 2217 1729 2244 νοῦν
1746 2216 1869 2250 Πατέρα,

1083 2268 1130 2294 καὶ
1143 2267 1229 2301 Λόγον
1251 2266 1296 2293 τὸν
1317 2265 1451 2301 μονογενῆ
1465 2264 1547 2292 αὐτοῦ
1571 2263 1635 2290 Υίόν
1655 2271 1662 2278 ·
1678 2263 1723 2289 διὰ
1741 2262 1795 2297 γὰρ
1814 2261 1870 2287 τῶν

1083 2312 1168 2348 τριῶν
1182 2312 1286 2339 τούτων
1298 2312 1474 2338 ὑποστάσεων
1490 2309 1529 2342 εἷς
1546 2310 1612 2342 Θεὸς
1635 2309 1681 2337 καὶ
1704 2308 1801 2344 ὁρᾶται
1823 2307 1872 2333 καὶ

1084 2358 1255 2393 κηρύσσεται
1272 2358 1445 2392 θεοπρεπῶς.

1123 2499 1191 2535 ρξα’.
1213 2499 1373 2534 Ἐπιφάνιος
1387 2497 1465 2526 εἶπεν
1477 2507 1485 2514 ·
1506 2497 1581 2534 Ἀρά
1591 2506 1622 2532 γε
1634 2497 1665 2525 τὸ
1679 2497 1757 2524 Θεῖον
1770 2497 1877 2532 ἀνθρω-

1087 2547 1230 2583 πόμορλςόν
1244 2549 1318 2574 ἐστιν
1333 2546 1407 2582 (68);
1425 2546 1455 2572 '0
1470 2546 1606 2580 μακάριος
1617 2544 1670 2579 ἔφη
1685 2551 1693 2559 ·
1710 2544 1755 2579 Μὴ
1770 2544 1877 2578 γένιτο

1085 2595 1180 2621 τέκνον
1191 2601 1198 2609 ·
1209 2594 1240 2621 οὐ
1255 2594 1309 2629 γάρ
1323 2595 1407 2626 ἔστιν,
1417 2593 1454 2624 ὡς
1468 2593 1547 2627 ἔφης,
1559 2591 1804 2627 ἀνθρωπόμορφον,
1814 2590 1877 2616 οὔτε

1085 2641 1174 2676 ὁμοιοῖ
1189 2649 1243 2668 τινι
1262 2641 1394 2675 κτίσματι
1409 2647 1417 2654 ·
1435 2639 1495 2666 ἀλλ’
1511 2638 1574 2665 οὔτε
1593 2638 1718 2672 ἑώρακεν
1734 2637 1816 2664 αὐτόν
1834 2643 1878 2666 τις

1085 2688 1122 2720 ὡς
1138 2687 1208 2722 ἐστι,
1220 2688 1264 2714 ἶνα
1279 2687 1328 2722 τὴν
1343 2684 1429 2714 αὑτοῦ
1447 2684 1555 2720 μορφὴν
1566 2684 1740 2719 διηγήσηται.
1763 2682 1878 2717 ὀρᾶται

1086 2791 1216 2827 θρὼπωνῌ
1222 2789 1386 2826 στρατηγίαι
1398 2789 1478 2827 εἰσιν.
1669 2821 1675 2827 _
1816 2818 1823 2827 ,
1844 2818 1863 2827 Α
1880 2815 1883 2817 λ

1124 2826 1180 2862 (68)
1196 2818 1263 2854 τυιὲ
1274 2818 1457 2862 ιιωξιξιιυειιδιιο
1473 2831 1536 2853 cum
1553 2821 1730 2858 responsione
1743 2827 1792 2849 sua
1808 2818 1880 2847 dcti-

1086 2859 1197 2890 deratur
1212 2862 1238 2889 in
1250 2868 1302 2888 ms.
1315 2859 1415 2887 Mazar.
