2009 3088
215 199 268 232 819

750 205 963 238 NICEPHORI
983 203 1221 236 PRESBYTERI
1242 204 1294 236 (ΣΡ.

1788 201 1842 233 820

216 261 338 291 saturus,
353 257 380 285 in
392 259 510 288 sublime
521 267 551 288 se
566 261 653 295 tollit;
670 269 702 289 ae
716 269 764 297 per
778 270 867 290 aerem
885 263 1002 298 fugiens,

1057 262 1115 288 ἀλλ’
1132 261 1211 293 εἰδὼς
1236 262 1251 287 6
1274 260 1308 286 τὰ
1328 260 1472 295 ἀπόρρητα
1498 257 1678 293 ἐπιστάμενος
1703 256 1770 289 Θεὸς
1796 258 1843 284 τὸν

217 302 340 330 terribile
354 311 386 331 ac
407 304 556 333 violentum
582 305 673 341 fulgur
697 307 817 335 declinat
837 317 843 335 :
865 308 937 335 inter
961 307 1005 335 fu-

216 348 345 383 giendum
373 357 456 384 vero,
487 351 513 379 id
541 353 667 381 studiose
689 353 763 388 agit,
787 358 815 380 ut
842 353 941 381 alicubi
969 360 1002 379 ex

217 396 328 424 homine
349 404 501 432 suspensus
526 403 653 431 maneat,
667 407 736 434 quo,
754 407 866 434 parcere
879 400 1004 435 cupiente

218 441 272 468 Deo
303 440 423 476 homini,
448 442 500 477 ipsi
525 451 635 478 quoque
660 449 797 479 pareatur.
826 444 924 472 Verum
957 445 1004 480 qui

217 485 404 514 occultissima
422 495 537 523 quaeque
555 489 683 523 perspicit
704 489 794 521 Deus,
818 489 928 525 cognito
956 497 1005 516 ne.

217 532 375 560 fandissim'r
398 534 511 569 spiritus
540 533 674 568 consilio,
701 536 747 563 dat
771 536 878 571 signum
906 535 1002 570 angelo

216 579 357 613 praedicto,
372 580 467 608 dicens
483 590 491 608 :
508 581 585 609 Tolle
603 585 630 610 et
647 582 765 610 amicum
792 583 895 617 pariter
909 587 935 609 et
951 582 1004 609 ini-

215 625 317 652 micum
336 633 345 658 ;
363 626 390 653 id
419 631 484 660 est,
510 627 732 662 quandoquidem
766 628 837 662 apud
866 628 1002 655 hominem

214 671 316 704 justum
331 671 383 699 sibi
400 673 505 706 asylum
521 674 658 708 quaesierit
673 674 859 709 nequissimus
870 694 878 706 ,
900 677 1004 700 utrum-

215 725 268 751 que
281 724 371 745 crema
387 727 394 746 :
412 718 544 746 famulum
564 727 616 753 ego
632 727 724 747 meum
741 720 803 747 dein
817 719 1003 746 consolatione

214 763 348 799 dignabor
371 766 537 800 copiosiore.
575 766 699 801 Denique
724 767 880 801 ubicunque
907 766 1004 800 depre-

213 811 496 840 henderitdraconem
520 813 699 848 angelus,scu
732 814 758 840 in
787 813 894 846 arbore,
914 813 970 840 sive
990 813 1016 840 in
1044 819 1152 848 campo,
1183 812 1210 839 in
1227 812 1330 844 domo,

1055 307 1157 334 σκοπδν
1174 305 1221 332 τοῦ
1234 306 1362 340 ματαίου,
1375 305 1459 331 ἔδωκε
1482 304 1596 338 σημεῖον
1608 303 1645 337 τῷ
1658 302 1767 338 ἀγγέλῳ
1791 304 1842 337 τῆς

1055 353 1199 388 ἀστραπῆς
1215 353 1304 387 φήσας
1321 360 1328 367 ι
1344 348 1429 385 Ἀρον
1450 350 1527 384 φίλον
1553 350 1601 376 σὺν
1623 349 1713 384 ἐχθρῷ
1727 357 1734 364 ·
1763 349 1843 375 τοὺτ-

1056 400 1140 431 έστιν,
1161 399 1203 425 ὅτι
1225 399 1277 425 κᾶν
1299 399 1340 430 εἰς
1362 398 1438 432 ἆγιον
1466 395 1621 432 προσφύγῃ,
1642 395 1745 423 καῦσον
1762 396 1845 421 αὑτὸν

1058 447 1106 471 σὺν
1119 444 1204 479 αὐτῷ,
1221 444 1268 470 καὶ
1283 443 1338 478 ἐγὼ
1349 443 1395 469 τὸν
1407 442 1499 469 δοῦλόν
1514 451 1565 475 μου
1579 442 1701 473 πλείονος
1715 450 1791 476 παρα
1798 451 1848 475 pc-

1057 490 1117 520 θεας
1132 489 1297 525 ἁξιώσομαι.
1313 489 1413 516 Λοιπὸν
1434 489 1502 515 ὅπου
1525 487 1667 523 καταλάϐῃ
1684 487 1775 517 αὑτὸν,
1793 487 1846 513 xiv

1057 536 1105 562 ἐπὶ
1116 535 1236 571 δένδρον,
1253 535 1306 562 κᾶν
1325 535 1372 561 ἐπὶ
1388 534 1511 569 κάμπου,
1536 534 1586 560 κᾶν
1602 535 1631 560 ὲν
1646 533 1730 568 οἰκία,
1746 533 1798 560 κᾶν
1817 534 1845 559 ὲν

1055 582 1151 617 πλοίῳ,
1167 582 1220 608 κᾶν
1242 582 1289 608 ἐπὶ
1314 579 1452 616 ἀνθρώπῳ
1476 579 1649 616 προσφεύγῃ,
1673 581 1732 606 ἐκεῖ
1760 579 1843 606 αὐτὸν

1055 627 1193 653 πατάσσει
1210 627 1257 652 καὶ
1283 626 1421 662 τεφρόνει,
1438 625 1484 652 καὶ
1507 625 1557 660 τὴν
1577 625 1656 658 φύσιν
1679 625 1762 651 αὑτοῦ
1788 624 1845 651 δια-

1057 672 1175 707 φθείρει·
1188 672 1233 699 τὺν
1247 672 1275 698 δὲ
1287 672 1410 699 Σατανᾶν
1424 671 1534 705 δεσμοῖς
1551 670 1658 701 ἀλύτοις
1674 670 1842 702 ὑποὸάλὶλων,

1055 720 1088 754 τῇ
1114 719 1241 753 ἀστραπῇ
1264 717 1411 745 κατακαὶει
1436 717 1517 752 μέχρι
1542 716 1593 752 τῆς
1613 717 1768 748 συντελείας
1793 716 1843 749 τῆς

1057 766 1111 801 πλη
1116 765 1250 801 ρεστάτης
1264 765 1453 792 ἀνταποδόσεω
1459 773 1479 796 ;.

1375 813 1402 840 in
1433 813 1550 848 navigio,
1579 813 1605 840 in
1629 813 1754 842 homine;
1781 810 1843 837 istic

213 859 302 894 ipsum
317 859 445 894 percutit,
462 861 489 888 in
505 855 610 890 cineres
629 861 745 897 redigit,
768 866 795 889 et
822 865 949 888 naturam
968 861 1077 895 penitus
1112 859 1261 895 disperdit;
1299 859 1430 887 Satanam
1471 868 1536 888 vero
1567 859 1670 887 catenis
1707 858 1774 886 solvi
1797 865 1844 884 ne-

213 908 278 935 sciis
293 909 469 936 constrictum
482 928 490 942 ,
506 909 537 943 ad
556 915 708 938 extremum
726 918 812 945 usque
824 909 919 945 judicii
938 910 1008 937 diem
1029 909 1090 944 igne
1112 908 1244 935 fulmineo
1265 908 1414 942 torquebit.

250 956 313 983 ΓΗ.
334 957 524 992 lnterloqucns
544 959 642 986 iterum
658 958 827 993 Epiphanius
843 966 850 985 :
868 958 930 990 Nix,
953 957 1001 989 ait,
1019 960 1040 988 Β

213 1008 294 1036 ιιύοιη
320 1003 438 1030 subinde
463 1011 477 1031 e
503 1005 573 1032 coelo
596 1005 685 1032 delabi
702 1005 904 1040 conspicimus,
931 1004 1003 1031 unde

214 1047 339 1079 albescit,
355 1053 402 1075 aut
418 1048 490 1076 unde
501 1050 654 1078 concrescit
667 1050 693 1077 in
707 1050 827 1078 ﬂoccos?
847 1050 1004 1085 Respondet

214 1092 339 1121 Andreas
356 1102 362 1120 :
380 1093 407 1121 ln
427 1100 567 1130 comperto
582 1099 641 1128 est,
665 1103 735 1130 aqua
751 1097 777 1123 in
794 1096 913 1123 nubibus
936 1096 1003 1123 resi-

213 1139 311 1173 dente,
336 1140 415 1175 jussu
432 1140 478 1168 Dei
505 1149 519 1169 e
543 1142 716 1170 ﬁrmamento
738 1142 847 1177 prodire
864 1142 1001 1177 spiritum,

213 1187 321 1213 laneum
348 1186 494 1214 candorem
522 1195 578 1222 prae
602 1180 632 1215 se
657 1187 808 1221 ferentem;
833 1195 950 1222 eumque
974 1187 1002 1215 in

216 1232 303 1258 nubes
325 1239 396 1266 aqua
419 1231 537 1259 refertas
557 1233 697 1267 delapsum
712 1252 720 1264 ,
745 1232 897 1259 albedinem
924 1239 1001 1259 suam

214 1281 278 1301 eum
305 1275 350 1302 illa
375 1276 579 1303 communicare
600 1285 606 1303 :
628 1284 661 1304 eo
688 1276 744 1304 fere
764 1277 856 1308 modo,
880 1284 934 1312 quo
957 1285 1002 1304 ros

214 1328 305 1347 ceram
327 1320 447 1348 dealbat.
464 1320 523 1348 Jam
544 1329 609 1349 vero
624 1330 694 1357 aqua
713 1323 757 1350 illa
780 1331 828 1358 per
848 1330 938 1350 aerem
958 1323 1003 1351 de-

215 1366 330 1400 labcns‘,
354 1375 406 1394 non
424 1368 513 1395 tenuis
526 1374 552 1395 et
569 1369 679 1395 minutae
696 1369 817 1403 guttula}.
836 1369 922 1404 qualis
941 1374 1002 1404 post

215 1419 296 1438 suum
315 1419 348 1439 ex
370 1412 502 1439 immensa
527 1412 589 1439 caeli
616 1412 758 1440 altitudine
781 1414 944 1441 descensum
975 1415 1002 1441 in

216 1462 286 1484 terra
304 1457 488 1492 conspicitur,
505 1459 553 1485 sed
569 1459 679 1493 copiosa
694 1460 896 1494 conjunctaque
912 1468 1002 1487 massa

213 1508 273 1534 est;
305 1510 365 1538 quae
396 1504 465 1530 inter
491 1504 642 1531 cadendum
672 1505 771 1532 multas
801 1506 827 1532 in
855 1506 1002 1540 particulas

214 1548 317 1580 divisa,
343 1549 452 1576 tandem
479 1550 512 1577 ad
541 1557 591 1578 nos
621 1551 754 1585 pervenit.
781 1551 929 1579 Considera
959 1553 1001 1579 hic

214 1599 305 1620 autem
322 1594 511 1622 admirandam
527 1595 572 1623 Dei
586 1597 735 1630 potentiam
749 1606 756 1630 ;
776 1598 922 1630 qhomodo,
940 1605 1000 1624 cum

215 1639 266 1674 ipsi
298 1640 422 1672 libuerit,
443 1640 524 1668 faciat
545 1642 662 1676 pluviam
681 1643 707 1669 in
727 1643 842 1670 rotunda
859 1643 999 1670 densatam
1015 1630 1036 1658 ο

215 1693 310 1718 grana,
325 1693 386 1720 qum
401 1686 560 1720 grandinem
583 1688 719 1721 appellare
734 1688 937 1719 consuevimus,
955 1688 1001 1715 dc-

215 1730 333 1758 cidere:
363 1731 518 1765 quomodo,
545 1740 605 1759 cum
638 1734 688 1767 ipsi
719 1733 847 1765 libuerit,
877 1734 1000 1761 eamdem

216 1775 335 1810 pluviam
361 1775 461 1803 formet
483 1777 509 1804 in
525 1777 632 1804 mollem
651 1778 759 1809 nivem,
776 1785 857 1812 quam
875 1778 943 1805 lana:
961 1778 1001 1806 si-

215 1821 307 1848 milem
331 1821 500 1849 descendere
528 1822 554 1849 in
580 1827 680 1849 terram
707 1823 892 1858 conspicimus
910 1833 916 1851 :
931 1831 1001 1859 quo-

217 1866 298 1892 modo
311 1866 439 1901 denique,
454 1874 516 1894 cum
531 1867 652 1900 libuerit,
666 1868 759 1904 iubeat
771 1877 868 1904 aquam
886 1870 1002 1897 transire

215 1911 241 1937 in
258 1911 383 1946 glaciem,
412 1917 439 1939 et
467 1913 537 1940 hanc
562 1913 660 1941 iterum
686 1915 713 1941 in
731 1922 840 1950 aquam.
869 1915 1001 1943 Mirabilis

216 1965 333 1992 namque
350 1958 376 1984 in
394 1958 435 1984 his
450 1959 578 1987 omnibus
591 1965 632 1987 est
648 1960 789 1988 Dominus.

255 2004 312 2031 112.
329 2003 361 2031 Et
377 2004 546 2039 Epiphanius
558 2025 565 2038 ,
589 2013 652 2033 mox
668 2007 748 2033 aliam
766 2007 912 2042 subiiciens
926 2015 1001 2042 qum-

213 2050 328 2077 stionem
346 2059 352 2076 :
370 2049 522 2082 Quomodo.
540 2050 644 2085 inquit,
661 2051 893 2086 interpretandum
922 2057 1001 2087 putas

214 2097 287 2131 quod
305 2096 370 2123 dicit
396 2095 557 2131 Propheta:
575 2106 584 2122 ι
604 2097 673 2130 Quia
697 2098 767 2125 caiix
791 2098 818 2125 in
841 2106 923 2125 manu
950 2099 1002 2126 Do-

217 2143 283 2170 mini
309 2143 362 2170 viui
390 2143 456 2170 meri
475 2143 572 2177 plenus
599 2144 689 2171 misto.
701 2144 731 2171 Et
746 2144 886 2172 inclinavit
901 2153 933 2172 ex
950 2145 1001 2172 hoc

217 2189 244 2215 in
268 2189 320 2216 hoc
332 2197 340 2216 :
354 2193 543 2217 verumtamen
566 2189 615 2216 faex
630 2189 689 2222 ejus
705 2198 758 2216 non
779 2194 820 2217 est
838 2190 976 2218 exinanita
991 2199 1001 2218 .'

215 2235 310 2263 bibent
344 2244 440 2264 omnes
461 2242 616 2271 peccatores
635 2241 715 2263 terra:
738 2237 780 2264 "?
798 2246 806 2263 ι
833 2237 1000 2265 Solutionem

215 2288 281 2307 vero
297 2281 335 2307 ita
352 2281 445 2308 statim
467 2281 559 2308 subdit
583 2282 705 2309 Andreas
726 2290 733 2308 :

215 2326 282 2353 dixit
298 2335 305 2353 :
326 2336 336 2352 (
356 2327 384 2354 Si
398 2327 460 2361 quis
483 2327 557 2359 sitit,
578 2327 667 2355 veniat
686 2328 719 2355 ad
737 2336 789 2360 me.
810 2335 837 2356 et
852 2329 970 2357 bibat“.
988 2340 997 2356 ι

215 2371 292 2399 Calix
321 2372 404 2407 igitur
427 2376 470 2400 est
493 2372 573 2400 Jesus
599 2373 744 2406 Christus,
767 2381 847 2402 verus
874 2374 944 2402 Deus
972 2380 999 2403 et

217 2419 310 2446 homo.
326 2418 402 2445 Calix
430 2419 629 2446 humanitatem
651 2419 741 2452 illius,
766 2420 858 2447 vinum
883 2429 1000 2453 merum,

216 2464 330 2498 simplex
361 2464 475 2492 Deitatis
501 2465 619 2492 Verbum
645 2465 800 2493 adumbrat.
835 2467 905 2494 Nam
930 2468 1001 2495 sicut

214 2513 308 2538 vinum
328 2519 380 2539 non
399 2516 508 2539 tenetur
523 2512 575 2539 nisi
596 2513 624 2539 in
643 2520 723 2546 vase;
740 2513 779 2540 sie
799 2513 903 2547 absque
919 2521 1000 2540 carne

213 2566 266 2585 non
281 2563 376 2593 posset
393 2559 439 2586 Dei
454 2559 587 2594 sapientia
601 2559 749 2586 invisibilis
764 2567 824 2586 cum
844 2560 1000 2588 hominibus

211 2604 354 2632 visiltiliter
379 2605 547 2632 conversari.
569 2605 598 2632 In
626 2612 710 2632 manu
733 2605 824 2640 itaque
849 2605 936 2634 Patris
959 2613 1000 2634 εει

248 2693 268 2708 ³³
290 2694 363 2721 l‘sul.
382 2701 476 2725 Lxxxv,
492 2693 520 2721 9.
558 2695 580 2711 “
599 2694 678 2724 Joan.
698 2702 746 2726 vn,
763 2695 807 2722 57.

248 2783 303 2818 (81)
325 2785 362 2812 Ita
389 2785 513 2817 mutavi,
542 2786 604 2813 licet
620 2793 672 2812 ms.
690 2785 778 2814 Vatic.
799 2786 909 2821 καιρὸν,
930 2786 998 2815 Maz.

214 2820 339 2852 σκληρῶν
355 2821 462 2848 habeat.

248 2853 304 2892 (8:2)
325 2853 463 2892 Prolixius
480 2855 594 2892 hiems.
611 2854 712 2892 __Vatic.
735 2855 840 2892 Noq-rbv
864 2857 918 2892 γάρ
941 2858 998 2884 ἐστι

213 2886 244 2924 τὸ
251 2887 359 2924 νόημα·
376 2888 505 2924 ποτήριόν
522 2889 717 2923 ἑατινξῐησοῦς
730 2892 743 2917 6
757 2886 858 2923 Κῦριος
871 2886 886 2917 6
898 2886 999 2924 τέλειος

214 2921 372 2956 ἄνθρωπος,
393 2921 464 2953 οἶνος
493 2921 611 2957 ἄκρατος
634 2921 648 2949 6
671 2925 756 2958 Λόγος
781 2921 830 2959 τῆς
856 2921 996 2958 Oed-mres;

1093 958 1159 991 ροα’.
1185 954 1346 989 Ἐπιφάνιος
1360 953 1437 982 εἴπεν
1453 963 1461 970 ⁸
1485 955 1514 982 ’0
1530 954 1596 990 χιὼν
1609 955 1623 981 ὁ
1647 953 1794 989 φερόμενος
1812 953 1844 978 ἐκ

1053 1001 1101 1028 τοῦ
1117 1000 1234 1036 οὐρανοῦ
1265 1001 1348 1027 ποθεν
1364 1000 1547 1032 λευκαίνεται,
1563 1001 1579 1036 ἢ
1600 1001 1681 1026 πόθεν
1707 1001 1843 1035 πήσσεται

1054 1049 1094 1079 εις
1109 1047 1185 1082 χιόνα
1204 1045 1450 1082 μεταπεμπόμενος
1464 1055 1471 1079 ;
1503 1046 1532 1073 '0
1547 1047 1643 1081 Ἀγιος
1657 1043 1733 1072 εἶπεν
1746 1054 1753 1061 ·
1774 1045 1844 1080 Πρὸ·

1053 1093 1132 1128 δηλόν
1156 1093 1243 1125 ἐστιν,
1270 1092 1311 1118 ὅτι
1333 1092 1373 1119 ἔτι
1399 1092 1446 1119 τοῦ
1472 1092 1567 1124 ὕδατος
1588 1093 1615 1119 ὲν
1631 1093 1692 1124 ταῖς
1716 1092 1844 1124 νεφέλαις

1056 1137 1286 1174 χρηματίζοντος,
1314 1139 1457 1174 ἐξέρχεται
1483 1139 1515 1165 ἐκ
1536 1138 1583 1164 τοῦ
1603 1136 1792 1172 στερεώματος
1811 1137 1843 1163 τὸ

1054 1184 1162 1219 πνεῦμα.
1173 1184 1269 1211 λευκὸν
1282 1185 1349 1211 ὡσεὶ
1363 1185 1446 1220 ἔριον,
1460 1184 1609 1220 προστάξει
1622 1183 1700 1217 Θεοῦ,
1718 1183 1765 1210 καὶ
1776 1182 1844 1210 αὐτὸ

1058 1230 1271 1261 ὲττιπίπτειταῖς
1285 1230 1412 1266 νεφέλαις
1426 1229 1474 1257 τοῦ
1488 1230 1583 1261 ὓδατος
1597 1229 1758 1264 ἀναμὲστοις
1774 1237 1843 1264 χρη-

1055 1275 1244 1311 ματιζούσαις,
1265 1276 1313 1303 καὶ
1327 1276 1462 1303 λευκαίνει
1480 1277 1510 1302 τὸ
1525 1275 1595 1310 ὕδωρ
1606 1275 1683 1309 ἄγαν,
1701 1275 1729 1300 ὃν
1741 1275 1844 1310 τρόπον

1055 1321 1104 1347 καὶ
1131 1321 1177 1347 τὸν
1204 1321 1289 1355 κηρὸν
1308 1320 1364 1356 (81)
1382 1320 1519 1356 ὴδρόσος.
1541 1320 1752 1355 Κατερχύμενον
1768 1319 1797 1346 δὲ
1812 1320 1843 1346 τὸ

1053 1365 1125 1401 ὕδωρ
1139 1366 1184 1393 διὰ
1203 1366 1249 1392 τοῦ
1266 1366 1356 1401 ἀέρος,
1375 1366 1424 1401 οὐχ
1440 1364 1496 1392 οἷον
1510 1366 1541 1401 δὴ
1557 1367 1603 1392 ἐπὶ
1620 1366 1669 1400 τῆς
1681 1366 1732 1400 γῆς
1745 1365 1844 1400 θραύει

1052 1411 1228 1446 λεπτότατον,
1247 1413 1369 1439 τοιοῦτον
1385 1413 1417 1439 ἐκ
1435 1413 1482 1439 τοῦ
1504 1411 1589 1447 ὕψους
1605 1412 1709 1439 ἐκείνου
1728 1412 1776 1438 τοῦ
1794 1420 1843 1446 φο-

1053 1457 1133 1493 ϐεροῦ
1149 1459 1181 1484 ἐκ
1194 1458 1241 1484 τοῦ
1256 1459 1336 1493 ἀέρος
1352 1458 1529 1493 κατέρχεται,
1548 1458 1615 1485 ἀλλὰ
1633 1458 1840 1492 μεγεθέστερον·

1052 1505 1253 1539 κατερχόμενον
1268 1504 1296 1530 δὲ
1311 1505 1351 1535 εις
1364 1504 1448 1530 πολλὰ
1463 1504 1597 1539 τμήματι
1628 1503 1767 1539 μερίζεται
1783 1503 1842 1530 δια-

1053 1550 1194 1584 χεόμενον.
1211 1550 1284 1585 Ὅρα
1298 1550 1326 1576 δὲ
1338 1550 1407 1576 θεοῦ
1423 1550 1540 1584 φρικτὴν
1557 1549 1682 1584 δύναμιν,
1700 1550 1758 1580 πῶς
1777 1550 1842 1575 ὅταν

1052 1595 1116 1631 δόξῃ
1132 1595 1218 1631 αὐτῷ,
1233 1597 1306 1623 ποιεῖ
1328 1595 1377 1631 τὴν
1390 1595 1492 1631 βροχὴν
1509 1595 1603 1630 ὥσπερ
1620 1596 1720 1622 κόκκον
1746 1603 1844 1629 στρογ-

1053 1642 1177 1678 γυλοειδῆ
1195 1643 1242 1669 ἐπὶ
1259 1644 1309 1678 τῆς
1334 1643 1386 1678 γῆς
1405 1643 1598 1677 κατέρχεσθαι,
1622 1642 1636 1669 ὃ
1655 1642 1776 1677 χάλαζαν
1793 1650 1842 1668 κα-

1053 1688 1110 1715 λεῖν
1141 1688 1278 1726 εἰώθαμεν
1291 1697 1298 1704 ⁸
1316 1689 1359 1716 ὅτε
1376 1689 1404 1716 δὲ
1419 1689 1481 1726 δόξῃ
1498 1689 1585 1724 αὐτῷ,
1601 1690 1674 1715 ποιεῖ
1690 1688 1774 1723 αὐτὴν
1789 1687 1841 1722 φύ-

1053 1743 1096 1761 σιν
1125 1734 1233 1770 ἁπαλὴν
1261 1735 1339 1770 χιόνα
1369 1736 1463 1770 ὥσπερ
1483 1736 1566 1771 ἔριον,
1593 1735 1640 1761 καὶ
1667 1734 1754 1765 οὕτως
1775 1733 1842 1760 αὐτὸ

1054 1781 1206 1815 καταφέρει
1218 1781 1264 1807 ἐπὶ
1277 1781 1326 1815 τῆς
1339 1782 1400 1816 γῆς.
1416 1781 1500 1808 Πάλιν
1516 1781 1631 1814 κελεύει,
1647 1781 1694 1806 καὶ
1707 1779 1842 1814 μετατρέ-

1054 1833 1138 1851 πεται
1155 1826 1187 1851 τὸ
1203 1825 1274 1860 ὕδωρ
1289 1827 1329 1857 εἰς
1346 1827 1443 1860 πάγος,
1462 1826 1509 1853 καὶ
1532 1826 1614 1852 πάλιν
1637 1825 1668 1852 τδ
1691 1826 1778 1859 πάγος
1801 1833 1842 1857 εις

1054 1870 1135 1906 ὕδωρ.
1151 1871 1313 1906 Θαυμαστὸς
1329 1871 1383 1907 γάρ
1397 1872 1470 1898 ἐστιν
1490 1872 1530 1903 εἰς
1545 1871 1631 1898 ταῦτα
1647 1873 1659 1897 ό
1674 1872 1786 1906 Κύριος.

1088 2007 1153 2044 ρο6’.
1164 2008 1323 2042 Ἐπιφάνιος
1335 2006 1412 2035 εἶπεν
1426 2017 1433 2024 ⁸
1448 2009 1480 2035 Ti
1496 2008 1669 2044 ὲρμηνεῦε;,‹
1682 2009 1742 2035 Ὀτι
1759 2011 1840 2046 ποτή-

1056 2062 1114 2089 ριον
1127 2055 1156 2080 ἐν
1170 2054 1244 2089 χειρὶ
1266 2054 1381 2088 Κυρίου,
1400 2054 1472 2080 οῐνου
1488 2054 1608 2088 ἀκράτου
1630 2053 1732 2088 πλῆρες
1759 2055 1840 2090 κερά-

1054 2108 1157 2134 σματος
1177 2109 1186 2125 t
1197 2100 1242 2126 καὶ
1253 2099 1357 2126 ἔκλινεν
1366 2100 1397 2125 ὲκ
1410 2099 1506 2125 τούτου
1522 2100 1562 2130 εις
1575 2098 1738 2134 τοῦτο,πλὴν
1751 2101 1763 2126 ὁ
1774 2108 1840 2136 τρυ-

1052 2145 1116 2180 γίας
1145 2146 1227 2172 αὑτοῦ
1260 2147 1309 2172 οὐκ
1344 2145 1521 2180 ὲξεκενὼοη·
1542 2145 1649 2172 πίονται
1684 2146 1784 2178 πάντες
1815 2147 1840 2172 οἱ

1055 2192 1212 2227 ἁμαρτωλοὶ
1228 2192 1278 2226 τῆς
1292 2192 1361 2227 γῆς;
1378 2202 1387 2217 ι
1412 2193 1440 2218 ’0
1453 2192 1548 2224 ’Ἄγιος
1567 2189 1644 2217 εἶπεν
1660 2200 1667 2207 ·
1688 2191 1719 2218 ’0
1738 2191 1839 2227 Κύριος

1054 2239 1132 2274 ἡμῶν
1152 2239 1263 2275 εἴρηκεν
1276 2247 1282 2254 ·
1301 2248 1312 2265 ι
1332 2239 1361 2265 Ὀ
1390 2239 1474 2274 διψῶν
1490 2239 1613 2274 ἐρχέσθω
1627 2239 1694 2274 πρός
1720 2248 1765 2274 με,
1793 2247 1840 2265 και

762 2282 892 2310 Dominus
910 2288 1003 2311 noster

1056 2285 1180 2312 πινέτω.»
1194 2285 1339 2320 [Ποτήριον
1352 2285 1397 2312 οὖν
1415 2286 1489 2312 ὲστιν
1497 2285 1599 2320 Ἰησοῦς
1609 2285 1622 2311 ὁ
1640 2285 1756 2320 Χριστὸς
1772 2286 1838 2316 Θεὸς

1053 2331 1159 2362 τέλειος
1175 2331 1222 2357 καὶ
1237 2331 1390 2366 ἄνθρωπος.
1422 2332 1555 2367 Ποτὴριον
1569 2332 1585 2366 ή
1600 2330 1778 2366 ἀνθρωπὸτης
1792 2331 1839 2357 αὺ-

1053 2376 1101 2403 τοῦ
1117 2385 1124 2392 ·
1152 2374 1222 2408 οἶνος
1261 2377 1379 2411 ἄκρατος
1402 2378 1416 2404 6
1437 2378 1524 2412 Λόγος
1551 2378 1600 2412 τῆς
1627 2377 1752 2411 θεότητος
1777 2378 1839 2404 ἆδοο

1053 2423 1098 2454 λος
1111 2422 1178 2458 (82).
1195 2422 1205 2459 ]
1225 2424 1306 2450 Ἀνευ
1319 2424 1373 2459 γὰρ
1388 2424 1501 2458 ἀγγείου
1518 2425 1531 2450 6
1543 2421 1615 2456 οἶνος
1629 2425 1658 2450 οὺ
1673 2424 1817 2459 κατέχεται
1831 2432 1838 2439 ·

1053 2468 1139 2501 οὕτως
1151 2471 1199 2497 καὶ
1214 2470 1279 2497 ἄνευ
1298 2471 1399 2505 σαρκὸς
1411 2471 1427 2505 ἡ
1440 2469 1486 2497 τοῦ
1504 2469 1571 2496 Θεοῦ
1588 2470 1668 2504 σοφία
1684 2469 1838 2504 ἀνθρώποις

1054 2516 1254 2551 προσομιλῆσαι
1272 2517 1376 2549 ὁρατῶς
1399 2517 1454 2552 (85)
1472 2517 1520 2544 οὐκ
1535 2517 1672 2552 ἠνέσχετο.
1705 2516 1748 2542 Ἐν
1768 2518 1838 2550 χείρ’·

1052 2559 1098 2588 οὖν
1113 2563 1219 2597 Πατρὸς
1233 2564 1246 2589 6
1262 2563 1324 2594 Υἱὸς
1337 2563 1384 2590 τοῦ
1397 2562 1543 2598 ἀνθρώπου
1560 2570 1566 2578 ·
1583 2562 1663 2593 αὐτος
1674 2562 1727 2596 γὰρ
1742 2560 1817 2587 εἶπεν
1831 2569 1839 2575 -

1055 2616 1064 2632 ι
1078 2608 1180 2642 Πάτερ,
1193 2609 1231 2639 εἰς
1246 2608 1339 2643 χεῖράς
1349 2616 1395 2634 σου
1409 2607 1580 2644 παρατίθημι
1590 2607 1620 2634 τὸ
1630 2606 1739 2640 πνεῦμά
1751 2615 1811 2640 μου.
1827 2616 1836 2631 ι

1053 2788 1164 2825 «inﬁmo;
1179 2789 1234 2823 γὰρ
1244 2787 1277 2825 ἦν
1292 2791 1306 2816 ὁ
1321 2789 1414 2825 Λόγος,
1422 2789 1471 2824 τῆς
1485 2788 1610 2825 θεότητος
1621 2808 1628 2820 ,
1646 2789 1773 2825 καὶᾷΘεὸς
1791 2790 1835 2814 καὶ

1053 2823 1196 2859 ἄνθρωπος
1214 2823 1262 2850 καὶ
1285 2825 1387 2859 Κύριος
1408 2824 1529 2857 Ἰησοῦς·
1548 2823 1678 2858 ’ποτήριον
1698 2823 1732 2859 ἦν
1754 2825 1769 2858 ἠ
1790 2825 1834 2849 αν-

1053 2856 1197 2902 θρώτξύτης
1219 2859 1301 2886 αὑτοῦ
1315 2856 1419 2892 [οἶνος
1439 2856 1558 2894 ἄκρατος
1580 2856 1672 2890 ἄδολος
1740 2856 1834 2893 eam;

1051 2902 1148 2960 ,a
1165 2927 1215 2958 Ms.
1229 2935 1310 2957 sensu
1325 2929 1464 2957 contrario
1478 2928 1558 2957 habet
1573 2929 1708 2961 ἀοράτως.
