2009 3088
185 219 239 252 82!

777 223 866 253 VITA
887 223 918 252 S.
937 224 1105 254 ANDREE
1124 225 1223 256 SAIJ.‘

1761 221 1812 254 822

185 274 221 302 Τὸ
234 275 272 308 δὲ,
290 275 412 311 (Πλῆρις
421 275 619 311 χεράσματος,ι
632 277 679 311 ὅλη
693 276 710 312 ἡ
726 276 876 311 Θεότης,τδ
886 278 971 312 γλυκὺ

1033 279 1110 307 Filius
1123 281 1263 313 hominis;
1294 281 1352 315 ipso
1378 280 1485 308 dicente
1502 287 1508 306 :
1528 289 1538 305 ί
1553 279 1643 309 Pater.
1664 279 1690 305 in
1716 286 1811 305 manus

184 322 323 356 κέρασμα,
346 321 376 348 τὸ
399 321 546 356 εὐφραῖνον
559 322 608 353 τὰς
626 322 741 357 καρδίας
754 322 834 358 ἡμῶν
848 323 903 349 τῶν
926 331 974 350 πι-

186 367 339 394 στευόντων
360 368 400 399 είς
420 367 503 395 αὐτὸν
517 376 523 383 ·
538 367 645 403 πλήρης
661 367 715 403 γὰρ
729 368 863 405 Θεότητος
885 369 973 404 ἀκρά-

186 421 244 445 του,
261 413 345 448 ἧγουν
359 413 453 440 ἀδόλου
472 414 489 449 ὴ
505 412 685 449 ἀνθρωπότης
697 413 792 441 αὐτοῦ.

223 557 289 588 ρογ’.
303 554 339 580 Τδ
349 553 387 584 δὲ.
406 563 416 579 ι
427 554 552 582 Ἐκλινεν
565 556 596 581 ἐκ
619 555 715 582 τούτου
728 556 768 587 είς
783 555 888 590 τοῦτο,»
909 554 975 592 ἦλθε

186 598 338 633 σαρκωθεὶς
357 601 398 631 εἰς
425 599 456 626 τὸ
474 599 552 632 ἔθνος
571 600 626 626 τῶν
647 601 794 634 Ἰουδαίων,
811 602 856 630 [va
869 601 914 629 διὰ.
927 603 977 637 τῆς

186 645 425 681 ὲνανθρωπήσεως
447 647 530 673 αὐτοῦ
552 647 677 682 γνωρίσῃ
693 648 743 683 τὴν
759 648 834 674 ἔνδον
856 649 976 685 ἄκρατον

186 691 303 727 θεότητα
329 691 375 728 [δι’
387 691 421 730 ἧς
445 693 558 730 ἐποίησε
577 695 679 729 σημεῖα
698 695 744 721 καὶ
759 695 860 731 τέρατα
875 696 978 732 ἔμπρο-

189 738 252 764 σθεν
266 739 357 766 αὐτῶν
373 748 380 755 ·
399 741 499 767 ἐκεῖνοι
514 740 542 767 δὲ
562 741 652 776 φθόνῳ
669 740 842 777 βαλλόμενοι,
861 741 955 776 ἔλεγον
968 750 976 759 ³

194 783 240 810 Ἐκ
255 784 374 818 μαγείας
390 787 549 826 ποιεῖ-αὑτά
566 786 622 822 (84)
639 786 660 822 ].
680 784 748 813 Εἶτα
774 787 837 814 ἰδὼν
851 789 864 814 ὁ
882 788 977 824 Πατὴρ

186 829 227 856 ὅτι
244 830 388 857 ἀπιστοῦσι
403 832 442 866 τῷ
459 833 600 866 μονογενεῐ
613 831 696 859 αὐτοῦ
711 832 779 868 Υἱῷ,
794 833 842 860 καὶ
856 833 896 860 ὅτι
915 834 978 860 ὲθα-

188 874 314 901 νάτωσαν
327 875 406 901 αὐτόν
416 884 424 891 ·
440 876 522 908 αὐτὸς
537 877 550 902 ὁ
566 876 595 902 ὲν
607 878 639 912 τῇ
651 878 724 912 χειρὶ
743 876 826 903 αὑτοῦ
840 877 870 903 τὺ
887 878 977 913 ποτή-

1025 331 1087 355 tuas
1103 329 1265 356 commendo
1280 328 1404 362 spiritum
1428 335 1518 355 meum
1534 328 1568 354 ³⁸.
1590 337 1600 352 ι
1619 326 1695 360 Quod
1721 330 1811 352 autem

1024 371 1125 400 dicitur
1140 382 1146 401 :
1166 373 1256 401 «Calix
1270 374 1366 408 plenus
1379 373 1492 406 misto,»
1513 372 1633 407 intellige
1646 374 1728 399 totam
1749 370 1811 398 Dei—

1025 421 1130 451 tatem,
1157 427 1218 455 qua:
1241 427 1325 447 suave
1352 419 1463 446 mistum
1490 424 1555 450 est,
1577 418 1649 453 quod
1677 417 1812 444 exhilarat

1026 464 1261 492 cordavbominum
1281 465 1308 492 in
1325 464 1410 492 Deum
1427 464 1595 492 credentium
1614 473 1621 491 :
1639 463 1718 497 plena
1736 470 1813 489 nam-

1026 518 1079 546 que
1096 519 1178 538 merae
1192 519 1224 539 ac
1241 511 1375 546 simplicis
1393 511 1504 539 Deitatis
1517 510 1673 538 humanitas
1686 509 1746 543 ejus
1760 513 1811 535 cst.

1063 556 1125 584 H3.
1150 557 1227 590 Quod
1252 557 1351 585 deinde
1373 557 1548 592 subjungitur
1576 565 1583 583 :
1611 553 1769 582 tlnclinavit
1781 561 1811 579 cx

1026 602 1079 630 hoc
1098 603 1126 630 in
1152 603 1240 634 hoc.»
1261 605 1297 630 ita
1315 607 1395 631 sonat
1420 612 1426 630 :
1445 603 1585 638 Venitper
1597 600 1813 629 incarnationem

1027 649 1060 676 ad
1076 653 1182 683 gentem
1196 648 1337 678 Iudaicam
1350 669 1358 683 ,
1375 653 1404 676 ut
1418 649 1458 677 sic
1477 648 1606 676 latentem
1619 647 1693 674 intus
1710 652 1814 672 meram

1027 695 1211 728 divinitatem;
1232 703 1280 730 per
1295 703 1377 731 quam
1394 696 1520 731 patrabat
1537 695 1613 729 signa
1632 701 1664 722 ae
1680 692 1814 728 prodigia.

1027 748 1119 769 coram
1142 742 1210 777 ipsis
1233 748 1325 770 notam
1340 743 1453 770 faceret.
1471 742 1507 770 At
1525 741 1584 774 illi,
1601 740 1701 768 invidia
1716 740 1816 766 stimu-

1028 787 1088 822 lati,
1102 788 1152 815 arti
1165 790 1278 822 magica.-
1294 789 1351 816 hmc
1367 787 1693 816 attribuendadicebant.
1720 785 1816 812 Postea

1029 838 1091 858 cum
1108 832 1342 861 animadverteret
1357 833 1449 866 Pater,
1466 833 1496 860 in
1508 831 1668 860 inﬁdelitate
1681 830 1740 857 illos
1756 837 1814 864 per-

1031 877 1129 905 sistere
1140 898 1147 910 ,
1171 878 1295 906 nolentes
1311 879 1366 907 ullo
1379 879 1460 907 modo
1474 878 1554 906 ﬁdem
1570 878 1700 905 adhibere
1721 875 1817 911 unige-

189 927 246 954 ριον
263 920 386 954 κρατῶν,
401 921 486 956 ἤγουν
500 922 550 956 τὴν
564 923 644 957 χάριν
660 922 754 955 αὐτοῦ,
769 924 801 949 ὲκ
821 923 869 950 τοῦ
885 923 978 956 ἔθνους

1033 923 1088 950 nito
1102 922 1171 950 Filio
1184 931 1245 958 suo,
1261 924 1316 952 imo
1329 929 1358 952 et
1374 929 1489 952 mortem
1508 924 1532 952 ei
1550 923 1722 951 machinatus
1737 929 1816 954 esse;

188 965 243 991 τῶν
274 966 411 993 Ἰουδαίων
446 965 520 1003 ἦρε,
548 970 595 995 καὶ
633 969 780 1003 Ῥωμαίοις
809 970 978 1004 παρέδωκεν.

191 1012 281 1047 ιηλὴν
309 1012 322 1037 ὁ
345 1013 460 1047 τρυγίας
489 1012 585 1049 [ἤγουν
613 1013 643 1040 τὸ
669 1014 784 1049 ἔσχατον
809 1016 859 1050 τῆς
883 1015 979 1051 ὀργῆς]

189 1057 271 1084 αὑτοῦ
286 1057 510 1095 οὐκίξεκενώθη.
520 1068 529 1085 ι
547 1059 658 1086 Ἐκλινε
675 1061 705 1087 τὸ
716 1061 883 1095 Εὐαγγέλιον
898 1062 981 1089 αὑτοῦ

190 1103 221 1128 ἐκ
244 1102 299 1128 τῶν
329 1101 465 1130 Ἰουδαίων
484 1104 524 1135 είς
548 1105 581 1130 τὰ
608 1103 765 1140 θεοφόρητα
787 1104 863 1140 ἔθνη,
881 1105 981 1140 ὁμοίως

189 1149 252 1179 τοὺς
265 1149 434 1181 ἀποστόλους
448 1150 496 1177 καὶ
508 1150 539 1176 τδ
555 1151 690 1184 πανάγιον
701 1151 816 1186 Πνεῦμα
830 1160 837 1167 ·
849 1152 897 1178 καὶ
909 1152 981 1178 ᾶπα-

193 1201 243 1220 οαν
257 1194 306 1229 τὴν
320 1194 400 1229 χάριν
413 1194 460 1222 καὶ
477 1195 578 1229 γνῶσιν
595 1196 650 1222 τῶν
664 1196 854 1224 θεοπνεύστων
866 1197 982 1232 Γραφῶν

192 1239 326 1266 ἐκένωσεν
340 1241 381 1272 είς
400 1241 483 1276 ἡμᾶς.
505 1241 579 1277 Πλὴν
594 1243 608 1269 6
622 1242 740 1278 τρυγίας
753 1243 838 1270 αὐτοῦ
855 1244 906 1270 οὐκ
925 1243 983 1277 ἑξε-

192 1285 320 1321 κενώθη·
338 1285 434 1322 ὥσπερ
458 1288 474 1323 ὴ
502 1288 603 1322 τρυγία
630 1288 679 1316 τοῦ
702 1290 774 1316 οίνου
791 1290 820 1317 ὲν
845 1290 916 1325 πίθῳ
932 1290 983 1317 οὐκ

191 1332 362 1366 ἐκκενοῦται,
377 1333 449 1361 οὕτω
461 1334 493 1360 τὸ
510 1335 628 1370 γράμμα
644 1335 674 1362 τὺ
691 1336 806 1371 νομικὸν
837 1337 983 1373 ἁνινὲργη-

191 1377 237 1404 τόν
254 1378 312 1404 ἔστι
341 1379 389 1405 καὶ
405 1378 593 1414 ἀνωφέλητον.
610 1381 718 1416 Τρυγία
735 1381 789 1417 γὰρ
805 1382 822 1415 ὴ
841 1381 919 1413 ἐλπὶς
928 1382 982 1408 τῶν

199 1423 332 1452 Ἰουδαίων
345 1424 418 1451 ἐστίν
432 1433 441 1441 ·
456 1425 497 1452 ἔτι
508 1425 563 1460 γὰρ
574 1426 649 1462 πάσῃ
668 1428 700 1462 τῇ
711 1428 746 1462 γῇ
761 1427 983 1462 σκορπισθέντες,

194 1470 318 1498 πίνουσιν
332 1472 361 1498 ὲν
376 1472 410 1507 τῇ
423 1472 524 1508 τρυγία
539 1472 587 1509 τὴν
601 1473 983 1509 πλάνην,προσδοκῶντεςτὸν

192 1515 254 1544 Ἀντ
260 1516 285 1552 ιχ
289 1525 390 1552 ριστον.

230 1657 294 1694 ῥόδ’.
320 1658 482 1693 Ἐπιφάνιος
493 1658 588 1693 λέγει·
602 1659 671 1687 Εἰπέ
685 1668 743 1696 μοι,
754 1660 916 1696 παρακαλῶ,
935 1669 984 1687 πο-

195 1705 284 1742 ταπὴν
291 1704 441 1740 ἑρμηνείαν
451 1705 563 1741 βεϐαίαν
571 1705 628 1740 ἔχει
642 1706 689 1732 καὶ
705 1705 796 1739 τοῦτο,
810 1716 819 1732 ι
835 1706 984 1742 Κτηνὼδης

195 1751 329 1786 δγενήθην
345 1751 422 1787 παρὰ
436 1750 487 1783 σοὶ,
498 1750 576 1785 κάγὼ
589 1750 634 1778 διὰ
651 1751 752 1783 παντὸς
768 1751 838 1786 μετά
849 1759 916 1785 σους
933 1761 942 1777 ι
952 1752 983 1779 '0

196 1797 341 1833 Μακάριος
355 1795 434 1825 εἶπεν
447 1805 455 1813 ·
475 1797 522 1824 Ἐκ
543 1796 692 1832 προσώπου
710 1797 757 1824 τοῦ
772 1796 893 1832 Χριστοῦ
909 1797 986 1832 λέγει

194 1844 209 1870 ὁ
223 1843 380 1879 Προφήτης,
401 1843 445 1870 διὰ
460 1843 490 1870 re
511 1843 639 1878 γενέσθαι
655 1843 798 1878 ἄνθρωπον
811 1843 857 1871 τὸν
868 1843 916 1872 σὺν
932 1845 1001 1872 Πα--

194 1890 239 1924 τρὶ
250 1890 314 1917 ὂντα
327 1890 412 1916 ἀΐδιον
422 1889 510 1923 Λόγον
528 1890 576 1917 καὶ
589 1889 655 1917 Θεόν
667 1897 676 1905 ·
687 1889 837 1926 ἄνθρωπος
853 1891 909 1927 γὰρ
924 1891 985 1918 ὀνο-

196 1936 313 1972 μάζεται
330 1936 428 1970 κτῆνος
443 1936 512 1962 Θεοῦ
528 1936 649 1970 λογικόν.
671 1936 748 1963 Ἐπεὶ
760 1936 807 1964 οὖν
825 1938 839 1964 ὀ
857 1937 921 1969 Υἱὸς
937 1936 985 1964 τοῦ

195 1982 264 2009 Θεοῦ
289 1982 398 2017 ἐγένετο
423 1982 571 2017 ἄνθρωπος
598 1981 722 2016 τέλειος,
745 1982 821 2017 λέγει
844 1984 914 2019 πρὸς
939 1983 986 2010 τὸν

196 2031 316 2065 Πατέρα.
325 2030 356 2057 El
373 2029 421 2057 καὶ
434 2029 590 2065 ἅνθρωπος,
600 2031 694 2065 φησὶν,
707 2030 842 2066 ἐγενήθην
858 2030 934 2066 παρὰ
944 2030 987 2058 eoi.

197 2077 242 2105 tn‘
256 2079 380 2113 ἐσχάτων
402 2077 457 2104 τῶν
474 2076 588 2112 ἡμερῶν
608 2076 729 2110 τούτων,
750 2075 818 2103 ἀλλὰ
830 2077 863 2112 τῇ
878 2076 987 2112 θεότητί

196 2125 256 2159 είμι
279 2123 426 2154 διαπαντὸς
446 2123 517 2157 μετὰ
535 2121 594 2149 σοῦ.
619 2122 779 2157 Ἐπιφάνιος
804 2119 902 2149 εἶπεν·
917 2122 986 2149 Τίνα

196 2170 344 2206 ιρμηνείαν
359 2170 416 2205 ἔχει
424 2169 454 2196 τὸ
472 2168 554 2204 ῥηθὲν
569 2169 621 2195 ὑπὸ
631 2168 679 2195 τοῦ
694 2168 800 2204 Κυρίου
812 2188 821 2202 ,
833 2177 843 2194 ‹
857 2168 903 2204 Μὴ
921 2168 987 2203 βατ-

197 2215 365 2250 τολογήσητε
390 2215 420 2241 ὲν
434 2216 495 2246 ταῖς
519 2215 686 2250 προσευχαῖς
703 2214 790 2249 ὑμῶν,
815 2213 920 2246 ἀλλ’ὡς
931 2214 986 2242 ἔδι-

196 2262 324 2297 δάχθητε,
345 2261 416 2288 οὕτω
436 2261 647 2296 προσεύχεσθες»
672 2261 702 2287 '0
716 2260 860 2297 Μακάριος
886 2261 985 2296 λέγει’

196 2309 361 2342 Βαττο).ογία
375 2309 458 2341 ἐστὶν,
471 2309 534 2335 ὅταν
544 2317 586 2340 τις
602 2308 689 2340 ἑστὼς
704 2309 732 2334 ὲν
749 2309 782 2344 τῇ
799 2310 938 2345 προσευχῇ
954 2309 985 2336 οὐ

196 2355 281 2389 λέγει·
297 2355 395 2389 Κύριε.
414 2355 550 2390 ἥμαρτον,
568 2353 746 2390 συγχώρησόν
768 2363 825 2389 μοι,
840 2355 886 2382 καὶ
910 2355 988 2391 ὲλέη-

199 2402 245 2428 σόν
271 2410 314 2436 με,
344 2401 392 2428 καὶ
417 2401 453 2428 τὰ
475 2401 582 2432 τούτοις
607 2401 689 2435 ὃμοια
702 2408 711 2416 ⁸
726 2400 785 2428 ἀλλ’
800 2401 862 2428 ἀντὶ
882 2401 986 2428 τούτων

198 2447 273 2482 λέγει
294 2447 332 2482 τῷ
355 2447 431 2482 Θεῷ-
451 2447 547 2482 Κύριε,
565 2447 735 2483 μερίμνησόν
758 2455 805 2482 μοι
820 2448 917 2482 φαγεῖν
937 2447 986 2474 καὶ

199 2495 336 2520 πιεῖνκαὶ
361 2493 497 2526 πλουτεῖν,
525 2493 569 2520 ἵνα
598 2493 739 2528 χαίρωμαι
771 2494 811 2525 εἰς
838 2493 914 2520 τόνδε
939 2493 985 2520 τὸν

197 2540 311 2575 κόσμον,
329 2540 492 2575 σωματικῶς
507 2539 651 2566 ἀπολαύων
665 2538 715 2572 τῆς
727 2539 860 2574 σαρκιιῆς
877 2539 985 2574 ἡδονῆς.

197 2586 282 2613 Τοῦτό
302 2587 361 2613 ἐστι
379 2585 551 2621 βατταλογία,
567 2586 614 2612 καὶ
629 2585 664 2612 τὰ
677 2585 781 2617 τούτοις
798 2586 888 2619 ὃμοια.
909 2585 938 2611 ’0
954 2585 984 2611 δὲ

197 2631 263 2663 θεὸς
286 2632 336 2658 οὒκ
364 2631 460 2666 ἀγαπᾷ
475 2630 562 2662 οὓτως
577 2630 652 2665 ἡμᾶς
670 2630 873 2665 προσεύχεσθαι
889 2651 896 2663 ,
917 2629 985 2656 ἀλλὰ

196 2679 289 2712 ζητεῖν
316 2677 429 2711 πρῶτον.
449 2677 498 2711 τὴν
524 2675 663 2710 βασιλείαν
688 2676 736 2702 τοῦ
759 2676 837 2709 Θεοῦ,
863 2675 912 2703 καὶ
933 2676 985 2711 τὴν

197 2723 374 2757 δικαιοσύνην
393 2721 488 2755 αὑτοῦ,
502 2722 548 2748 καὶ
562 2722 648 2749 ταῦτα
661 2723 750 2750 πάντα
767 2721 985 2756 προστιὲἐσεται

197 2770 274 2804 ἡμῖν.

1031 975 1111 1002 quem
1141 976 1224 995 manu
1243 970 1353 997 tenebat.
1379 970 1492 997 calicem
1506 989 1513 1003 ,
1532 969 1660 1004 gratiam,
1693 968 1817 1001 inquam,

1031 1020 1120 1045 suam,
1135 1018 1240 1049 agente
1251 1014 1363 1042 Judaica
1376 1015 1495 1043 ablatam
1504 1035 1511 1047 ,
1526 1013 1705 1042 transtulitad
1719 1012 1824 1039 Romae.

1032 1065 1094 1086 nos.
1110 1068 1118 1084 ι
1133 1058 1330 1087 Verumtamen
1342 1059 1420 1094 faex,»
1434 1060 1492 1088 sive
1505 1065 1659 1088 extremum
1675 1059 1723 1086 ine
1736 1058 1818 1089 illius,

1035 1112 1104 1131 «non
1116 1109 1157 1132 est
1170 1105 1334 1133 exinanita»
1348 1105 1524 1141 Evangelium
1540 1104 1650 1139 quidem
1671 1111 1763 1136 suum,
1779 1103 1818 1129 uti

1032 1155 1059 1178 ct
1085 1151 1225 1186 apostolos
1250 1157 1278 1180 et
1303 1152 1435 1188 Spiritum
1459 1157 1585 1179 sanctum
1616 1158 1631 1178 a
1656 1149 1757 1178 Iudaeis
1785 1150 1819 1177 ad

1033 1201 1128 1231 gentes
1141 1217 1148 1229 ,
1172 1197 1218 1224 illa
1233 1198 1360 1232 accipere
1377 1202 1488 1233 paratas
1500 1218 1508 1232 ,
1531 1196 1630 1226 deferri
1646 1196 1746 1229 voluit;
1761 1203 1825 1223 θαι-ν

1034 1250 1152 1277 nemque
1165 1244 1281 1278 gratiam
1297 1248 1324 1271 et
1339 1244 1532 1279 inspiratarum
1547 1243 1678 1270 divinitus
1696 1241 1823 1277 Scriplu-.

1033 1296 1125 1317 rarum
1144 1289 1351 1325 intelligentiam
1366 1290 1393 1317 in
1419 1297 1468 1318 nos
1489 1289 1586 1317 cil'udit
1602 1298 1609 1317 :
1633 1294 1820 1316 verumtamen

1033 1335 1085 1364 faex
1107 1335 1168 1371 ejus
1189 1344 1244 1364 non
1266 1341 1308 1364 est
1323 1336 1473 1364 exinanita.
1489 1335 1725 1370 Quemadmodum
1747 1335 1836 1362 enim.

1034 1381 1084 1409 hex
1110 1391 1171 1417 qua:
1194 1383 1221 1410 in
1245 1382 1314 1411 cado
1338 1387 1381 1410 est
1405 1391 1461 1410 non
1476 1382 1654 1415 exhauritur,
1672 1382 1711 1410 sic
1736 1382 1820 1417 legale

1034 1428 1146 1456 verbum
1161 1429 1256 1456 inutile
1269 1428 1340 1464 ipsis
1348 1434 1377 1457 et
1392 1429 1515 1457 inemeax
1532 1433 1635 1458 manet.
1649 1429 1710 1456 Faex
1723 1429 1833 1464 quippe.

1035 1482 1105 1509 spes.
1124 1479 1168 1502 est
1192 1473 1350 1503 Iudaeorum
1380 1485 1387 1504 :
1413 1483 1476 1503 nam
1495 1477 1523 1503 in
1544 1476 1691 1512 pra-sentin
1713 1482 1829 1510 quoun

1035 1527 1083 1554 per
1096 1520 1191 1547 orbem
1208 1521 1365 1548 universum
1382 1521 1520 1556 dispersi,
1540 1529 1572 1549 ex
1595 1521 1662 1549 faece
1682 1521 1726 1548 illa
1744 1529 1821 1549 erro-

1037 1573 1093 1592 rem
1121 1566 1253 1595 hauriunt
1275 1567 1489 1601 crassissimum,
1512 1575 1568 1604 quo
1585 1569 1728 1595 adventum
1745 1568 1826 1596 Auti-.

994 1611 1018 1642 Ο
1033 1612 1129 1640 christi
1148 1613 1229 1641 anxie
1246 1617 1417 1649 exspectant.

1072 1659 1135 1687 174.
1164 1659 1233 1693 Quis
1262 1664 1369 1692 autem,
1396 1659 1495 1695 quaerit
1524 1666 1608 1694 porro
1631 1659 1822 1695 Epiphanius,

1035 1703 1116 1732 istius
1142 1705 1193 1732 loci
1219 1704 1356 1740 genuinus
1376 1711 1475 1732 sensus
1496 1708 1538 1732 est
1555 1713 1562 1732 :
1583 1714 1593 1731 ι
1614 1703 1648 1732 Ut
1670 1704 1822 1738 iumentum

1037 1750 1124 1778 iactus
1142 1758 1202 1778 sum
1227 1751 1362 1786 apudte.
1387 1754 1415 1779 et
1437 1757 1487 1785 ego
1509 1754 1729 1786 sempertecutn
1747 1751 1790 1777 ³⁸2
1810 1760 1836 1777 ι.

1036 1796 1163 1825 Personae
1185 1796 1305 1830 Christi,
1330 1796 1369 1825 ait
1385 1801 1498 1825 sanctus
1513 1797 1636 1826 Andreas
1649 1816 1658 1830 ,
1686 1797 1750 1825 istic
1770 1798 1823 1825 luci

1037 1844 1210 1872 mentionem
1226 1843 1295 1872 facit
1314 1843 1472 1881 Propheta:
1486 1844 1551 1880 quia
1572 1852 1670 1880 nempe
1691 1844 1753 1876 ille,
1775 1846 1836 1879 qui,

1037 1891 1221 1925 sempiternus
1240 1898 1302 1919 cum
1321 1891 1402 1919 Patre
1418 1890 1490 1918 Deus
1510 1890 1689 1926 divinumque
1704 1889 1822 1918 Verbum

1036 1940 1095 1969 est,
1113 1936 1262 1964 humanam
1287 1936 1376 1964 induit
1399 1940 1525 1964 naturam
1550 1936 1822 1971 :lhomonsiquideut

1035 1980 1191 2016 jumentutn
1209 1980 1268 2014 Dei,
1285 1981 1388 2008 ratione
1403 1981 1559 2015 praeditum,
1575 1980 1736 2016 appellatur.
1755 1981 1823 2008 Cum

1038 2027 1122 2063 igitur
1147 2027 1234 2055 Filius
1258 2026 1307 2054 Dei
1332 2027 1469 2062 perfectus
1494 2027 1576 2054 homo
1601 2027 1689 2054 lactus
1707 2026 1762 2058 sit,
1786 2026 1824 2054 ita

1037 2073 1239 2109 quodammodo
1257 2073 1365 2101 Patrem
1380 2073 1531 2108 alloquitur
1556 2081 1563 2100 :
1589 2072 1710 2100 Tametsi
1733 2076 1824 2100 extre-

1038 2120 1091 2147 mis
1108 2119 1184 2147 hisce
1202 2119 1371 2154 temporibus
1391 2119 1475 2146 homo
1491 2118 1580 2146 laetus
1599 2125 1659 2145 sum
1675 2125 1766 2145 coram
1786 2122 1822 2149 te.

1038 2165 1218 2194 nihilominus
1233 2166 1339 2193 ratione
1354 2165 1504 2192 divinitatis
1520 2172 1626 2199 semper
1640 2168 1730 2191 tecum
1749 2171 1821 2191 sum.

1037 2212 1139 2240 lterum
1160 2211 1328 2247 Epiphanius
1346 2220 1354 2238 :
1376 2211 1429 2245 Qui
1454 2211 1585 2246 explicas,
1612 2211 1720 2246 inquit.
1742 2210 1822 2237 istam

1039 2257 1146 2285 Domini
1163 2257 1326 2285 sententiam
1349 2266 1357 2285 :
1379 2266 1388 2283 ι
1409 2257 1525 2285 Orantes
1547 2261 1642 2284 autem.
1655 2256 1737 2283 nolite
1754 2256 1823 2282 mul-

1037 2308 1094 2332 tum
1110 2305 1200 2339 loqui;
1226 2304 1273 2332 sed
1290 2304 1327 2331 uti
1346 2303 1418 2331 docti
1433 2304 1510 2335 estis,
1528 2303 1566 2330 ita
1582 2307 1657 2330 orate
1673 2302 1716 2329 ³⁷7
1730 2311 1737 2327 ι
1754 2302 1823 2328 Μυιρ

1037 2350 1180 2386 tiloquium
1210 2356 1274 2384 est,
1302 2349 1410 2386 reponit
1437 2349 1580 2381 Andreas,
1607 2356 1668 2376 cum
1698 2347 1760 2382 quis
1788 2347 1822 2374 ad

1036 2397 1172 2425 orandum
1189 2400 1299 2432 paratus
1312 2416 1320 2428 ,
1348 2402 1402 2422 non
1419 2394 1485 2422 dicit
1503 2403 1510 2422 :
1534 2394 1646 2421 Domine
1659 2413 1666 2427 ,
1691 2393 1799 2428 peccavi
1814 2401 1821 2425 ;

1037 2442 1144 2470 dimitte
1158 2442 1255 2470 delicta
1272 2449 1347 2474 mea,
1374 2445 1401 2468 et
1420 2440 1552 2468 miserere
1572 2439 1645 2472 mei,
1667 2443 1749 2473 atque
1770 2437 1822 2464 alia

1038 2489 1082 2516 his
1096 2488 1215 2521 similia;
1233 2487 1280 2515 sed
1297 2491 1394 2515 contra
1417 2486 1459 2514 sic
1474 2486 1558 2513 Deum
1577 2485 1724 2519 allo:1uitur
1738 2491 1745 2510 :
1769 2482 1822 2509 Do-

1038 2535 1129 2568 mine,
1155 2542 1249 2562 curam
1273 2541 1337 2570 gere
1356 2533 1429 2567 mei,
1453 2537 1483 2559 ut
1503 2531 1585 2564 cibo,
1610 2535 1696 2565 potu,
1722 2528 1823 2556 divitiis

1037 2580 1186 2613 abundem,
1202 2585 1231 2607 ut
1247 2580 1332 2608 vitam
1353 2580 1380 2607 in
1397 2579 1448 2606 hoc
1463 2578 1566 2606 mundo
1584 2577 1644 2604 laete
1662 2574 1821 2609 transigam,

1039 2633 1068 2655 ut
1094 2627 1186 2655 carnis
1212 2625 1398 2660 voluptatibus
1423 2624 1542 2652 amuam.
1574 2623 1625 2651 ista
1651 2626 1680 2649 et
1706 2621 1822 2648 istorum

1039 2674 1138 2702 similia
1155 2672 1359 2708 multiloquium
1376 2676 1449 2700 sunt.
1463 2671 1536 2698 Deus
1553 2677 1619 2696 sane
1635 2676 1689 2695 non
1704 2667 1757 2694 isto
1771 2673 1822 2693 nos

1039 2719 1121 2747 modo
1135 2719 1279 2747 instituere
1293 2718 1443 2745 orationem
1458 2716 1526 2748 vult,
1540 2715 1587 2743 sed
1605 2714 1722 2749 primum
1738 2711 1822 2746 quaeri

1041 2773 1152 2800 regnum
1171 2764 1218 2792 Dei
1234 2769 1260 2793 et
1280 2764 1413 2800 justitiam
1430 2763 1502 2798 ejus,
1519 2766 1546 2790 et
1569 2761 1625 2790 haec
1648 2759 1740 2787 omnia
1754 2756 1824 2792 adji-

1037 2813 1144 2839 cientur
1161 2811 1252 2838 nobis.

234 2861 256 2877 "
277 2859 344 2887 Luc.
362 2867 441 2891 xxtu,
459 2859 502 2887 46.
542 2858 563 2874 ³⁸
585 2859 656 2886 Psal.
672 2865 760 2891 um,
774 2858 818 2885 25.
859 2859 881 2874 ³⁷
903 2857 997 2885 Matth.
1011 2866 1048 2891 Vl,
1063 2860 1089 2887 7.

235 2923 289 2957 (Si)
312 2922 409 2950 lterum
428 2928 480 2957 ms.
497 2919 596 2957 Vade.)
620 2920 720 2957 ἐκείνοι
744 2918 920 2957 ἠπίστησαν,
943 2919 982 2944 Em

1033 2929 1054 2946 τε
1073 2920 1172 2954 σημεῖα
1208 2919 1253 2945 καὶ
1270 2917 1371 2952 τέρατα
1406 2914 1562 2951 ἔμπροσθεν
1598 2912 1705 2940 αὐτῶν·
1722 2911 1823 2938 ἐκεῖνοι

201 2954 332 2985 ὑπὲλαϐον
348 2959 379 2984 ἐκ
398 2956 514 2991 μαγείας
531 2955 611 2982 αὑτὸν
627 2955 713 2983 ταῦτα
733 2954 924 2988 πεποιηκέναι.
