2009 3088
220 179 272 209 827

743 187 769 217 Ν
774 187 954 219 lCEPHORI
975 191 1210 225 PRESBYTER!
1231 196 1285 226 CP-

1791 201 1858 233 τδρῦ

219 234 282 262 Jcsu
300 235 406 264 salvum
423 246 465 266 me
483 239 536 274 fac,
551 246 578 268 et
603 243 629 269 in
652 248 746 270 sancto
765 243 866 279 Spiritu
885 251 933 274 tuo
955 247 1008 275 lar-

1063 252 1148 278 σῶσὸν
1164 261 1209 287 με,
1229 255 1277 280 καὶ
1292 255 1330 290 τῷ
1346 255 1486 289 Πνεῦματί
1510 264 1557 282 σου
1570 255 1609 292 τῷ
1631 256 1701 292 ἁγίῳ
1715 257 1852 293 διάκρισιν

219 281 277 315 gire
303 283 368 309 mihi
390 284 596 314 discretionem.
623 288 760 316 Discretio
789 299 908 327 namque
933 301 1011 321 com-

219 334 353 356 monstrat
368 330 469 358 homini
487 340 595 360 omnem
614 335 686 362 viam
706 337 805 364 bonam
817 359 824 371 ,
841 347 892 367 nec
906 340 1011 374 patitur

219 373 307 408 ipsum
326 383 340 402 a
365 381 438 403 recto
462 378 512 406 vias
537 381 647 408 tramite
670 381 807 410 aberrare.
837 383 884 412 Illa
907 373 1012 420 princi-

217 427 277 453 pem
301 421 372 448 inter
386 427 501 451 caeteras
524 425 639 454 virtutes
665 427 755 455 locum
773 430 893 465 obtinet;
917 437 1010 467 utpote

216 473 248 492 ex
264 474 317 501 qua
343 468 485 502 eharitas,
511 479 543 498 ex
567 473 703 502 charitate
731 483 796 503 vero
820 478 1008 507 misericordia

217 514 350 541 nascitur.
389 515 436 542 illa
464 517 581 552 denique
607 527 687 548 onme
714 529 783 555 opus
812 523 914 551 bonum
948 534 1010 560 pro-

216 558 301 591 dut-it,
317 568 349 587 ae
365 562 391 588 in
404 563 499 597 primis
516 564 625 598 quidem
643 565 835 601 benignitatem
850 577 913 604 erga
929 558 1008 605 alios,

214 610 275 633 tum
291 609 461 636 aversionem
480 618 511 637 ae
527 612 739 643 detestationem
752 616 897 650 scelerum,
919 617 1011 645 humi-

215 652 319 680 litatem
338 662 448 689 quoque
471 663 537 684 suos
562 659 747 694 exaltantem,
772 669 867 695 pacem
892 663 1009 698 denique

214 704 240 726 et
272 701 523 729 mansuetudinem.
552 702 599 730 illa
627 705 685 740 ipsa
722 706 853 734 discretio
891 707 1009 742 Spiritus

214 747 301 774 sancti
320 749 399 781 quasi
427 757 505 776 mens
521 755 580 783 est;
598 759 658 785 qua:
675 760 737 779 cum
756 755 840 781 semel
862 755 889 782 in
914 756 1006 783 animo

215 792 335 819 hominis
360 799 479 828 recepta,
501 796 563 823 istic
577 798 628 824 sibi
645 799 736 825 sedem
752 799 871 834 delegit,
897 802 1009 829 suavis-

215 839 282 866 sime
299 840 381 868 allicit
404 841 548 871 facultates
565 844 640 871 illius
655 845 822 880 spirituales.
838 847 908 879 Quid
928 855 1009 878 porro

212 889 255 911 est
271 885 401 914 discretio
421 887 488 915 illa?
508 890 669 918 attendesis.
688 891 822 925 Expendit
835 900 913 927 aequa
931 893 1009 920 lance

213 931 362 966 cogitatum
392 941 474 961 omne

212 982 241 1004 et
261 978 379 1006 residere
395 980 422 1007 in
444 981 537 1008 animo
557 986 584 1009 et
599 983 767 1010 exsecutioni
793 984 926 1018 mandari,
942 992 1006 1019 per-

1064 306 1108 331 μοι
1121 298 1251 333 δώρησαι,
1270 300 1302 326 Ἥ
1316 300 1369 336 γὰρ
1384 300 1520 336 διάκρισις
1533 302 1649 329 δεικνύει
1661 302 1701 336 τῷ
1716 302 1852 339 ἀνθρώπῳ

1063 345 1153 370 πᾶσαν
1169 344 1227 371 όδδν
1246 345 1363 381 ἀγαθὴν,
1383 348 1429 374 καὶ
1452 348 1502 374 οὐκ
1515 348 1547 383 ἑᾷ
1568 348 1649 375 αὑτὸν
1665 349 1694 375 ὲν
1709 349 1762 384 ὁδῷ
1784 350 1852 376 ὑπο-

1063 389 1254 420 σκελίζεσθαι·
1282 392 1419 427 πρωτεύει
1445 393 1499 429 γὰρ
1527 394 1637 421 πάντων
1667 395 1721 421 τῶν
1747 396 1853 430 ἀρετῶν

1062 435 1148 471 αὕτη·
1164 437 1195 463 ὲκ
1210 437 1312 473 ταύτης
1331 439 1386 473 γὰρ
1399 441 1528 471 γεννᾶται
1550 440 1567 473 ἢ
1586 440 1691 475 ἀγάπη,
1714 441 1746 467 ὲκ
1759 441 1787 467 δὲ
1802 443 1853 476 τῆς

1061 482 1171 517 ἀγάπης
1196 484 1212 518 ἡ
1237 484 1427 520 ἐλεημοσύνη·
1445 485 1514 512 ὥστε
1539 486 1556 521 ἠ
1581 486 1718 520 διάκρισις
1741 486 1851 520 φυτεύει

1061 529 1153 555 πᾶσαν
1180 530 1374 565 ἀγαθοεργίαν,
1390 532 1543 566 προχέουσα
1559 533 1667 567 πρῶτον
1679 532 1786 567 καρπὸν
1803 533 1853 567 τὴν

1061 574 1196 608 εὐποιίαν,
1224 575 1319 603 ἔπειτα
1342 578 1391 612 τὴν
1416 578 1546 611 ἀκακίαν,
1569 579 1617 605 καὶ
1643 577 1692 613 τὴν
1723 578 1852 613 equom-av

1059 622 1234 654 ταπείνωσιν,
1249 623 1300 657 τὴν
1314 623 1437 658 εἰρήνην,
1454 624 1500 658 τὴν
1519 624 1672 660 πραότητα.
1693 625 1727 651 Ἡ
1746 625 1853 659 διάκρι-

1061 676 1102 698 σις
1117 667 1173 701 γὰρ
1197 667 1259 698 νοῦς
1291 669 1349 695 ἔστι
1365 668 1410 694 τοῦ
1436 669 1513 703 ἁγίου
1531 669 1703 704 Πνεύματος,
1719 669 1766 696 καὶ
1787 671 1853 697 ὅταν

1060 712 1172 748 χωρηθῇ
1187 713 1226 744 εἰς
1239 713 1359 741 διάνοιαν
1373 714 1518 750 ἀνθρώπου
1533 715 1579 741 τοῦ
1597 716 1699 750 μένειν,
1715 716 1853 750 ήδυτέρως

1060 758 1144 784 αὐτοῦ
1162 760 1235 784 ποιεῖ
1255 760 1310 789 τοῖς
1333 760 1524 796 αίσϐητηρῖοις
1545 762 1601 793 τοῖς
1618 763 1723 798 νοητοῖς
1748 762 1854 788 διακεῖ-

1061 804 1133 831 σθαι.
1165 803 1198 830 Τί
1222 805 1250 831 δέ
1275 806 1333 831 ἐστι
1360 806 1514 841 διάκριτις;
1540 807 1689 843 [ἄκουε-ον·
1712 808 1851 842 Διάκρισὶς

1061 849 1146 886 ἐστιν]
1162 851 1177 885 ἡ
1199 850 1271 877 ἅπαν
1291 852 1380 887 νόημα
1397 852 1614 886 ζυζκοστατοῦσα,
1632 854 1679 880 καὶ
1698 853 1760 880 ὅσον
1776 854 1853 887 ὑγιὲς

1060 895 1138 932 εὕρῃ,
1154 896 1262 923 δίδωσιν
1276 898 1400 933 κατέχειν
1415 899 1464 933 τὴν
1480 899 1599 926 διάνοιαν
1612 900 1658 926 καὶ
1675 901 1778 926 ποιεῖν·
1791 901 1853 927 ὅσον

505 944 511 962 ;
541 936 670 971 quodque
704 938 815 965 salubre
859 939 1006 974 comperit,

1061 927 1211 975 Sé'aiaepbv,
1229 927 1358 976 ἐκτρέπει
1377 943 1426 978 τῆς
1443 927 1566 976 διανοίας
1589 944 1637 970 καὶ
1654 944 1799 978 σφενδόνης
1813 945 1854 971 δί-

1061 994 1113 1020 κην
1132 987 1241 1021 μακρὰν
1258 987 1434 1023 ἀπορρίπτει.

214 1025 318 1053 mittit:
334 1027 408 1062 quod
432 1036 497 1056 vero
523 1031 637 1058 noxium
667 1031 846 1067 putidutnque
863 1037 926 1064 est,
956 1033 1069 1069 expellit
1100 1041 1133 1061 ex
1147 1035 1260 1069 animo,
1280 1040 1307 1063 et
1345 1041 1474 1071 tanquam
1515 1037 1598 1066 funda
1630 1039 1734 1075 jactum
1757 1038 1853 1075 praeui

213 1074 328 1102 excutit.

249 1124 311 1152 181.
341 1124 511 1160 Epiphanius
541 1132 631 1155 autem
663 1129 833 1165 interrogare
848 1130 1001 1166 'pergens:

213 1168 301 1201 Quid,
330 1169 439 1204 inquit,
465 1176 577 1200 sanctus
600 1172 702 1202 Paulus
718 1179 855 1202 assertum
875 1176 932 1203 vult
958 1184 1006 1211 per

213 1213 279 1240 illud
303 1224 309 1242 :
337 1223 347 1241 ι
375 1215 462 1244 Omne
489 1222 627 1250 peccatum
643 1224 719 1246 extra
745 1227 844 1254 corpus
871 1227 937 1254 est;
959 1221 1006 1256 qui

213 1264 304 1288 autem
329 1260 483 1290 fornicatur
494 1283 502 1296 ,
526 1263 554 1290 in
570 1271 670 1298 corpus
686 1273 765 1291 suum
782 1271 877 1300 peccat
885 1266 929 1293 “‘2
947 1276 956 1293 ι
973 1267 1008 1294 Et

213 1309 380 1341 respondens
403 1310 526 1337 Andreas
544 1319 550 1337 :
568 1309 654 1338 Omne
687 1311 759 1338 aliud
776 1318 917 1346 peccatum
933 1333 940 1345 ,
959 1314 1008 1347 ait,

212 1353 240 1380 in
255 1355 346 1382 anima
367 1360 512 1387 versatur,
534 1362 648 1392 excepta
671 1357 874 1391 fornicatione,
900 1367 960 1394 quae
976 1359 1010 1388 ad

212 1407 314 1434 corpus
330 1402 429 1428 attinet
446 1410 452 1428 :
478 1410 510 1429 ex
527 1402 611 1429 latere
628 1403 700 1430 enim
718 1404 814 1432 Adami
833 1405 949 1433 formata
964 1410 1006 1434 est

213 1447 322 1481 mulier,
346 1454 376 1475 ut
390 1450 444 1475 duo
461 1456 546 1476 unutn
569 1456 670 1484 corpus
695 1450 794 1478 forent.
813 1451 900 1480 Omne
924 1452 1006 1487 igitur

211 1497 354 1527 peccatum
370 1498 447 1521 extra
466 1501 566 1529 corpus
583 1501 623 1523 est
639 1503 650 1522 .'
670 1504 730 1528 seu.
746 1498 786 1524 uti
806 1497 864 1532 jam
880 1498 1004 1531 memini,

213 1547 267 1566 non
285 1547 411 1574 corpore,
428 1540 476 1567 sed
498 1542 589 1569 anima
601 1563 608 1576 ,
637 1543 684 1570 sed
703 1548 795 1572 mente
808 1564 816 1576 .
836 1545 883 1573 sed
908 1544 1004 1579 spiritu

213 1587 406 1613 committitur.
427 1586 532 1614 Etenim
557 1593 585 1616 et
610 1590 745 1623 mendax,
771 1596 798 1619 et
822 1591 960 1626 periurus,
981 1596 1043 1630 etc

212 1631 294 1659 fama:
315 1632 411 1659 alienre
423 1632 469 1667 qui
493 1633 623 1668 detrahit,
649 1641 696 1663 aut
713 1636 786 1664 aliud
803 1637 942 1672 quidpiam
959 1645 1008 1672 pa-

213 1680 268 1703 trat
289 1677 423 1709 sceleris,
450 1685 483 1705 ex
505 1679 597 1707 verbis
621 1680 680 1707 suis
703 1681 822 1717 aliquam
841 1683 914 1718 capit
930 1683 1008 1710 volu-

212 1725 315 1755 ptatem
337 1730 343 1748 :
371 1721 446 1749 solus
474 1721 623 1751 fornicator
648 1732 763 1760 corpore
788 1733 840 1753 suo
865 1732 1006 1762 peccatum

213 1765 332 1800 perficit.
349 1765 588 1800 Quemadmodum
607 1775 697 1797 autem
721 1779 778 1803 sus,
792 1772 840 1806 qui
865 1773 1006 1801 volutatur

213 1814 241 1839 in
262 1820 359 1846 emno,
384 1821 439 1841 non
455 1815 616 1850 coinquinat
631 1817 750 1845 interius
773 1825 883 1846 carnem
905 1826 1003 1853 suam,

212 1859 260 1885 sed
276 1859 399 1889 exterius
417 1859 549 1888 duntaxat
574 1861 670 1896 pellem
698 1863 826 1891 sordibus
854 1871 887 1891 ac
912 1863 1009 1892 faetore

214 1904 302 1932 inlicit
318 1914 324 1932 :
341 1905 378 1932 ita
397 1910 425 1933 et
448 1907 599 1935 fornicator
613 1928 623 1941 ,
646 1909 693 1944 qui
714 1910 742 1937 in
763 1910 900 1937 cubilibus
924 1915 1007 1945 atque

213 1951 396 1986 impudicitiis
418 1957 550 1988 perpetuo
565 1960 710 1989 versatur,
735 1963 836 1991 corpus
858 1957 960 1991 pariter
983 1962 1010 1984 et

212 1997 335 2024 animam
352 1998 425 2026 foede
443 2001 625 2028 commaculat
639 2010 645 2027 :
662 2002 758 2037 sicque
778 2002 921 2030 daemoniis
937 2003 1009 2030 invi-

211 2044 341 2071 sibilibus
357 2045 506 2073 ludibrium
524 2054 556 2074 ac
576 2048 647 2076 risus
673 2048 712 2076 fit.
741 2049 875 2076 Caeterum
893 2050 1004 2084 quando

212 2089 245 2115 in
270 2097 370 2123 corpus
387 2099 468 2118 stium
494 2097 605 2126 peccat,
632 2101 689 2121 non
713 2102 794 2121 suum
819 2095 1009 2122 tantummodo

212 2142 319 2170 corpus
333 2156 340 2168 ,
365 2137 412 2164 sed
439 2138 564 2165 mulieris
579 2139 661 2166 etiam
681 2147 800 2173 quacum
822 2145 934 2176 peccat,
954 2146 1012 2169 tor-

212 2180 286 2214 piter
313 2187 489 2217 conspurcat.
523 2183 589 2211 Viro
611 2185 657 2219 qui
690 2193 825 2219 uxorem,
851 2192 878 2214 et
903 2187 1012 2215 mulieri

211 2234 277 2261 quae
292 2229 421 2255 maritum
438 2229 540 2256 habent
554 2250 561 2262 ,
584 2231 723 2266 proprium
747 2239 848 2266 corpus
868 2240 923 2260 non
946 2239 1010 2260 est:

1101 1133 1177 1166 ρπα’.
1199 1130 1358 1164 Ἐπιφάνιος
1369 1129 1446 1158 εἶπεν
1456 1139 1462 1146 ·
1480 1133 1513 1159 TE
1526 1133 1600 1167 λέγει
1620 1135 1633 1160 ὁ
1647 1134 1724 1168 ἅγιος
1734 1135 1852 1170 Παῦλος,

1060 1177 1103 1203 ὅτι
1124 1186 1133 1203 ι
1154 1177 1232 1204 Πᾶσα
1253 1178 1374 1212 ἁμαρτία
1390 1178 1467 1210 ἐκτὸς
1482 1179 1528 1205 τοῦ
1541 1179 1666 1214 σώματός
1680 1182 1753 1208 ἐστιν
1763 1190 1770 1198 ”
1796 1184 1810 1210 ό
1823 1183 1857 1210 δὲ·

1062 1224 1203 1258 πορνεύων
1224 1225 1264 1256 είς
1279 1225 1310 1251 τὺ
1333 1224 1399 1252 ῐδιον
1416 1226 1496 1261 σῶμα
1519 1227 1688 1262 ἁμαρτάνεις
1709 1239 1717 1255 ι
1738 1230 1810 1266 Ἔφη
1839 1231 1855 1257 ὁ
1898 1231 1905 1237 ⁵

1063 1270 1166 1300 Ὀσιος·
1183 1271 1261 1297 Πᾶσα
1277 1271 1343 1306 ἄλλη
1357 1272 1479 1307 ἁμαρτία
1494 1273 1596 1309 ψυχική
1613 1275 1698 1301 ἐστιν·
1712 1276 1728 1310 ὴ
1743 1276 1770 1302 δὲ
1783 1285 1855 1311 πορ-

1058 1315 1118 1342 νεία
1150 1316 1295 1350 σωματική
1328 1317 1420 1343 ἐστιν·
1450 1318 1482 1344 ἐκ
1508 1319 1562 1353 γὰρ
1584 1319 1634 1354 τῆς
1660 1320 1781 1355 πλευρᾶς
1804 1322 1852 1348 τοῦ

1066 1358 1156 1393 Ἀδὰμ
1175 1359 1337 1395 ᾠκοδομήθη
1353 1361 1369 1395 ἡ
1389 1362 1468 1397 γυνὴ,
1484 1361 1554 1389 ὥστε
1570 1363 1594 1389 οἱ
1608 1363 1655 1390 δύο
1673 1364 1702 1391 ἐν
1719 1366 1798 1400 σῶμα
1815 1368 1853 1394 εἰ·

1060 1412 1112 1432 σιν.
1133 1405 1211 1431 Πᾶσα
1236 1404 1283 1432 οὖν
1303 1407 1424 1442 ἁμαρτία
1450 1408 1530 1440 ἐκτὸς
1558 1409 1605 1436 τοῦ
1633 1410 1760 1445 σώματός
1782 1414 1851 1444 ἐστι,

1058 1450 1197 1477 τουτέστιν
1220 1450 1251 1477 ού
1280 1451 1319 1487 τῷ
1348 1452 1455 1488 σώματι
1482 1454 1609 1489 πράττει,
1635 1456 1704 1483 ἀλλὰ
1719 1459 1752 1492 τῇ
1767 1458 1861 1493 ψυχῇ,,

1059 1495 1106 1522 καὶ
1121 1495 1160 1530 τῷ
1175 1495 1225 1527 νοῒ,
1244 1497 1292 1523 καὶ
1307 1496 1345 1531 τῷ
1361 1496 1507 1532 πνεύματι,
1522 1498 1560 1530 ὡς
1576 1500 1711 1535 προέφην.
1730 1502 1784 1528 Καὶ
1797 1502 1852 1538 γὰρ

1060 1539 1092 1566 ὲκ
1109 1539 1244 1575 στόματος
1265 1540 1314 1576 τὴν
1328 1541 1427 1577 ἡδονὴν
1451 1542 1607 1578 καρποῦται
1622 1545 1636 1571 ὁ
1657 1545 1788 1581 ψεύστης,
1804 1547 1820 1582 ἢ
1838 1548 1853 1574 ὁ

1060 1585 1202 1620 ἐπίορκος,
1219 1585 1236 1621 ἢ
1253 1587 1267 1613 ὸ
1294 1587 1455 1620 καταλαλος,
1470 1588 1486 1624 ἢ
1505 1589 1520 1615 ὁ
1547 1589 1647 1625 ἑτέραν
1665 1591 1725 1617 τινὰ
1740 1591 1852 1627 ἀνομίαν

1061 1631 1245 1666 ἐργαζόμενος
1257 1640 1263 1648 ·
1283 1632 1364 1667 μόνον
1380 1633 1409 1660 δὲ
1427 1633 1441 1660 ό
1457 1634 1598 1669 πορνεύων
1615 1635 1656 1671 τῷ
1673 1636 1730 1672 ἰδίῳ
1745 1636 1852 1672 σώματι

1060 1677 1182 1704 σνντελεῖ
1203 1677 1253 1713 τὴν
1276 1678 1427 1714 ἁμαρτίαν.
1447 1679 1552 1715 Ὥσπερ
1576 1682 1786 1716 ὑιχοίροςλταν
1804 1691 1853 1710 κν-

1058 1722 1137 1758 λισθῇ
1154 1724 1183 1750 ὲν
1200 1723 1332 1759 βορϐόρῳ,
1349 1725 1380 1751 οὐ
1393 1725 1428 1752 τὰ
1442 1725 1515 1752 ἔνδον
1537 1726 1620 1753 αὐτοῦ
1635 1727 1756 1762 μολύνει,
1782 1728 1855 1756 ἀλλὰ

1057 1769 1107 1804 τὴν
1127 1768 1179 1801 ἔξω
1190 1770 1273 1796 αὐτοῦ
1290 1771 1382 1799 πᾶσαν
1398 1771 1479 1806 δορὰν
1492 1773 1638 1808 σικχαντὴν
1651 1773 1699 1800 καὶ
1715 1773 1852 1811 βρωμώδη

1059 1815 1247 1850 ἀπεργάζεται
1261 1824 1268 1831 ·
1286 1816 1357 1844 οὕτω
1395 1817 1443 1844 καὶ
1466 1819 1480 1845 ό
1502 1818 1653 1854 πορνεύων,
1676 1820 1780 1852 κοίταις
1804 1823 1862 1848 καὶ·

1058 1861 1213 1896 ὸσελγείαις
1229 1863 1325 1890 ἑαυτὸν
1354 1863 1542 1900 ἀναμιγνύων,
1557 1865 1703 1900 σικχαντδν
1724 1866 1806 1894 αὑτοῦ
1823 1867 1853 1894 τε)

1060 1907 1141 1942 σῶμα
1170 1909 1218 1936 καὶ
1239 1909 1288 1945 τὴν
1316 1909 1406 1946 ψυχὴν
1434 1911 1671 1947 ἀπεργαζόμενος,
1696 1908 1775 1944 οὗτος
1804 1921 1854 1939 που

1062 1955 1169 1990 ρεύεται
1197 1956 1301 1989 γέλοιον
1326 1958 1382 1988 τοῖς
1405 1958 1533 1993 ἀοράτοις
1555 1958 1682 1994 δαίμοσιν
1706 1959 1853 1994 ἀναφαινό-

1062 2009 1151 2035 μενος.
1171 2002 1271 2028 Λοιπὸν
1293 2002 1333 2033 εἰς
1350 2002 1381 2028 τὸ
1400 2002 1465 2029 ἴδιον
1485 2003 1567 2038 σῶμα
1590 2004 1755 2039 ἁμαρτάνει,
1776 2005 1854 2039 μιαί-

1059 2055 1112 2073 νων
1137 2048 1204 2074 αύτό
1216 2056 1224 2062 ”
1240 2048 1290 2074 οὐκ
1305 2049 1371 2076 αὑτό
1387 2048 1415 2076 δὲ
1439 2050 1531 2084 μόνον,
1556 2050 1626 2077 ἀλλά
1639 2058 1671 2084 γε
1698 2050 1746 2077 καὶ
1760 2051 1791 2076 τὺ
1804 2051 1859 2085 τῆς,

1060 2094 1190 2127 γυναικὸς
1212 2096 1253 2126 εἰς
1270 2095 1283 2121 ὃ
1300 2095 1508 2131 περιπλέκεται.
1533 2096 1615 2132 Ἀνὴρ
1630 2097 1746 2130 γυναῖκα
1772 2096 1853 2132 ἔχων,

1060 2140 1107 2166 καὶ
1122 2143 1192 2176 γυνὴ
1206 2141 1321 2176 νόμιμον
1335 2142 1419 2178 ἄνδρα
1436 2142 1545 2178 ἔχουσα,
1571 2145 1620 2169 οὐκ
1635 2143 1727 2178 ἔχουσι
1740 2144 1775 2170 τὰ
1790 2145 1854 2170 ἑαυ-

1061 2187 1116 2214 τῶν
1129 2188 1243 2223 σώματα
1257 2189 1310 2216 [δια
1320 2195 1328 2203 ·
1341 2189 1389 2216 τοῦ
1403 2190 1500 2225 ἀνδρὸς
1512 2190 1566 2226 γὰρ
1579 2191 1610 2217 τὺ
1624 2190 1705 2226 σῶμα
1734 2191 1792 2218 ἔστι
1804 2191 1856 2226 τῆς

1061 2232 1190 2265 γυναικὸς
1204 2232 1297 2266 αὐτοῦ,
1319 2234 1366 2260 καὶ
1389 2234 1440 2268 τῆς
1468 2235 1598 2268 γυναικός
1615 2237 1672 2262 ἐστι
1689 2235 1737 2262 τοῦ
1757 2236 1854 2270 ἀνδρὸς

215 2272 266 2300 viri
280 2274 380 2308 quippe
395 2281 498 2310 corpus
514 2276 629 2304 arbitrio
648 2277 744 2306 uxoris
761 2278 872 2312 subest;
887 2283 915 2306 et
928 2279 1005 2306 simi-

1061 2277 1152 2312 αὐτῆς,
1177 2277 1246 2304 ὥστε
1261 2278 1353 2306 οὐκέτι
1382 2280 1436 2307 εἰσὶ
1469 2279 1527 2313 δύο,
1543 2281 1610 2308 ἀλλὰ
1627 2281 1695 2316 σὰρξ
1709 2281 1766 2316 μία.
1791 2281 1855 2308 Ἐὰν

212 2318 280 2346 liter
298 2320 423 2347 mulieris
437 2328 538 2356 corpus
556 2322 582 2349 iu
597 2327 731 2358 potestate
746 2324 835 2351 mariti
849 2329 900 2356 est,
911 2330 937 2351 ut
953 2333 1007 2353 non

215 2365 337 2401 amplius
359 2365 414 2393 duo
433 2367 488 2394 sint
500 2387 507 2400 ,
535 2368 580 2395 sed
598 2376 652 2396 una
669 2377 743 2397 caro.
760 2369 788 2397 Si
806 2369 903 2397 mulier
917 2370 1008 2406 itaque

215 2410 377 2443 fornicatur.
395 2411 422 2438 in
439 2419 540 2447 corpus
557 2414 647 2440 mariti
664 2419 759 2449 peccat
774 2424 781 2442 :
800 2415 822 2443 si
841 2423 905 2443 vero
923 2416 1008 2443 mari-

214 2460 280 2490 tus,
299 2462 392 2492 peccat
412 2458 440 2486 in
463 2467 563 2494 corpus
583 2468 663 2487 suum
677 2481 684 2493 ,
701 2461 774 2496 quod
797 2466 841 2489 cst
861 2470 948 2496 uxor;
970 2463 1010 2490 sic

212 2507 243 2530 et
259 2503 328 2530 alter
353 2504 380 2531 iu
407 2505 519 2533 alterius
541 2511 656 2540 peccant
677 2515 802 2541 corpora,
825 2508 935 2543 quando
955 2517 1010 2536 non

214 2556 247 2576 se
263 2549 350 2584 ipsos,
374 2551 422 2578 sed
447 2552 552 2579 alienos
576 2553 721 2587 adamarit;
743 2558 837 2589 utpote
860 2555 906 2590 qui
929 2555 1011 2582 ambo

213 2597 368 2624 maritalem
388 2602 477 2625 torum
501 2600 575 2634 turpi
617 2599 720 2635 ﬂagitio
743 2601 936 2628 dehonestant.
952 2601 1011 2629 liae

215 2642 299 2676 igitur
320 2643 354 2671 de
376 2651 460 2672 causa
475 2665 483 2678 ,
512 2655 521 2672 ι
538 2646 626 2675 Omne
643 2652 784 2683 peccatum
805 2653 881 2676 extra
909 2656 1010 2684 corpus

215 2692 257 2715 est
280 2697 287 2716 :
313 2690 360 2725 qui
385 2695 475 2719 autem
498 2692 662 2727 fornicatur,
679 2694 705 2721 in
728 2702 828 2729 corpus
851 2703 931 2723 suum
947 2704 1010 2731 pec-

214 2738 276 2766 cat;
298 2744 308 2761 ι
338 2743 370 2763 ac
395 2737 530 2767 sordescit
553 2747 653 2775 corpus
675 2740 756 2775 ejus,
782 2741 868 2769 instar
893 2743 951 2770 suis
983 2743 1009 2770 in

214 2783 338 2808 stercore
354 2782 468 2812 volutati
482 2805 489 2818 ,
512 2790 540 2812 et
557 2787 647 2814 anima
667 2787 754 2814 instar
767 2787 898 2815 daemonis
913 2787 1010 2816 fouere

215 2826 310 2860 incipit
328 2836 335 2855 :
359 2835 479 2864 cumque
505 2836 602 2860 caetera
621 2838 734 2867 peccata
761 2834 880 2861 tenebris
897 2834 1011 2870 quibus-

1062 2321 1110 2350 οὖν
1127 2325 1142 2356 ἠ
1160 2323 1229 2359 γυνὴ
1242 2324 1390 2360 πορνεύσῃ,
1406 2326 1445 2357 εις
1461 2326 1490 2352 τὸ
1503 2326 1583 2361 σῶμα
1595 2326 1642 2353 τοῦ
1659 2327 1755 2362 ἀνδρὸς
1766 2328 1855 2362 ἁμαρ-

1062 2369 1138 2397 τάνει
1151 2378 1157 2385 ·
1176 2370 1224 2396 ἐὰν
1239 2370 1267 2397 δὲ
1287 2372 1300 2397 ὀ
1317 2371 1387 2407 ἀνὴρ
1405 2372 1566 2408 ἁμαρτήσῃ,
1583 2373 1622 2404 είς
1641 2373 1672 2399 τὸ
1691 2373 1756 2400 ἴδιον
1774 2373 1854 2408 σῶμα
1867 2368 1874 2375 ’

1062 2416 1113 2451 τῆς
1132 2417 1262 2450 γυναικὸς
1281 2417 1452 2452 ἁμαρτάνει·
1470 2417 1556 2451 οὕτως
1572 2419 1618 2446 οὖν
1640 2420 1680 2451 εἰς
1697 2419 1731 2445 τὰ
1748 2419 1854 2446 ἑαυτῶν

1063 2461 1180 2497 σώματα
1193 2464 1407 2499 ἁμαρτάνουσιν,
1417 2465 1535 2500 ὁπηνίκα
1547 2466 1596 2501 οὐχ
1607 2465 1710 2492 ἑαυτῶν
1725 2466 1853 2501 ὲρῶνται,

1062 2508 1131 2535 ἀλλὰ
1145 2509 1199 2535 τῶν
1213 2509 1372 2544 ἀλλοτρίων,
1389 2511 1427 2543 ὡς
1440 2511 1590 2547 ἀμφότεροι
1607 2512 1657 2547 τὴν
1679 2512 1746 2538 ἰδίαν
1760 2512 1854 2547 κοίτην

1064 2555 1226 2590 μιαίνοντες.
1246 2557 1296 2583 Διὰ
1313 2558 1392 2584 τοῦτο
1409 2559 1464 2593 γὰρ
1488 2559 1561 2586 πᾶσα
1577 2559 1697 2594 ἁμαρτία
1711 2558 1788 2590 ἐκτὸς
1805 2559 1853 2585 τοῦ

1063 2601 1190 2637 σώματός
1216 2603 1290 2630 ἐστιν
1303 2611 1311 2620 ο
1328 2604 1342 2631 6
1364 2603 1393 2631 δὲ
1420 2605 1560 2639 πορνεύων
1575 2605 1614 2637 εἰς
1629 2605 1659 2632 τὸ
1686 2605 1751 2632 ἴδιον
1773 2604 1855 2640 σῶμα

1061 2650 1225 2685 ἁμαρτάνει,
1251 2650 1346 2686 ὥσπερ
1361 2652 1452 2686 χοῖρος
1476 2652 1505 2678 ὲν
1520 2652 1617 2687 κόπρῳ
1634 2651 1855 2685 κυλινδούμενος,

1064 2696 1110 2722 καὶ
1124 2695 1229 2730 γίνεται
1252 2696 1336 2724 αὐτοῦ
1363 2697 1394 2723 τὸ
1410 2697 1492 2732 σῶμα
1508 2697 1663 2732 σικχαντὺν,
1677 2697 1725 2724 καὶ
1735 2696 1853 2732 όςομένη

1062 2742 1135 2778 ψυχὴ
1167 2743 1261 2775 αὑτοῦ,
1282 2743 1377 2778 ὥσπερ
1393 2743 1521 2778 δαίμονος
1531 2752 1537 2759 -
1552 2744 1599 2770 καὶ
1614 2744 1690 2770 πᾶσα
1703 2743 1753 2779 μὲν
1765 2744 1857 2778 ἁμαρ-

1063 2789 1110 2814 τία
1125 2788 1220 2820 δεινῶς
1235 2789 1285 2824 τὴν
1297 2789 1387 2825 ψυχὴν
1412 2788 1531 2824 ζοφώδη,
1550 2790 1566 2824 ἡ
1583 2789 1612 2816 δὲ
1633 2789 1747 2824 πορνεία
1765 2788 1856 2816 δυσῶ-

1063 2834 1106 2866 δες
1119 2834 1165 2861 καὶ
1185 2835 1298 2870 αἰσχρὸν
1310 2835 1340 2861 τὸ
1353 2835 1436 2871 σῶμα
1447 2835 1647 2872 ἀπεργάζεται.
1857 2840 1864 2866 ε’

213 2870 277 2898 dam
302 2871 447 2901 involvunt
466 2876 607 2912 animam,
628 2878 774 2908 fornicatio
798 2880 910 2916 insuper
935 2886 1011 2916 turpe
1032 2880 1210 2916 foetidtnnque
1230 2881 1310 2909 efficit
1331 2889 1438 2917 corpus.

257 2916 279 2932 δ’
298 2916 308 2944 1
325 2917 390 2945 Cor.
407 2926 452 2951 γι.
472 2920 516 2955 18.
