  <div class='ocr_page' id='page_1' title='image "/cluster/home/n/w/nwhite01/storage/ocr_20150623/111/njp.32101077772943/458.png"; bbox 0 0 2009 3088; ppageno 0'>
   <div class='ocr_carea' id='block_1_1' title="bbox 153 195 205 225">
    <p class='ocr_par' dir='ltr' id='par_1_1' title="bbox 153 195 205 225">
     <span class='ocr_line' id='line_1_1' title="bbox 153 195 205 225; baseline 0 0"><span class='ocrx_word' id='word_1_1' title='bbox 153 195 205 225; x_wconf 75' lang='lat'><strong>829</strong></span> 
     </span>
    </p>
   </div>
   <div class='ocr_carea' id='block_1_2' title="bbox 153 295 937 332">
    <p class='ocr_par' dir='ltr' id='par_1_2' title="bbox 153 295 937 332">
     <span class='ocr_line' id='line_1_2' title="bbox 153 295 937 332; baseline 0 -8"><span class='ocrx_word' id='word_1_2' title='bbox 153 297 304 332; x_wconf 83' lang='grc' dir='ltr'>μαμωνᾶν;</span> <span class='ocrx_word' id='word_1_3' title='bbox 331 296 360 323; x_wconf 84' lang='lat'><strong>&#39;0</strong></span> <span class='ocrx_word' id='word_1_4' title='bbox 386 296 480 331; x_wconf 71' lang='grc' dir='ltr'>’Ἄγιος</span> <span class='ocrx_word' id='word_1_5' title='bbox 503 295 596 323; x_wconf 58' lang='grc' dir='ltr'>εἶπεν</span> <span class='ocrx_word' id='word_1_6' title='bbox 615 298 755 332; x_wconf 83' lang='grc' dir='ltr'>Μαμωνᾶς</span> <span class='ocrx_word' id='word_1_7' title='bbox 775 300 847 324; x_wconf 77' lang='grc' dir='ltr'>ἐστιν</span> <span class='ocrx_word' id='word_1_8' title='bbox 861 299 875 325; x_wconf 86' lang='lat'><strong>6</strong></span> <span class='ocrx_word' id='word_1_9' title='bbox 899 298 937 324; x_wconf 83' lang='grc' dir='ltr'>ὢν</span> 
     </span>
    </p>
   </div>
   <div class='ocr_carea' id='block_1_3' title="bbox 152 342 937 377">
    <p class='ocr_par' dir='ltr' id='par_1_3' title="bbox 152 342 937 377">
     <span class='ocr_line' id='line_1_3' title="bbox 152 342 937 377; baseline 0.004 -10"><span class='ocrx_word' id='word_1_10' title='bbox 152 342 278 376; x_wconf 78' lang='grc' dir='ltr'>τελώνης,</span> <span class='ocrx_word' id='word_1_11' title='bbox 297 343 345 368; x_wconf 69' lang='grc' dir='ltr'><strong>καὶ</strong></span> <span class='ocrx_word' id='word_1_12' title='bbox 367 342 469 377; x_wconf 79' lang='grc' dir='ltr'>ἅρπαξ,</span> <span class='ocrx_word' id='word_1_13' title='bbox 491 343 537 369; x_wconf 75' lang='grc' dir='ltr'><strong>καὶ</strong></span> <span class='ocrx_word' id='word_1_14' title='bbox 555 343 732 377; x_wconf 79' lang='grc' dir='ltr'>πλεονέκτης,</span> <span class='ocrx_word' id='word_1_15' title='bbox 756 344 770 370; x_wconf 84' lang='grc' dir='ltr'>ὁ</span> <span class='ocrx_word' id='word_1_16' title='bbox 787 343 937 370; x_wconf 74' lang='grc' dir='ltr'><strong>κατεσθίων</strong></span> 
     </span>
    </p>
   </div>
   <div class='ocr_carea' id='block_1_4' title="bbox 151 387 937 424">
    <p class='ocr_par' dir='ltr' id='par_1_4' title="bbox 151 387 937 424">
     <span class='ocr_line' id='line_1_4' title="bbox 151 387 937 424; baseline 0.004 -11"><span class='ocrx_word' id='word_1_17' title='bbox 151 388 200 419; x_wconf 67' lang='grc' dir='ltr'><strong>τὰς</strong></span> <span class='ocrx_word' id='word_1_18' title='bbox 216 388 306 419; x_wconf 79' lang='grc' dir='ltr'><strong>οἰκίας</strong></span> <span class='ocrx_word' id='word_1_19' title='bbox 328 387 383 414; x_wconf 87' lang='grc' dir='ltr'><strong>τῶν</strong></span> <span class='ocrx_word' id='word_1_20' title='bbox 408 389 500 424; x_wconf 85' lang='grc' dir='ltr'>χηρῶν</span> <span class='ocrx_word' id='word_1_21' title='bbox 518 389 564 415; x_wconf 72' lang='grc' dir='ltr'>καὶ</span> <span class='ocrx_word' id='word_1_22' title='bbox 589 389 713 424; x_wconf 75' lang='grc' dir='ltr'><strong>ὀρφανῶν</strong></span> <span class='ocrx_word' id='word_1_23' title='bbox 737 389 848 421; x_wconf 79' lang='grc' dir='ltr'><strong>ἀδίκως,</strong></span> <span class='ocrx_word' id='word_1_24' title='bbox 867 390 937 416; x_wconf 65' lang='grc' dir='ltr'>κατὰ</span> 
     </span>
    </p>
   </div>
   <div class='ocr_carea' id='block_1_5' title="bbox 151 433 939 470">
    <p class='ocr_par' dir='ltr' id='par_1_5' title="bbox 151 433 939 470">
     <span class='ocr_line' id='line_1_5' title="bbox 151 433 939 470; baseline 0.004 -11"><span class='ocrx_word' id='word_1_25' title='bbox 151 433 310 460; x_wconf 79' lang='grc' dir='ltr'><strong>δυναστείαν</strong></span> <span class='ocrx_word' id='word_1_26' title='bbox 327 434 432 464; x_wconf 77' lang='grc' dir='ltr'><strong>τούτοις</strong></span> <span class='ocrx_word' id='word_1_27' title='bbox 457 435 630 469; x_wconf 77' lang='grc' dir='ltr'>ἐπεμὸαίνων</span> <span class='ocrx_word' id='word_1_28' title='bbox 643 443 649 449; x_wconf 90' lang='grc'><strong><em>“</em></strong></span> <span class='ocrx_word' id='word_1_29' title='bbox 667 435 713 461; x_wconf 75' lang='grc' dir='ltr'>καὶ</span> <span class='ocrx_word' id='word_1_30' title='bbox 739 436 872 470; x_wconf 76' lang='grc' dir='ltr'>μαμωνᾶς</span> <span class='ocrx_word' id='word_1_31' title='bbox 895 435 939 462; x_wconf 81' lang='grc' dir='ltr'><strong>λέ-</strong></span> 
     </span>
    </p>
   </div>
   <div class='ocr_carea' id='block_1_6' title="bbox 152 481 938 516">
    <p class='ocr_par' dir='ltr' id='par_1_6' title="bbox 152 481 938 516">
     <span class='ocr_line' id='line_1_6' title="bbox 152 481 938 516; baseline 0.003 -11"><span class='ocrx_word' id='word_1_32' title='bbox 152 488 229 512; x_wconf 75' lang='grc' dir='ltr'>γεται</span> <span class='ocrx_word' id='word_1_33' title='bbox 247 482 259 506; x_wconf 97' lang='lat'><strong>6</strong></span> <span class='ocrx_word' id='word_1_34' title='bbox 275 481 324 515; x_wconf 72' lang='grc' dir='ltr'>τῆς</span> <span class='ocrx_word' id='word_1_35' title='bbox 338 481 492 513; x_wconf 80' lang='grc' dir='ltr'>πλεονεξίας</span> <span class='ocrx_word' id='word_1_36' title='bbox 505 481 620 516; x_wconf 69' lang='grc' dir='ltr'>δαίμων,</span> <span class='ocrx_word' id='word_1_37' title='bbox 636 482 648 507; x_wconf 92' lang='lat'><strong>6</strong></span> <span class='ocrx_word' id='word_1_38' title='bbox 663 483 702 512; x_wconf 79' lang='grc' dir='ltr'>εὶς</span> <span class='ocrx_word' id='word_1_39' title='bbox 717 481 746 506; x_wconf 76' lang='grc' dir='ltr'>τὸ</span> <span class='ocrx_word' id='word_1_40' title='bbox 760 481 846 512; x_wconf 81' lang='grc' dir='ltr'>πάθος</span> <span class='ocrx_word' id='word_1_41' title='bbox 859 481 938 508; x_wconf 74' lang='grc' dir='ltr'>τοῦτο</span> 
     </span>
    </p>
   </div>
   <div class='ocr_carea' id='block_1_7' title="bbox 151 525 937 562">
    <p class='ocr_par' dir='ltr' id='par_1_7' title="bbox 151 525 937 562">
     <span class='ocr_line' id='line_1_7' title="bbox 151 525 937 562; baseline 0 -10"><span class='ocrx_word' id='word_1_42' title='bbox 151 525 239 553; x_wconf 78' lang='grc' dir='ltr'>ὠθῶν.</span> <span class='ocrx_word' id='word_1_43' title='bbox 259 525 289 553; x_wconf 87' lang='lat'><strong>&#39;0</strong></span> <span class='ocrx_word' id='word_1_44' title='bbox 310 526 468 560; x_wconf 73' lang='grc' dir='ltr'>Ἐπιφάνιος</span> <span class='ocrx_word' id='word_1_45' title='bbox 482 527 557 561; x_wconf 80' lang='grc' dir='ltr'>λέγει</span> <span class='ocrx_word' id='word_1_46' title='bbox 569 535 575 542; x_wconf 76' lang='grc'><strong><em>⁵</em></strong></span> <span class='ocrx_word' id='word_1_47' title='bbox 593 527 626 553; x_wconf 87' lang='grc' dir='ltr'>Τί</span> <span class='ocrx_word' id='word_1_48' title='bbox 641 527 715 561; x_wconf 80' lang='grc' dir='ltr'>λέγει</span> <span class='ocrx_word' id='word_1_49' title='bbox 729 527 759 554; x_wconf 85' lang='grc' dir='ltr'><strong>τδ</strong></span> <span class='ocrx_word' id='word_1_50' title='bbox 772 527 919 562; x_wconf 77' lang='grc' dir='ltr'>εἰρημένον</span> <span class='ocrx_word' id='word_1_51' title='bbox 929 534 937 542; x_wconf 75' lang='grc' dir='ltr'><strong>ο</strong></span> 
     </span>
    </p>
   </div>
   <div class='ocr_carea' id='block_1_8' title="bbox 153 572 938 608">
    <p class='ocr_par' dir='ltr' id='par_1_8' title="bbox 153 572 938 608">
     <span class='ocr_line' id='line_1_8' title="bbox 153 572 938 608; baseline 0.001 -10"><span class='ocrx_word' id='word_1_52' title='bbox 153 581 163 598; x_wconf 73' lang='grc' dir='ltr'><strong>ι</strong></span> <span class='ocrx_word' id='word_1_53' title='bbox 183 573 213 600; x_wconf 80' lang='grc' dir='ltr'>Οί</span> <span class='ocrx_word' id='word_1_54' title='bbox 230 572 282 599; x_wconf 79' lang='grc' dir='ltr'>υἱοί</span> <span class='ocrx_word' id='word_1_55' title='bbox 299 581 345 599; x_wconf 81' lang='grc' dir='ltr'><strong>σου</strong></span> <span class='ocrx_word' id='word_1_56' title='bbox 366 573 403 605; x_wconf 83' lang='grc' dir='ltr'>ὡς</span> <span class='ocrx_word' id='word_1_57' title='bbox 420 574 535 607; x_wconf 76' lang='grc' dir='ltr'>νεόφυτα</span> <span class='ocrx_word' id='word_1_58' title='bbox 551 573 650 599; x_wconf 74' lang='grc' dir='ltr'>ἐλαιῶν</span> <span class='ocrx_word' id='word_1_59' title='bbox 661 573 754 608; x_wconf 81' lang='grc' dir='ltr'>κύκλῳ</span> <span class='ocrx_word' id='word_1_60' title='bbox 768 574 816 608; x_wconf 84' lang='grc' dir='ltr'>τῆς</span> <span class='ocrx_word' id='word_1_61' title='bbox 832 573 938 608; x_wconf 69' lang='grc' dir='ltr'>τραπέο-</span> 
     </span>
    </p>
   </div>
   <div class='ocr_carea' id='block_1_9' title="bbox 151 616 938 654">
    <p class='ocr_par' dir='ltr' id='par_1_9' title="bbox 151 616 938 654">
     <span class='ocr_line' id='line_1_9' title="bbox 151 616 938 654; baseline 0 -9"><span class='ocrx_word' id='word_1_62' title='bbox 151 617 201 652; x_wconf 83' lang='grc' dir='ltr'>ζης</span> <span class='ocrx_word' id='word_1_63' title='bbox 219 627 286 651; x_wconf 68' lang='lat' dir='ltr'><strong>dou;</strong></span> <span class='ocrx_word' id='word_1_64' title='bbox 310 629 320 645; x_wconf 84' lang='grc' dir='ltr'><strong>ι</strong></span> <span class='ocrx_word' id='word_1_65' title='bbox 342 619 372 645; x_wconf 90' lang='lat'><strong>&#39;0</strong></span> <span class='ocrx_word' id='word_1_66' title='bbox 388 619 529 654; x_wconf 82' lang='grc' dir='ltr'><strong>Μακάριος</strong></span> <span class='ocrx_word' id='word_1_67' title='bbox 552 616 647 646; x_wconf 75' lang='grc' dir='ltr'>εἶπεν·</span> <span class='ocrx_word' id='word_1_68' title='bbox 667 619 779 653; x_wconf 71' lang='grc' dir='ltr'>Βλέψον,</span> <span class='ocrx_word' id='word_1_69' title='bbox 812 618 938 653; x_wconf 85' lang='grc' dir='ltr'>ἀγαπητέ</span> 
     </span>
    </p>
   </div>
   <div class='ocr_carea' id='block_1_10' title="bbox 153 665 938 701">
    <p class='ocr_par' dir='ltr' id='par_1_10' title="bbox 153 665 938 701">
     <span class='ocr_line' id='line_1_10' title="bbox 153 665 938 701; baseline 0.003 -11"><span class='ocrx_word' id='word_1_70' title='bbox 153 673 214 700; x_wconf 85' lang='grc' dir='ltr'>μου,</span> <span class='ocrx_word' id='word_1_71' title='bbox 230 666 269 695; x_wconf 81' lang='grc' dir='ltr'><strong>εἰς</strong></span> <span class='ocrx_word' id='word_1_72' title='bbox 286 665 320 692; x_wconf 86' lang='grc' dir='ltr'><strong>τὰ</strong></span> <span class='ocrx_word' id='word_1_73' title='bbox 341 666 408 700; x_wconf 80' lang='grc' dir='ltr'>ἇγια</span> <span class='ocrx_word' id='word_1_74' title='bbox 424 666 602 701; x_wconf 74' lang='grc' dir='ltr'>θυσιαστήρια</span> <span class='ocrx_word' id='word_1_75' title='bbox 621 667 649 692; x_wconf 84' lang='grc' dir='ltr'>ὲν</span> <span class='ocrx_word' id='word_1_76' title='bbox 663 667 696 701; x_wconf 82' lang='grc' dir='ltr'><strong>τῇ</strong></span> <span class='ocrx_word' id='word_1_77' title='bbox 725 666 785 701; x_wconf 82' lang='grc' dir='ltr'>ὦρᾳ</span> <span class='ocrx_word' id='word_1_78' title='bbox 806 666 853 700; x_wconf 81' lang='grc' dir='ltr'>τῆς</span> <span class='ocrx_word' id='word_1_79' title='bbox 874 675 938 700; x_wconf 83' lang='grc' dir='ltr'>φρι-</span> 
     </span>
    </p>
   </div>
   <div class='ocr_carea' id='block_1_11' title="bbox 151 709 938 746">
    <p class='ocr_par' dir='ltr' id='par_1_11' title="bbox 151 709 938 746">
     <span class='ocr_line' id='line_1_11' title="bbox 151 709 938 746; baseline 0.004 -12"><span class='ocrx_word' id='word_1_80' title='bbox 151 710 218 744; x_wconf 79' lang='grc' dir='ltr'>κτῆς</span> <span class='ocrx_word' id='word_1_81' title='bbox 240 709 421 746; x_wconf 77' lang='grc' dir='ltr'><strong>λειτουργίας,</strong></span> <span class='ocrx_word' id='word_1_82' title='bbox 446 711 494 737; x_wconf 77' lang='grc' dir='ltr'>καὶ</span> <span class='ocrx_word' id='word_1_83' title='bbox 512 711 606 738; x_wconf 82' lang='grc' dir='ltr'>θέασαι</span> <span class='ocrx_word' id='word_1_84' title='bbox 621 711 714 746; x_wconf 83' lang='grc' dir='ltr'><strong>κύκλῳ</strong></span> <span class='ocrx_word' id='word_1_85' title='bbox 727 711 778 745; x_wconf 83' lang='grc' dir='ltr'>τῆς</span> <span class='ocrx_word' id='word_1_86' title='bbox 798 711 938 746; x_wconf 76' lang='grc' dir='ltr'><strong>τραπέζης</strong></span> 
     </span>
    </p>
   </div>
   <div class='ocr_carea' id='block_1_12' title="bbox 151 754 938 792">
    <p class='ocr_par' dir='ltr' id='par_1_12' title="bbox 151 754 938 792">
     <span class='ocr_line' id='line_1_12' title="bbox 151 754 938 792; baseline -0.001 -9"><span class='ocrx_word' id='word_1_87' title='bbox 151 754 213 787; x_wconf 61' lang='grc' dir='ltr'>τοὺς</span> <span class='ocrx_word' id='word_1_88' title='bbox 227 756 302 787; x_wconf 64' lang='grc' dir='ltr'>υἱοὺς</span> <span class='ocrx_word' id='word_1_89' title='bbox 317 756 364 782; x_wconf 81' lang='grc' dir='ltr'>τοῦ</span> <span class='ocrx_word' id='word_1_90' title='bbox 389 756 457 783; x_wconf 81' lang='grc' dir='ltr'>Θεοῦ</span> <span class='ocrx_word' id='word_1_91' title='bbox 476 757 545 790; x_wconf 78' lang='grc' dir='ltr'>μετὰ</span> <span class='ocrx_word' id='word_1_92' title='bbox 573 757 722 792; x_wconf 79' lang='grc' dir='ltr'>λαμπάδων</span> <span class='ocrx_word' id='word_1_93' title='bbox 746 757 875 788; x_wconf 74' lang='grc' dir='ltr'>ἑστῶτας,</span> <span class='ocrx_word' id='word_1_94' title='bbox 901 756 938 788; x_wconf 85' lang='grc' dir='ltr'>ὡς</span> 
     </span>
    </p>
   </div>
   <div class='ocr_carea' id='block_1_13' title="bbox 151 801 938 836">
    <p class='ocr_par' dir='ltr' id='par_1_13' title="bbox 151 801 938 836">
     <span class='ocr_line' id='line_1_13' title="bbox 151 801 938 836; baseline 0.003 -10"><span class='ocrx_word' id='word_1_95' title='bbox 151 801 267 834; x_wconf 72' lang='grc' dir='ltr'>νεόφυτα</span> <span class='ocrx_word' id='word_1_96' title='bbox 295 801 394 828; x_wconf 81' lang='grc' dir='ltr'>ἐλαιῶν</span> <span class='ocrx_word' id='word_1_97' title='bbox 409 802 443 827; x_wconf 80' lang='grc' dir='ltr'><strong>ὲν.</strong></span> <span class='ocrx_word' id='word_1_98' title='bbox 467 802 630 836; x_wconf 74' lang='grc' dir='ltr'><strong>ἀμπελῶνι⁹</strong></span> <span class='ocrx_word' id='word_1_99' title='bbox 653 803 717 832; x_wconf 78' lang='grc' dir='ltr'>τοὺς</span> <span class='ocrx_word' id='word_1_100' title='bbox 743 802 938 835; x_wconf 77' lang='grc' dir='ltr'>νεοφωτίστους</span> 
     </span>
    </p>
   </div>
   <div class='ocr_carea' id='block_1_14' title="bbox 150 846 938 883">
    <p class='ocr_par' dir='ltr' id='par_1_14' title="bbox 150 846 938 883">
     <span class='ocr_line' id='line_1_14' title="bbox 150 846 938 883; baseline 0.003 -11"><span class='ocrx_word' id='word_1_101' title='bbox 150 846 222 880; x_wconf 78' lang='grc' dir='ltr'>λέγω</span> <span class='ocrx_word' id='word_1_102' title='bbox 240 847 268 873; x_wconf 83' lang='grc' dir='ltr'>ἐν</span> <span class='ocrx_word' id='word_1_103' title='bbox 283 848 316 882; x_wconf 85' lang='grc' dir='ltr'>τῇ</span> <span class='ocrx_word' id='word_1_104' title='bbox 332 847 392 882; x_wconf 81' lang='grc' dir='ltr'>ὥρᾳ</span> <span class='ocrx_word' id='word_1_105' title='bbox 406 848 455 882; x_wconf 83' lang='grc' dir='ltr'>τῆς</span> <span class='ocrx_word' id='word_1_106' title='bbox 472 848 638 883; x_wconf 77' lang='grc' dir='ltr'>ἱερουργίας,</span> <span class='ocrx_word' id='word_1_107' title='bbox 657 848 751 882; x_wconf 83' lang='grc' dir='ltr'>ὥσπερ</span> <span class='ocrx_word' id='word_1_108' title='bbox 764 849 852 883; x_wconf 80' lang='grc' dir='ltr'>ὡραῖα</span> <span class='ocrx_word' id='word_1_109' title='bbox 868 848 938 882; x_wconf 75' lang='grc' dir='ltr'>φυτὰ</span> 
     </span>
    </p>
   </div>
   <div class='ocr_carea' id='block_1_15' title="bbox 151 893 937 930">
    <p class='ocr_par' dir='ltr' id='par_1_15' title="bbox 151 893 937 930">
     <span class='ocr_line' id='line_1_15' title="bbox 151 893 937 930; baseline 0.004 -12"><span class='ocrx_word' id='word_1_110' title='bbox 151 893 388 927; x_wconf 68' lang='grc' dir='ltr'>μεταφυτευθέντα</span> <span class='ocrx_word' id='word_1_111' title='bbox 404 894 458 920; x_wconf 82' lang='grc' dir='ltr'><strong>ἀπὸ</strong></span> <span class='ocrx_word' id='word_1_112' title='bbox 473 894 584 926; x_wconf 77' lang='grc' dir='ltr'>σκότους</span> <span class='ocrx_word' id='word_1_113' title='bbox 603 895 642 926; x_wconf 86' lang='grc' dir='ltr'><strong>είς</strong></span> <span class='ocrx_word' id='word_1_114' title='bbox 664 895 733 929; x_wconf 84' lang='grc' dir='ltr'>φῶς,</span> <span class='ocrx_word' id='word_1_115' title='bbox 752 894 869 927; x_wconf 73' lang='grc' dir='ltr'>Τούτους</span> <span class='ocrx_word' id='word_1_116' title='bbox 883 895 937 930; x_wconf 78' lang='grc' dir='ltr'><strong>γὰρ</strong></span> 
     </span>
    </p>
   </div>
   <div class='ocr_carea' id='block_1_16' title="bbox 150 938 821 976">
    <p class='ocr_par' dir='ltr' id='par_1_16' title="bbox 150 938 821 976">
     <span class='ocr_line' id='line_1_16' title="bbox 150 938 821 976; baseline 0.004 -12"><span class='ocrx_word' id='word_1_117' title='bbox 150 938 218 973; x_wconf 74' lang='grc' dir='ltr'>ἔχων</span> <span class='ocrx_word' id='word_1_118' title='bbox 231 940 244 965; x_wconf 87' lang='grc' dir='ltr'>ὁ</span> <span class='ocrx_word' id='word_1_119' title='bbox 257 939 402 974; x_wconf 80' lang='grc' dir='ltr'><strong>Προφήτης</strong></span> <span class='ocrx_word' id='word_1_120' title='bbox 418 940 488 966; x_wconf 76' lang='grc' dir='ltr'>κατὰ</span> <span class='ocrx_word' id='word_1_121' title='bbox 503 940 575 972; x_wconf 78' lang='grc' dir='ltr'>νοῦν,</span> <span class='ocrx_word' id='word_1_122' title='bbox 595 940 683 967; x_wconf 73' lang='grc' dir='ltr'>ταῦτα</span> <span class='ocrx_word' id='word_1_123' title='bbox 699 941 821 976; x_wconf 77' lang='grc' dir='ltr'>εἴρηκεν.</span> 
     </span>
    </p>
   </div>
   <div class='ocr_carea' id='block_1_17' title="bbox 654 194 1178 234">
    <p class='ocr_par' dir='ltr' id='par_1_17' title="bbox 654 194 1178 234">
     <span class='ocr_line' id='line_1_17' title="bbox 654 194 1178 234; baseline 0 -8"><span class='ocrx_word' id='word_1_124' title='bbox 654 232 657 234; x_wconf 97' lang='lat'><em>_</em></span> <span class='ocrx_word' id='word_1_125' title='bbox 737 194 827 226; x_wconf 73' lang='grc' dir='ltr'><strong>ΠΤΑ</strong></span> <span class='ocrx_word' id='word_1_126' title='bbox 847 196 878 225; x_wconf 91' lang='lat' dir='ltr'><strong>S.</strong></span> <span class='ocrx_word' id='word_1_127' title='bbox 900 195 1065 226; x_wconf 72' lang='lat' dir='ltr'><strong>ANDRE‘rE</strong></span> <span class='ocrx_word' id='word_1_128' title='bbox 1083 195 1178 227; x_wconf 71' lang='grc' dir='ltr'><strong>ΒΑΗ,</strong></span> 
     </span>
    </p>
   </div>
   <div class='ocr_carea' id='block_1_18' title="bbox 186 247 972 285">
    <p class='ocr_par' dir='ltr' id='par_1_18' title="bbox 186 247 972 285">
     <span class='ocr_line' id='line_1_18' title="bbox 186 247 972 285; baseline 0.004 -10"><span class='ocrx_word' id='word_1_129' title='bbox 186 248 257 285; x_wconf 60' lang='grc' dir='ltr'><strong>φιβ’.</strong></span> <span class='ocrx_word' id='word_1_130' title='bbox 282 249 441 284; x_wconf 79' lang='grc' dir='ltr'>Ἐπιφάνιος</span> <span class='ocrx_word' id='word_1_131' title='bbox 452 247 542 276; x_wconf 66' lang='grc' dir='ltr'>εἶπενν</span> <span class='ocrx_word' id='word_1_132' title='bbox 560 251 625 277; x_wconf 87' lang='grc' dir='ltr'>Τίνα</span> <span class='ocrx_word' id='word_1_133' title='bbox 641 251 714 284; x_wconf 71' lang='grc' dir='ltr'>λέγει</span> <span class='ocrx_word' id='word_1_134' title='bbox 726 251 756 277; x_wconf 86' lang='grc' dir='ltr'><strong>τὺ</strong></span> <span class='ocrx_word' id='word_1_135' title='bbox 771 252 890 285; x_wconf 76' lang='grc' dir='ltr'>Εὖαγγέλ</span> <span class='ocrx_word' id='word_1_136' title='bbox 898 260 936 278; x_wconf 86' lang='grc' dir='ltr'><strong>ιον</strong></span> <span class='ocrx_word' id='word_1_137' title='bbox 952 256 972 283; x_wconf 81' lang='grc' dir='ltr'>Λ</span> 
     </span>
    </p>
   </div>
   <div class='ocr_carea' id='block_1_19' title="bbox 1025 251 1774 288">
    <p class='ocr_par' dir='ltr' id='par_1_19' title="bbox 1025 251 1774 288">
     <span class='ocr_line' id='line_1_19' title="bbox 1025 251 1774 288; baseline 0.004 -10"><span class='ocrx_word' id='word_1_138' title='bbox 1025 253 1087 280; x_wconf 72' lang='grc'><strong>182.</strong></span> <span class='ocrx_word' id='word_1_139' title='bbox 1103 251 1272 287; x_wconf 86' lang='lat' dir='ltr'><strong>Epiphanio,</strong></span> <span class='ocrx_word' id='word_1_140' title='bbox 1290 258 1351 287; x_wconf 88' lang='lat' dir='ltr'><strong>post</strong></span> <span class='ocrx_word' id='word_1_141' title='bbox 1368 253 1423 280; x_wconf 66' lang='lat' dir='ltr'><strong>haec</strong></span> <span class='ocrx_word' id='word_1_142' title='bbox 1446 253 1641 288; x_wconf 76' lang='lat' dir='ltr'><strong>interroganti,</strong></span> <span class='ocrx_word' id='word_1_143' title='bbox 1672 255 1732 288; x_wconf 88' lang='lat' dir='ltr'><strong>quis</strong></span> <span class='ocrx_word' id='word_1_144' title='bbox 1748 255 1774 281; x_wconf 91' lang='lat' dir='ltr'><strong>in</strong></span> 
     </span>
    </p>
   </div>
   <div class='ocr_carea' id='block_1_20' title="bbox 990 298 1776 334">
    <p class='ocr_par' dir='ltr' id='par_1_20' title="bbox 990 298 1776 334">
     <span class='ocr_line' id='line_1_20' title="bbox 990 298 1776 334; baseline 0.003 -10"><span class='ocrx_word' id='word_1_145' title='bbox 990 298 1135 332; x_wconf 48' lang='lat' dir='ltr'><strong>lihangelio</strong></span> <span class='ocrx_word' id='word_1_146' title='bbox 1157 298 1264 325; x_wconf 84' lang='lat' dir='ltr'><strong>dicatur</strong></span> <span class='ocrx_word' id='word_1_147' title='bbox 1288 306 1336 332; x_wconf 90' lang='lat' dir='ltr'><strong>per</strong></span> <span class='ocrx_word' id='word_1_148' title='bbox 1362 306 1534 331; x_wconf 80' lang='lat' dir='ltr'><strong>mammona,</strong></span> <span class='ocrx_word' id='word_1_149' title='bbox 1551 299 1696 334; x_wconf 85' lang='lat' dir='ltr'><strong>respondet</strong></span> <span class='ocrx_word' id='word_1_150' title='bbox 1718 299 1776 327; x_wconf 84' lang='lat' dir='ltr'><strong>An-</strong></span> 
     </span>
    </p>
   </div>
   <div class='ocr_carea' id='block_1_21' title="bbox 989 345 1775 380">
    <p class='ocr_par' dir='ltr' id='par_1_21' title="bbox 989 345 1775 380">
     <span class='ocr_line' id='line_1_21' title="bbox 989 345 1775 380; baseline 0.001 -9"><span class='ocrx_word' id='word_1_151' title='bbox 989 345 1068 372; x_wconf 83' lang='lat' dir='ltr'><strong>dreas</strong></span> <span class='ocrx_word' id='word_1_152' title='bbox 1078 366 1085 378; x_wconf 89' lang='lat'><strong>,</strong></span> <span class='ocrx_word' id='word_1_153' title='bbox 1111 351 1144 372; x_wconf 89' lang='lat' dir='ltr'><strong>eo</strong></span> <span class='ocrx_word' id='word_1_154' title='bbox 1158 345 1267 371; x_wconf 71' lang='lat' dir='ltr'><strong>nomine</strong></span> <span class='ocrx_word' id='word_1_155' title='bbox 1279 345 1371 371; x_wconf 65' lang='lat' dir='ltr'><strong>Venire</strong></span> <span class='ocrx_word' id='word_1_156' title='bbox 1383 345 1554 379; x_wconf 82' lang='lat' dir='ltr'><strong>publicanos,</strong></span> <span class='ocrx_word' id='word_1_157' title='bbox 1571 353 1694 380; x_wconf 79' lang='lat' dir='ltr'><strong>rapaces,</strong></span> <span class='ocrx_word' id='word_1_158' title='bbox 1710 353 1775 372; x_wconf 79' lang='lat' dir='ltr'><strong>ava-</strong></span> 
     </span>
    </p>
   </div>
   <div class='ocr_carea' id='block_1_22' title="bbox 989 392 1776 426">
    <p class='ocr_par' dir='ltr' id='par_1_22' title="bbox 989 392 1776 426">
     <span class='ocr_line' id='line_1_22' title="bbox 989 392 1776 426; baseline 0.003 -9"><span class='ocrx_word' id='word_1_159' title='bbox 989 399 1052 422; x_wconf 85' lang='lat' dir='ltr'><strong>ros,</strong></span> <span class='ocrx_word' id='word_1_160' title='bbox 1075 398 1178 426; x_wconf 79' lang='lat' dir='ltr'><strong>eosque</strong></span> <span class='ocrx_word' id='word_1_161' title='bbox 1193 399 1298 422; x_wconf 81' lang='lat' dir='ltr'><strong>omnes,</strong></span> <span class='ocrx_word' id='word_1_162' title='bbox 1317 393 1363 426; x_wconf 89' lang='lat' dir='ltr'><strong>qui</strong></span> <span class='ocrx_word' id='word_1_163' title='bbox 1380 392 1524 418; x_wconf 77' lang='lat' dir='ltr'><strong>viduarum</strong></span> <span class='ocrx_word' id='word_1_164' title='bbox 1541 399 1572 418; x_wconf 86' lang='lat' dir='ltr'><strong>ac</strong></span> <span class='ocrx_word' id='word_1_165' title='bbox 1588 392 1776 426; x_wconf 85' lang='lat' dir='ltr'><strong>orphanorum</strong></span> 
     </span>
    </p>
   </div>
   <div class='ocr_carea' id='block_1_23' title="bbox 990 437 1776 472">
    <p class='ocr_par' dir='ltr' id='par_1_23' title="bbox 990 437 1776 472">
     <span class='ocr_line' id='line_1_23' title="bbox 990 437 1776 472; baseline 0.001 -9"><span class='ocrx_word' id='word_1_166' title='bbox 990 437 1132 464; x_wconf 84' lang='lat' dir='ltr'><strong>facultates</strong></span> <span class='ocrx_word' id='word_1_167' title='bbox 1149 437 1248 471; x_wconf 84' lang='lat' dir='ltr'><strong>injuste</strong></span> <span class='ocrx_word' id='word_1_168' title='bbox 1265 438 1393 464; x_wconf 79' lang='lat' dir='ltr'><strong>auferunt</strong></span> <span class='ocrx_word' id='word_1_169' title='bbox 1408 442 1434 464; x_wconf 92' lang='lat' dir='ltr'><strong>et</strong></span> <span class='ocrx_word' id='word_1_170' title='bbox 1450 438 1608 467; x_wconf 83' lang='lat' dir='ltr'><strong>absumunt.</strong></span> <span class='ocrx_word' id='word_1_171' title='bbox 1623 438 1711 472; x_wconf 86' lang='lat' dir='ltr'><strong>iisque</strong></span> <span class='ocrx_word' id='word_1_172' title='bbox 1725 439 1776 465; x_wconf 83' lang='lat' dir='ltr'><strong>sibi</strong></span> 
     </span>
    </p>
   </div>
   <div class='ocr_carea' id='block_1_24' title="bbox 989 481 1776 517">
    <p class='ocr_par' dir='ltr' id='par_1_24' title="bbox 989 481 1776 517">
     <span class='ocr_line' id='line_1_24' title="bbox 989 481 1776 517; baseline 0 -9"><span class='ocrx_word' id='word_1_173' title='bbox 989 482 1134 517; x_wconf 75' lang='lat' dir='ltr'><strong>dignitates</strong></span> <span class='ocrx_word' id='word_1_174' title='bbox 1156 488 1237 517; x_wconf 77' lang='lat' dir='ltr'><strong>atque</strong></span> <span class='ocrx_word' id='word_1_175' title='bbox 1261 483 1374 516; x_wconf 62' lang='lat' dir='ltr'><strong>impr-ria</strong></span> <span class='ocrx_word' id='word_1_176' title='bbox 1396 488 1564 517; x_wconf 82' lang='lat' dir='ltr'><strong>comparant.</strong></span> <span class='ocrx_word' id='word_1_177' title='bbox 1591 481 1670 509; x_wconf 82' lang='lat' dir='ltr'><strong>Venit</strong></span> <span class='ocrx_word' id='word_1_178' title='bbox 1694 483 1776 509; x_wconf 80' lang='lat' dir='ltr'><strong>etiam</strong></span> 
     </span>
    </p>
   </div>
   <div class='ocr_carea' id='block_1_25' title="bbox 989 528 1778 563">
    <p class='ocr_par' dir='ltr' id='par_1_25' title="bbox 989 528 1778 563">
     <span class='ocr_line' id='line_1_25' title="bbox 989 528 1778 563; baseline -0.001 -8"><span class='ocrx_word' id='word_1_179' title='bbox 989 532 1083 556; x_wconf 85' lang='lat' dir='ltr'><strong>eodem</strong></span> <span class='ocrx_word' id='word_1_180' title='bbox 1106 530 1216 557; x_wconf 90' lang='lat' dir='ltr'><strong>nomine</strong></span> <span class='ocrx_word' id='word_1_181' title='bbox 1234 530 1339 556; x_wconf 74' lang='grc' dir='ltr'>(Ιιιιιιιοιι</span> <span class='ocrx_word' id='word_1_182' title='bbox 1365 530 1506 558; x_wconf 63' lang='lat' dir='ltr'><strong>avaritiae.</strong></span> <span class='ocrx_word' id='word_1_183' title='bbox 1533 528 1580 563; x_wconf 87' lang='lat' dir='ltr'><strong>qui</strong></span> <span class='ocrx_word' id='word_1_184' title='bbox 1606 528 1715 555; x_wconf 86' lang='lat' dir='ltr'><strong>sordida</strong></span> <span class='ocrx_word' id='word_1_185' title='bbox 1734 529 1778 554; x_wconf 78' lang='lat' dir='ltr'><strong>di-</strong></span> 
     </span>
    </p>
   </div>
   <div class='ocr_carea' id='block_1_26' title="bbox 989 574 1777 610">
    <p class='ocr_par' dir='ltr' id='par_1_26' title="bbox 989 574 1777 610">
     <span class='ocr_line' id='line_1_26' title="bbox 989 574 1777 610; baseline 0 -10"><span class='ocrx_word' id='word_1_186' title='bbox 989 575 1117 601; x_wconf 55' lang='lat' dir='ltr'><strong>vitiarum</strong></span> <span class='ocrx_word' id='word_1_187' title='bbox 1146 574 1296 610; x_wconf 77' lang='lat' dir='ltr'><strong>cupiditate</strong></span> <span class='ocrx_word' id='word_1_188' title='bbox 1321 576 1446 602; x_wconf 67' lang='lat' dir='ltr'><strong>homines</strong></span> <span class='ocrx_word' id='word_1_189' title='bbox 1473 575 1636 601; x_wconf 84' lang='lat' dir='ltr'><strong>inﬂammat.</strong></span> <span class='ocrx_word' id='word_1_190' title='bbox 1659 574 1777 600; x_wconf 76' lang='lat' dir='ltr'><strong>Rursum</strong></span> 
     </span>
    </p>
   </div>
   <div class='ocr_carea' id='block_1_27' title="bbox 989 619 1778 656">
    <p class='ocr_par' dir='ltr' id='par_1_27' title="bbox 989 619 1778 656">
     <span class='ocr_line' id='line_1_27' title="bbox 989 619 1778 656; baseline -0.001 -10"><span class='ocrx_word' id='word_1_191' title='bbox 989 622 1121 654; x_wconf 78' lang='lat' dir='ltr'><strong>qnzerenti</strong></span> <span class='ocrx_word' id='word_1_192' title='bbox 1139 621 1299 655; x_wconf 82' lang='lat' dir='ltr'><strong>Epiphanio,</strong></span> <span class='ocrx_word' id='word_1_193' title='bbox 1323 621 1370 656; x_wconf 83' lang='lat' dir='ltr'><strong>qui</strong></span> <span class='ocrx_word' id='word_1_194' title='bbox 1390 625 1462 647; x_wconf 75' lang='lat' dir='ltr'><strong>esset</strong></span> <span class='ocrx_word' id='word_1_195' title='bbox 1479 620 1684 654; x_wconf 74' lang='lat' dir='ltr'><strong>intelligendum</strong></span> <span class='ocrx_word' id='word_1_196' title='bbox 1708 619 1778 645; x_wconf 78' lang='lat' dir='ltr'><strong>istud</strong></span> 
     </span>
    </p>
   </div>
   <div class='ocr_carea' id='block_1_28' title="bbox 989 665 1779 695">
    <p class='ocr_par' dir='ltr' id='par_1_28' title="bbox 989 665 1779 695">
     <span class='ocr_line' id='line_1_28' title="bbox 989 665 1779 695; baseline -0.006 -2"><span class='ocrx_word' id='word_1_197' title='bbox 989 665 1140 695; x_wconf 70' lang='lat' dir='ltr'><strong>Psalmistte</strong></span> <span class='ocrx_word' id='word_1_198' title='bbox 1159 667 1299 694; x_wconf 84' lang='lat' dir='ltr'><strong>oraculum</strong></span> <span class='ocrx_word' id='word_1_199' title='bbox 1318 674 1324 693; x_wconf 89' lang='lat'>:</span> <span class='ocrx_word' id='word_1_200' title='bbox 1346 676 1356 692; x_wconf 85' lang='grc' dir='ltr'><strong>ι</strong></span> <span class='ocrx_word' id='word_1_201' title='bbox 1377 666 1436 693; x_wconf 84' lang='lat' dir='ltr'><strong>Filii</strong></span> <span class='ocrx_word' id='word_1_202' title='bbox 1454 667 1491 692; x_wconf 91' lang='lat' dir='ltr'><strong>tui</strong></span> <span class='ocrx_word' id='word_1_203' title='bbox 1509 666 1579 692; x_wconf 85' lang='lat' dir='ltr'><strong>sicut</strong></span> <span class='ocrx_word' id='word_1_204' title='bbox 1601 665 1713 691; x_wconf 68' lang='lat' dir='ltr'><strong>nove-lim</strong></span> <span class='ocrx_word' id='word_1_205' title='bbox 1729 665 1779 689; x_wconf 86' lang='lat' dir='ltr'><strong>oli-</strong></span> 
     </span>
    </p>
   </div>
   <div class='ocr_carea' id='block_1_29' title="bbox 989 711 1779 743">
    <p class='ocr_par' dir='ltr' id='par_1_29' title="bbox 989 711 1779 743">
     <span class='ocr_line' id='line_1_29' title="bbox 989 711 1779 743; baseline -0.005 -4"><span class='ocrx_word' id='word_1_206' title='bbox 989 720 1084 740; x_wconf 84' lang='lat' dir='ltr'><strong>varum</strong></span> <span class='ocrx_word' id='word_1_207' title='bbox 1112 713 1138 740; x_wconf 90' lang='lat' dir='ltr'><strong>in</strong></span> <span class='ocrx_word' id='word_1_208' title='bbox 1165 713 1282 740; x_wconf 90' lang='lat' dir='ltr'><strong>circuitu</strong></span> <span class='ocrx_word' id='word_1_209' title='bbox 1304 720 1406 739; x_wconf 68' lang='lat' dir='ltr'><strong>mensa:</strong></span> <span class='ocrx_word' id='word_1_210' title='bbox 1434 717 1486 739; x_wconf 62' lang='lat' dir='ltr'><strong>tua:</strong></span> <span class='ocrx_word' id='word_1_211' title='bbox 1503 712 1536 743; x_wconf 77' lang='lat'><strong>“,</strong></span> <span class='ocrx_word' id='word_1_212' title='bbox 1557 721 1566 737; x_wconf 84' lang='grc' dir='ltr'><strong>ι</strong></span> <span class='ocrx_word' id='word_1_213' title='bbox 1588 718 1698 737; x_wconf 81' lang='lat' dir='ltr'><strong>rursum</strong></span> <span class='ocrx_word' id='word_1_214' title='bbox 1727 711 1779 736; x_wconf 85' lang='lat' dir='ltr'><strong>tale</strong></span> 
     </span>
    </p>
   </div>
   <div class='ocr_carea' id='block_1_30' title="bbox 990 757 1778 793">
    <p class='ocr_par' dir='ltr' id='par_1_30' title="bbox 990 757 1778 793">
     <span class='ocr_line' id='line_1_30' title="bbox 990 757 1778 793; baseline -0.003 -9"><span class='ocrx_word' id='word_1_215' title='bbox 990 766 1151 793; x_wconf 77' lang='lat' dir='ltr'><strong>responsum</strong></span> <span class='ocrx_word' id='word_1_216' title='bbox 1170 759 1244 786; x_wconf 87' lang='lat' dir='ltr'><strong>dedit</strong></span> <span class='ocrx_word' id='word_1_217' title='bbox 1263 759 1358 786; x_wconf 81' lang='lat' dir='ltr'><strong>beatus</strong></span> <span class='ocrx_word' id='word_1_218' title='bbox 1382 759 1503 785; x_wconf 85' lang='lat' dir='ltr'><strong>Andreas</strong></span> <span class='ocrx_word' id='word_1_219' title='bbox 1525 767 1532 785; x_wconf 89' lang='lat'>:</span> <span class='ocrx_word' id='word_1_220' title='bbox 1554 757 1641 784; x_wconf 83' lang='lat' dir='ltr'><strong>Flecte</strong></span> <span class='ocrx_word' id='word_1_221' title='bbox 1664 757 1778 787; x_wconf 87' lang='lat' dir='ltr'><strong>oculos,</strong></span> 
     </span>
    </p>
   </div>
   <div class='ocr_carea' id='block_1_31' title="bbox 989 803 1778 837">
    <p class='ocr_par' dir='ltr' id='par_1_31' title="bbox 989 803 1778 837">
     <span class='ocr_line' id='line_1_31' title="bbox 989 803 1778 837; baseline -0.004 -5"><span class='ocrx_word' id='word_1_222' title='bbox 989 805 1169 837; x_wconf 85' lang='lat' dir='ltr'><strong>charissime,</strong></span> <span class='ocrx_word' id='word_1_223' title='bbox 1193 814 1255 833; x_wconf 92' lang='lat' dir='ltr'><strong>cum</strong></span> <span class='ocrx_word' id='word_1_224' title='bbox 1277 810 1482 833; x_wconf 83' lang='lat' dir='ltr'><strong>sacrosanctum</strong></span> <span class='ocrx_word' id='word_1_225' title='bbox 1500 805 1590 832; x_wconf 70' lang='lat' dir='ltr'><strong>missa:</strong></span> <span class='ocrx_word' id='word_1_226' title='bbox 1613 803 1778 831; x_wconf 81' lang='lat' dir='ltr'><strong>sarriticinm</strong></span> 
     </span>
    </p>
   </div>
   <div class='ocr_carea' id='block_1_32' title="bbox 989 847 1780 885">
    <p class='ocr_par' dir='ltr' id='par_1_32' title="bbox 989 847 1780 885">
     <span class='ocr_line' id='line_1_32' title="bbox 989 847 1780 885; baseline -0.005 -8"><span class='ocrx_word' id='word_1_227' title='bbox 989 851 1148 885; x_wconf 76' lang='lat' dir='ltr'><strong>peragitur.</strong></span> <span class='ocrx_word' id='word_1_228' title='bbox 1163 851 1196 878; x_wconf 90' lang='lat' dir='ltr'><strong>ad</strong></span> <span class='ocrx_word' id='word_1_229' title='bbox 1214 859 1321 878; x_wconf 80' lang='lat' dir='ltr'><strong>sacrum</strong></span> <span class='ocrx_word' id='word_1_230' title='bbox 1337 851 1438 882; x_wconf 80' lang='lat' dir='ltr'><strong>altare;</strong></span> <span class='ocrx_word' id='word_1_231' title='bbox 1456 855 1481 877; x_wconf 82' lang='lat' dir='ltr'><strong>et</strong></span> <span class='ocrx_word' id='word_1_232' title='bbox 1500 850 1605 884; x_wconf 80' lang='lat' dir='ltr'><strong>respice</strong></span> <span class='ocrx_word' id='word_1_233' title='bbox 1619 849 1645 875; x_wconf 92' lang='lat' dir='ltr'><strong>in</strong></span> <span class='ocrx_word' id='word_1_234' title='bbox 1661 847 1780 876; x_wconf 84' lang='lat' dir='ltr'><strong>circuitu</strong></span> 
     </span>
    </p>
   </div>
   <div class='ocr_carea' id='block_1_33' title="bbox 991 893 1781 932">
    <p class='ocr_par' dir='ltr' id='par_1_33' title="bbox 991 893 1781 932">
     <span class='ocr_line' id='line_1_33' title="bbox 991 893 1781 932; baseline -0.006 -9"><span class='ocrx_word' id='word_1_235' title='bbox 991 904 1093 924; x_wconf 72' lang='lat' dir='ltr'><strong>mensa:</strong></span> <span class='ocrx_word' id='word_1_236' title='bbox 1115 897 1185 924; x_wconf 84' lang='lat' dir='ltr'><strong>[ilius</strong></span> <span class='ocrx_word' id='word_1_237' title='bbox 1209 897 1274 928; x_wconf 90' lang='lat' dir='ltr'><strong>Dei,</strong></span> <span class='ocrx_word' id='word_1_238' title='bbox 1293 897 1466 932; x_wconf 81' lang='lat' dir='ltr'><strong>lampadibus</strong></span> <span class='ocrx_word' id='word_1_239' title='bbox 1488 896 1649 926; x_wconf 80' lang='lat' dir='ltr'><strong>instructos,</strong></span> <span class='ocrx_word' id='word_1_240' title='bbox 1676 893 1714 919; x_wconf 89' lang='lat' dir='ltr'><strong>uti</strong></span> <span class='ocrx_word' id='word_1_241' title='bbox 1731 900 1781 919; x_wconf 90' lang='lat' dir='ltr'><strong>no-</strong></span> 
     </span>
    </p>
   </div>
   <div class='ocr_carea' id='block_1_34' title="bbox 989 939 1780 972">
    <p class='ocr_par' dir='ltr' id='par_1_34' title="bbox 989 939 1780 972">
     <span class='ocr_line' id='line_1_34' title="bbox 989 939 1780 972; baseline -0.004 -5"><span class='ocrx_word' id='word_1_242' title='bbox 989 942 1074 969; x_wconf 84' lang='lat' dir='ltr'><strong>vellas</strong></span> <span class='ocrx_word' id='word_1_243' title='bbox 1098 942 1232 969; x_wconf 83' lang='lat' dir='ltr'><strong>olivarum</strong></span> <span class='ocrx_word' id='word_1_244' title='bbox 1257 942 1284 968; x_wconf 92' lang='lat' dir='ltr'><strong>in</strong></span> <span class='ocrx_word' id='word_1_245' title='bbox 1312 942 1389 968; x_wconf 81' lang='lat' dir='ltr'><strong>vinea</strong></span> <span class='ocrx_word' id='word_1_246' title='bbox 1415 941 1616 972; x_wconf 81' lang='lat' dir='ltr'><strong>consistentes;</strong></span> <span class='ocrx_word' id='word_1_247' title='bbox 1643 946 1709 971; x_wconf 87' lang='lat' dir='ltr'><strong>eos,</strong></span> <span class='ocrx_word' id='word_1_248' title='bbox 1736 939 1780 964; x_wconf 83' lang='lat' dir='ltr'><strong>in-</strong></span> 
     </span>
    </p>
   </div>
   <div class='ocr_carea' id='block_1_35' title="bbox 149 986 1767 1023">
    <p class='ocr_par' dir='ltr' id='par_1_35' title="bbox 149 986 1767 1023">
     <span class='ocr_line' id='line_1_35' title="bbox 149 986 1767 1023; baseline 0.001 -12"><span class='ocrx_word' id='word_1_249' title='bbox 149 993 248 1019; x_wconf 81' lang='lat' dir='ltr'><strong>quant,</strong></span> <span class='ocrx_word' id='word_1_250' title='bbox 266 986 312 1021; x_wconf 86' lang='lat' dir='ltr'><strong>qui</strong></span> <span class='ocrx_word' id='word_1_251' title='bbox 331 991 454 1013; x_wconf 86' lang='lat' dir='ltr'><strong>recenter</strong></span> <span class='ocrx_word' id='word_1_252' title='bbox 468 995 516 1022; x_wconf 87' lang='lat' dir='ltr'><strong>per</strong></span> <span class='ocrx_word' id='word_1_253' title='bbox 531 995 642 1015; x_wconf 79' lang='lat' dir='ltr'><strong>sacrum</strong></span> <span class='ocrx_word' id='word_1_254' title='bbox 660 988 795 1022; x_wconf 84' lang='lat' dir='ltr'><strong>baptisma</strong></span> <span class='ocrx_word' id='word_1_255' title='bbox 817 992 939 1022; x_wconf 82' lang='lat' dir='ltr'><strong>tempore</strong></span> <span class='ocrx_word' id='word_1_256' title='bbox 958 989 1087 1016; x_wconf 79' lang='lat' dir='ltr'><strong>sacriﬁcii</strong></span> <span class='ocrx_word' id='word_1_257' title='bbox 1102 989 1198 1021; x_wconf 85' lang='lat' dir='ltr'><strong>divini,</strong></span> <span class='ocrx_word' id='word_1_258' title='bbox 1217 990 1304 1016; x_wconf 86' lang='lat' dir='ltr'><strong>instar</strong></span> <span class='ocrx_word' id='word_1_259' title='bbox 1335 989 1489 1023; x_wconf 85' lang='lat' dir='ltr'><strong>plantarum</strong></span> <span class='ocrx_word' id='word_1_260' title='bbox 1520 987 1767 1022; x_wconf 82' lang='lat' dir='ltr'><strong>pulcherrimarum</strong></span> 
     </span>
    </p>
   </div>
   <div class='ocr_carea' id='block_1_36' title="bbox 150 1033 1780 1070">
    <p class='ocr_par' dir='ltr' id='par_1_36' title="bbox 150 1033 1780 1070">
     <span class='ocr_line' id='line_1_36' title="bbox 150 1033 1780 1070; baseline -0.001 -11"><span class='ocrx_word' id='word_1_261' title='bbox 150 1033 274 1060; x_wconf 77' lang='lat' dir='ltr'><strong>translati</strong></span> <span class='ocrx_word' id='word_1_262' title='bbox 303 1033 414 1061; x_wconf 77' lang='lat' dir='ltr'><strong>fuerunt</strong></span> <span class='ocrx_word' id='word_1_263' title='bbox 436 1042 450 1061; x_wconf 89' lang='lat' dir='ltr'><strong>a</strong></span> <span class='ocrx_word' id='word_1_264' title='bbox 479 1034 598 1062; x_wconf 84' lang='lat' dir='ltr'><strong>tenebris</strong></span> <span class='ocrx_word' id='word_1_265' title='bbox 625 1034 657 1061; x_wconf 87' lang='lat' dir='ltr'><strong>ad</strong></span> <span class='ocrx_word' id='word_1_266' title='bbox 683 1035 782 1062; x_wconf 84' lang='lat' dir='ltr'><strong>lucem.</strong></span> <span class='ocrx_word' id='word_1_267' title='bbox 804 1034 843 1061; x_wconf 90' lang='lat' dir='ltr'><strong>Illi</strong></span> <span class='ocrx_word' id='word_1_268' title='bbox 868 1035 940 1062; x_wconf 88' lang='lat' dir='ltr'><strong>enim</strong></span> <span class='ocrx_word' id='word_1_269' title='bbox 959 1040 1032 1068; x_wconf 88' lang='lat' dir='ltr'><strong>sunt,</strong></span> <span class='ocrx_word' id='word_1_270' title='bbox 1050 1043 1119 1070; x_wconf 91' lang='lat' dir='ltr'><strong>quos</strong></span> <span class='ocrx_word' id='word_1_271' title='bbox 1151 1035 1244 1062; x_wconf 84' lang='lat' dir='ltr'><strong>animo</strong></span> <span class='ocrx_word' id='word_1_272' title='bbox 1259 1035 1387 1063; x_wconf 85' lang='lat' dir='ltr'><strong>versabat</strong></span> <span class='ocrx_word' id='word_1_273' title='bbox 1408 1034 1565 1069; x_wconf 78' lang='lat' dir='ltr'><strong>Propheta,</strong></span> <span class='ocrx_word' id='word_1_274' title='bbox 1589 1041 1650 1060; x_wconf 92' lang='lat' dir='ltr'><strong>cum</strong></span> <span class='ocrx_word' id='word_1_275' title='bbox 1681 1039 1780 1059; x_wconf 85' lang='lat' dir='ltr'><strong>oracu-</strong></span> 
     </span>
    </p>
   </div>
   <div class='ocr_carea' id='block_1_37' title="bbox 149 1080 437 1114">
    <p class='ocr_par' dir='ltr' id='par_1_37' title="bbox 149 1080 437 1114">
     <span class='ocr_line' id='line_1_37' title="bbox 149 1080 437 1114; baseline 0.003 -8"><span class='ocrx_word' id='word_1_276' title='bbox 149 1080 204 1106; x_wconf 90' lang='lat' dir='ltr'><strong>lum</strong></span> <span class='ocrx_word' id='word_1_277' title='bbox 222 1081 294 1107; x_wconf 87' lang='lat' dir='ltr'><strong>istud</strong></span> <span class='ocrx_word' id='word_1_278' title='bbox 315 1080 437 1114; x_wconf 85' lang='lat' dir='ltr'><strong>protulit.</strong></span> 
     </span>
    </p>
   </div>
   <div class='ocr_carea' id='block_1_38' title="bbox 185 1125 978 1164">
    <p class='ocr_par' dir='ltr' id='par_1_38' title="bbox 185 1125 978 1164">
     <span class='ocr_line' id='line_1_38' title="bbox 185 1125 978 1164; baseline 0.001 -11"><span class='ocrx_word' id='word_1_279' title='bbox 185 1131 260 1162; x_wconf 88' lang='grc' dir='ltr'>ρπγ’.</span> <span class='ocrx_word' id='word_1_280' title='bbox 282 1128 441 1162; x_wconf 77' lang='grc' dir='ltr'>Ἐπιφάνιος</span> <span class='ocrx_word' id='word_1_281' title='bbox 464 1125 542 1154; x_wconf 82' lang='grc' dir='ltr'>εἶπεν</span> <span class='ocrx_word' id='word_1_282' title='bbox 554 1135 561 1144; x_wconf 89' lang='grc'><strong>·</strong></span> <span class='ocrx_word' id='word_1_283' title='bbox 579 1129 645 1154; x_wconf 82' lang='grc' dir='ltr'>Τίνα</span> <span class='ocrx_word' id='word_1_284' title='bbox 668 1129 816 1164; x_wconf 79' lang='grc' dir='ltr'>ἑρμηνείαν</span> <span class='ocrx_word' id='word_1_285' title='bbox 841 1128 896 1164; x_wconf 78' lang='grc' dir='ltr'>ἔχει</span> <span class='ocrx_word' id='word_1_286' title='bbox 909 1129 940 1154; x_wconf 84' lang='grc' dir='ltr'><strong>τὺ</strong></span> <span class='ocrx_word' id='word_1_287' title='bbox 956 1131 978 1160; x_wconf 80' lang='grc' dir='ltr'>Β</span> 
     </span>
    </p>
   </div>
   <div class='ocr_carea' id='block_1_39' title="bbox 149 1173 939 1209">
    <p class='ocr_par' dir='ltr' id='par_1_39' title="bbox 149 1173 939 1209">
     <span class='ocr_line' id='line_1_39' title="bbox 149 1173 939 1209; baseline 0.001 -10"><span class='ocrx_word' id='word_1_288' title='bbox 149 1173 201 1200; x_wconf 75' lang='grc' dir='ltr'><strong>ὑπὸ</strong></span> <span class='ocrx_word' id='word_1_289' title='bbox 221 1173 268 1200; x_wconf 80' lang='grc' dir='ltr'>τοῦ</span> <span class='ocrx_word' id='word_1_290' title='bbox 294 1174 406 1200; x_wconf 79' lang='grc' dir='ltr'>Ἡσαΐου</span> <span class='ocrx_word' id='word_1_291' title='bbox 430 1175 594 1209; x_wconf 68' lang='grc' dir='ltr'>είρημένονυ</span> <span class='ocrx_word' id='word_1_292' title='bbox 615 1183 624 1199; x_wconf 80' lang='grc' dir='ltr'><strong>ι</strong></span> <span class='ocrx_word' id='word_1_293' title='bbox 642 1175 673 1201; x_wconf 81' lang='grc' dir='ltr'>Οί</span> <span class='ocrx_word' id='word_1_294' title='bbox 696 1174 724 1200; x_wconf 74' lang='grc' dir='ltr'>δὲ</span> <span class='ocrx_word' id='word_1_295' title='bbox 749 1173 842 1209; x_wconf 74' lang='grc' dir='ltr'>νεκροὶ</span> <span class='ocrx_word' id='word_1_296' title='bbox 865 1173 939 1208; x_wconf 80' lang='grc' dir='ltr'>ζωὴν</span> 
     </span>
    </p>
   </div>
   <div class='ocr_carea' id='block_1_40' title="bbox 149 1219 935 1255">
    <p class='ocr_par' dir='ltr' id='par_1_40' title="bbox 149 1219 935 1255">
     <span class='ocr_line' id='line_1_40' title="bbox 149 1219 935 1255; baseline -0.001 -10"><span class='ocrx_word' id='word_1_297' title='bbox 149 1220 177 1246; x_wconf 74' lang='grc' dir='ltr'>οὐ</span> <span class='ocrx_word' id='word_1_298' title='bbox 194 1220 231 1254; x_wconf 82' lang='grc' dir='ltr'><strong>μὴ</strong></span> <span class='ocrx_word' id='word_1_299' title='bbox 250 1219 351 1251; x_wconf 75' lang='grc' dir='ltr'>ἴδωσιν,</span> <span class='ocrx_word' id='word_1_300' title='bbox 375 1219 435 1246; x_wconf 71' lang='grc' dir='ltr'>οὐδὲ</span> <span class='ocrx_word' id='word_1_301' title='bbox 464 1220 554 1254; x_wconf 78' lang='grc' dir='ltr'>ἰατροὶ</span> <span class='ocrx_word' id='word_1_302' title='bbox 585 1221 615 1246; x_wconf 86' lang='grc' dir='ltr'>οὐ</span> <span class='ocrx_word' id='word_1_303' title='bbox 637 1221 674 1255; x_wconf 82' lang='grc' dir='ltr'><strong>μὴ</strong></span> <span class='ocrx_word' id='word_1_304' title='bbox 693 1220 905 1254; x_wconf 72' lang='grc' dir='ltr'>ἀναστήσωσινς</span> <span class='ocrx_word' id='word_1_305' title='bbox 926 1228 935 1244; x_wconf 78' lang='grc' dir='ltr'><strong>ι</strong></span> 
     </span>
    </p>
   </div>
   <div class='ocr_carea' id='block_1_41' title="bbox 152 1256 936 1300">
    <p class='ocr_par' dir='ltr' id='par_1_41' title="bbox 152 1256 936 1300">
     <span class='ocr_line' id='line_1_41' title="bbox 152 1256 936 1300; baseline 0 -9"><span class='ocrx_word' id='word_1_306' title='bbox 152 1265 281 1300; x_wconf 75' lang='grc' dir='ltr'>Ὶσχυρῶς</span> <span class='ocrx_word' id='word_1_307' title='bbox 297 1265 352 1300; x_wconf 80' lang='grc' dir='ltr'><strong>γὰρ</strong></span> <span class='ocrx_word' id='word_1_308' title='bbox 370 1266 436 1300; x_wconf 80' lang='grc' dir='ltr'>ἡμῖν</span> <span class='ocrx_word' id='word_1_309' title='bbox 454 1256 756 1300; x_wconf 75' lang='grc' dir='ltr'>πείθουσινάίρετικῶν</span> <span class='ocrx_word' id='word_1_310' title='bbox 771 1265 876 1296; x_wconf 77' lang='grc' dir='ltr'>παῖδες,</span> <span class='ocrx_word' id='word_1_311' title='bbox 892 1265 936 1291; x_wconf 80' lang='grc' dir='ltr'><strong>λέ-</strong></span> 
     </span>
    </p>
   </div>
   <div class='ocr_carea' id='block_1_42' title="bbox 148 1310 936 1346">
    <p class='ocr_par' dir='ltr' id='par_1_42' title="bbox 148 1310 936 1346">
     <span class='ocr_line' id='line_1_42' title="bbox 148 1310 936 1346; baseline 0 -10"><span class='ocrx_word' id='word_1_312' title='bbox 148 1319 241 1345; x_wconf 83' lang='grc' dir='ltr'>γοντες</span> <span class='ocrx_word' id='word_1_313' title='bbox 267 1311 304 1346; x_wconf 83' lang='grc' dir='ltr'><strong>μὴ</strong></span> <span class='ocrx_word' id='word_1_314' title='bbox 327 1310 398 1337; x_wconf 79' lang='grc' dir='ltr'>εἶναι</span> <span class='ocrx_word' id='word_1_315' title='bbox 435 1312 586 1338; x_wconf 78' lang='grc' dir='ltr'>ἀνάστασιν</span> <span class='ocrx_word' id='word_1_316' title='bbox 611 1310 727 1345; x_wconf 78' lang='grc' dir='ltr'>νεκρῶν.</span> <span class='ocrx_word' id='word_1_317' title='bbox 748 1311 776 1337; x_wconf 84' lang='lat'><strong>&#39;0</strong></span> <span class='ocrx_word' id='word_1_318' title='bbox 792 1311 936 1345; x_wconf 70' lang='grc' dir='ltr'>Μακάριος</span> 
     </span>
    </p>
   </div>
   <div class='ocr_carea' id='block_1_43' title="bbox 148 1356 935 1392">
    <p class='ocr_par' dir='ltr' id='par_1_43' title="bbox 148 1356 935 1392">
     <span class='ocr_line' id='line_1_43' title="bbox 148 1356 935 1392; baseline 0 -9"><span class='ocrx_word' id='word_1_319' title='bbox 148 1357 219 1390; x_wconf 79' lang='grc' dir='ltr'>λέγει</span> <span class='ocrx_word' id='word_1_320' title='bbox 234 1365 240 1372; x_wconf 94' lang='grc'><strong>·</strong></span> <span class='ocrx_word' id='word_1_321' title='bbox 263 1356 292 1383; x_wconf 86' lang='grc'><strong>’0</strong></span> <span class='ocrx_word' id='word_1_322' title='bbox 308 1357 376 1388; x_wconf 73' lang='grc' dir='ltr'>Ζεὺς</span> <span class='ocrx_word' id='word_1_323' title='bbox 390 1358 436 1384; x_wconf 75' lang='grc' dir='ltr'>καὶ</span> <span class='ocrx_word' id='word_1_324' title='bbox 455 1357 603 1390; x_wconf 82' lang='grc' dir='ltr'>Ἀπόλλων,</span> <span class='ocrx_word' id='word_1_325' title='bbox 620 1357 667 1383; x_wconf 78' lang='grc' dir='ltr'><strong>καὶ</strong></span> <span class='ocrx_word' id='word_1_326' title='bbox 688 1358 702 1383; x_wconf 89' lang='lat'><strong>6</strong></span> <span class='ocrx_word' id='word_1_327' title='bbox 722 1357 836 1392; x_wconf 76' lang='grc' dir='ltr'>Ἑρμῆς,</span> <span class='ocrx_word' id='word_1_328' title='bbox 860 1357 907 1383; x_wconf 72' lang='grc' dir='ltr'><strong>καὶ</strong></span> <span class='ocrx_word' id='word_1_329' title='bbox 921 1358 935 1383; x_wconf 87' lang='lat'><strong>6</strong></span> 
     </span>
    </p>
   </div>
   <div class='ocr_carea' id='block_1_44' title="bbox 148 1402 935 1438">
    <p class='ocr_par' dir='ltr' id='par_1_44' title="bbox 148 1402 935 1438">
     <span class='ocr_line' id='line_1_44' title="bbox 148 1402 935 1438; baseline 0 -9"><span class='ocrx_word' id='word_1_330' title='bbox 148 1403 260 1437; x_wconf 61' lang='grc' dir='ltr'>Κρόνος,</span> <span class='ocrx_word' id='word_1_331' title='bbox 280 1402 296 1437; x_wconf 81' lang='grc' dir='ltr'><strong>ἡ</strong></span> <span class='ocrx_word' id='word_1_332' title='bbox 313 1403 388 1438; x_wconf 77' lang='grc' dir='ltr'>Ἥρα</span> <span class='ocrx_word' id='word_1_333' title='bbox 403 1403 450 1429; x_wconf 77' lang='grc' dir='ltr'>καὶ</span> <span class='ocrx_word' id='word_1_334' title='bbox 475 1403 492 1438; x_wconf 86' lang='grc' dir='ltr'><strong>ἡ</strong></span> <span class='ocrx_word' id='word_1_335' title='bbox 509 1404 652 1438; x_wconf 73' lang='grc' dir='ltr'>Ἄρτεμις,</span> <span class='ocrx_word' id='word_1_336' title='bbox 672 1403 720 1429; x_wconf 79' lang='grc' dir='ltr'>καὶ</span> <span class='ocrx_word' id='word_1_337' title='bbox 744 1403 798 1434; x_wconf 81' lang='grc' dir='ltr'><strong>πᾶς</strong></span> <span class='ocrx_word' id='word_1_338' title='bbox 813 1403 826 1428; x_wconf 90' lang='lat'><strong>6</strong></span> <span class='ocrx_word' id='word_1_339' title='bbox 848 1402 935 1429; x_wconf 75' lang='grc' dir='ltr'>κατάο</span> 
     </span>
    </p>
   </div>
   <div class='ocr_carea' id='block_1_45' title="bbox 148 1447 932 1484">
    <p class='ocr_par' dir='ltr' id='par_1_45' title="bbox 148 1447 932 1484">
     <span class='ocr_line' id='line_1_45' title="bbox 148 1447 932 1484; baseline 0.001 -11"><span class='ocrx_word' id='word_1_340' title='bbox 148 1447 224 1481; x_wconf 68' lang='grc' dir='ltr'>λογςς</span> <span class='ocrx_word' id='word_1_341' title='bbox 239 1448 294 1474; x_wconf 86' lang='grc' dir='ltr'><strong>τῶν</strong></span> <span class='ocrx_word' id='word_1_342' title='bbox 307 1448 434 1479; x_wconf 84' lang='grc' dir='ltr'>ειὸὡλων,</span> <span class='ocrx_word' id='word_1_343' title='bbox 449 1449 541 1482; x_wconf 84' lang='grc' dir='ltr'>νεκροὶ</span> <span class='ocrx_word' id='word_1_344' title='bbox 557 1448 736 1484; x_wconf 81' lang='grc' dir='ltr'>ὀνομάζονται</span> <span class='ocrx_word' id='word_1_345' title='bbox 752 1448 799 1475; x_wconf 78' lang='grc' dir='ltr'>καὶ</span> <span class='ocrx_word' id='word_1_346' title='bbox 819 1447 932 1482; x_wconf 76' lang='grc' dir='ltr'>τυφλοί·</span> 
     </span>
    </p>
   </div>
   <div class='ocr_carea' id='block_1_46' title="bbox 147 1493 934 1529">
    <p class='ocr_par' dir='ltr' id='par_1_46' title="bbox 147 1493 934 1529">
     <span class='ocr_line' id='line_1_46' title="bbox 147 1493 934 1529; baseline 0.001 -10"><span class='ocrx_word' id='word_1_347' title='bbox 147 1493 256 1525; x_wconf 71' lang='grc' dir='ltr'>τοίτους</span> <span class='ocrx_word' id='word_1_348' title='bbox 271 1495 325 1528; x_wconf 68' lang='grc' dir='ltr'><strong>γὰρ</strong></span> <span class='ocrx_word' id='word_1_349' title='bbox 349 1494 463 1529; x_wconf 67' lang='grc' dir='ltr'>νεκροὺς</span> <span class='ocrx_word' id='word_1_350' title='bbox 491 1494 622 1521; x_wconf 80' lang='grc' dir='ltr'>ἀποκαλεῖ</span> <span class='ocrx_word' id='word_1_351' title='bbox 642 1495 656 1520; x_wconf 86' lang='grc' dir='ltr'><strong>ὁ</strong></span> <span class='ocrx_word' id='word_1_352' title='bbox 673 1494 819 1529; x_wconf 78' lang='grc' dir='ltr'>Προφήτης</span> <span class='ocrx_word' id='word_1_353' title='bbox 832 1501 839 1509; x_wconf 78' lang='grc' dir='ltr'><strong>ο</strong></span> <span class='ocrx_word' id='word_1_354' title='bbox 866 1493 934 1520; x_wconf 83' lang='grc' dir='ltr'>λίθοι</span> 
     </span>
    </p>
   </div>
   <div class='ocr_carea' id='block_1_47' title="bbox 148 1539 935 1575">
    <p class='ocr_par' dir='ltr' id='par_1_47' title="bbox 148 1539 935 1575">
     <span class='ocr_line' id='line_1_47' title="bbox 148 1539 935 1575; baseline 0.003 -11"><span class='ocrx_word' id='word_1_355' title='bbox 148 1539 200 1574; x_wconf 70' lang='grc' dir='ltr'><strong>γὰρ</strong></span> <span class='ocrx_word' id='word_1_356' title='bbox 214 1541 260 1566; x_wconf 72' lang='grc' dir='ltr'>καὶ</span> <span class='ocrx_word' id='word_1_357' title='bbox 277 1539 376 1574; x_wconf 69' lang='grc' dir='ltr'>χρυσὸς</span> <span class='ocrx_word' id='word_1_358' title='bbox 391 1539 439 1566; x_wconf 79' lang='grc' dir='ltr'>καὶ</span> <span class='ocrx_word' id='word_1_359' title='bbox 463 1540 582 1575; x_wconf 78' lang='grc' dir='ltr'>ἄργυρος</span> <span class='ocrx_word' id='word_1_360' title='bbox 600 1540 663 1567; x_wconf 73' lang='grc' dir='ltr'>οὔτε</span> <span class='ocrx_word' id='word_1_361' title='bbox 678 1540 790 1575; x_wconf 82' lang='grc' dir='ltr'><strong>ἔζησαν,</strong></span> <span class='ocrx_word' id='word_1_362' title='bbox 811 1540 873 1566; x_wconf 77' lang='grc' dir='ltr'>οὔτε</span> <span class='ocrx_word' id='word_1_363' title='bbox 887 1540 935 1575; x_wconf 81' lang='grc' dir='ltr'><strong>ζή-</strong></span> 
     </span>
    </p>
   </div>
   <div class='ocr_carea' id='block_1_48' title="bbox 147 1584 937 1621">
    <p class='ocr_par' dir='ltr' id='par_1_48' title="bbox 147 1584 937 1621">
     <span class='ocr_line' id='line_1_48' title="bbox 147 1584 937 1621; baseline 0.003 -10"><span class='ocrx_word' id='word_1_364' title='bbox 147 1593 239 1611; x_wconf 84' lang='grc' dir='ltr'>σονται</span> <span class='ocrx_word' id='word_1_365' title='bbox 255 1586 284 1612; x_wconf 65' lang='grc' dir='ltr'><strong>τδ</strong></span> <span class='ocrx_word' id='word_1_366' title='bbox 300 1584 410 1612; x_wconf 88' lang='grc' dir='ltr'>σύνολον</span> <span class='ocrx_word' id='word_1_367' title='bbox 420 1592 427 1601; x_wconf 89' lang='grc'><strong>·</strong></span> <span class='ocrx_word' id='word_1_368' title='bbox 446 1586 537 1620; x_wconf 70' lang='grc' dir='ltr'>ἄψυχα</span> <span class='ocrx_word' id='word_1_369' title='bbox 552 1587 606 1621; x_wconf 79' lang='grc' dir='ltr'>γὰρ</span> <span class='ocrx_word' id='word_1_370' title='bbox 619 1587 705 1613; x_wconf 69' lang='grc' dir='ltr'>ταῦτα</span> <span class='ocrx_word' id='word_1_371' title='bbox 725 1587 772 1613; x_wconf 70' lang='grc' dir='ltr'>καὶ</span> <span class='ocrx_word' id='word_1_372' title='bbox 787 1586 871 1621; x_wconf 83' lang='grc' dir='ltr'>νεκρὰ</span> <span class='ocrx_word' id='word_1_373' title='bbox 889 1595 937 1613; x_wconf 82' lang='grc' dir='ltr'>πε-</span> 
     </span>
    </p>
   </div>
   <div class='ocr_carea' id='block_1_49' title="bbox 147 1630 937 1667">
    <p class='ocr_par' dir='ltr' id='par_1_49' title="bbox 147 1630 937 1667">
     <span class='ocr_line' id='line_1_49' title="bbox 147 1630 937 1667; baseline 0.003 -11"><span class='ocrx_word' id='word_1_374' title='bbox 147 1630 282 1664; x_wconf 66' lang='grc' dir='ltr'>φύκασινι</span> <span class='ocrx_word' id='word_1_375' title='bbox 309 1631 349 1657; x_wconf 85' lang='grc' dir='ltr'>διὸ</span> <span class='ocrx_word' id='word_1_376' title='bbox 371 1632 419 1658; x_wconf 72' lang='grc' dir='ltr'>καὶ</span> <span class='ocrx_word' id='word_1_377' title='bbox 433 1632 458 1657; x_wconf 72' lang='lat' dir='ltr'><strong>oi</strong></span> <span class='ocrx_word' id='word_1_378' title='bbox 474 1631 605 1667; x_wconf 81' lang='grc' dir='ltr'>Ἕλληνες</span> <span class='ocrx_word' id='word_1_379' title='bbox 630 1632 668 1663; x_wconf 86' lang='grc' dir='ltr'><strong>ὡς</strong></span> <span class='ocrx_word' id='word_1_380' title='bbox 693 1632 795 1667; x_wconf 82' lang='grc' dir='ltr'>ίατροῖς</span> <span class='ocrx_word' id='word_1_381' title='bbox 819 1631 878 1659; x_wconf 75' lang='grc' dir='ltr'>οὖσι</span> <span class='ocrx_word' id='word_1_382' title='bbox 907 1631 937 1658; x_wconf 79' lang='grc' dir='ltr'>τὸ</span> 
     </span>
    </p>
   </div>
   <div class='ocr_carea' id='block_1_50' title="bbox 147 1676 939 1713">
    <p class='ocr_par' dir='ltr' id='par_1_50' title="bbox 147 1676 939 1713">
     <span class='ocr_line' id='line_1_50' title="bbox 147 1676 939 1713; baseline 0.003 -10"><span class='ocrx_word' id='word_1_383' title='bbox 147 1676 244 1709; x_wconf 62' lang='grc' dir='ltr'>δοκεῖν,</span> <span class='ocrx_word' id='word_1_384' title='bbox 257 1677 440 1713; x_wconf 81' lang='grc' dir='ltr'>πλανώμενοι.</span> <span class='ocrx_word' id='word_1_385' title='bbox 454 1678 559 1709; x_wconf 81' lang='grc' dir='ltr'>τούτοις</span> <span class='ocrx_word' id='word_1_386' title='bbox 571 1679 768 1713; x_wconf 72' lang='grc' dir='ltr'>προσήρχοντο,</span> <span class='ocrx_word' id='word_1_387' title='bbox 782 1678 877 1710; x_wconf 78' lang='grc' dir='ltr'>θυσίας</span> <span class='ocrx_word' id='word_1_388' title='bbox 890 1679 939 1705; x_wconf 87' lang='grc' dir='ltr'><strong>αὺ-</strong></span> 
     </span>
    </p>
   </div>
   <div class='ocr_carea' id='block_1_51' title="bbox 147 1722 938 1760">
    <p class='ocr_par' dir='ltr' id='par_1_51' title="bbox 147 1722 938 1760">
     <span class='ocr_line' id='line_1_51' title="bbox 147 1722 938 1760; baseline 0.003 -11"><span class='ocrx_word' id='word_1_389' title='bbox 147 1724 203 1754; x_wconf 83' lang='grc' dir='ltr'>τοῖς</span> <span class='ocrx_word' id='word_1_390' title='bbox 222 1723 392 1754; x_wconf 79' lang='grc' dir='ltr'>σπένδοντες.</span> <span class='ocrx_word' id='word_1_391' title='bbox 412 1724 509 1751; x_wconf 80' lang='grc' dir='ltr'>Αὐτῶν</span> <span class='ocrx_word' id='word_1_392' title='bbox 527 1722 573 1751; x_wconf 77' lang='grc' dir='ltr'>οὖν</span> <span class='ocrx_word' id='word_1_393' title='bbox 590 1724 696 1760; x_wconf 77' lang='grc' dir='ltr'>βλέπων</span> <span class='ocrx_word' id='word_1_394' title='bbox 711 1725 724 1751; x_wconf 88' lang='lat'><strong>6</strong></span> <span class='ocrx_word' id='word_1_395' title='bbox 745 1725 892 1759; x_wconf 82' lang='grc' dir='ltr'>Προφήτης</span> <span class='ocrx_word' id='word_1_396' title='bbox 907 1725 938 1751; x_wconf 83' lang='grc' dir='ltr'>τὸ</span> 
     </span>
    </p>
   </div>
   <div class='ocr_carea' id='block_1_52' title="bbox 147 1769 938 1805">
    <p class='ocr_par' dir='ltr' id='par_1_52' title="bbox 147 1769 938 1805">
     <span class='ocr_line' id='line_1_52' title="bbox 147 1769 938 1805; baseline 0 -9"><span class='ocrx_word' id='word_1_397' title='bbox 147 1769 250 1804; x_wconf 75' lang='grc' dir='ltr'>ἄψυχόν</span> <span class='ocrx_word' id='word_1_398' title='bbox 275 1778 346 1804; x_wconf 83' lang='grc' dir='ltr'>φημι</span> <span class='ocrx_word' id='word_1_399' title='bbox 369 1770 416 1796; x_wconf 69' lang='grc' dir='ltr'>καὶ</span> <span class='ocrx_word' id='word_1_400' title='bbox 433 1769 596 1805; x_wconf 77' lang='grc' dir='ltr'>ἀναίσθητον</span> <span class='ocrx_word' id='word_1_401' title='bbox 621 1769 676 1796; x_wconf 75' lang='grc' dir='ltr'><strong>τῶν</strong></span> <span class='ocrx_word' id='word_1_402' title='bbox 696 1769 824 1802; x_wconf 78' lang='grc' dir='ltr'>εἰδώλων,</span> <span class='ocrx_word' id='word_1_403' title='bbox 842 1769 879 1801; x_wconf 80' lang='grc' dir='ltr'><strong>ὡς</strong></span> <span class='ocrx_word' id='word_1_404' title='bbox 896 1770 938 1796; x_wconf 54' lang='lat' dir='ltr'><strong>ia.</strong></span> 
     </span>
    </p>
   </div>
   <div class='ocr_carea' id='block_1_53' title="bbox 1029 1125 1778 1162">
    <p class='ocr_par' dir='ltr' id='par_1_53' title="bbox 1029 1125 1778 1162">
     <span class='ocr_line' id='line_1_53' title="bbox 1029 1125 1778 1162; baseline -0.004 -7"><span class='ocrx_word' id='word_1_405' title='bbox 1029 1128 1091 1156; x_wconf 77' lang='grc'><strong>185.</strong></span> <span class='ocrx_word' id='word_1_406' title='bbox 1111 1127 1210 1154; x_wconf 76' lang='lat' dir='ltr'><strong>lterum</strong></span> <span class='ocrx_word' id='word_1_407' title='bbox 1225 1127 1323 1162; x_wconf 67' lang='lat' dir='ltr'><strong>qumrit</strong></span> <span class='ocrx_word' id='word_1_408' title='bbox 1349 1126 1515 1161; x_wconf 82' lang='lat' dir='ltr'><strong>Epiphanius</strong></span> <span class='ocrx_word' id='word_1_409' title='bbox 1542 1134 1548 1152; x_wconf 88' lang='lat'><strong>:</strong></span> <span class='ocrx_word' id='word_1_410' title='bbox 1572 1125 1642 1158; x_wconf 84' lang='lat' dir='ltr'><strong>Quid</strong></span> <span class='ocrx_word' id='word_1_411' title='bbox 1670 1126 1778 1152; x_wconf 80' lang='lat' dir='ltr'><strong>laudent</strong></span> 
     </span>
    </p>
   </div>
   <div class='ocr_carea' id='block_1_54' title="bbox 991 1171 1782 1208">
    <p class='ocr_par' dir='ltr' id='par_1_54' title="bbox 991 1171 1782 1208">
     <span class='ocr_line' id='line_1_54' title="bbox 991 1171 1782 1208; baseline -0.005 -7"><span class='ocrx_word' id='word_1_412' title='bbox 991 1174 1056 1201; x_wconf 81' lang='lat' dir='ltr'><strong>illud</strong></span> <span class='ocrx_word' id='word_1_413' title='bbox 1076 1178 1134 1204; x_wconf 88' lang='lat' dir='ltr'><strong>est,</strong></span> <span class='ocrx_word' id='word_1_414' title='bbox 1149 1173 1220 1208; x_wconf 91' lang='lat' dir='ltr'><strong>quod</strong></span> <span class='ocrx_word' id='word_1_415' title='bbox 1239 1173 1324 1200; x_wconf 78' lang='lat' dir='ltr'><strong>Isaias</strong></span> <span class='ocrx_word' id='word_1_416' title='bbox 1341 1171 1529 1206; x_wconf 83' lang='lat' dir='ltr'><strong>pronuntiavit.</strong></span> <span class='ocrx_word' id='word_1_417' title='bbox 1553 1179 1561 1198; x_wconf 88' lang='lat'><strong>:</strong></span> <span class='ocrx_word' id='word_1_418' title='bbox 1583 1181 1591 1196; x_wconf 80' lang='grc' dir='ltr'><strong>ι</strong></span> <span class='ocrx_word' id='word_1_419' title='bbox 1614 1171 1711 1198; x_wconf 84' lang='lat' dir='ltr'><strong>Mortui</strong></span> <span class='ocrx_word' id='word_1_420' title='bbox 1733 1179 1782 1198; x_wconf 87' lang='lat' dir='ltr'><strong>atl-</strong></span> 
     </span>
    </p>
   </div>
   <div class='ocr_carea' id='block_1_55' title="bbox 990 1217 1782 1251">
    <p class='ocr_par' dir='ltr' id='par_1_55' title="bbox 990 1217 1782 1251">
     <span class='ocr_line' id='line_1_55' title="bbox 990 1217 1782 1251; baseline -0.004 -5"><span class='ocrx_word' id='word_1_421' title='bbox 990 1224 1043 1246; x_wconf 89' lang='lat' dir='ltr'><strong>tem</strong></span> <span class='ocrx_word' id='word_1_422' title='bbox 1060 1219 1143 1246; x_wconf 84' lang='lat' dir='ltr'><strong>vitam</strong></span> <span class='ocrx_word' id='word_1_423' title='bbox 1161 1226 1215 1245; x_wconf 90' lang='lat' dir='ltr'><strong>non</strong></span> <span class='ocrx_word' id='word_1_424' title='bbox 1245 1218 1392 1249; x_wconf 80' lang='lat' dir='ltr'><strong>videbunt,</strong></span> <span class='ocrx_word' id='word_1_425' title='bbox 1421 1224 1508 1251; x_wconf 86' lang='lat' dir='ltr'><strong>neque</strong></span> <span class='ocrx_word' id='word_1_426' title='bbox 1536 1217 1634 1243; x_wconf 85' lang='lat' dir='ltr'><strong>rncdici</strong></span> <span class='ocrx_word' id='word_1_427' title='bbox 1665 1217 1782 1244; x_wconf 90' lang='lat' dir='ltr'><strong>suscita-</strong></span> 
     </span>
    </p>
   </div>
   <div class='ocr_carea' id='block_1_56' title="bbox 989 1263 1780 1298">
    <p class='ocr_par' dir='ltr' id='par_1_56' title="bbox 989 1263 1780 1298">
     <span class='ocr_line' id='line_1_56' title="bbox 989 1263 1780 1298; baseline -0.004 -6"><span class='ocrx_word' id='word_1_428' title='bbox 989 1265 1088 1292; x_wconf 90' lang='lat' dir='ltr'><strong>buntur</strong></span> <span class='ocrx_word' id='word_1_429' title='bbox 1098 1265 1143 1291; x_wconf 64' lang='lat' dir='ltr'><strong>“‘i</strong></span> <span class='ocrx_word' id='word_1_430' title='bbox 1159 1274 1167 1290; x_wconf 76' lang='grc' dir='ltr'><strong>ι</strong></span> <span class='ocrx_word' id='word_1_431' title='bbox 1189 1264 1369 1291; x_wconf 82' lang='lat' dir='ltr'><strong>Vehementer</strong></span> <span class='ocrx_word' id='word_1_432' title='bbox 1380 1263 1452 1290; x_wconf 87' lang='lat' dir='ltr'><strong>enim</strong></span> <span class='ocrx_word' id='word_1_433' title='bbox 1470 1269 1605 1290; x_wconf 84' lang='lat' dir='ltr'><strong>conantur</strong></span> <span class='ocrx_word' id='word_1_434' title='bbox 1617 1264 1780 1298; x_wconf 86' lang='lat' dir='ltr'><strong>pchuadcre</strong></span> 
     </span>
    </p>
   </div>
   <div class='ocr_carea' id='block_1_57' title="bbox 987 1309 1782 1342">
    <p class='ocr_par' dir='ltr' id='par_1_57' title="bbox 987 1309 1782 1342">
     <span class='ocr_line' id='line_1_57' title="bbox 987 1309 1782 1342; baseline -0.005 -3"><span class='ocrx_word' id='word_1_435' title='bbox 987 1311 1067 1339; x_wconf 91' lang='lat' dir='ltr'><strong>nobis</strong></span> <span class='ocrx_word' id='word_1_436' title='bbox 1085 1311 1276 1338; x_wconf 67' lang='lat' dir='ltr'><strong>haereticorum</strong></span> <span class='ocrx_word' id='word_1_437' title='bbox 1294 1315 1444 1338; x_wconf 81' lang='lat' dir='ltr'><strong>sectatores</strong></span> <span class='ocrx_word' id='word_1_438' title='bbox 1474 1309 1538 1342; x_wconf 64' lang='lat' dir='ltr'><strong>{tuon</strong></span> <span class='ocrx_word' id='word_1_439' title='bbox 1568 1309 1625 1336; x_wconf 80' lang='lat' dir='ltr'><strong>fore</strong></span> <span class='ocrx_word' id='word_1_440' title='bbox 1660 1314 1782 1335; x_wconf 83' lang='lat' dir='ltr'><strong>mortuo-</strong></span> 
     </span>
    </p>
   </div>
   <div class='ocr_carea' id='block_1_58' title="bbox 992 1355 1781 1390">
    <p class='ocr_par' dir='ltr' id='par_1_58' title="bbox 992 1355 1781 1390">
     <span class='ocr_line' id='line_1_58' title="bbox 992 1355 1781 1390; baseline -0.005 -5"><span class='ocrx_word' id='word_1_441' title='bbox 992 1366 1053 1385; x_wconf 87' lang='lat' dir='ltr'><strong>rum</strong></span> <span class='ocrx_word' id='word_1_442' title='bbox 1073 1356 1312 1384; x_wconf 75' lang='lat' dir='ltr'><strong>resurrectionem.</strong></span> <span class='ocrx_word' id='word_1_443' title='bbox 1329 1356 1418 1390; x_wconf 87' lang='lat' dir='ltr'><strong>Atque</strong></span> <span class='ocrx_word' id='word_1_444' title='bbox 1434 1356 1532 1383; x_wconf 83' lang='lat' dir='ltr'><strong>iterum</strong></span> <span class='ocrx_word' id='word_1_445' title='bbox 1548 1355 1689 1390; x_wconf 84' lang='lat' dir='ltr'><strong>respondit</strong></span> <span class='ocrx_word' id='word_1_446' title='bbox 1705 1362 1781 1389; x_wconf 73' lang='lat' dir='ltr'><strong>qua:-</strong></span> 
     </span>
    </p>
   </div>
   <div class='ocr_carea' id='block_1_59' title="bbox 986 1402 1781 1438">
    <p class='ocr_par' dir='ltr' id='par_1_59' title="bbox 986 1402 1781 1438">
     <span class='ocr_line' id='line_1_59' title="bbox 986 1402 1781 1438; baseline -0.004 -7"><span class='ocrx_word' id='word_1_447' title='bbox 986 1404 1056 1432; x_wconf 87' lang='lat' dir='ltr'><strong>renli</strong></span> <span class='ocrx_word' id='word_1_448' title='bbox 1071 1404 1166 1431; x_wconf 87' lang='lat' dir='ltr'><strong>beatus</strong></span> <span class='ocrx_word' id='word_1_449' title='bbox 1184 1404 1307 1431; x_wconf 84' lang='lat' dir='ltr'><strong>Andreas</strong></span> <span class='ocrx_word' id='word_1_450' title='bbox 1325 1402 1463 1438; x_wconf 84' lang='lat' dir='ltr'><strong>:aniter,</strong></span> <span class='ocrx_word' id='word_1_451' title='bbox 1482 1403 1596 1438; x_wconf 81' lang='lat' dir='ltr'><strong>Apollo,</strong></span> <span class='ocrx_word' id='word_1_452' title='bbox 1618 1402 1781 1434; x_wconf 80' lang='lat' dir='ltr'><strong>Mercurius,</strong></span> 
     </span>
    </p>
   </div>
   <div class='ocr_carea' id='block_1_60' title="bbox 986 1448 1780 1483">
    <p class='ocr_par' dir='ltr' id='par_1_60' title="bbox 986 1448 1780 1483">
     <span class='ocr_line' id='line_1_60' title="bbox 986 1448 1780 1483; baseline -0.001 -8"><span class='ocrx_word' id='word_1_453' title='bbox 986 1449 1131 1480; x_wconf 81' lang='lat' dir='ltr'><strong>Saturnus,</strong></span> <span class='ocrx_word' id='word_1_454' title='bbox 1148 1448 1229 1482; x_wconf 79' lang='lat' dir='ltr'><strong>Juno,</strong></span> <span class='ocrx_word' id='word_1_455' title='bbox 1245 1449 1340 1482; x_wconf 87' lang='lat' dir='ltr'><strong>Diana,</strong></span> <span class='ocrx_word' id='word_1_456' title='bbox 1356 1453 1510 1483; x_wconf 70' lang='lat' dir='ltr'><strong>caeteraqut-</strong></span> <span class='ocrx_word' id='word_1_457' title='bbox 1523 1449 1652 1475; x_wconf 84' lang='lat' dir='ltr'><strong>falsorum</strong></span> <span class='ocrx_word' id='word_1_458' title='bbox 1666 1448 1780 1475; x_wconf 88' lang='lat' dir='ltr'><strong>deorum</strong></span> 
     </span>
    </p>
   </div>
   <div class='ocr_carea' id='block_1_61' title="bbox 987 1494 1779 1529">
    <p class='ocr_par' dir='ltr' id='par_1_61' title="bbox 987 1494 1779 1529">
     <span class='ocr_line' id='line_1_61' title="bbox 987 1494 1779 1529; baseline -0.003 -7"><span class='ocrx_word' id='word_1_459' title='bbox 987 1495 1077 1526; x_wconf 84' lang='lat' dir='ltr'><strong>turba,</strong></span> <span class='ocrx_word' id='word_1_460' title='bbox 1093 1495 1194 1522; x_wconf 85' lang='lat' dir='ltr'><strong>mortui</strong></span> <span class='ocrx_word' id='word_1_461' title='bbox 1210 1495 1340 1529; x_wconf 72' lang='lat' dir='ltr'><strong>czt&#39;ciquc,</strong></span> <span class='ocrx_word' id='word_1_462' title='bbox 1356 1494 1394 1521; x_wconf 93' lang='lat' dir='ltr'><strong>nti</strong></span> <span class='ocrx_word' id='word_1_463' title='bbox 1415 1499 1490 1526; x_wconf 85' lang='lat' dir='ltr'><strong>sunt,</strong></span> <span class='ocrx_word' id='word_1_464' title='bbox 1505 1494 1544 1521; x_wconf 78' lang='lat' dir='ltr'><strong>sic</strong></span> <span class='ocrx_word' id='word_1_465' title='bbox 1558 1499 1585 1520; x_wconf 87' lang='lat' dir='ltr'><strong>et</strong></span> <span class='ocrx_word' id='word_1_466' title='bbox 1605 1494 1779 1528; x_wconf 86' lang='lat' dir='ltr'><strong>appellantur</strong></span> 
     </span>
    </p>
   </div>
   <div class='ocr_carea' id='block_1_62' title="bbox 988 1540 1775 1576">
    <p class='ocr_par' dir='ltr' id='par_1_62' title="bbox 988 1540 1775 1576">
     <span class='ocr_line' id='line_1_62' title="bbox 988 1540 1775 1576; baseline -0.004 -8"><span class='ocrx_word' id='word_1_467' title='bbox 988 1549 1001 1568; x_wconf 90' lang='lat' dir='ltr'><strong>a</strong></span> <span class='ocrx_word' id='word_1_468' title='bbox 1018 1541 1150 1576; x_wconf 88' lang='lat' dir='ltr'><strong>propheta</strong></span> <span class='ocrx_word' id='word_1_469' title='bbox 1162 1550 1169 1574; x_wconf 89' lang='lat'><strong>;</strong></span> <span class='ocrx_word' id='word_1_470' title='bbox 1181 1540 1285 1575; x_wconf 76' lang='lat' dir='ltr'><strong>lapides</strong></span> <span class='ocrx_word' id='word_1_471' title='bbox 1297 1540 1398 1575; x_wconf 84' lang='lat' dir='ltr'><strong>quippe</strong></span> <span class='ocrx_word' id='word_1_472' title='bbox 1418 1544 1445 1567; x_wconf 84' lang='lat' dir='ltr'><strong>et</strong></span> <span class='ocrx_word' id='word_1_473' title='bbox 1461 1548 1558 1566; x_wconf 86' lang='lat' dir='ltr'><strong>aurum</strong></span> <span class='ocrx_word' id='word_1_474' title='bbox 1572 1545 1597 1566; x_wconf 87' lang='lat' dir='ltr'><strong>et</strong></span> <span class='ocrx_word' id='word_1_475' title='bbox 1618 1544 1775 1574; x_wconf 83' lang='lat' dir='ltr'><strong>argentum,</strong></span> 
     </span>
    </p>
   </div>
   <div class='ocr_carea' id='block_1_63' title="bbox 988 1586 1781 1622">
    <p class='ocr_par' dir='ltr' id='par_1_63' title="bbox 988 1586 1781 1622">
     <span class='ocr_line' id='line_1_63' title="bbox 988 1586 1781 1622; baseline -0.003 -8"><span class='ocrx_word' id='word_1_476' title='bbox 988 1594 1077 1622; x_wconf 87' lang='lat' dir='ltr'><strong>neque</strong></span> <span class='ocrx_word' id='word_1_477' title='bbox 1098 1587 1225 1613; x_wconf 69' lang='lat' dir='ltr'><strong>vixerunt</strong></span> <span class='ocrx_word' id='word_1_478' title='bbox 1241 1594 1360 1621; x_wconf 86' lang='lat' dir='ltr'><strong>unquam</strong></span> <span class='ocrx_word' id='word_1_479' title='bbox 1387 1594 1476 1620; x_wconf 85' lang='lat' dir='ltr'><strong>neque</strong></span> <span class='ocrx_word' id='word_1_480' title='bbox 1501 1586 1606 1613; x_wconf 68' lang='lat' dir='ltr'><strong>victura</strong></span> <span class='ocrx_word' id='word_1_481' title='bbox 1633 1589 1698 1612; x_wconf 89' lang='lat' dir='ltr'><strong>sunt</strong></span> <span class='ocrx_word' id='word_1_482' title='bbox 1723 1593 1781 1612; x_wconf 89' lang='lat' dir='ltr'><strong>om-</strong></span> 
     </span>
    </p>
   </div>
   <div class='ocr_carea' id='block_1_64' title="bbox 989 1629 1782 1665">
    <p class='ocr_par' dir='ltr' id='par_1_64' title="bbox 989 1629 1782 1665">
     <span class='ocr_line' id='line_1_64' title="bbox 989 1629 1782 1665; baseline -0.004 -6"><span class='ocrx_word' id='word_1_483' title='bbox 989 1632 1071 1663; x_wconf 88' lang='lat' dir='ltr'><strong>nino,</strong></span> <span class='ocrx_word' id='word_1_484' title='bbox 1096 1639 1157 1659; x_wconf 87' lang='lat' dir='ltr'><strong>cum</strong></span> <span class='ocrx_word' id='word_1_485' title='bbox 1186 1637 1212 1659; x_wconf 90' lang='lat' dir='ltr'><strong>et</strong></span> <span class='ocrx_word' id='word_1_486' title='bbox 1230 1631 1379 1658; x_wconf 89' lang='lat' dir='ltr'><strong>inanimata</strong></span> <span class='ocrx_word' id='word_1_487' title='bbox 1398 1635 1425 1658; x_wconf 77' lang='lat' dir='ltr'><strong>et</strong></span> <span class='ocrx_word' id='word_1_488' title='bbox 1444 1631 1498 1658; x_wconf 72' lang='lat' dir='ltr'><strong>vita</strong></span> <span class='ocrx_word' id='word_1_489' title='bbox 1525 1638 1637 1665; x_wconf 89' lang='lat' dir='ltr'><strong>prorsus</strong></span> <span class='ocrx_word' id='word_1_490' title='bbox 1650 1629 1782 1657; x_wconf 81' lang='lat' dir='ltr'><strong>destituta</strong></span> 
     </span>
    </p>
   </div>
   <div class='ocr_carea' id='block_1_65' title="bbox 990 1675 1780 1713">
    <p class='ocr_par' dir='ltr' id='par_1_65' title="bbox 990 1675 1780 1713">
     <span class='ocr_line' id='line_1_65' title="bbox 990 1675 1780 1713; baseline -0.005 -7"><span class='ocrx_word' id='word_1_491' title='bbox 990 1678 1055 1706; x_wconf 88' lang='lat' dir='ltr'><strong>sint.</strong></span> <span class='ocrx_word' id='word_1_492' title='bbox 1072 1677 1143 1706; x_wconf 88' lang='lat' dir='ltr'><strong>Ilinc</strong></span> <span class='ocrx_word' id='word_1_493' title='bbox 1169 1682 1196 1705; x_wconf 90' lang='lat' dir='ltr'><strong>ct</strong></span> <span class='ocrx_word' id='word_1_494' title='bbox 1213 1677 1344 1713; x_wconf 80' lang='lat' dir='ltr'><strong>gentiles,</strong></span> <span class='ocrx_word' id='word_1_495' title='bbox 1364 1676 1465 1711; x_wconf 89' lang='lat' dir='ltr'><strong>quibus</strong></span> <span class='ocrx_word' id='word_1_496' title='bbox 1486 1676 1523 1703; x_wconf 94' lang='lat' dir='ltr'><strong>dii</strong></span> <span class='ocrx_word' id='word_1_497' title='bbox 1541 1676 1586 1703; x_wconf 86' lang='lat' dir='ltr'><strong>isti</strong></span> <span class='ocrx_word' id='word_1_498' title='bbox 1610 1675 1780 1703; x_wconf 77' lang='lat' dir='ltr'><strong>medicorum</strong></span> 
     </span>
    </p>
   </div>
   <div class='ocr_carea' id='block_1_66' title="bbox 992 1722 1779 1758">
    <p class='ocr_par' dir='ltr' id='par_1_66' title="bbox 992 1722 1779 1758">
     <span class='ocr_line' id='line_1_66' title="bbox 992 1722 1779 1758; baseline -0.004 -6"><span class='ocrx_word' id='word_1_499' title='bbox 992 1725 1051 1752; x_wconf 90' lang='lat' dir='ltr'><strong>loco</strong></span> <span class='ocrx_word' id='word_1_500' title='bbox 1068 1728 1162 1758; x_wconf 86' lang='lat' dir='ltr'><strong>erant,</strong></span> <span class='ocrx_word' id='word_1_501' title='bbox 1181 1724 1297 1758; x_wconf 85' lang='lat' dir='ltr'><strong>turpiter</strong></span> <span class='ocrx_word' id='word_1_502' title='bbox 1310 1723 1415 1758; x_wconf 82' lang='lat' dir='ltr'><strong>decepti</strong></span> <span class='ocrx_word' id='word_1_503' title='bbox 1432 1727 1514 1755; x_wconf 89' lang='lat' dir='ltr'><strong>sunt,</strong></span> <span class='ocrx_word' id='word_1_504' title='bbox 1536 1730 1598 1750; x_wconf 92' lang='lat' dir='ltr'><strong>cum</strong></span> <span class='ocrx_word' id='word_1_505' title='bbox 1621 1722 1682 1750; x_wconf 87' lang='lat' dir='ltr'><strong>illos</strong></span> <span class='ocrx_word' id='word_1_506' title='bbox 1697 1730 1779 1749; x_wconf 53' lang='lat' dir='ltr'><strong>rene.</strong></span> 
     </span>
    </p>
   </div>
   <div class='ocr_carea' id='block_1_67' title="bbox 994 1767 1780 1798">
    <p class='ocr_par' dir='ltr' id='par_1_67' title="bbox 994 1767 1780 1798">
     <span class='ocr_line' id='line_1_67' title="bbox 994 1767 1780 1798; baseline -0.005 0"><span class='ocrx_word' id='word_1_507' title='bbox 994 1771 1081 1798; x_wconf 87' lang='lat' dir='ltr'><strong>raturi</strong></span> <span class='ocrx_word' id='word_1_508' title='bbox 1107 1775 1135 1798; x_wconf 86' lang='lat' dir='ltr'><strong>et</strong></span> <span class='ocrx_word' id='word_1_509' title='bbox 1159 1770 1305 1798; x_wconf 81' lang='lat' dir='ltr'><strong>sacriﬁciis</strong></span> <span class='ocrx_word' id='word_1_510' title='bbox 1335 1769 1497 1797; x_wconf 88' lang='lat' dir='ltr'><strong>honoraturi</strong></span> <span class='ocrx_word' id='word_1_511' title='bbox 1525 1773 1715 1796; x_wconf 85' lang='lat' dir='ltr'><strong>accesserunt.</strong></span> <span class='ocrx_word' id='word_1_512' title='bbox 1739 1767 1780 1795; x_wconf 83' lang='lat' dir='ltr'><strong>Ad</strong></span> 
     </span>
    </p>
   </div>
   <div class='ocr_carea' id='block_1_68' title="bbox 147 1806 939 1852">
    <p class='ocr_par' dir='ltr' id='par_1_68' title="bbox 147 1815 936 1851">
     <span class='ocr_line' id='line_1_68' title="bbox 147 1815 936 1851; baseline -0.001 -8"><span class='ocrx_word' id='word_1_513' title='bbox 147 1817 221 1851; x_wconf 78' lang='grc' dir='ltr'>τροῖς</span> <span class='ocrx_word' id='word_1_514' title='bbox 236 1817 440 1851; x_wconf 66' lang='grc' dir='ltr'>προσεπέλαζον</span> <span class='ocrx_word' id='word_1_515' title='bbox 460 1817 494 1842; x_wconf 67' lang='grc' dir='ltr'><strong>τὰ</strong></span> <span class='ocrx_word' id='word_1_516' title='bbox 509 1815 675 1851; x_wconf 73' lang='grc' dir='ltr'>πλανώμενα</span> <span class='ocrx_word' id='word_1_517' title='bbox 695 1816 771 1851; x_wconf 71' lang='grc' dir='ltr'>ἔθνη,</span> <span class='ocrx_word' id='word_1_518' title='bbox 788 1816 858 1843; x_wconf 82' lang='grc' dir='ltr'>οὕτω</span> <span class='ocrx_word' id='word_1_519' title='bbox 877 1825 936 1848; x_wconf 83' lang='grc' dir='ltr'><strong>πως</strong></span> 
     </span>
    </p>
   </div>
   <div class='ocr_carea' id='block_1_69' title="bbox 990 1806 1780 1852">
    <p class='ocr_par' dir='ltr' id='par_1_69' title="bbox 990 1814 1780 1852">
     <span class='ocr_line' id='line_1_69' title="bbox 990 1814 1780 1852; baseline -0.003 -9"><span class='ocrx_word' id='word_1_520' title='bbox 990 1817 1073 1845; x_wconf 88' lang='lat' dir='ltr'><strong>hosce</strong></span> <span class='ocrx_word' id='word_1_521' title='bbox 1088 1817 1170 1852; x_wconf 79' lang='lat' dir='ltr'><strong>igitur</strong></span> <span class='ocrx_word' id='word_1_522' title='bbox 1185 1817 1239 1844; x_wconf 90' lang='lat' dir='ltr'><strong>vita</strong></span> <span class='ocrx_word' id='word_1_523' title='bbox 1254 1824 1391 1851; x_wconf 83' lang='lat' dir='ltr'><strong>sensuque</strong></span> <span class='ocrx_word' id='word_1_524' title='bbox 1407 1819 1531 1843; x_wconf 87' lang='lat' dir='ltr'><strong>carentes</strong></span> <span class='ocrx_word' id='word_1_525' title='bbox 1547 1815 1612 1842; x_wconf 88' lang='lat' dir='ltr'><strong>deos</strong></span> <span class='ocrx_word' id='word_1_526' title='bbox 1630 1822 1677 1842; x_wconf 89' lang='lat' dir='ltr'><strong>seu</strong></span> <span class='ocrx_word' id='word_1_527' title='bbox 1695 1814 1780 1846; x_wconf 81' lang='lat' dir='ltr'><strong>idola,</strong></span> 
     </span>
    </p>
   </div>
   <div class='ocr_carea' id='block_1_70' title="bbox 147 1861 937 1898">
    <p class='ocr_par' dir='ltr' id='par_1_70' title="bbox 147 1861 937 1898">
     <span class='ocr_line' id='line_1_70' title="bbox 147 1861 937 1898; baseline 0 -10"><span class='ocrx_word' id='word_1_528' title='bbox 147 1863 213 1897; x_wconf 72' lang='grc' dir='ltr'>περὶ</span> <span class='ocrx_word' id='word_1_529' title='bbox 235 1862 326 1888; x_wconf 74' lang='grc' dir='ltr'>αὐτῶν</span> <span class='ocrx_word' id='word_1_530' title='bbox 343 1862 555 1898; x_wconf 84' lang='grc' dir='ltr'>τροπωσάμενος</span> <span class='ocrx_word' id='word_1_531' title='bbox 576 1862 628 1897; x_wconf 73' lang='grc' dir='ltr'>ἔφη</span> <span class='ocrx_word' id='word_1_532' title='bbox 644 1863 658 1888; x_wconf 90' lang='grc' dir='ltr'><strong>ό</strong></span> <span class='ocrx_word' id='word_1_533' title='bbox 681 1863 843 1898; x_wconf 84' lang='grc' dir='ltr'>Προφήτης·</span> <span class='ocrx_word' id='word_1_534' title='bbox 863 1863 894 1888; x_wconf 76' lang='lat' dir='ltr'><strong>Ui</strong></span> <span class='ocrx_word' id='word_1_535' title='bbox 909 1861 937 1888; x_wconf 81' lang='grc' dir='ltr'>δὲ</span> 
     </span>
    </p>
   </div>
   <div class='ocr_carea' id='block_1_71' title="bbox 146 1908 938 1944">
    <p class='ocr_par' dir='ltr' id='par_1_71' title="bbox 146 1908 938 1944">
     <span class='ocr_line' id='line_1_71' title="bbox 146 1908 938 1944; baseline 0.003 -11"><span class='ocrx_word' id='word_1_536' title='bbox 146 1909 239 1943; x_wconf 57' lang='grc' dir='ltr'><strong>νεκροὶ¹</strong></span> <span class='ocrx_word' id='word_1_537' title='bbox 253 1908 325 1944; x_wconf 81' lang='grc' dir='ltr'>ζωὴν</span> <span class='ocrx_word' id='word_1_538' title='bbox 346 1909 376 1935; x_wconf 85' lang='grc' dir='ltr'>οὺ</span> <span class='ocrx_word' id='word_1_539' title='bbox 404 1909 442 1944; x_wconf 82' lang='grc' dir='ltr'><strong>μὴ</strong></span> <span class='ocrx_word' id='word_1_540' title='bbox 473 1909 574 1941; x_wconf 73' lang='grc' dir='ltr'>ἴδωσιν,</span> <span class='ocrx_word' id='word_1_541' title='bbox 593 1909 741 1942; x_wconf 77' lang='grc' dir='ltr'>τουτέστιν,</span> <span class='ocrx_word' id='word_1_542' title='bbox 759 1909 783 1935; x_wconf 75' lang='grc' dir='ltr'>οἱ</span> <span class='ocrx_word' id='word_1_543' title='bbox 805 1908 861 1935; x_wconf 74' lang='grc' dir='ltr'>οεοὶ</span> <span class='ocrx_word' id='word_1_544' title='bbox 883 1909 938 1935; x_wconf 83' lang='grc' dir='ltr'><strong>τῶν</strong></span> 
     </span>
    </p>
   </div>
   <div class='ocr_carea' id='block_1_72' title="bbox 153 1954 942 1990">
    <p class='ocr_par' dir='ltr' id='par_1_72' title="bbox 153 1954 942 1990">
     <span class='ocr_line' id='line_1_72' title="bbox 153 1954 942 1990; baseline 0.001 -10"><span class='ocrx_word' id='word_1_545' title='bbox 153 1955 298 1988; x_wconf 82' lang='grc' dir='ltr'>Ἑλλήνων,</span> <span class='ocrx_word' id='word_1_546' title='bbox 314 1956 338 1981; x_wconf 82' lang='grc' dir='ltr'><strong>οι</strong></span> <span class='ocrx_word' id='word_1_547' title='bbox 360 1954 454 1981; x_wconf 81' lang='grc' dir='ltr'>λίθινοι</span> <span class='ocrx_word' id='word_1_548' title='bbox 475 1955 522 1982; x_wconf 76' lang='grc' dir='ltr'>καὶ</span> <span class='ocrx_word' id='word_1_549' title='bbox 544 1955 655 1988; x_wconf 78' lang='grc' dir='ltr'>ξύλινοι,</span> <span class='ocrx_word' id='word_1_550' title='bbox 673 1956 790 1990; x_wconf 84' lang='grc' dir='ltr'>ἀργυροῖ</span> <span class='ocrx_word' id='word_1_551' title='bbox 808 1955 855 1982; x_wconf 75' lang='grc' dir='ltr'>καὶ</span> <span class='ocrx_word' id='word_1_552' title='bbox 872 1963 942 1990; x_wconf 72' lang='grc' dir='ltr'>χρυ-,</span> 
     </span>
    </p>
   </div>
   <div class='ocr_carea' id='block_1_73' title="bbox 148 2000 935 2037">
    <p class='ocr_par' dir='ltr' id='par_1_73' title="bbox 148 2000 935 2037">
     <span class='ocr_line' id='line_1_73' title="bbox 148 2000 935 2037; baseline 0 -10"><span class='ocrx_word' id='word_1_553' title='bbox 148 2003 198 2032; x_wconf 63' lang='lat' dir='ltr'><strong>ad,</strong></span> <span class='ocrx_word' id='word_1_554' title='bbox 225 2002 272 2028; x_wconf 64' lang='grc' dir='ltr'>καὶ</span> <span class='ocrx_word' id='word_1_555' title='bbox 294 2001 451 2037; x_wconf 81' lang='grc' dir='ltr'>ὀστράκινοι</span> <span class='ocrx_word' id='word_1_556' title='bbox 474 2002 522 2028; x_wconf 74' lang='grc' dir='ltr'>καὶ</span> <span class='ocrx_word' id='word_1_557' title='bbox 538 2001 643 2036; x_wconf 67' lang='grc' dir='ltr'>χαλκοῖ,</span> <span class='ocrx_word' id='word_1_558' title='bbox 661 2000 710 2037; x_wconf 77' lang='grc' dir='ltr'>ὕλη</span> <span class='ocrx_word' id='word_1_559' title='bbox 733 2001 819 2036; x_wconf 83' lang='grc' dir='ltr'>νεκρὰ</span> <span class='ocrx_word' id='word_1_560' title='bbox 842 2001 935 2032; x_wconf 78' lang='grc' dir='ltr'>ὄντες·</span> 
     </span>
    </p>
   </div>
   <div class='ocr_carea' id='block_1_74' title="bbox 146 2046 936 2083">
    <p class='ocr_par' dir='ltr' id='par_1_74' title="bbox 146 2046 936 2083">
     <span class='ocr_line' id='line_1_74' title="bbox 146 2046 936 2083; baseline 0.001 -10"><span class='ocrx_word' id='word_1_561' title='bbox 146 2048 207 2075; x_wconf 70' lang='grc' dir='ltr'>οἶτε</span> <span class='ocrx_word' id='word_1_562' title='bbox 233 2048 332 2082; x_wconf 71' lang='grc' dir='ltr'>ἰατροὶ,</span> <span class='ocrx_word' id='word_1_563' title='bbox 356 2048 380 2073; x_wconf 79' lang='grc' dir='ltr'><strong>οι</strong></span> <span class='ocrx_word' id='word_1_564' title='bbox 410 2048 500 2074; x_wconf 86' lang='grc' dir='ltr'>αὐτῶν</span> <span class='ocrx_word' id='word_1_565' title='bbox 518 2047 632 2079; x_wconf 78' lang='grc' dir='ltr'>ζώδονες</span> <span class='ocrx_word' id='word_1_566' title='bbox 646 2047 715 2083; x_wconf 86' lang='grc'>(88),</span> <span class='ocrx_word' id='word_1_567' title='bbox 740 2048 792 2075; x_wconf 80' lang='grc' dir='ltr'>ὑπὸ</span> <span class='ocrx_word' id='word_1_568' title='bbox 816 2046 936 2082; x_wconf 77' lang='grc' dir='ltr'>Χριστοῦ</span> 
     </span>
    </p>
   </div>
   <div class='ocr_carea' id='block_1_75' title="bbox 147 2093 676 2129">
    <p class='ocr_par' dir='ltr' id='par_1_75' title="bbox 147 2093 676 2129">
     <span class='ocr_line' id='line_1_75' title="bbox 147 2093 676 2129; baseline 0 -9"><span class='ocrx_word' id='word_1_569' title='bbox 147 2093 345 2128; x_wconf 78' lang='grc' dir='ltr'>συντριϐέντες,</span> <span class='ocrx_word' id='word_1_570' title='bbox 360 2093 452 2120; x_wconf 78' lang='grc' dir='ltr'>οὐκέτι</span> <span class='ocrx_word' id='word_1_571' title='bbox 466 2094 676 2129; x_wconf 72' lang='grc' dir='ltr'>ἀναστήσονται.</span> 
     </span>
    </p>
   </div>
   <div class='ocr_carea' id='block_1_76' title="bbox 185 2233 936 2273">
    <p class='ocr_par' dir='ltr' id='par_1_76' title="bbox 185 2233 936 2273">
     <span class='ocr_line' id='line_1_76' title="bbox 185 2233 936 2273; baseline -0.007 -8"><span class='ocrx_word' id='word_1_572' title='bbox 185 2237 254 2273; x_wconf 85' lang='grc' dir='ltr'>ρπδ’.</span> <span class='ocrx_word' id='word_1_573' title='bbox 278 2236 435 2271; x_wconf 80' lang='grc' dir='ltr'>Ἔπιφάνιος</span> <span class='ocrx_word' id='word_1_574' title='bbox 451 2233 543 2263; x_wconf 79' lang='grc' dir='ltr'>εἶπεν·</span> <span class='ocrx_word' id='word_1_575' title='bbox 559 2235 591 2262; x_wconf 83' lang='grc' dir='ltr'>Τί</span> <span class='ocrx_word' id='word_1_576' title='bbox 605 2234 762 2272; x_wconf 82' lang='grc' dir='ltr'>ἐρμηνεύει,</span> <span class='ocrx_word' id='word_1_577' title='bbox 781 2244 791 2260; x_wconf 73' lang='grc' dir='ltr'><strong>ι</strong></span> <span class='ocrx_word' id='word_1_578' title='bbox 810 2233 891 2261; x_wconf 83' lang='grc' dir='ltr'>Λίθον</span> <span class='ocrx_word' id='word_1_579' title='bbox 906 2234 936 2261; x_wconf 82' lang='grc' dir='ltr'>ὃν</span> 
     </span>
    </p>
   </div>
   <div class='ocr_carea' id='block_1_77' title="bbox 147 2279 936 2319">
    <p class='ocr_par' dir='ltr' id='par_1_77' title="bbox 147 2279 936 2319">
     <span class='ocr_line' id='line_1_77' title="bbox 147 2279 936 2319; baseline -0.005 -8"><span class='ocrx_word' id='word_1_580' title='bbox 147 2284 351 2319; x_wconf 76' lang='grc' dir='ltr'>ἀπεδοκίμασαν</span> <span class='ocrx_word' id='word_1_581' title='bbox 370 2284 394 2309; x_wconf 82' lang='lat' dir='ltr'><strong>oi</strong></span> <span class='ocrx_word' id='word_1_582' title='bbox 418 2282 637 2317; x_wconf 74' lang='grc' dir='ltr'>οἰκοδομοῦντες,</span> <span class='ocrx_word' id='word_1_583' title='bbox 664 2279 740 2313; x_wconf 73' lang='grc' dir='ltr'>οὗτος</span> <span class='ocrx_word' id='word_1_584' title='bbox 762 2282 878 2317; x_wconf 80' lang='grc' dir='ltr'>ἐγενήθη</span> <span class='ocrx_word' id='word_1_585' title='bbox 895 2282 936 2312; x_wconf 85' lang='grc' dir='ltr'><strong>είς</strong></span> 
     </span>
    </p>
   </div>
   <div class='ocr_carea' id='block_1_78' title="bbox 147 2323 937 2365">
    <p class='ocr_par' dir='ltr' id='par_1_78' title="bbox 147 2323 937 2365">
     <span class='ocr_line' id='line_1_78' title="bbox 147 2323 937 2365; baseline -0.005 -8"><span class='ocrx_word' id='word_1_586' title='bbox 147 2331 267 2365; x_wconf 71' lang='grc' dir='ltr'>κεφαλὴν</span> <span class='ocrx_word' id='word_1_587' title='bbox 282 2330 403 2364; x_wconf 68' lang='grc' dir='ltr'>γωνίαςς</span> <span class='ocrx_word' id='word_1_588' title='bbox 423 2339 432 2355; x_wconf 82' lang='grc' dir='ltr'><strong>ι</strong></span> <span class='ocrx_word' id='word_1_589' title='bbox 461 2330 489 2355; x_wconf 92' lang='lat'>&#39;0</span> <span class='ocrx_word' id='word_1_590' title='bbox 504 2329 598 2362; x_wconf 72' lang='grc' dir='ltr'>’Ἄγιος</span> <span class='ocrx_word' id='word_1_591' title='bbox 616 2326 709 2355; x_wconf 69' lang='grc' dir='ltr'>εἶπενσ</span> <span class='ocrx_word' id='word_1_592' title='bbox 732 2328 761 2354; x_wconf 88' lang='lat'><strong>&#39;0</strong></span> <span class='ocrx_word' id='word_1_593' title='bbox 772 2327 845 2359; x_wconf 80' lang='grc' dir='ltr'>λίθος</span> <span class='ocrx_word' id='word_1_594' title='bbox 860 2323 937 2357; x_wconf 79' lang='grc' dir='ltr'>οὗτος</span> 
     </span>
    </p>
   </div>
   <div class='ocr_carea' id='block_1_79' title="bbox 147 2374 937 2413">
    <p class='ocr_par' dir='ltr' id='par_1_79' title="bbox 147 2374 937 2413">
     <span class='ocr_line' id='line_1_79' title="bbox 147 2374 937 2413; baseline -0.006 -8"><span class='ocrx_word' id='word_1_595' title='bbox 147 2379 161 2404; x_wconf 81' lang='grc' dir='ltr'><strong>ὁ</strong></span> <span class='ocrx_word' id='word_1_596' title='bbox 182 2378 298 2413; x_wconf 60' lang='grc' dir='ltr'>Χριστός</span> <span class='ocrx_word' id='word_1_597' title='bbox 309 2379 382 2404; x_wconf 82' lang='grc' dir='ltr'>ἐστιν</span> <span class='ocrx_word' id='word_1_598' title='bbox 395 2386 403 2392; x_wconf 86' lang='grc'><strong>·</strong></span> <span class='ocrx_word' id='word_1_599' title='bbox 420 2376 628 2411; x_wconf 80' lang='grc' dir='ltr'>ἀπεδοκιμάσθη</span> <span class='ocrx_word' id='word_1_600' title='bbox 643 2376 671 2402; x_wconf 81' lang='grc' dir='ltr'>δὲ</span> <span class='ocrx_word' id='word_1_601' title='bbox 686 2374 738 2402; x_wconf 80' lang='grc' dir='ltr'><strong>ὑπὸ</strong></span> <span class='ocrx_word' id='word_1_602' title='bbox 749 2374 937 2410; x_wconf 81' lang='grc' dir='ltr'>γραμματέων</span> 
     </span>
    </p>
   </div>
   <div class='ocr_carea' id='block_1_80' title="bbox 147 2422 936 2460">
    <p class='ocr_par' dir='ltr' id='par_1_80' title="bbox 147 2422 936 2460">
     <span class='ocr_line' id='line_1_80' title="bbox 147 2422 936 2460; baseline -0.006 -9"><span class='ocrx_word' id='word_1_603' title='bbox 147 2426 194 2452; x_wconf 77' lang='grc' dir='ltr'>καὶ</span> <span class='ocrx_word' id='word_1_604' title='bbox 212 2425 406 2460; x_wconf 76' lang='grc' dir='ltr'>πρεσϐυτέρων</span> <span class='ocrx_word' id='word_1_605' title='bbox 421 2424 467 2450; x_wconf 77' lang='grc' dir='ltr'>τοῦ</span> <span class='ocrx_word' id='word_1_606' title='bbox 489 2423 553 2449; x_wconf 74' lang='grc' dir='ltr'>λαοῦ</span> <span class='ocrx_word' id='word_1_607' title='bbox 570 2423 625 2449; x_wconf 87' lang='grc' dir='ltr'><strong>τῶν</strong></span> <span class='ocrx_word' id='word_1_608' title='bbox 648 2422 794 2452; x_wconf 78' lang='grc' dir='ltr'>Ἰουδαίων,</span> <span class='ocrx_word' id='word_1_609' title='bbox 813 2422 859 2447; x_wconf 64' lang='grc' dir='ltr'><strong>καὶ</strong></span> <span class='ocrx_word' id='word_1_610' title='bbox 875 2422 936 2455; x_wconf 85' lang='grc' dir='ltr'><strong>ὲγέ-</strong></span> 
     </span>
    </p>
   </div>
   <div class='ocr_carea' id='block_1_81' title="bbox 147 2459 937 2505">
    <p class='ocr_par' dir='ltr' id='par_1_81' title="bbox 147 2459 937 2505">
     <span class='ocr_line' id='line_1_81' title="bbox 147 2459 937 2505; baseline -0.006 -7"><span class='ocrx_word' id='word_1_611' title='bbox 147 2480 208 2498; x_wconf 85' lang='grc' dir='ltr'>νετο</span> <span class='ocrx_word' id='word_1_612' title='bbox 223 2459 327 2505; x_wconf 77' lang='grc' dir='ltr'>κεφαλὴ</span> <span class='ocrx_word' id='word_1_613' title='bbox 343 2471 393 2505; x_wconf 74' lang='grc' dir='ltr'>τῆς</span> <span class='ocrx_word' id='word_1_614' title='bbox 413 2459 577 2504; x_wconf 80' lang='grc' dir='ltr'>Ἐκκλησίοις</span> <span class='ocrx_word' id='word_1_615' title='bbox 595 2469 648 2495; x_wconf 84' lang='grc' dir='ltr'><strong>τῶν</strong></span> <span class='ocrx_word' id='word_1_616' title='bbox 664 2468 757 2500; x_wconf 75' lang='grc' dir='ltr'>ἐθνῶν,</span> <span class='ocrx_word' id='word_1_617' title='bbox 783 2469 843 2503; x_wconf 73' lang='grc' dir='ltr'>ἥτις</span> <span class='ocrx_word' id='word_1_618' title='bbox 858 2468 937 2501; x_wconf 81' lang='grc' dir='ltr'>λέγε-</span> 
     </span>
    </p>
   </div>
   <div class='ocr_carea' id='block_1_82' title="bbox 147 2513 934 2551">
    <p class='ocr_par' dir='ltr' id='par_1_82' title="bbox 147 2513 934 2551">
     <span class='ocr_line' id='line_1_82' title="bbox 147 2513 934 2551; baseline -0.006 -7"><span class='ocrx_word' id='word_1_619' title='bbox 147 2527 191 2544; x_wconf 59' lang='grc' dir='ltr'><strong>ται</strong></span> <span class='ocrx_word' id='word_1_620' title='bbox 217 2517 323 2551; x_wconf 79' lang='grc' dir='ltr'>γωνία·</span> <span class='ocrx_word' id='word_1_621' title='bbox 345 2516 430 2550; x_wconf 72' lang='grc' dir='ltr'>γωνία</span> <span class='ocrx_word' id='word_1_622' title='bbox 456 2515 484 2541; x_wconf 80' lang='grc' dir='ltr'>δὲ</span> <span class='ocrx_word' id='word_1_623' title='bbox 508 2514 628 2549; x_wconf 81' lang='grc' dir='ltr'>λέγεται,</span> <span class='ocrx_word' id='word_1_624' title='bbox 654 2514 695 2540; x_wconf 77' lang='grc' dir='ltr'>ὅτι</span> <span class='ocrx_word' id='word_1_625' title='bbox 712 2514 742 2539; x_wconf 75' lang='grc' dir='ltr'>οὐ</span> <span class='ocrx_word' id='word_1_626' title='bbox 767 2514 797 2539; x_wconf 80' lang='grc' dir='ltr'>τὸ</span> <span class='ocrx_word' id='word_1_627' title='bbox 815 2514 871 2540; x_wconf 79' lang='grc' dir='ltr'>πᾶν</span> <span class='ocrx_word' id='word_1_628' title='bbox 887 2513 934 2539; x_wconf 78' lang='grc' dir='ltr'>τοῦ</span> 
     </span>
    </p>
   </div>
   <div class='ocr_carea' id='block_1_83' title="bbox 148 2559 934 2598">
    <p class='ocr_par' dir='ltr' id='par_1_83' title="bbox 148 2559 934 2598">
     <span class='ocr_line' id='line_1_83' title="bbox 148 2559 934 2598; baseline -0.009 -7"><span class='ocrx_word' id='word_1_629' title='bbox 148 2565 251 2598; x_wconf 78' lang='grc' dir='ltr'>κόσμου</span> <span class='ocrx_word' id='word_1_630' title='bbox 279 2564 319 2595; x_wconf 82' lang='grc' dir='ltr'><strong>εἰς</strong></span> <span class='ocrx_word' id='word_1_631' title='bbox 343 2563 389 2589; x_wconf 84' lang='grc' dir='ltr'><strong>τὸν</strong></span> <span class='ocrx_word' id='word_1_632' title='bbox 408 2561 526 2597; x_wconf 76' lang='grc' dir='ltr'>Χριστὸν</span> <span class='ocrx_word' id='word_1_633' title='bbox 554 2561 744 2592; x_wconf 79' lang='grc' dir='ltr'>πεπίστευκεν,</span> <span class='ocrx_word' id='word_1_634' title='bbox 763 2559 831 2586; x_wconf 79' lang='grc' dir='ltr'>ἀλλὰ</span> <span class='ocrx_word' id='word_1_635' title='bbox 858 2559 934 2593; x_wconf 73' lang='grc' dir='ltr'>μόλις</span> 
     </span>
    </p>
   </div>
   <div class='ocr_carea' id='block_1_84' title="bbox 147 2605 934 2644">
    <p class='ocr_par' dir='ltr' id='par_1_84' title="bbox 147 2605 934 2644">
     <span class='ocr_line' id='line_1_84' title="bbox 147 2605 934 2644; baseline -0.008 -7"><span class='ocrx_word' id='word_1_636' title='bbox 147 2611 180 2637; x_wconf 69' lang='grc' dir='ltr'><strong>τὰ</strong></span> <span class='ocrx_word' id='word_1_637' title='bbox 195 2610 316 2644; x_wconf 70' lang='grc' dir='ltr'>ἐπίσημα</span> <span class='ocrx_word' id='word_1_638' title='bbox 327 2609 414 2644; x_wconf 78' lang='grc' dir='ltr'>γωνίᾳ</span> <span class='ocrx_word' id='word_1_639' title='bbox 425 2609 616 2642; x_wconf 81' lang='grc' dir='ltr'>ἀπεικασμένα</span> <span class='ocrx_word' id='word_1_640' title='bbox 625 2607 678 2633; x_wconf 89' lang='grc' dir='ltr'><strong>τῶν</strong></span> <span class='ocrx_word' id='word_1_641' title='bbox 694 2606 825 2641; x_wconf 84' lang='grc' dir='ltr'>Ἑλλήνων</span> <span class='ocrx_word' id='word_1_642' title='bbox 838 2605 934 2636; x_wconf 76' lang='grc' dir='ltr'>ἐθνῶν,</span> 
     </span>
    </p>
   </div>
   <div class='ocr_carea' id='block_1_85' title="bbox 148 2649 933 2688">
    <p class='ocr_par' dir='ltr' id='par_1_85' title="bbox 148 2649 933 2688">
     <span class='ocr_line' id='line_1_85' title="bbox 148 2649 933 2688; baseline -0.004 -8"><span class='ocrx_word' id='word_1_643' title='bbox 148 2655 246 2686; x_wconf 72' lang='grc' dir='ltr'>οἵτινές</span> <span class='ocrx_word' id='word_1_644' title='bbox 267 2656 350 2688; x_wconf 79' lang='grc' dir='ltr'>ἐσμεν</span> <span class='ocrx_word' id='word_1_645' title='bbox 362 2654 442 2688; x_wconf 84' lang='grc' dir='ltr'>ἡμεῖς</span> <span class='ocrx_word' id='word_1_646' title='bbox 454 2655 477 2679; x_wconf 79' lang='grc' dir='ltr'>οἱ</span> <span class='ocrx_word' id='word_1_647' title='bbox 490 2652 660 2688; x_wconf 68' lang='grc' dir='ltr'>Χριστιανοὶ,</span> <span class='ocrx_word' id='word_1_648' title='bbox 680 2652 836 2685; x_wconf 80' lang='grc' dir='ltr'>Ἐπιφὰνιος</span> <span class='ocrx_word' id='word_1_649' title='bbox 847 2649 933 2678; x_wconf 74' lang='grc' dir='ltr'>εἶπεν·</span> 
     </span>
    </p>
   </div>
   <div class='ocr_carea' id='block_1_86' title="bbox 147 2698 935 2735">
    <p class='ocr_par' dir='ltr' id='par_1_86' title="bbox 147 2698 935 2735">
     <span class='ocr_line' id='line_1_86' title="bbox 147 2698 935 2735; baseline -0.004 -8"><span class='ocrx_word' id='word_1_650' title='bbox 147 2701 181 2727; x_wconf 83' lang='grc' dir='ltr'>Τί</span> <span class='ocrx_word' id='word_1_651' title='bbox 197 2701 357 2735; x_wconf 77' lang='grc' dir='ltr'>ἐρμηνεύει,</span> <span class='ocrx_word' id='word_1_652' title='bbox 375 2709 384 2726; x_wconf 83' lang='grc' dir='ltr'><strong>ι</strong></span> <span class='ocrx_word' id='word_1_653' title='bbox 408 2701 482 2726; x_wconf 81' lang='grc' dir='ltr'>Ἐκεῖ</span> <span class='ocrx_word' id='word_1_654' title='bbox 502 2698 656 2733; x_wconf 70' lang='grc' dir='ltr'>ἒξανοιτελῶ</span> <span class='ocrx_word' id='word_1_655' title='bbox 680 2699 763 2734; x_wconf 86' lang='grc' dir='ltr'>κέρας</span> <span class='ocrx_word' id='word_1_656' title='bbox 789 2698 828 2734; x_wconf 87' lang='grc' dir='ltr'>τῷ</span> <span class='ocrx_word' id='word_1_657' title='bbox 842 2698 935 2730; x_wconf 78' lang='grc' dir='ltr'>Δαυῖδ,</span> 
     </span>
    </p>
   </div>
   <div class='ocr_carea' id='block_1_87' title="bbox 147 2744 937 2782">
    <p class='ocr_par' dir='ltr' id='par_1_87' title="bbox 147 2744 937 2782">
     <span class='ocr_line' id='line_1_87' title="bbox 147 2744 937 2782; baseline -0.003 -9"><span class='ocrx_word' id='word_1_658' title='bbox 147 2747 285 2782; x_wconf 60' lang='grc' dir='ltr'>ἡτοίμασε</span> <span class='ocrx_word' id='word_1_659' title='bbox 301 2746 398 2781; x_wconf 69' lang='grc' dir='ltr'>λύχνον</span> <span class='ocrx_word' id='word_1_660' title='bbox 414 2746 453 2782; x_wconf 80' lang='grc' dir='ltr'>τῷ</span> <span class='ocrx_word' id='word_1_661' title='bbox 466 2745 576 2782; x_wconf 80' lang='grc' dir='ltr'>Χριστῷ</span> <span class='ocrx_word' id='word_1_662' title='bbox 594 2753 644 2780; x_wconf 87' lang='grc' dir='ltr'><strong>μου</strong></span> <span class='ocrx_word' id='word_1_663' title='bbox 655 2754 662 2778; x_wconf 85' lang='grc'><strong>;</strong></span> <span class='ocrx_word' id='word_1_664' title='bbox 673 2754 682 2770; x_wconf 80' lang='grc' dir='ltr'><strong>ι</strong></span> <span class='ocrx_word' id='word_1_665' title='bbox 695 2744 724 2771; x_wconf 86' lang='grc' dir='ltr'><strong>Ὀ</strong></span> <span class='ocrx_word' id='word_1_666' title='bbox 738 2745 879 2780; x_wconf 69' lang='grc' dir='ltr'>Μακάριος</span> <span class='ocrx_word' id='word_1_667' title='bbox 892 2745 937 2771; x_wconf 77' lang='grc' dir='ltr'><strong>λέ-</strong></span> 
     </span>
    </p>
   </div>
   <div class='ocr_carea' id='block_1_88' title="bbox 184 2837 458 2870">
    <p class='ocr_par' dir='ltr' id='par_1_88' title="bbox 184 2837 458 2870">
     <span class='ocr_line' id='line_1_88' title="bbox 184 2837 458 2870; baseline 0 -4"><span class='ocrx_word' id='word_1_668' title='bbox 184 2839 206 2854; x_wconf 80' lang='grc'>⁸³</span> <span class='ocrx_word' id='word_1_669' title='bbox 226 2838 297 2866; x_wconf 69' lang='lat' dir='ltr'><strong>l’s-il.</strong></span> <span class='ocrx_word' id='word_1_670' title='bbox 314 2845 414 2870; x_wconf 78' lang='lat' dir='ltr'><strong>cxxm,</strong></span> <span class='ocrx_word' id='word_1_671' title='bbox 432 2837 458 2866; x_wconf 80' lang='grc'><strong>5.</strong></span> 
     </span>
    </p>
   </div>
   <div class='ocr_carea' id='block_1_89' title="bbox 990 1862 1782 1899">
    <p class='ocr_par' dir='ltr' id='par_1_89' title="bbox 990 1862 1782 1899">
     <span class='ocr_line' id='line_1_89' title="bbox 990 1862 1782 1899; baseline -0.005 -8"><span class='ocrx_word' id='word_1_672' title='bbox 990 1871 1061 1899; x_wconf 85' lang='lat' dir='ltr'><strong>quos</strong></span> <span class='ocrx_word' id='word_1_673' title='bbox 1087 1864 1206 1899; x_wconf 71' lang='lat' dir='ltr'><strong>decepta:</strong></span> <span class='ocrx_word' id='word_1_674' title='bbox 1223 1871 1253 1891; x_wconf 83' lang='lat' dir='ltr'><strong>ac</strong></span> <span class='ocrx_word' id='word_1_675' title='bbox 1268 1863 1368 1890; x_wconf 83' lang='lat' dir='ltr'><strong>delusae</strong></span> <span class='ocrx_word' id='word_1_676' title='bbox 1396 1867 1491 1896; x_wconf 79' lang='lat' dir='ltr'><strong>gentes</strong></span> <span class='ocrx_word' id='word_1_677' title='bbox 1516 1869 1578 1888; x_wconf 91' lang='lat' dir='ltr'><strong>cum</strong></span> <span class='ocrx_word' id='word_1_678' title='bbox 1607 1862 1782 1888; x_wconf 72' lang='lat' dir='ltr'><strong>veneratione</strong></span> 
     </span>
    </p>
   </div>
   <div class='ocr_carea' id='block_1_90' title="bbox 990 1907 1780 1944">
    <p class='ocr_par' dir='ltr' id='par_1_90' title="bbox 990 1907 1780 1944">
     <span class='ocr_line' id='line_1_90' title="bbox 990 1907 1780 1944; baseline -0.006 -6"><span class='ocrx_word' id='word_1_679' title='bbox 990 1911 1120 1944; x_wconf 85' lang='lat' dir='ltr'><strong>adibant,</strong></span> <span class='ocrx_word' id='word_1_680' title='bbox 1147 1909 1301 1944; x_wconf 83' lang='lat' dir='ltr'><strong>respiciens</strong></span> <span class='ocrx_word' id='word_1_681' title='bbox 1329 1911 1480 1944; x_wconf 84' lang='lat' dir='ltr'><strong>propheta.</strong></span> <span class='ocrx_word' id='word_1_682' title='bbox 1510 1907 1546 1934; x_wconf 88' lang='lat' dir='ltr'><strong>ita</strong></span> <span class='ocrx_word' id='word_1_683' title='bbox 1571 1907 1780 1941; x_wconf 76' lang='lat' dir='ltr'><strong>pronuntiavit:</strong></span> 
     </span>
    </p>
   </div>
   <div class='ocr_carea' id='block_1_91' title="bbox 990 1953 1783 1989">
    <p class='ocr_par' dir='ltr' id='par_1_91' title="bbox 990 1953 1783 1989">
     <span class='ocr_line' id='line_1_91' title="bbox 990 1953 1783 1989; baseline -0.006 -5"><span class='ocrx_word' id='word_1_684' title='bbox 990 1957 1088 1984; x_wconf 77' lang='lat' dir='ltr'><strong>Mortui</strong></span> <span class='ocrx_word' id='word_1_685' title='bbox 1106 1961 1208 1985; x_wconf 87' lang='lat' dir='ltr'><strong>autem.</strong></span> <span class='ocrx_word' id='word_1_686' title='bbox 1224 1955 1251 1982; x_wconf 90' lang='lat' dir='ltr'><strong>id</strong></span> <span class='ocrx_word' id='word_1_687' title='bbox 1273 1960 1326 1986; x_wconf 88' lang='lat' dir='ltr'><strong>est,</strong></span> <span class='ocrx_word' id='word_1_688' title='bbox 1343 1955 1380 1989; x_wconf 80' lang='lat' dir='ltr'><strong>dii</strong></span> <span class='ocrx_word' id='word_1_689' title='bbox 1398 1955 1536 1989; x_wconf 74' lang='lat' dir='ltr'><strong>gentium,</strong></span> <span class='ocrx_word' id='word_1_690' title='bbox 1555 1953 1671 1988; x_wconf 88' lang='lat' dir='ltr'><strong>lapidei,</strong></span> <span class='ocrx_word' id='word_1_691' title='bbox 1688 1953 1783 1988; x_wconf 76' lang='lat' dir='ltr'><strong>lignei.</strong></span> 
     </span>
    </p>
   </div>
   <div class='ocr_carea' id='block_1_92' title="bbox 988 2000 1781 2038">
    <p class='ocr_par' dir='ltr' id='par_1_92' title="bbox 988 2000 1781 2038">
     <span class='ocr_line' id='line_1_92' title="bbox 988 2000 1781 2038; baseline -0.006 -7"><span class='ocrx_word' id='word_1_692' title='bbox 988 2004 1121 2038; x_wconf 74' lang='lat' dir='ltr'><strong>argentei,</strong></span> <span class='ocrx_word' id='word_1_693' title='bbox 1140 2003 1228 2035; x_wconf 87' lang='lat' dir='ltr'><strong>aurei,</strong></span> <span class='ocrx_word' id='word_1_694' title='bbox 1251 2001 1362 2030; x_wconf 83' lang='lat' dir='ltr'><strong>testacei</strong></span> <span class='ocrx_word' id='word_1_695' title='bbox 1387 2005 1470 2036; x_wconf 89' lang='lat' dir='ltr'><strong>atque</strong></span> <span class='ocrx_word' id='word_1_696' title='bbox 1483 2001 1550 2028; x_wconf 68' lang='grc' dir='ltr'><strong>ωιιοί</strong></span> <span class='ocrx_word' id='word_1_697' title='bbox 1563 2020 1571 2032; x_wconf 93' lang='grc'><strong>,</strong></span> <span class='ocrx_word' id='word_1_698' title='bbox 1586 2007 1647 2027; x_wconf 90' lang='lat' dir='ltr'><strong>cum</strong></span> <span class='ocrx_word' id='word_1_699' title='bbox 1667 2000 1781 2027; x_wconf 76' lang='lat' dir='ltr'><strong>materia</strong></span> 
     </span>
    </p>
   </div>
   <div class='ocr_carea' id='block_1_93' title="bbox 989 2047 1782 2084">
    <p class='ocr_par' dir='ltr' id='par_1_93' title="bbox 989 2047 1782 2084">
     <span class='ocr_line' id='line_1_93' title="bbox 989 2047 1782 2084; baseline -0.006 -7"><span class='ocrx_word' id='word_1_700' title='bbox 989 2051 1101 2084; x_wconf 89' lang='lat' dir='ltr'><strong>spiritus</strong></span> <span class='ocrx_word' id='word_1_701' title='bbox 1116 2055 1239 2084; x_wconf 80' lang='lat' dir='ltr'><strong>expertes</strong></span> <span class='ocrx_word' id='word_1_702' title='bbox 1257 2049 1322 2081; x_wconf 89' lang='lat' dir='ltr'><strong>sint,</strong></span> <span class='ocrx_word' id='word_1_703' title='bbox 1332 2049 1413 2075; x_wconf 82' lang='lat' dir='ltr'><strong>vitam</strong></span> <span class='ocrx_word' id='word_1_704' title='bbox 1427 2055 1480 2074; x_wconf 92' lang='lat' dir='ltr'><strong>non</strong></span> <span class='ocrx_word' id='word_1_705' title='bbox 1495 2047 1624 2074; x_wconf 81' lang='lat' dir='ltr'><strong>videbunt</strong></span> <span class='ocrx_word' id='word_1_706' title='bbox 1638 2056 1644 2074; x_wconf 87' lang='lat'><strong>:</strong></span> <span class='ocrx_word' id='word_1_707' title='bbox 1659 2054 1709 2073; x_wconf 87' lang='lat' dir='ltr'><strong>nec</strong></span> <span class='ocrx_word' id='word_1_708' title='bbox 1724 2054 1782 2073; x_wconf 89' lang='lat' dir='ltr'><strong>me-</strong></span> 
     </span>
    </p>
   </div>
   <div class='ocr_carea' id='block_1_94' title="bbox 989 2093 1782 2130">
    <p class='ocr_par' dir='ltr' id='par_1_94' title="bbox 989 2093 1782 2130">
     <span class='ocr_line' id='line_1_94' title="bbox 989 2093 1782 2130; baseline -0.006 -6"><span class='ocrx_word' id='word_1_709' title='bbox 989 2096 1065 2130; x_wconf 88' lang='lat' dir='ltr'><strong>dici,</strong></span> <span class='ocrx_word' id='word_1_710' title='bbox 1089 2096 1127 2124; x_wconf 90' lang='lat' dir='ltr'><strong>dii</strong></span> <span class='ocrx_word' id='word_1_711' title='bbox 1142 2096 1249 2123; x_wconf 88' lang='lat' dir='ltr'><strong>scilicet</strong></span> <span class='ocrx_word' id='word_1_712' title='bbox 1265 2095 1347 2122; x_wconf 84' lang='lat' dir='ltr'><strong>iidcm</strong></span> <span class='ocrx_word' id='word_1_713' title='bbox 1363 2115 1370 2126; x_wconf 83' lang='grc'><strong>,</strong></span> <span class='ocrx_word' id='word_1_714' title='bbox 1393 2102 1463 2128; x_wconf 88' lang='lat' dir='ltr'><strong>quos</strong></span> <span class='ocrx_word' id='word_1_715' title='bbox 1480 2099 1508 2120; x_wconf 89' lang='lat' dir='ltr'><strong>ut</strong></span> <span class='ocrx_word' id='word_1_716' title='bbox 1524 2093 1584 2120; x_wconf 78' lang='lat' dir='ltr'><strong>vine</strong></span> <span class='ocrx_word' id='word_1_717' title='bbox 1606 2093 1716 2119; x_wconf 87' lang='lat' dir='ltr'><strong>datores</strong></span> <span class='ocrx_word' id='word_1_718' title='bbox 1733 2099 1782 2119; x_wconf 87' lang='lat' dir='ltr'><strong>co-</strong></span> 
     </span>
    </p>
   </div>
   <div class='ocr_carea' id='block_1_95' title="bbox 988 2140 1781 2175">
    <p class='ocr_par' dir='ltr' id='par_1_95' title="bbox 988 2140 1781 2175">
     <span class='ocr_line' id='line_1_95' title="bbox 988 2140 1781 2175; baseline -0.005 -5"><span class='ocrx_word' id='word_1_719' title='bbox 988 2143 1064 2175; x_wconf 89' lang='lat' dir='ltr'><strong>lunt,</strong></span> <span class='ocrx_word' id='word_1_720' title='bbox 1081 2149 1094 2169; x_wconf 88' lang='lat' dir='ltr'><strong>a</strong></span> <span class='ocrx_word' id='word_1_721' title='bbox 1110 2142 1220 2169; x_wconf 83' lang='lat' dir='ltr'><strong>Christo</strong></span> <span class='ocrx_word' id='word_1_722' title='bbox 1235 2140 1347 2169; x_wconf 88' lang='lat' dir='ltr'><strong>contriti</strong></span> <span class='ocrx_word' id='word_1_723' title='bbox 1361 2160 1367 2172; x_wconf 88' lang='lat'><strong>,</strong></span> <span class='ocrx_word' id='word_1_724' title='bbox 1387 2140 1443 2167; x_wconf 89' lang='lat' dir='ltr'><strong>ullo</strong></span> <span class='ocrx_word' id='word_1_725' title='bbox 1461 2147 1581 2174; x_wconf 83' lang='lat' dir='ltr'><strong>unquam</strong></span> <span class='ocrx_word' id='word_1_726' title='bbox 1599 2143 1719 2173; x_wconf 87' lang='lat' dir='ltr'><strong>tempore</strong></span> <span class='ocrx_word' id='word_1_727' title='bbox 1735 2146 1781 2166; x_wconf 79' lang='lat' dir='ltr'><strong>rc-</strong></span> 
     </span>
    </p>
   </div>
   <div class='ocr_carea' id='block_1_96' title="bbox 989 2191 1204 2218">
    <p class='ocr_par' dir='ltr' id='par_1_96' title="bbox 989 2191 1204 2218">
     <span class='ocr_line' id='line_1_96' title="bbox 989 2191 1204 2218; baseline -0.009 0"><span class='ocrx_word' id='word_1_728' title='bbox 989 2191 1204 2218; x_wconf 83' lang='lat' dir='ltr'><strong>suscitahuntur.</strong></span> 
     </span>
    </p>
   </div>
   <div class='ocr_carea' id='block_1_97' title="bbox 1025 2232 1782 2269">
    <p class='ocr_par' dir='ltr' id='par_1_97' title="bbox 1025 2232 1782 2269">
     <span class='ocr_line' id='line_1_97' title="bbox 1025 2232 1782 2269; baseline -0.008 -5"><span class='ocrx_word' id='word_1_729' title='bbox 1025 2237 1088 2264; x_wconf 69' lang='grc'><strong>184.</strong></span> <span class='ocrx_word' id='word_1_730' title='bbox 1112 2236 1198 2263; x_wconf 87' lang='lat' dir='ltr'><strong>Porro</strong></span> <span class='ocrx_word' id='word_1_731' title='bbox 1214 2243 1277 2263; x_wconf 86' lang='lat' dir='ltr'><strong>cum</strong></span> <span class='ocrx_word' id='word_1_732' title='bbox 1292 2236 1395 2263; x_wconf 88' lang='lat' dir='ltr'><strong>diceret</strong></span> <span class='ocrx_word' id='word_1_733' title='bbox 1418 2234 1597 2269; x_wconf 79' lang='lat' dir='ltr'><strong>Epiphanius,</strong></span> <span class='ocrx_word' id='word_1_734' title='bbox 1617 2234 1698 2260; x_wconf 84' lang='lat' dir='ltr'><strong>Istum</strong></span> <span class='ocrx_word' id='word_1_735' title='bbox 1713 2232 1782 2259; x_wconf 84' lang='lat' dir='ltr'><strong>mihi</strong></span> 
     </span>
    </p>
   </div>
   <div class='ocr_carea' id='block_1_98' title="bbox 989 2273 1780 2317">
    <p class='ocr_par' dir='ltr' id='par_1_98' title="bbox 989 2273 1780 2317">
     <span class='ocr_line' id='line_1_98' title="bbox 989 2273 1780 2317; baseline -0.008 -6"><span class='ocrx_word' id='word_1_736' title='bbox 989 2285 1080 2312; x_wconf 89' lang='lat' dir='ltr'><strong>locum</strong></span> <span class='ocrx_word' id='word_1_737' title='bbox 1105 2284 1282 2317; x_wconf 84' lang='lat' dir='ltr'><strong>interpretare</strong></span> <span class='ocrx_word' id='word_1_738' title='bbox 1301 2291 1307 2309; x_wconf 92' lang='lat'><strong>:</strong></span> <span class='ocrx_word' id='word_1_739' title='bbox 1325 2281 1482 2316; x_wconf 73' lang='lat' dir='ltr'><strong>«Lapidem,</strong></span> <span class='ocrx_word' id='word_1_740' title='bbox 1508 2273 1588 2315; x_wconf 87' lang='lat' dir='ltr'><strong>quem</strong></span> <span class='ocrx_word' id='word_1_741' title='bbox 1618 2279 1780 2314; x_wconf 82' lang='lat' dir='ltr'><strong>rcprobave-</strong></span> 
     </span>
    </p>
   </div>
   <div class='ocr_carea' id='block_1_99' title="bbox 990 2323 1773 2360">
    <p class='ocr_par' dir='ltr' id='par_1_99' title="bbox 990 2323 1773 2360">
     <span class='ocr_line' id='line_1_99' title="bbox 990 2323 1773 2360; baseline -0.01 -3"><span class='ocrx_word' id='word_1_742' title='bbox 990 2334 1052 2357; x_wconf 89' lang='lat' dir='ltr'><strong>runt</strong></span> <span class='ocrx_word' id='word_1_743' title='bbox 1063 2328 1242 2360; x_wconf 58' lang='lat' dir='ltr'><strong>aediﬁcantes,</strong></span> <span class='ocrx_word' id='word_1_744' title='bbox 1260 2328 1304 2354; x_wconf 88' lang='lat' dir='ltr'><strong>hic</strong></span> <span class='ocrx_word' id='word_1_745' title='bbox 1321 2328 1409 2355; x_wconf 79' lang='lat' dir='ltr'><strong>factus</strong></span> <span class='ocrx_word' id='word_1_746' title='bbox 1425 2331 1467 2354; x_wconf 88' lang='lat' dir='ltr'><strong>est</strong></span> <span class='ocrx_word' id='word_1_747' title='bbox 1482 2327 1508 2352; x_wconf 93' lang='lat' dir='ltr'><strong>in</strong></span> <span class='ocrx_word' id='word_1_748' title='bbox 1525 2330 1604 2360; x_wconf 86' lang='lat' dir='ltr'><strong>caput</strong></span> <span class='ocrx_word' id='word_1_749' title='bbox 1617 2325 1708 2359; x_wconf 75' lang='lat' dir='ltr'><strong>anguli</strong></span> <span class='ocrx_word' id='word_1_750' title='bbox 1722 2323 1773 2356; x_wconf 76' lang='lat' dir='ltr'><strong>&quot;,r</strong></span> 
     </span>
    </p>
   </div>
   <div class='ocr_carea' id='block_1_100' title="bbox 990 2369 1780 2409">
    <p class='ocr_par' dir='ltr' id='par_1_100' title="bbox 990 2369 1780 2409">
     <span class='ocr_line' id='line_1_100' title="bbox 990 2369 1780 2409; baseline -0.009 -6"><span class='ocrx_word' id='word_1_751' title='bbox 990 2375 1064 2403; x_wconf 88' lang='lat' dir='ltr'><strong>illam</strong></span> <span class='ocrx_word' id='word_1_752' title='bbox 1083 2375 1159 2402; x_wconf 88' lang='lat' dir='ltr'><strong>dedit</strong></span> <span class='ocrx_word' id='word_1_753' title='bbox 1176 2374 1428 2409; x_wconf 67' lang='lat' dir='ltr'><strong>interpretationem</strong></span> <span class='ocrx_word' id='word_1_754' title='bbox 1448 2372 1545 2399; x_wconf 78' lang='lat' dir='ltr'><strong>beatus</strong></span> <span class='ocrx_word' id='word_1_755' title='bbox 1559 2371 1682 2398; x_wconf 83' lang='lat' dir='ltr'><strong>Andreas</strong></span> <span class='ocrx_word' id='word_1_756' title='bbox 1699 2379 1706 2397; x_wconf 87' lang='lat'><strong>:</strong></span> <span class='ocrx_word' id='word_1_757' title='bbox 1727 2369 1780 2396; x_wconf 58' lang='lat' dir='ltr'><strong>La«</strong></span> 
     </span>
    </p>
   </div>
   <div class='ocr_carea' id='block_1_101' title="bbox 989 2417 1779 2458">
    <p class='ocr_par' dir='ltr' id='par_1_101' title="bbox 989 2417 1779 2458">
     <span class='ocr_line' id='line_1_101' title="bbox 989 2417 1779 2458; baseline -0.009 -8"><span class='ocrx_word' id='word_1_758' title='bbox 989 2423 1030 2458; x_wconf 83' lang='lat' dir='ltr'><strong>pis</strong></span> <span class='ocrx_word' id='word_1_759' title='bbox 1047 2424 1097 2450; x_wconf 86' lang='lat' dir='ltr'><strong>iste</strong></span> <span class='ocrx_word' id='word_1_760' title='bbox 1117 2422 1245 2449; x_wconf 88' lang='lat' dir='ltr'><strong>Christus</strong></span> <span class='ocrx_word' id='word_1_761' title='bbox 1261 2425 1321 2453; x_wconf 86' lang='lat' dir='ltr'><strong>est,</strong></span> <span class='ocrx_word' id='word_1_762' title='bbox 1347 2420 1393 2455; x_wconf 89' lang='lat' dir='ltr'><strong>qui</strong></span> <span class='ocrx_word' id='word_1_763' title='bbox 1422 2419 1582 2454; x_wconf 81' lang='lat' dir='ltr'><strong>reprobatus</strong></span> <span class='ocrx_word' id='word_1_764' title='bbox 1601 2427 1615 2444; x_wconf 88' lang='lat' dir='ltr'><strong>a</strong></span> <span class='ocrx_word' id='word_1_765' title='bbox 1635 2417 1739 2444; x_wconf 86' lang='lat' dir='ltr'><strong>Scribis</strong></span> <span class='ocrx_word' id='word_1_766' title='bbox 1751 2421 1779 2444; x_wconf 79' lang='lat' dir='ltr'><strong>et</strong></span> 
     </span>
    </p>
   </div>
   <div class='ocr_carea' id='block_1_102' title="bbox 991 2463 1780 2502">
    <p class='ocr_par' dir='ltr' id='par_1_102' title="bbox 991 2463 1780 2502">
     <span class='ocr_line' id='line_1_102' title="bbox 991 2463 1780 2502; baseline -0.008 -7"><span class='ocrx_word' id='word_1_767' title='bbox 991 2468 1148 2496; x_wconf 87' lang='lat' dir='ltr'><strong>senioribus</strong></span> <span class='ocrx_word' id='word_1_768' title='bbox 1161 2467 1252 2502; x_wconf 88' lang='lat' dir='ltr'><strong>populi</strong></span> <span class='ocrx_word' id='word_1_769' title='bbox 1265 2465 1371 2492; x_wconf 84' lang='lat' dir='ltr'><strong>Jndaiei</strong></span> <span class='ocrx_word' id='word_1_770' title='bbox 1383 2487 1390 2498; x_wconf 87' lang='lat'><strong>,</strong></span> <span class='ocrx_word' id='word_1_771' title='bbox 1409 2465 1496 2492; x_wconf 81' lang='lat' dir='ltr'><strong>iactus</strong></span> <span class='ocrx_word' id='word_1_772' title='bbox 1517 2464 1568 2490; x_wconf 77' lang='lat' dir='ltr'><strong>fuit</strong></span> <span class='ocrx_word' id='word_1_773' title='bbox 1586 2468 1668 2498; x_wconf 83' lang='lat' dir='ltr'><strong>caput</strong></span> <span class='ocrx_word' id='word_1_774' title='bbox 1688 2463 1780 2490; x_wconf 79' lang='lat' dir='ltr'><strong>Eccle-</strong></span> 
     </span>
    </p>
   </div>
   <div class='ocr_carea' id='block_1_103' title="bbox 990 2510 1777 2549">
    <p class='ocr_par' dir='ltr' id='par_1_103' title="bbox 990 2510 1777 2549">
     <span class='ocr_line' id='line_1_103' title="bbox 990 2510 1777 2549; baseline -0.008 -7"><span class='ocrx_word' id='word_1_775' title='bbox 990 2516 1037 2543; x_wconf 66' lang='grc' dir='ltr'>σιω</span> <span class='ocrx_word' id='word_1_776' title='bbox 1056 2515 1177 2549; x_wconf 76' lang='lat' dir='ltr'><strong>gentium</strong></span> <span class='ocrx_word' id='word_1_777' title='bbox 1194 2523 1199 2540; x_wconf 95' lang='lat'>:</span> <span class='ocrx_word' id='word_1_778' title='bbox 1218 2521 1278 2548; x_wconf 67' lang='lat' dir='ltr'><strong>qum</strong></span> <span class='ocrx_word' id='word_1_779' title='bbox 1302 2512 1418 2547; x_wconf 77' lang='lat' dir='ltr'><strong>angulus</strong></span> <span class='ocrx_word' id='word_1_780' title='bbox 1444 2510 1605 2546; x_wconf 68' lang='lat' dir='ltr'><strong>appellatur,</strong></span> <span class='ocrx_word' id='word_1_781' title='bbox 1633 2515 1777 2544; x_wconf 78' lang='lat' dir='ltr'><strong>propterea</strong></span> 
     </span>
    </p>
   </div>
   <div class='ocr_carea' id='block_1_104' title="bbox 988 2556 1775 2596">
    <p class='ocr_par' dir='ltr' id='par_1_104' title="bbox 988 2556 1775 2596">
     <span class='ocr_line' id='line_1_104' title="bbox 988 2556 1775 2596; baseline -0.008 -9"><span class='ocrx_word' id='word_1_782' title='bbox 988 2561 1060 2596; x_wconf 86' lang='lat' dir='ltr'><strong>quod</strong></span> <span class='ocrx_word' id='word_1_783' title='bbox 1089 2568 1142 2586; x_wconf 94' lang='lat' dir='ltr'><strong>non</strong></span> <span class='ocrx_word' id='word_1_784' title='bbox 1168 2560 1322 2590; x_wconf 61' lang='lat' dir='ltr'><strong>universus,</strong></span> <span class='ocrx_word' id='word_1_785' title='bbox 1342 2567 1393 2590; x_wconf 85' lang='lat' dir='ltr'><strong>qua</strong></span> <span class='ocrx_word' id='word_1_786' title='bbox 1419 2561 1502 2591; x_wconf 81' lang='lat' dir='ltr'><strong>patet,</strong></span> <span class='ocrx_word' id='word_1_787' title='bbox 1531 2556 1605 2583; x_wconf 88' lang='lat' dir='ltr'><strong>orbis</strong></span> <span class='ocrx_word' id='word_1_788' title='bbox 1625 2575 1633 2588; x_wconf 81' lang='lat'><strong>,</strong></span> <span class='ocrx_word' id='word_1_789' title='bbox 1658 2556 1704 2582; x_wconf 82' lang='lat' dir='ltr'><strong>scd</strong></span> <span class='ocrx_word' id='word_1_790' title='bbox 1732 2556 1775 2581; x_wconf 79' lang='lat' dir='ltr'><strong>vix</strong></span> 
     </span>
    </p>
   </div>
   <div class='ocr_carea' id='block_1_105' title="bbox 988 2602 1775 2636">
    <p class='ocr_par' dir='ltr' id='par_1_105' title="bbox 988 2602 1775 2636">
     <span class='ocr_line' id='line_1_105' title="bbox 988 2602 1775 2636; baseline -0.009 -3"><span class='ocrx_word' id='word_1_791' title='bbox 988 2605 1137 2636; x_wconf 79' lang='lat' dir='ltr'><strong>notabilis,</strong></span> <span class='ocrx_word' id='word_1_792' title='bbox 1168 2605 1191 2632; x_wconf 84' lang='lat' dir='ltr'><strong>si</strong></span> <span class='ocrx_word' id='word_1_793' title='bbox 1221 2612 1282 2631; x_wconf 87' lang='lat' dir='ltr'><strong>ctnn</strong></span> <span class='ocrx_word' id='word_1_794' title='bbox 1314 2608 1368 2630; x_wconf 83' lang='lat' dir='ltr'><strong>tota</strong></span> <span class='ocrx_word' id='word_1_795' title='bbox 1400 2602 1552 2636; x_wconf 77' lang='lat' dir='ltr'><strong>gentilitate</strong></span> <span class='ocrx_word' id='word_1_796' title='bbox 1579 2605 1775 2635; x_wconf 81' lang='lat' dir='ltr'><strong>comparetur,</strong></span> 
     </span>
    </p>
   </div>
   <div class='ocr_carea' id='block_1_106' title="bbox 988 2645 1775 2687">
    <p class='ocr_par' dir='ltr' id='par_1_106' title="bbox 988 2645 1775 2687">
     <span class='ocr_line' id='line_1_106' title="bbox 988 2645 1775 2687; baseline -0.009 -8"><span class='ocrx_word' id='word_1_797' title='bbox 988 2659 1065 2687; x_wconf 79' lang='lat' dir='ltr'><strong>pars,</strong></span> <span class='ocrx_word' id='word_1_798' title='bbox 1087 2659 1147 2687; x_wconf 77' lang='lat' dir='ltr'><strong>qua:</strong></span> <span class='ocrx_word' id='word_1_799' title='bbox 1172 2659 1205 2677; x_wconf 83' lang='lat' dir='ltr'><strong>ex</strong></span> <span class='ocrx_word' id='word_1_800' title='bbox 1234 2650 1312 2676; x_wconf 84' lang='lat' dir='ltr'><strong>nobis</strong></span> <span class='ocrx_word' id='word_1_801' title='bbox 1330 2647 1496 2676; x_wconf 81' lang='lat' dir='ltr'><strong>Christianis</strong></span> <span class='ocrx_word' id='word_1_802' title='bbox 1522 2647 1720 2677; x_wconf 84' lang='lat' dir='ltr'><strong>constituitur,</strong></span> <span class='ocrx_word' id='word_1_803' title='bbox 1747 2645 1775 2672; x_wconf 89' lang='lat' dir='ltr'><strong>in</strong></span> 
     </span>
    </p>
   </div>
   <div class='ocr_carea' id='block_1_107' title="bbox 989 2691 1775 2730">
    <p class='ocr_par' dir='ltr' id='par_1_107' title="bbox 989 2691 1775 2730">
     <span class='ocr_line' id='line_1_107' title="bbox 989 2691 1775 2730; baseline -0.009 -5"><span class='ocrx_word' id='word_1_804' title='bbox 989 2699 1126 2726; x_wconf 86' lang='lat' dir='ltr'><strong>Christum</strong></span> <span class='ocrx_word' id='word_1_805' title='bbox 1142 2697 1298 2724; x_wconf 82' lang='lat' dir='ltr'><strong>crediderit.</strong></span> <span class='ocrx_word' id='word_1_806' title='bbox 1315 2696 1385 2723; x_wconf 87' lang='lat' dir='ltr'><strong>Tum</strong></span> <span class='ocrx_word' id='word_1_807' title='bbox 1404 2696 1483 2723; x_wconf 86' lang='lat' dir='ltr'><strong>istius</strong></span> <span class='ocrx_word' id='word_1_808' title='bbox 1500 2701 1609 2730; x_wconf 87' lang='lat' dir='ltr'><strong>quoque</strong></span> <span class='ocrx_word' id='word_1_809' title='bbox 1625 2693 1676 2720; x_wconf 83' lang='lat' dir='ltr'><strong>loci</strong></span> <span class='ocrx_word' id='word_1_810' title='bbox 1699 2691 1775 2719; x_wconf 86' lang='lat' dir='ltr'><strong>Psal-</strong></span> 
     </span>
    </p>
   </div>
   <div class='ocr_carea' id='block_1_108' title="bbox 991 2739 1779 2776">
    <p class='ocr_par' dir='ltr' id='par_1_108' title="bbox 991 2739 1779 2776">
     <span class='ocr_line' id='line_1_108' title="bbox 991 2739 1779 2776; baseline -0.008 -5"><span class='ocrx_word' id='word_1_811' title='bbox 991 2752 1097 2772; x_wconf 89' lang='lat' dir='ltr'><strong>morum</strong></span> <span class='ocrx_word' id='word_1_812' title='bbox 1111 2753 1117 2771; x_wconf 89' lang='lat'><strong>:</strong></span> <span class='ocrx_word' id='word_1_813' title='bbox 1132 2753 1140 2769; x_wconf 88' lang='grc' dir='ltr'><strong>ι</strong></span> <span class='ocrx_word' id='word_1_814' title='bbox 1160 2743 1197 2771; x_wconf 89' lang='lat' dir='ltr'><strong>lbi</strong></span> <span class='ocrx_word' id='word_1_815' title='bbox 1216 2742 1357 2771; x_wconf 84' lang='lat' dir='ltr'><strong>suscitabo</strong></span> <span class='ocrx_word' id='word_1_816' title='bbox 1369 2750 1453 2770; x_wconf 91' lang='lat' dir='ltr'><strong>cornu</strong></span> <span class='ocrx_word' id='word_1_817' title='bbox 1471 2741 1566 2774; x_wconf 71' lang='lat' dir='ltr'><strong>David,</strong></span> <span class='ocrx_word' id='word_1_818' title='bbox 1581 2739 1674 2776; x_wconf 75' lang='lat' dir='ltr'><strong>paravi</strong></span> <span class='ocrx_word' id='word_1_819' title='bbox 1688 2739 1779 2766; x_wconf 84' lang='lat' dir='ltr'><strong>lucer-</strong></span> 
     </span>
    </p>
   </div>
   <div class='ocr_carea' id='block_1_109' title="bbox 499 2835 1065 2871">
    <p class='ocr_par' dir='ltr' id='par_1_109' title="bbox 499 2835 1065 2871">
     <span class='ocr_line' id='line_1_109' title="bbox 499 2835 1065 2871; baseline -0.004 -5"><span class='ocrx_word' id='word_1_820' title='bbox 499 2837 519 2854; x_wconf 73' lang='lat'><em>“</em></span> <span class='ocrx_word' id='word_1_821' title='bbox 539 2838 591 2866; x_wconf 85' lang='lat' dir='ltr'><strong>lsa.</strong></span> <span class='ocrx_word' id='word_1_822' title='bbox 607 2845 688 2871; x_wconf 83' lang='grc' dir='ltr'>ιιινι,</span> <span class='ocrx_word' id='word_1_823' title='bbox 712 2836 754 2864; x_wconf 72' lang='grc' dir='ltr'><strong>Ην.</strong></span> <span class='ocrx_word' id='word_1_824' title='bbox 793 2836 816 2852; x_wconf 74' lang='grc'><strong>⁸³</strong></span> <span class='ocrx_word' id='word_1_825' title='bbox 836 2835 906 2864; x_wconf 77' lang='lat' dir='ltr'><strong>Psal.</strong></span> <span class='ocrx_word' id='word_1_826' title='bbox 923 2843 1004 2869; x_wconf 72' lang='lat' dir='ltr'><strong>cwn,</strong></span> <span class='ocrx_word' id='word_1_827' title='bbox 1019 2836 1065 2864; x_wconf 69' lang='lat'><strong>25.</strong></span> 
     </span>
    </p>
   </div>
   <div class='ocr_carea' id='block_1_110' title="bbox 188 2916 1012 2953">
    <p class='ocr_par' dir='ltr' id='par_1_110' title="bbox 188 2916 1012 2953">
     <span class='ocr_line' id='line_1_110' title="bbox 188 2916 1012 2953; baseline -0.001 -8"><span class='ocrx_word' id='word_1_828' title='bbox 188 2918 244 2948; x_wconf 70' lang='lat'><strong>(88)</strong></span> <span class='ocrx_word' id='word_1_829' title='bbox 264 2918 399 2945; x_wconf 73' lang='lat' dir='ltr'><strong>Similiter</strong></span> <span class='ocrx_word' id='word_1_830' title='bbox 415 2917 551 2951; x_wconf 78' lang='grc' dir='ltr'>Σώόονες,</span> <span class='ocrx_word' id='word_1_831' title='bbox 570 2917 629 2946; x_wconf 71' lang='lat' dir='ltr'><strong>vim:</strong></span> <span class='ocrx_word' id='word_1_832' title='bbox 655 2917 778 2952; x_wconf 73' lang='lat' dir='ltr'><strong>daturos,</strong></span> <span class='ocrx_word' id='word_1_833' title='bbox 798 2918 851 2946; x_wconf 86' lang='lat' dir='ltr'><strong>dici</strong></span> <span class='ocrx_word' id='word_1_834' title='bbox 876 2916 1012 2953; x_wconf 82' lang='lat' dir='ltr'><strong>conjccto.</strong></span> 
     </span>
    </p>
   </div>
  </div>
