2009 3088
174 121 225 153 833

759 117 851 150 VITA
872 118 902 150 S.
924 117 1088 148 ΑΝὈΒΕᾸΞ
1108 118 1201 150 ΞΛΜ.

1744 121 1797 153 834

176 179 223 206 ἐπὶ
236 178 285 214 τὴν
304 177 407 212 λιθίνην
431 176 545 213 πόρταν,
565 175 732 202 ἐκνεύσαντα
748 174 797 208 τῆς
821 173 964 209 δημοσίας.

1021 174 1087 201 riani
1102 174 1170 209 (89),
1193 177 1274 206 atque
1293 173 1354 202 inde
1367 173 1512 202 deﬂectens
1524 193 1531 206 ,
1546 175 1616 203 forte
1640 176 1745 205 devenit
1762 178 1796 206 ad

174 223 228 251 Ἶιν
249 224 276 251 δὲ
298 224 314 260 ἡ
340 223 442 258 ἡμέρα,
460 222 522 250 καθ’
539 222 572 257 ἢν
599 221 646 248 τοῦ
674 219 791 256 μεγάλου
822 220 961 255 μάρτυρος

174 269 279 304 θύρσου
306 270 322 304 ή
344 269 389 295 διὰ
412 269 520 304 -Κύριον
536 267 691 294 ἐπετελεϊτο
712 267 834 301 ἄθλησις.
856 266 899 297 Ὡς
914 264 961 292 οὖν

177 316 293 351 εἴρηται,
321 314 434 350 πλησίον
456 314 505 348 τῆς
520 313 623 346 λιθίνης
645 312 748 347 πόρτας
769 311 895 345 γενέσθαι
914 311 962 338 αύ-

175 362 230 392 τδν,
250 362 310 396 ὁρᾷ,
329 360 375 387 καὶ
400 360 453 386 ίδοῦ
473 359 615 394 ἄνθρωπὸς
636 366 676 389 τις
690 359 722 384 ἐκ
737 357 784 384 τοῦ
811 357 961 392 μαρτυρίου

174 405 221 432 τοῦ
242 405 334 439 Ἀγίου
365 403 553 438 ὑποστρέφων,
578 403 660 438 ἀπῄει
677 403 717 433 είς
735 403 784 435 τὴν
806 402 894 428 οἰκίαν
912 402 962 428 αὑ-

174 451 221 478 τοῦ
236 458 242 465 ·
257 448 290 485 ἦν
306 451 333 476 δέ
347 450 405 481 ὅλος
421 450 504 484 μέλας
524 449 572 475 καὶ
587 449 709 483 ζοφώδης
724 455 730 462 ·
748 446 850 481 πλῆθός
863 455 892 473 τε
906 447 963 473 δαι-

176 496 265 530 μόνων
287 495 442 530 ἔμπροσθεν
461 494 543 521 αὑτοῦ
557 494 605 520 καὶ
627 493 739 520 ὅπισθεν
761 493 961 527 πορευομένων,

175 541 222 568 καὶ
245 541 397 574 κατεγέλων
414 540 569 575 τραγῳδίαν
584 539 645 566 τινὰ
669 539 734 574 περὶ
749 538 830 564 αὐτοῦ
843 547 849 553 ε
868 538 964 573 ὀρχού-

177 596 251 623 μενοι
270 587 298 613 δὲ
326 587 438 619 ἔλεγον·
469 583 552 616 Οὗτος
581 585 649 616 τέως
677 584 757 620 ὴμῶν
781 585 863 610 ἐστιν.
879 584 910 610 Οἱ
934 584 962 609 δὲ

174 634 264 660 λοιποὶ
283 632 542 666 ἁντατιοκρινὸμενοι
560 631 628 665 πρὸς
651 630 701 666 τὴν
723 629 884 664 κατάληξιν,
907 629 963 655 El:-

176 687 223 714 γον
235 687 250 718 -1
266 679 331 704 Ἰδοὺ
355 678 521 712 κερδάνομεν
533 677 614 703 αὑτὸν
627 677 772 712 ὀμόσωμον
790 676 837 702 καὶ
851 675 963 710 ὁμότρο-

177 734 236 756 πον,
259 725 306 751 καὶ
325 724 374 751 οὐκ
390 724 462 750 ἐστιν
476 723 634 759 ἀντίρρησις
648 723 711 756 περὶ
738 721 820 748 αὐτοῦ
837 721 941 752 οὐδενός
955 728 960 734 ·

176 770 235 801 ὅλος
245 770 298 804 γὰρ
313 770 392 804 ἡμῶν
406 771 489 795 ἐστιν.
506 767 598 794 Ταῦτα
614 768 661 802 μὲν
674 768 767 800 ἔλεγον
787 767 850 800 περὶ
868 766 960 799 αὐτοῦ,

176 817 223 843 καὶ
236 816 305 843 ἄλλα.
319 815 414 846 πολλὰ,
427 815 446 842 ει
464 815 513 841 οὒκ
529 814 587 846 ἐξὸν
608 814 736 848 γράφειν,
750 813 797 839 καὶ
812 810 903 839 εἷλκον
917 811 962 837 τὸν

1012 225 1118 254 portam
1149 218 1306 253 Lapideam.
1337 218 1486 254 Agebaturi
1509 225 1598 248 autem
1628 221 1708 254 dies,
1740 231 1796 258 quo

1013 273 1126 299 magnus
1136 264 1237 292 Christi
1252 269 1353 300 martyr
1363 264 1484 299 Thyrsus
1495 265 1549 300 (90)
1561 273 1796 295 consummaverat
1815 263 1816 266 “

1013 315 1150 337 certamen
1172 311 1305 345 martyrii.
1330 311 1378 336 illo
1397 311 1479 345 igitur
1497 312 1541 339 die
1563 312 1594 339 ad
1608 317 1712 347 portam
1725 333 1733 345 ,
1754 313 1792 340 uti
1814 339 1817 342 .

1013 356 1114 383 dictum
1129 359 1180 388 est,
1197 356 1342 390 Lapideam
1366 357 1497 384 accedens
1511 358 1643 389 Andreas,
1663 360 1796 393 conspicit

1014 400 1153 427 hominem
1169 400 1336 435 quemdam,
1355 409 1369 428 e
1390 402 1533 429 memorati
1557 403 1683 438 martyris
1699 404 1797 439 templo

1013 447 1208 481 egredientem,
1227 447 1337 474 domum
1358 455 1418 475 sese
1433 448 1568 480 conferre,
1586 449 1658 475 omni
1677 457 1708 476 ex
1724 455 1797 484 parte

1014 493 1121 527 nigrum
1146 501 1178 521 ac
1196 493 1396 521 tenebricosum
1415 502 1422 521 :
1443 495 1539 529 ingens
1562 495 1698 523 hominem
1717 498 1795 523 turba

1013 537 1165 564 dxmonum
1190 539 1377 571 praecedebat,
1396 540 1562 574 sequebatur
1585 540 1695 575 ingens;
1712 548 1798 576 eaque

1013 583 1164 610 deridenda
1182 588 1208 611 et
1223 584 1367 611 saltitando
1381 593 1434 612 non
1455 580 1540 613 laitam
1556 594 1622 614 sane
1637 587 1796 621 tragoediam

1013 635 1096 662 agens
1122 629 1294 656 exclamabat
1323 638 1330 656 :
1357 629 1406 656 llic
1434 635 1534 658 nostra:
1563 632 1643 658 modo
1672 633 1798 666 potestati

1014 673 1141 703 subditus
1159 679 1209 702 est.
1236 674 1341 707 Quibus
1366 676 1410 702 alii
1434 677 1526 704 statim
1565 678 1736 705 suceinentes
1759 685 1800 704 re-

1014 719 1184 754 spondebant
1212 724 1238 746 :'
1255 720 1324 748 Ecce
1349 722 1424 748 illum
1440 742 1447 754 ,
1477 723 1600 750 moribus
1616 731 1647 750 ac
1677 723 1799 750 foeditate

1015 765 1095 792 nobis
1118 765 1286 792 simillimum
1314 767 1500 794 lucrifecitnus
1523 777 1530 795 :
1555 776 1605 795 nec
1628 774 1669 796 est
1685 769 1731 803 qui
1748 776 1800 795 no-

1016 811 1120 839 biscum
1153 811 1186 845 de
1215 812 1268 839 ulla
1298 813 1384 846 ipsius
1414 819 1489 847 parte
1513 814 1678 842 contendere
1702 815 1800 842 ausit:

177 862 293 888 ἐλεεινὸν
319 861 548 896 εὐφραινόμενοι·
574 858 729 893 γνώσαντες
754 859 807 891 γὰρ
833 855 903 892 ἦσαν
929 858 961 891 τῇ

1021 863 1088 884 .otus
1114 858 1223 892 quippe,
1255 864 1374 892 quantus
1401 864 1518 894 quantus
1548 865 1599 893 est,
1630 865 1720 888 noster
1750 866 1799 888 est.

177 906 270 941 αὔριον
298 906 425 940 ἐκδημεῖν
453 905 534 932 αὑτὸν
558 904 610 930 ἀπὸ
636 903 681 929 τοῦ
702 903 838 937 σώματος,
859 903 906 928 xxi.
919 902 963 928 διὰ

177 953 254 979 τοῦτο
272 953 305 988 ηὑ
314 952 452 986 ,εραίνιντο
470 952 509 982 είς
524 951 573 986 τὴν
591 949 728 977 ἀπώλειαν
742 948 836 975 αὑτοῦ.

1016 902 1105 937 Atque
1125 904 1181 930 haec
1203 904 1328 938 quidem,
1346 909 1443 939 prater
1459 905 1511 932 alia
1531 906 1657 940 plurima,
1675 913 1735 940 quae
1758 907 1801 934 hic

1016 948 1171 976 describere
1185 949 1251 976 nihil
1268 950 1380 983 attinet,
1395 951 1534 985 jactabant
1549 952 1694 985 dmtliones,
1712 959 1803 988 rapta-

178 1001 296 1035 bantque
324 1000 458 1027 misellum
491 1000 627 1026 hominem
656 997 860 1030 exsultabundi,
889 997 949 1032 quia
973 1002 1104 1025 noverant
1127 998 1187 1024 luce
1211 1003 1320 1032 postera
1357 1007 1373 1026 e
1390 1007 1503 1033 corpore
1525 1000 1728 1035 migraturum;
1748 1002 1802 1029 sic-

177 1052 230 1080 que
244 1045 369 1072 interitus
393 1044 474 1078 hujus
500 1043 607 1070 illorum
626 1043 754 1077 gaudium
776 1042 839 1068 fuit.

217 1119 289 1152 ριν-η’,
313 1117 343 1142 '0
365 1116 392 1142 δὲ
419 1115 560 1150 Μακάριος
585 1114 680 1147 ἑστὼς,
696 1115 733 1146 ὡς
755 1112 808 1142 εἶδε
825 1115 921 1147 ταῦτα,
939 1117 967 1141 ἐν

179 1162 251 1197 λύπῃ
267 1161 385 1194 ἐγένετο·
404 1160 461 1195 ᾔδει
475 1161 529 1194 γάρ
543 1161 585 1186 ὃτι
603 1159 677 1192 ἅπαξ
692 1160 858 1195 κερδάνωσιν
873 1160 965 1192 αὑτὸν,

179 1207 216 1238 ὡς
243 1206 273 1239 ἐξ
292 1207 375 1241 αὐτῆς
400 1207 448 1240 τῆς
471 1207 534 1236 νέας
558 1206 666 1241 ἡλικίας
686 1206 895 1240 πορνοκάπηλος
921 1204 965 1241 ἦν,

179 1252 352 1287 αίμομιξίαις
367 1252 413 1278 καὶ
429 1251 584 1285 ἀσελγείαις
598 1250 735 1286 σχολάζων
746 1259 753 1267 ’
768 1252 798 1277 τὸ
812 1252 840 1277 δὲ
857 1252 965 1278 πάντων

179 1295 279 1334 ἀείρον,
293 1300 331 1325 ὅτι
353 1298 398 1324 καὶ
413 1298 451 1328 είς
465 1298 513 1332 τὴν
531 1297 663 1332 βδελυρὰν
685 1297 738 1323 τῶν
755 1297 907 1332 Σοδομιτῶν
921 1298 965 1324 αῖ‹

182 1354 257 1381 ρεσιν
276 1345 290 1371 ὁ
313 1343 403 1375 ἄθλιος
423 1343 597 1377 ὲπεμαίνετο,
622 1342 690 1369 ἀλλὰ
720 1343 787 1378 μήτε
817 1343 966 1378 ἐκκλησίαν

181 1390 333 1425 γνωρίζων,
350 1390 406 1415 εἴτε
431 1389 583 1422 κοινωνίαν,
604 1389 658 1414 εἴτε
677 1389 758 1423 εὐχὴν
775 1389 882 1415 πώποτε
895 1389 968 1422 δεξά-

182 1445 272 1471 μενος,
303 1436 361 1463 ἀλλ’
383 1435 444 1462 οὔτε
471 1445 496 1462 τι
521 1436 576 1462 τῶν
603 1435 798 1470 πνευματικῶν
824 1436 966 1470 ἠπίστατο,

180 1483 249 1509 ἀλλὰ
268 1483 356 1510 πάντα
371 1482 500 1517 σαρκικὰ,
520 1482 608 1508 πάντα
629 1482 775 1516 δαιμονικά
789 1489 796 1497 ·
810 1482 898 1508 πάντα
915 1482 968 1515 γὰρ

1054 1115 1116 1142 188.
1139 1116 1219 1143 Stans
1241 1116 1333 1151 itaque
1347 1117 1469 1144 Andreas
1487 1122 1512 1144 et
1529 1118 1730 1152 contemplatus
1756 1120 1803 1146 tri-

1019 1165 1059 1187 ste
1083 1162 1266 1196 spectaculum
1283 1182 1289 1193 ,
1314 1170 1439 1197 magnam
1455 1163 1547 1190 animo
1564 1165 1721 1192 maestitiam
1736 1174 1803 1193 con-

1018 1207 1090 1241 cepit
1107 1214 1189 1234 ιιιονι
1199 1211 1242 1234 rat
1260 1207 1345 1239 enim,
1359 1209 1415 1242 jam
1435 1209 1541 1243 pridem
1564 1210 1689 1244 potestati
1704 1211 1804 1238 damno.

1019 1260 1083 1279 num
1111 1252 1238 1279 traditum
1267 1253 1362 1286 fuisse,
1385 1254 1456 1288 quod
1480 1254 1535 1288 jam
1565 1255 1628 1282 inde
1655 1263 1669 1282 a
1693 1255 1806 1291 juvenili

1019 1303 1097 1326 actate
1124 1299 1150 1326 in
1175 1299 1301 1334 lupanari
1327 1307 1451 1332 versans,
1480 1300 1708 1328 fornicationibus
1723 1308 1806 1335 atque

1020 1345 1184 1372 incestuosis
1200 1345 1357 1372 libidinibus
1377 1346 1456 1372 ﬁnem
1480 1346 1584 1372 nullum
1610 1346 1806 1381 imposuisset;

1019 1391 1147 1424 quodque
1163 1391 1351 1418 detestandum
1373 1391 1481 1426 magis;
1503 1392 1529 1418 in
1548 1393 1692 1419 nefandam
1717 1393 1806 1420 Sudo-

1022 1436 1149 1462 mitarum
1176 1437 1298 1464 hmresim
1326 1444 1357 1463 ac
1380 1438 1481 1464 rabiem
1509 1437 1601 1466 furore
1627 1443 1680 1465 tam
1709 1439 1806 1466 insano

1023 1481 1161 1508 lerebatur
1187 1482 1288 1513 miser,
1318 1487 1347 1508 ut
1376 1490 1463 1517 neque
1488 1484 1628 1510 ecelesiam
1647 1492 1695 1512 nec
1713 1493 1806 1513 sacros

180 1528 214 1555 τὰ
233 1528 316 1555 αὑτοῦ
337 1528 441 1558 dam-ca.
465 1529 513 1554 καὶ
527 1528 609 1559 δεινὰ,
629 1528 675 1554 καὶ
694 1527 828 1554 σατανικὰ
845 1527 968 1562 ἐχρημά-

1022 1531 1109 1554 ct‘etus
1123 1527 1286 1561 precationis
1302 1535 1384 1554 causa
1403 1536 1523 1562 unquam
1541 1529 1643 1561 adiret,
1661 1539 1711 1557 nec
1724 1532 1806 1558 ullam

181 1574 265 1606 τιζεν,
285 1574 373 1600 πάντα
390 1574 435 1600 τὸν
460 1573 516 1608 βίον
532 1573 614 1600 αὐτοῦ
631 1574 699 1607 μετὰ
718 1574 836 1608 πορνῶν,
860 1574 907 1599 καὶ
921 1581 969 1608 με·

181 1620 312 1652 θυόντων,
328 1620 375 1646 καὶ
398 1619 558 1655 κιθαρῳδῶν
573 1619 731 1653 ἀνήλισκεν,
749 1619 858 1650 τούτους
872 1619 971 1653 τερπό-

183 1674 273 1701 μενος.
300 1665 344 1696 Ὠς
359 1665 386 1691 δὲ
412 1665 558 1699 ἐπορεύετο
573 1664 587 1689 ό
612 1664 726 1696 ἐλεεινὸς
742 1665 788 1690 ἐπὶ
804 1664 853 1699 τὴν
881 1665 970 1692 οἰκίαν

182 1711 276 1742 αὐτοῦ,
291 1710 474 1745 ἠκολούθησεν
495 1712 508 1736 ό
530 1711 638 1741 Δίκαιος
655 1709 779 1742 δπισθεν,
800 1710 884 1736 θέλων
907 1711 970 1737 ἰδεῖν

182 1757 234 1783 ποῦ
251 1758 325 1792 μένει
336 1764 343 1772 ’
359 1757 406 1783 καὶ
422 1756 459 1787 ὡς
474 1755 571 1787 ἔμαθε,
586 1756 618 1790 τῇ
649 1754 780 1790 ἐπαύριον
802 1753 882 1790 ἦλθεν
898 1757 925 1781 ἐν
938 1757 969 1791 τῇ

183 1803 266 1838 οἰκίᾳ,
291 1802 431 1838 πόρρωθεν
455 1801 551 1833 ἐστὼς,
575 1801 738 1836 βουλόμενος
763 1801 826 1828 ἰδεῖν
851 1802 887 1828 τὰ
902 1811 971 1836 συμ-

185 1851 270 1878 ϐάντα
293 1849 375 1884 αὐτῷ.
391 1846 461 1885 Εὗρε
494 1849 522 1875 δὲ
544 1848 625 1875 αὑτὸν
647 1849 676 1875 ἐν
695 1849 727 1883 τῇ
748 1847 842 1881 παγίδι
860 1847 907 1874 τοῦ
922 1847 970 1873 θα-

185 1898 262 1925 νάτου
292 1897 471 1931 ζωγρηθέντα
494 1896 541 1922 καὶ
556 1895 694 1929 κείμενον,
716 1895 763 1920 καί
786 1902 846 1920 τινα
859 1893 971 1928 ἄσχημα

184 1943 232 1978 ἔθη
247 1943 454 1978 είσπράττοντα.
470 1939 560 1968 Ἦσαν
573 1941 601 1967 δὲ
612 1941 671 1974 ἐκεῖ
688 1939 808 1966 πλεῖστοι
821 1939 874 1965 τῶν
888 1939 970 1971 totum,

184 1989 263 2025 χάριν
289 1988 460 2022 ἐπισκέψεως
492 1987 663 2022 ἐληλυθότες,
691 1986 738 2012 καὶ
768 1986 856 2020 ἕτεροι
880 1985 972 2011 πολλοὶ

185 2037 337 2070 ἱστάμενοι,
364 2034 496 2068 ἐθρήνουν
527 2033 618 2059 αὐτόν.
654 2032 730 2059 Ἐπεὶ
756 2031 784 2057 δέ
811 2039 871 2057 τινα
898 2031 973 2057 δεινὰ

186 2082 331 2116 ἐκεκράγει
358 2081 404 2106 καὶ
427 2079 538 2114 αἰσχρὰ,
559 2079 608 2104 οὐκ
622 2078 713 2109 αὐτὸς,
736 2077 793 2103 ἀλλ’
807 2078 821 2103 ὁ
839 2077 973 2112 κερδήσας

186 2128 268 2154 αὐτὸν
285 2126 420 2158 διάϐολος.
440 2125 566 2160 Ἐθεώρει
585 2124 614 2151 δὲ
634 2124 647 2150 ό
663 2124 770 2154 Δίκαιος
784 2123 830 2149 τὸν
852 2124 973 2150 Σατανᾶν

186 2173 282 2208 ὥσπερ
298 2172 360 2208 μῦς,
383 2172 448 2198 ποτὲ
463 2171 491 2197 δὲ
514 2172 551 2202 ὼς
570 2170 641 2204 δφις,
655 2170 671 2205 ἢ
687 2170 725 2201 ὡς
744 2169 836 2204 ἔχιδνα
857 2170 971 2204 ἐκχέειν,

189 2221 236 2247 καὶ
252 2219 327 2254 ἐξῄει
346 2220 377 2245 ἐκ
393 2218 440 2244 τοῦ
468 2218 600 2252 στόματος
626 2217 720 2247 αὐτοῦ,
742 2217 789 2241 καὶ
803 2215 912 2250 κράζων
929 2215 973 2241 διὰ

163 2262 167 2265 ”
189 2265 244 2291 τῶν
255 2265 379 2299 ὀργάνων
396 2263 444 2289 τοῦ
459 2262 587 2295 ἐλεεινοῦ,
601 2262 665 2288 ποτε
683 2261 731 2296 μὲν
745 2261 782 2292 ὡς
794 2261 890 2295 γάττα,
908 2260 973 2287 ποτὲ

189 2311 217 2338 δὲ
233 2310 270 2342 ὡς
287 2312 370 2342 κύων,
395 2310 412 2345 ἢ
429 2309 466 2340 ὼς
482 2309 581 2343 χοῖρος.
606 2307 692 2341 Ἀφίει
713 2307 740 2333 δὲ
756 2307 804 2342 τὴν
828 2308 906 2342 χεῖρα
923 2306 974 2332 αὐ-

188 2357 236 2384 τοῦ
254 2358 283 2383 ἐν
297 2356 336 2390 τῷ
349 2355 485 2390 ἀφεδρῶνι
505 2353 598 2384 αὑτοῦ,
622 2354 670 2387 τῆς
685 2352 786 2387 κόπρου
808 2351 889 2378 αὑτοῦ
908 2351 973 2378 ἁπο-

189 2404 349 2439 γευόμενος·
367 2403 421 2429 ἀπὸ
435 2402 489 2436 γὰρ
501 2401 547 2428 τοῦ
563 2400 660 2427 πολλοῦ
675 2400 770 2426 κλόνου
785 2400 884 2434 ἠρέμει
899 2400 927 2425 ἐν
940 2400 973 2434 τῇ

189 2450 237 2477 τοῦ
266 2449 380 2475 θανάτου
407 2446 597 2483 προσεγγίζων
615 2447 696 2480 τομῇ.
722 2445 816 2476 Οὕτως
831 2443 877 2471 οὖν
901 2445 915 2471 ὁ
930 2453 977 2471 τα-

191 2495 330 2530 λαίπωρος
353 2492 687 2529 παραδειγματιζόμενος,
713 2492 759 2516 καὶ
778 2489 893 2524 αἰσχύνη
920 2492 976 2521 τοῖς

197 2541 260 2567 πᾶσι
280 2540 384 2574 φανεὶς,
402 2539 500 2573 πικρὸν
513 2537 544 2564 τὸ
558 2537 632 2567 τέλος
646 2536 821 2570 ἀπηνέγκατο
836 2544 842 2552 ·
861 2535 908 2562 καὶ
923 2536 977 2569 γὰρ

193 2585 254 2613 οὗτε
270 2586 404 2618 ἐξέκλινεν
420 2585 436 2620 ἡ
457 2583 530 2619 ψυχὴ
550 2581 630 2610 αὑτοῦ
652 2580 773 2613 πώποτε,
788 2580 845 2607 ἀλλ’
863 2580 977 2614 69046”:-

233 2688 287 2722 (89)
309 2687 357 2714 Ms.
371 2684 518 2722 Vatjcqr'rtb
530 2681 673 2722 Μαριανοῆ
685 2690 692 2709 :
707 2681 786 2722 male.
797 2681 975 2722 scribendum

196 2715 256 2750 erat
275 2715 637 2757 Matuptavoﬁ._Agit__autetn
659 2718 692 2744 de
719 2717 770 2757 hoc
793 2718 868 2757 urbis
888 2721 975 2757 tractu

199 2766 246 2785 seu
259 2752 357 2791 palatio
373 2752 509 2790 Cangius',
529 2754 575 2781 lib.
591 2761 625 2786 ιι,
641 2760 702 2788 cap.
720 2752 771 2785 lli,
792 2753 825 2780 de
848 2752 977 2780 Domibus

198 2792 361 2826 insignibus,
381 2800 408 2819 ιι.
425 2791 468 2818 52.

233 2822 289 2860 (συ)
302 2828 330 2856 S.
350 2822 471 2860 Thyrsus
487 2830 590 2861 martyr
599 2824 697 2853 colitur
714 2823 836 2851 lii-clad
851 2822 976 2851 Decemb.

1023 1580 1113 1600 rerum
1132 1573 1313 1607 spiritualium
1328 1594 1334 1605 ,
1354 1575 1504 1601 carnalium
1524 1583 1587 1602 vero
1610 1580 1637 1602 et
1659 1576 1808 1604 diabolica-

1023 1626 1082 1645 rtnn
1107 1619 1228 1645 omnium
1247 1619 1391 1646 maximam
1417 1620 1529 1646 haberet
1549 1621 1673 1648 notitiam
1691 1630 1698 1648 :
1716 1624 1807 1650 omnia

1021 1664 1112 1694 enim,
1132 1672 1192 1698 qua:
1210 1664 1357 1696 actitabat,
1383 1665 1533 1698 libidinem,
1551 1667 1719 1700 nequitiam,
1745 1675 1808 1702 pec-

1021 1715 1111 1735 catum
1139 1710 1266 1742 olebant;
1303 1715 1385 1736 totam
1410 1710 1489 1737 vitam
1524 1719 1584 1739 cum
1610 1712 1726 1744 scortis,
1746 1720 1806 1739 rum

1023 1755 1188 1785 temulentis,
1204 1763 1265 1782 cum
1279 1756 1451 1789 citharoedis,
1477 1764 1592 1792 quorum
1610 1759 1808 1786 consuetudine

1023 1799 1219 1832 delectabatur,
1245 1801 1434 1829 consumebat.
1448 1803 1597 1830 Abeuntem
1620 1804 1700 1839 igitur
1724 1805 1806 1831 mise-

1023 1853 1082 1872 rum
1102 1846 1175 1872 hunc
1189 1846 1301 1873 domum
1317 1855 1393 1874 suam
1411 1855 1480 1881 pone
1498 1854 1608 1876 secutus
1619 1855 1660 1876 est
1673 1851 1806 1883 Andreas,

1023 1891 1221 1918 observaturus
1241 1900 1296 1926 quo
1316 1893 1343 1919 in
1365 1893 1425 1920 loco
1442 1893 1610 1921 domicilium
1630 1903 1709 1922 suum
1726 1897 1807 1923 habe-

1023 1943 1063 1963 ret
1077 1946 1083 1963 :
1099 1937 1171 1971 quod
1188 1937 1234 1964 ubi
1249 1938 1398 1970 didicisset,
1412 1939 1491 1965 rediit
1504 1941 1598 1967 eodem
1612 1941 1736 1975 sequenti
1748 1942 1805 1974 die;

1023 1989 1103 2019 atque
1126 1985 1234 2011 eminus
1258 1984 1430 2017 consistens,
1454 1986 1519 2020 quid
1539 1986 1719 2014 obventurntn
1737 1991 1808 2015 esset

1023 2030 1269 2064 contemplabatur.
1293 2029 1404 2065 Reperit
1429 2037 1518 2058 autem
1540 2032 1566 2059 in
1586 2033 1681 2067 printis
1706 2033 1807 2068 ipsum,

1024 2077 1120 2111 laqueo
1136 2076 1191 2111 jam
1216 2076 1312 2103 mortis
1341 2076 1531 2111 constrictum,
1564 2079 1652 2112 turpia
1683 2079 1808 2113 quaedam

1024 2122 1123 2156 quibus
1138 2127 1296 2149 assueverat
1308 2122 1503 2158 exprimentem
1515 2132 1522 2150 :
1534 2125 1634 2158 reperit
1646 2129 1671 2151 et
1685 2125 1810 2160 frequen-

1025 2172 1077 2195 tem
1098 2172 1151 2194 tam
1168 2168 1404 2203 propinquorum,
1427 2169 1473 2202 qui
1491 2169 1593 2196 visendi
1609 2178 1690 2197 causa
1706 2171 1810 2197 conﬂu-

1028 2217 1140 2244 xerant,
1169 2221 1251 2248 quam
1272 2214 1388 2240 aliorum
1405 2215 1510 2241 turbam
1525 2234 1532 2247 ,
1553 2222 1647 2242 omnes
1669 2216 1810 2243 moribun-

1028 2259 1092 2286 dum
1109 2259 1237 2286 lamentis
1253 2263 1280 2286 et
1298 2259 1451 2293 planctibus
1473 2262 1668 2295 prosequentes
1685 2270 1691 2287 :
1711 2262 1812 2296 reperit

1027 2304 1144 2338 denique
1164 2309 1190 2331 et
1217 2303 1344 2331 Satanam
1359 2324 1366 2336 ,
1385 2305 1431 2339 qui
1451 2313 1499 2339 per
1512 2306 1603 2340 aegroti
1628 2313 1728 2340 organa
1755 2311 1811 2333 ter-

1026 2350 1132 2376 ribilem
1154 2354 1235 2384 atque
1256 2349 1404 2377 absurdutn
1425 2350 1571 2377 clamorem
1590 2352 1689 2384 ciebat,
1709 2353 1811 2388 quiqth

1027 2397 1107 2422 modo
1131 2397 1216 2422 muris
1229 2414 1237 2427 ,
1257 2397 1337 2423 modo
1361 2397 1474 2431 anguis,
1504 2397 1586 2424 modo
1604 2398 1702 2432 vipera:
1721 2400 1813 2433 specie

1028 2448 1075 2475 per
1089 2441 1245 2472 osexibat,
1271 2448 1301 2468 ac
1323 2441 1437 2468 multum
1458 2442 1628 2475 vociferans,
1652 2451 1725 2470 nunc
1740 2444 1812 2476 fclis,

1028 2494 1101 2514 nunc
1118 2490 1194 2513 canis
1207 2507 1214 2518 ,
1233 2495 1305 2513 nunc
1321 2488 1395 2522 porci
1416 2495 1509 2514 vocem
1528 2489 1714 2516 aemulabatur.
1737 2489 1812 2516 Non-

1029 2541 1168 2568 nunquam
1187 2541 1295 2560 manum
1313 2542 1390 2561 suam
1406 2535 1433 2561 in
1449 2539 1568 2562 secretas
1584 2536 1706 2570 corporis
1723 2542 1814 2571 partes

1030 2580 1192 2613 ilntnittens,
1208 2585 1331 2608 extracta
1352 2581 1415 2609 inde
1432 2587 1553 2610 stercora
1570 2590 1617 2610 ore
1632 2582 1810 2617 degustabst:

1031 2690 1046 2710 a
1061 2683 1173 2716 Graecis,
1189 2691 1203 2711 a
1219 2683 1322 2711 Latinis
1339 2691 1402 2711 vero
1417 2683 1451 2711 28
1461 2683 1594 2715 Januarii,
1610 2685 1719 2719 quando
1736 2685 1769 2712 de
1782 2693 1814 2712 eo

1031 2720 1135 2754 egimus
1155 2726 1162 2745 :
1182 2721 1242 2753 ejus
1265 2725 1352 2746 autem
1376 2719 1533 2754 Martyrium
1559 2719 1659 2746 Menalca
1683 2721 1816 2747 collocant

1032 2755 1058 2780 in
1077 2753 1243 2787 lleleninnis,
1259 2762 1328 2789 quas
1341 2756 1428 2786 aedes,
1448 2753 1510 2781 yico
1525 2754 1573 2780 toti
1593 2762 1692 2782 nomen
1708 2755 1814 2786 dantes,

1033 2789 1134 2858 inlt‘orro
1145 2789 1289 2838 Thepdosii
1304 2790 1370 2819 sitas
1387 2789 1470 2818 fuisse
1484 2789 1563 2818 docet
1577 2789 1705 2825 Cangius,
1720 2790 1766 2818 lib.
1784 2797 1814 2823 ιι,

1033 2832 1062 2850 c.~
1088 2843 1094 2850 .
1112 2835 1136 2857 ι),
1153 2833 1178 2852 ιι.
1198 2834 1225 2852 ο.

1043 2832 1094 2857 :.~p.
1112 2832 1136 2857 ι),
1153 2833 1178 2852 n.
1198 2832 1225 2852 ί).
