2009 3088
238 363 245 384 l

261 142 314 175 815

789 139 998 172 NICEPHORI
1019 140 1259 170 PRESBYTERI
1273 140 1331 171 ΕΡ.

1829 141 1872 173 815

263 199 462 226 surrectionem
480 197 639 226 conscensis
656 196 733 224 coelis
748 195 781 222 ad
797 196 939 223 dexteram
957 195 1044 222 Patris

1099 204 1152 221 νων
1175 195 1304 229 γλωσσῶν
1326 194 1374 220 ἐπὶ
1392 194 1454 226 τοὺς
1473 194 1648 226 ἀποστόλους.
1673 194 1828 230 Κεφάλαιον
1848 196 1871 222 δέ

263 246 428 278 collocatus,
447 252 508 272 cum
533 243 633 271 tonitru
658 246 685 269 et
718 248 786 269 sono
808 241 958 268 vehementi
983 249 1046 268 san-

262 297 335 319 ctutu
360 291 492 327 Spiritum
503 291 529 316 in
547 288 637 323 specie
659 287 813 322 linguarum
831 287 973 321 ignearum
995 287 1054 312 mia

1101 241 1159 266 ἐστι
1186 240 1239 267 τῶν
1255 240 1455 274 εὑαγγελιστῶν
1468 239 1482 265 ὸ
1497 239 1638 274 Θεολόγος,
1654 240 1700 267 καὶ
1714 239 1810 272 λευκὸς
1826 240 1874 268 Ἰπ-

1102 295 1154 318 πος
1164 287 1339 321 ὀνομάζεται,
1355 288 1402 313 καὶ
1420 286 1482 318 re;
1500 287 1624 322 βροντῆς.

264 340 328 367 serit
347 345 429 373 super
444 336 582 372 apostolos
599 344 607 362 :
626 339 708 370 caput
724 338 813 361 autem
833 333 1061 369 evangelistarum
1081 334 1249 368 reliquorum
1269 332 1394 361 Joannes
1417 338 1477 366 est,
1503 333 1551 368 qui
1573 338 1599 361 et
1626 333 1719 369 Equus
1739 334 1836 364 albus.
1853 337 1875 359 ct

262 386 348 413 Filius
363 384 475 412 tonitrui
492 382 656 418 appellatur.

297 434 359 459 168.
386 432 505 465 Fulgura
527 429 722 457 deinde'unde
741 430 909 465 promicent,
933 434 961 457 et.
985 436 1046 464 qua:

261 479 369 506 illorum
397 476 569 508 substantia,
595 483 657 503 cum
691 481 826 511 quzereret
852 475 1042 511 Epiphanius,

260 525 295 551 ita
316 523 455 558 respondit
475 522 505 550 Β.
518 522 661 549 Andreas:
678 521 811 556 Siphones
827 521 966 548 attrahunt
986 525 1043 548 tum

260 569 410 600 marinam,
426 572 484 594 tum
500 567 674 599 fluviatilem,
687 566 907 601 tum‘palustrem
922 574 1020 601 aquam
1036 574 1042 598 ;

260 613 408 649 repletiqtte
431 613 583 640 ascendunt
598 612 631 639 ad
654 612 832 647 capacissima
860 613 1043 647 receptacula,

259 668 289 687 se
311 660 386 694 ipsos
400 658 456 685 illic
469 654 628 686 evacuaturi
643 665 650 683 :
670 662 846 692 posteaquam
863 665 928 685 vero
949 657 1045 692 imple-

260 711 357 734 verunt
375 705 486 738 omnia,
508 704 650 732 discedunt
672 704 743 736 alio,
772 704 865 739 ibique
887 708 1046 731 constanter

260 756 430 788 permanent.
446 751 543 779 Postea
566 750 657 786 fulgur
669 770 676 782 ,
702 750 774 785 qttod
791 750 969 785 receptaculis
985 750 1045 777 istis

259 797 461 831 quodammodo
478 801 575 832 prmest
590 801 617 823 et
643 797 816 824 securitatem
834 799 953 830 praestat,
971 803 1046 822 com—

1137 426 1205 462 ρξη¹.
1225 427 1384 461 Ἐπιφάνιος
1405 425 1480 454 εἶπεν
1494 436 1501 443 ·
1517 427 1644 463 -Πόθενή
1665 428 1792 464 ἀστραπὴ
1809 430 1874 466 ἐξέρ-

1100 481 1177 507 χεται
1193 481 1200 505 ;
1218 473 1265 498 καὶ
1281 473 1322 503 τίς
1346 473 1363 508 ἡ
1383 472 1484 507 ταύτης
1505 473 1583 499 οὐσία
1600 481 1607 505 ;
1630 473 1659 500 ὐ
1673 474 1765 506 "Octo;
1782 473 1854 502 εἶπεν
1868 484 1874 491 ’

1100 519 1130 545 Οἱ
1149 519 1264 552 σίφωνες
1296 519 1427 552 ἀνάγουσι
1446 519 1492 545 καὶ
1508 519 1655 554 θαλάσσης,
1674 521 1722 547 καὶ
1743 524 1874 557 ποταμῶν,

1098 566 1144 591 καλ¹
1158 565 1260 596 λιμνῶν
1273 564 1366 597 ὕδατα,
1384 566 1431 592 καὶ
1445 566 1603 600 γεμίζοντες
1618 567 1733 599 ἑαυτοὺς
1754 569 1874 604 ἁνέρχον-

1095 618 1150 641 ται,
1177 611 1224 636 καὶ
1249 610 1372 637 κενοῦσιν
1397 611 1568 643 ὲαυτοὺςεὶς
1591 613 1641 644 τὰς
1663 613 1717 640 τῶν
1739 614 1875 651 θησαιρῶν

1096 655 1233 686 ἀϐύσσους
1244 663 1252 670 ο
1269 655 1316 682 καὶ
1329 656 1392 682 ὅταν
1406 656 1540 690 γεμίσωτι
1554 657 1668 689 πάντας,
1683 658 1829 685 διίστανται
1840 662 1876 692 εις

1095 702 1143 732 τὰς
1157 702 1299 733 συστάσεις
1315 702 1414 735 αὐτῶν,
1427 703 1473 729 καὶ
1488 703 1642 737 διαμένουσι
1658 705 1875 738 πάγιοι.”Επειτα

1095 747 1111 781 ἡ
1129 747 1256 781 ἀστραπὴ
1268 748 1400 782 ἀσφάλειά
1414 749 1471 774 ἐστι
1483 748 1538 775 τῶν
1547 748 1688 784 Θησαυρῶν
1698 751 1819 783 ἐκείνων,
1832 753 1876 779 καὶ
1893 737 1898 742 ⁵

1096 793 1202 827 συνέχει
1224 795 1253 820 ὲν
1267 795 1350 828 ἑαυτῇ
1365 794 1425 820 ὅλον
1443 794 1472 820 τὸ
1487 794 1569 828 ὕδωρ,
1585 796 1632 821 καὶ
1646 797 1784 824 κατεσθίει
1798 799 1875 825 αὐτοῦ

260 845 381 880 plectens
395 844 421 871 in
438 851 467 871 se
488 849 595 870 onmem
620 849 737 876 aquam,
762 841 898 869 consumit
913 841 1043 876 quidquid

1099 839 1191 864 πᾶσαν
1208 839 1258 874 τὴν
1282 839 1372 874 ἅλμην
1389 840 1434 866 καὶ
1450 840 1495 866 τὸν
1510 841 1606 876 ρὖον,
1630 843 1654 868 εἰ
1669 842 1722 876 ἄρα
1744 843 1802 869 ἐστὶ
1827 845 1876 871 ἀπὸ

260 891 298 918 illi
321 891 391 917 forte
404 898 436 917 ex
455 888 523 917 mari
542 888 688 923 salsuginis
706 887 861 915 sordiumve
883 887 1043 920 permistutn

259 942 311 966 est.
327 937 395 964 Tum
412 936 524 971 angelus
539 935 644 962 Domini
660 935 846 966 descendens,
864 937 1045 961 sacrosanctae

260 983 351 1010 crucis
375 982 494 1010 ostendit
520 981 639 1016 lignum,
665 985 692 1008 et
712 979 882 1007 dulcedinem
908 979 935 1006 in
960 986 1045 1014 aquas

260 1029 321 1055 illas
334 1028 448 1055 inducit.
466 1027 587 1061 Denique
603 1026 705 1060 fulgur,
722 1025 795 1060 quod
809 1025 876 1057 dixi,
890 1024 1045 1059 praecedens

262 1075 403 1106 tonitrua,
428 1073 527 1101 desinit
544 1073 570 1099 in
593 1072 749 1100 conﬂictum
771 1071 902 1103 nubiunt,
931 1070 1046 1104 illasque

260 1125 391 1155 expurgat
425 1125 451 1146 et
479 1123 632 1154 pra~parat,
662 1123 690 1145 et
713 1117 799 1144 sicubi
830 1116 898 1144 forte
927 1116 1046 1143 rariores

262 1168 373 1200 reperit,
399 1166 425 1192 in
445 1169 544 1192 statuat
567 1171 646 1191 suum
664 1163 724 1190 illas
741 1162 880 1197 componit
904 1170 911 1188 :
937 1161 1046 1188 creber-

261 1213 329 1239 rime
354 1219 418 1238 vero
446 1211 527 1238 etiam
562 1210 700 1244 egreditur
731 1208 760 1235 in
787 1215 874 1240 aera,
904 1211 1046 1242 terrasque

262 1257 365 1285 lumine
378 1264 428 1284 suo
444 1264 475 1284 ac
489 1255 633 1291 splendore
651 1255 770 1282 iliustrat
784 1263 790 1281 :
804 1261 859 1281 non
874 1261 936 1281 raro
952 1255 1045 1286 etiam,

261 1304 308 1332 ubi
331 1303 478 1331 accesserit
504 1301 694 1329 vehementior
718 1301 856 1336 impetus,
884 1300 983 1327 fulmen
1006 1300 1046 1335 ip-

261 1358 321 1378 sunt
351 1349 384 1376 ad
403 1354 502 1376 terram
531 1347 679 1383 pertingit,
710 1351 738 1374 et
770 1346 904 1381 quidquid
938 1345 1045 1373 obviam

261 1402 372 1423 nactum
394 1394 494 1426 fuerit,
522 1393 650 1421 violentia
673 1392 743 1427 ig-nis
767 1392 810 1419 sui
828 1392 974 1424 adustutn,
1000 1398 1046 1426 pe-

261 1443 334 1469 nitus
347 1440 486 1469 consumit
502 1449 509 1467 :
531 1440 572 1467 vis
585 1439 658 1466 enim
676 1439 750 1465 illius
763 1438 941 1465 comburendi
959 1437 1047 1464 tnttlto

261 1489 351 1516 acrior
365 1492 406 1515 est
420 1494 501 1522 quam
520 1485 591 1521 ignis
605 1485 735 1512 nostratis
746 1505 753 1517 ,
778 1484 903 1511 fortassis
918 1488 946 1511 et
967 1483 1046 1510 inex-

1096 885 1249 920 θαλάσσης·
1287 887 1334 912 καὶ
1359 886 1523 922 κατέρχεται
1549 888 1665 922 ἄγγελος
1693 890 1807 924 Κυρίου,
1834 893 1876 917 καὶ

1096 931 1223 966 ἐμφαίνει
1248 932 1278 958 τὸ
1296 932 1375 965 ξύλον
1397 932 1445 959 τοῦ
1469 933 1562 968 τιμίου
1581 934 1711 970 σταυροῦ,
1736 937 1782 964 καὶ
1804 945 1877 964 κατα-

1095 977 1237 1012 γλυκαίειει
1257 979 1291 1005 τὰ
1309 978 1392 1005 ὕδατα
1409 980 1499 1005 ἐκεῖνα
1512 988 1517 995 ·
1532 979 1580 1006 καὶ
1600 981 1693 1008 λοιπὸν
1715 983 1731 1016 ἡ
1755 983 1876 1017 ἀστραπὴ

1096 1023 1188 1057 ἐκείνη
1202 1025 1402 1059 προπορεύεται
1414 1025 1463 1060 τῆς
1482 1026 1608 1060 βροντῆς,
1620 1026 1733 1054 τελοῦσα
1745 1030 1785 1060 εἰς
1795 1029 1877 1064 ὁρμὴν

1096 1069 1151 1094 τῶν
1168 1070 1197 1095 ὲν
1211 1069 1338 1103 νεφέλαις
1352 1071 1481 1104 ἀγωγῶν,
1497 1072 1543 1098 καὶ
1558 1072 1740 1108 προκαθαίρει
1756 1075 1802 1100 καὶ
1814 1083 1877 1109 προ-

1097 1115 1235 1150 ετοιμάζει
1250 1124 1257 1131 ·
1273 1117 1321 1143 καὶ
1333 1118 1357 1143 εὶ
1373 1117 1443 1154 λάχῃ
1461 1119 1590 1154 ἀραίωμα
1607 1119 1737 1154 νεφελῶν,
1755 1122 1877 1156 συντίθη-

1099 1169 1142 1186 σιν
1157 1161 1196 1192 εἰς
1214 1161 1360 1197 εὐθύτητα.
1379 1163 1541 1196 Πλειστάκις
1553 1164 1580 1191 δὲ
1595 1166 1642 1191 καὶ
1661 1165 1772 1201 ἔρχεται
1784 1169 1822 1199 εἰς
1836 1169 1877 1194 τὸν

1097 1207 1177 1240 ἀέρα,
1196 1207 1242 1233 ἐπὶ
1259 1208 1307 1242 τῆς
1323 1209 1376 1244 γῆς
1397 1209 1555 1244 αὐγάζουσα
1576 1212 1624 1238 καὶ
1641 1213 1780 1246 φέγγουσα
1793 1223 1800 1229 ·
1817 1215 1878 1240 πολ.

1097 1253 1174 1284 λάκις
1189 1254 1216 1279 δὲ
1232 1254 1256 1279 εἰ
1271 1254 1344 1281 ἔστιν
1358 1256 1486 1289 πλούσιος
1503 1258 1518 1292 ἡ
1542 1258 1614 1293 ὁρμὴ
1630 1259 1725 1293 αὐτῆς,
1751 1261 1879 1293 φαίνουσι

1098 1295 1193 1330 φθάνει
1210 1298 1257 1323 καὶ
1274 1299 1355 1334 μέχρι
1370 1300 1420 1334 τῆς
1434 1302 1485 1335 γῆς
1503 1295 1706 1337 ἀστράπτουσα,
1732 1305 1778 1330 καὶ
1799 1307 1851 1332 πᾶν
1867 1306 1879 1332 ὅ

1097 1351 1123 1369 τι
1138 1343 1314 1378 ἐπιλάϐηται,
1333 1345 1441 1382 δαπανᾷ
1456 1348 1503 1374 καὶ
1519 1349 1655 1384 ὲμπιπρᾷ.
1679 1351 1810 1383 Καύσεως
1829 1353 1880 1387 γὰρ

1098 1388 1214 1424 δύναμιν
1227 1390 1283 1425 ἔχει
1304 1392 1332 1418 ἐν
1349 1393 1431 1428 ἑαυτῇ
1448 1394 1604 1430 ὑπερτέραν
1619 1397 1665 1422 τοῦ
1686 1398 1806 1432 ἑπιγείου
1829 1408 1882 1425 πυ-

1099 1436 1145 1469 ρός
1160 1444 1167 1452 ·
1187 1438 1252 1468 ἴσως
1265 1440 1336 1473 φημὶ
1349 1440 1457 1475 καὶτῆς
1473 1441 1605 1468 ἀσῦἐστου
1619 1444 1766 1476 κολάσεως.
1785 1446 1843 1473 Ὀτι
1854 1448 1881 1474 δὲ

1097 1481 1112 1506 ὁ
1123 1481 1189 1513 Θεὸς
1207 1483 1254 1509 καὶ
1265 1485 1367 1520 ταύτην
1384 1485 1432 1520 τὴν
1446 1487 1589 1524 ἀστραπὴν
1603 1489 1648 1516 διὰ
1673 1491 1767 1526 χρείαν
1783 1492 1882 1529 βροχῆς

261 1534 431 1569 stinguibilis
451 1532 562 1560 inferni.
584 1531 662 1559 Nunc
679 1538 744 1559 vero
765 1530 838 1565 quod
862 1531 933 1557 Deus
950 1530 1044 1558 istius-

1097 1529 1270 1564 παρήγαγεν,
1287 1532 1336 1557 οὐκ
1349 1533 1413 1566 ἐμὸς
1426 1534 1439 1559 ό
1455 1533 1542 1567 λόγος,
1559 1537 1663 1570 τέκνον,
1681 1538 1747 1564 ἀλλά
1759 1539 1805 1565 τοῦ
1814 1541 1846 1575 II;
1856 1549 1883 1566 ο-

260 1581 334 1608 modi
346 1581 462 1612 fulmen,
475 1586 538 1606 cutn
552 1585 628 1612 aquae
638 1577 752 1612 penuria
764 1576 915 1610 laboratur,
931 1576 1044 1609 inducit,

260 1635 314 1653 non
327 1633 360 1653 ex
377 1633 437 1653 meo
454 1625 566 1653 cerebro
580 1627 738 1659 promanat,
752 1623 789 1650 fili
803 1623 850 1656 mi,
868 1623 914 1650 sed
932 1630 964 1649 ex
980 1621 1046 1649 Pro-

261 1673 349 1706 pheta:
366 1679 448 1698 sensu
464 1671 581 1698 dicentis
597 1678 604 1696 :
630 1678 639 1695 ι
660 1668 779 1704 Fulgura
800 1669 827 1695 in
847 1668 965 1703 pluviam
983 1667 1046 1695 fecit

260 1717 333 1744 Deus
345 1717 379 1751 ³ο,
396 1726 405 1742 ι
425 1722 452 1744 et
467 1716 590 1748 alterius,
607 1715 726 1749 quiait:
748 1723 757 1740 ι
774 1713 944 1741 Fulminibus
959 1720 1045 1748 aquas

260 1763 366 1798 dirigit,
391 1766 418 1790 et
443 1761 589 1789 tonitribus
608 1761 723 1796 'pluvias
748 1760 922 1795 nubibusque
945 1759 1045 1787 imbres

260 1810 364 1845 spargit
376 1809 408 1835 ³¹.
429 1817 438 1834 ι
458 1808 591 1835 Caeterum
609 1807 761 1834 substantia
782 1805 906 1833 fulminis
926 1813 960 1833 ex
986 1805 1046 1840 igne

260 1856 364 1883 caelesti
380 1859 488 1882 constat
505 1863 512 1880 :
532 1853 760 1888 quemadmodum
775 1852 848 1880 enim
872 1851 962 1878 radios
980 1858 1045 1878 suos

260 1901 300 1928 sol
328 1900 432 1932 habet,
459 1898 558 1933 quibus
584 1898 769 1932 splendescit,
795 1897 831 1924 ita
860 1895 950 1931 fulgur
976 1896 1045 1931 ignis

259 1945 367 1978 aeterni,
383 1945 429 1979 qui
446 1951 528 1979 super
549 1944 752 1970 ﬁrmamentum
773 1941 892 1973 exsistit,
917 1941 1045 1975 splendor

260 1996 312 2020 cst.
327 1991 446 2025 Denique
460 1990 540 2017 velim
563 1989 665 2024 cogites
694 1989 782 2023 ignem
801 1987 876 2014 illum
892 1986 1043 2019 cmlestem,

260 2045 341 2073 quem
371 2037 445 2064 Elius
475 2035 602 2070 precibus
633 2034 691 2062 suis
720 2041 803 2068 super
831 2033 906 2067 ligna
929 2036 1044 2068 parata,

260 2091 343 2119 super
358 2083 548 2110 holocaustum
561 2101 568 2114 ,
584 2088 666 2115 super
685 2079 840 2107 sacerdotes
852 2077 1023 2107 confusidnis
1036 2099 1043 2111 ,

259 2135 287 2158 et
305 2129 442 2157 delatores
461 2126 570 2155 Jezabel
592 2127 699 2154 coslitus
723 2126 863 2153 accersit:
888 2125 1044 2153 istiusmodi

260 2177 333 2203 enim
362 2170 433 2210 ignis
451 2174 560 2208 fulgor,
587 2172 736 2200 materialis
760 2175 788 2199 et
811 2179 873 2200 vere
897 2171 1042 2204 exsistens,

259 2222 361 2249 fulmen
375 2228 435 2249 esse
446 2219 597 2247 consuerit.

295 2267 358 2296 169.
374 2266 457 2294 Facta
478 2266 615 2293 mentione
636 2264 701 2291 Elite
719 2271 727 2290 :
750 2262 838 2296 Num,
867 2262 956 2296 inquit
977 2262 1043 2297 Epi-

258 2311 400 2347 phanius,
432 2317 496 2337 vera
523 2313 655 2341 narrant,
685 2307 732 2343 qui
757 2307 841 2335 Eliatn
868 2308 896 2335 iu
925 2307 1043 2335 nubibus

259 2359 356 2386 dicunt
371 2364 454 2385 curru
468 2362 519 2383 suo
540 2355 661 2382 tonitrua
677 2357 704 2380 et
719 2353 833 2382 fulmina
854 2353 990 2386 excitare,
1017 2358 1043 2381 et

226 2431 229 2440 ι
260 2404 389 2440 prosequi
408 2402 575 2430 draconem?
595 2401 786 2436 Nequaquam,
807 2400 845 2427 fili
870 2400 917 2433 nti,
937 2400 1043 2435 reponit

226 2436 230 2454 ί

259 2451 383 2479 Andreas
395 2469 403 2483 ,
426 2449 492 2485 quin
518 2449 573 2476 imo
586 2452 724 2475 extremae
739 2447 881 2474 dementire
893 2451 935 2474 est
950 2446 1043 2474 istius-

261 2497 334 2525 modi
352 2494 565 2523 narratiunculis
577 2501 657 2522 aures
672 2494 809 2528 praebere;
828 2492 952 2520 homines
964 2499 1043 2518 nam-

260 2551 315 2578 que
337 2546 426 2569 mente
440 2541 511 2576 capti
527 2540 592 2568 talia
615 2539 720 2567 cerebri
741 2539 788 2566 sui
808 2538 904 2565 deliria
920 2537 1044 2564 conscri-

259 2593 382 2625 pserunt.
399 2588 485 2622 Quale
505 2592 532 2615 et
542 2587 621 2620 illud,
643 2586 717 2621 quod
731 2585 888 2612 fabulantur
908 2583 1043 2616 nonnulli,

258 2636 396 2665 Christum
412 2634 576 2666 Dominum,
591 2634 761 2668 inspectante
777 2631 933 2659 Judaeorum
952 2631 1040 2662 turba,

259 2690 275 2710 ο
301 2682 360 2709 luto
381 2680 496 2714 ﬁnxisse
519 2680 653 2712 aviculas,
676 2685 789 2713 easque,
820 2682 963 2712 postquam
987 2677 1040 2703 vita

260 2726 394 2762 inspirata
409 2730 481 2753 esset
495 2745 502 2759 ,
531 2726 558 2753 in
575 2731 665 2753 aerem
680 2724 816 2760 projectas
831 2723 953 2768 auolasse
968 2729 975 2754 ;
998 2726 1040 2748 at-

259 2782 311 2810 que
324 2774 397 2801 istud
411 2793 420 2806 ,
436 2773 525 2800 nivem
538 2779 586 2807 pro
597 2770 686 2799 farina
696 2770 816 2798 habitam
830 2768 927 2797 fuisse.
940 2768 1040 2802 Quem-

294 2853 316 2868 ³ο
337 2850 409 2879 Psal.
428 2858 536 2884 cxrxtv,
552 2851 579 2879 7.
626 2851 647 2868 ³¹
667 2850 726 2880 Job.
743 2860 834 2886 xxxrt,
852 2853 896 2882 27.

1086 2411 1230 2445 ‘Spéxo‘na
1255 2413 1347 2439 διώκει
1365 2422 1372 2446 ;

1097 1576 1182 1609 φήτου
1195 1584 1202 1592 ·
1220 1587 1229 1602 ε
1242 1577 1396 1613 ’Δστραπὰς
1412 1580 1494 1615 γὰρ,›
1512 1582 1606 1617 φησὶν,
1624 1592 1633 1608 ε
1649 1585 1662 1610 ὁ
1674 1584 1740 1616 Θεὸς
1755 1587 1792 1617 εις
1807 1587 1882 1613 ὑετῆν

1096 1621 1233 1657 ἐποίησεν.
1250 1632 1259 1648 ›
1276 1624 1430 1659 Καὶέτερος
1442 1628 1583 1661 προφήτης
1593 1627 1691 1663 λέγει-ι
1708 1631 1773 1662 Ταῖς
1783 1633 1885 1668 ἀστρα-

1096 1669 1162 1699 παῖς
1176 1669 1190 1695 ὁ
1205 1670 1379 1698 κατευθύνων
1389 1673 1423 1698 τὰ
1438 1672 1531 1707 ὕδατα,
1548 1675 1594 1701 καὶ
1608 1677 1666 1706 ταῖς
1684 1677 1884 1714 ὲπιΰροντήσε-

1098 1722 1140 1740 σιν
1153 1715 1166 1740 ὀ
1180 1724 1372 1752 κατασπειρων
1388 1719 1427 1748 εις
1443 1719 1569 1754 βρόχους,
1586 1722 1632 1747 καὶ
1647 1723 1706 1754 ταῖς
1717 1725 1842 1757 νεφέλαις
1854 1727 1885 1752 τὸ

1099 1759 1253 1795 ὅμϐρισμα.
1275 1771 1283 1787 ι
1305 1762 1384 1790 Ἐστι
1406 1764 1434 1790 δὲ
1459 1765 1507 1800 τῆς
1524 1767 1668 1803 ἀστραπῆς
1686 1771 1765 1797 οὺσία
1786 1772 1819 1798 ἐκ
1837 1774 1885 1799 τοῦ

1095 1807 1222 1841 οὐρανίου
1241 1809 1336 1842 πυρός.
1350 1810 1456 1846 Ὥσπερ
1471 1812 1499 1838 δὲ
1511 1813 1524 1839 ό
1540 1814 1614 1849 ἥλιος
1630 1815 1686 1850 ἔχει
1701 1818 1752 1848 τὰς
1766 1819 1884 1851 ἀκτῖνας

1103 1851 1274 1888 ἀπαύγασμα
1283 1854 1374 1887 αὑτοῦ,
1385 1855 1456 1883 οὕτω
1484 1858 1530 1884 καὶ
1546 1860 1562 1894 ἡ
1575 1860 1701 1897 ἀστραπὴ
1714 1863 1887 1900 ἀπαύγασμα

1096 1900 1153 1926 ἐστι
1168 1901 1214 1927 τοῦ
1231 1902 1341 1929 αἰωνίου
1357 1904 1450 1938 πυρὸς,
1464 1905 1523 1940 ἦτοι
1540 1906 1587 1933 τοῦ
1603 1909 1694 1936 ἐπάνω
1709 1910 1755 1937 τοῦ
1766 1912 1888 1947 στερεώ-

1097 1957 1181 1983 pato;
1198 1950 1424 1985 χρηματίζοντος.
1445 1953 1587 1988 Οὐράνιον
1607 1955 1636 1981 δὲ
1656 1957 1712 1991 πῦρ
1730 1959 1819 1985 ἐκεῖνό
1837 1970 1887 1995 μοι

1083 1995 1161 2027 .νόει,
1189 1996 1257 2031 ὅπερ
1287 1996 1381 2028 Ἠλίας
1405 2001 1544 2035 προσευχῇ
1573 2003 1732 2037 κατήγαγεν
1760 2005 1806 2030 ἐπὶ
1832 2007 1887 2038 τὰς

1097 2040 1227 2074 σχίδακας
1250 2041 1298 2068 καὶ
1319 2042 1348 2068 τὸ
1374 2042 1564 2079 ὀλοκαύτωμα,
1590 2046 1636 2072 καὶ
1656 2048 1719 2079 τοὺς
1738 2048 1819 2084 ἱερεῖς
1834 2050 1888 2085 τῆς

1094 2085 1235 2121 αἰσχύνης,
1252 2087 1300 2113 καὶ
1312 2087 1376 2119 τοὺς
1389 2089 1509 2123 μηνυτὰς
1519 2090 1569 2125 τῆς
1577 2091 1711 2123 Ἰεζάϐελτ
1729 2094 1822 2121 τούτου
1835 2095 1888 2122 τοῦ

1096 2134 1183 2170 πυρὸς
1202 2136 1376 2171 ἀπαύγασμα
1404 2138 1528 2173 πέφυκεν
1546 2140 1562 2175 ἡ
1579 2141 1720 2178 ἀστραπὴ,
1745 2142 1838 2170 ἔνυλόν
1855 2152 1889 2170 τε

1095 2181 1143 2207 καὶ
1156 2182 1334 2210 ἐνυπόστατοι
1341 2203 1348 2210 .

1134 2274 1199 2308 ρξθ’.
1222 2275 1379 2309 Ἐπιφάνιος
1395 2274 1472 2303 εἶπεν
1487 2286 1493 2292 ·
1510 2275 1582 2313 ’Ἃρα
1595 2279 1774 2315 ἀληθεύουσιν
1790 2282 1814 2308 οι
1838 2283 1891 2310 λέ-

1097 2328 1200 2354 γοντες,
1215 2321 1254 2347 ὅτι
1271 2323 1285 2347 ὁ
1300 2323 1443 2358 προφήτης
1470 2323 1562 2356 Ἥλίας
1588 2326 1670 2358 ἐστὶν,
1688 2327 1700 2352 ὁ
1723 2327 1761 2361 τῷ
1777 2327 1891 2363 ἅρματι

1099 2366 1218 2400 βροντῶν
1236 2367 1281 2393 καὶ
1305 2367 1471 2403 ἀστράπτων
1487 2369 1516 2395 ἐν
1533 2371 1592 2402 ταῖς
1615 2372 1753 2406 νεφέλαις,
1777 2374 1823 2400 καὶ
1843 2375 1893 2401 ὅτι

1406 2415 1434 2441 '0
1461 2415 1555 2450 Ἀγιος
1582 2416 1672 2450 λέγει’
1690 2418 1735 2454 Μὴ
1765 2420 1894 2453 γένοιτο,

1097 2457 1192 2483 τέκνον
1210 2460 1414 2495 μου¹ὲσχάτης
1440 2460 1494 2495 γὰρ
1519 2462 1611 2492 ἀνοίας
1640 2463 1718 2489 τοῦτό
1743 2465 1801 2490 ἐστι
1837 2468 1895 2491 καὶ

1095 2500 1164 2535 ἀκοῇ
1180 2502 1384 2536 παραδέξασθαι
1400 2512 1407 2519 ο
1427 2505 1566 2540 ἄνθρωποι
1579 2508 1631 2542 γὰρ
1649 2508 1846 2542 φρενοϐλαὸὡς
1858 2509 1896 2542 ἐξ

1095 2544 1199 2577 οἰκείας
1225 2546 1345 2578 διανοίας
1361 2548 1447 2575 ταῦτα
1472 2551 1677 2586 συνεγράψαντο
1690 2561 1697 2568 ·
1715 2552 1809 2589 ὥσπερ
1836 2555 1895 2581 καὶ

1094 2590 1184 2624 τοῦτο,
1198 2593 1237 2619 ὅτι
1249 2595 1283 2619 ei
1303 2594 1433 2628 στρουθία
1443 2596 1456 2621 ό
1471 2595 1588 2630 Χριστὸς
1603 2598 1725 2625 ἐναντίον
1738 2599 1792 2625 τῶν
1816 2599 1897 2626 Ὶου-

1095 2637 1177 2664 Sator:
1196 2639 1227 2665 ἐκ
1246 2639 1332 2674 πηλοῦ
1344 2641 1526 2675 διαπλάττων,
1543 2644 1584 2674 εις
1599 2644 1646 2670 τὸν
1672 2637 1740 2679 ἀέρα
1764 2645 1898 2680 ἀπέῥρι-

1097 2691 1176 2717 πτεν,
1201 2685 1342 2719 ἐμφυσῶν,
1359 2686 1407 2714 καὶ
1433 2688 1565 2715 ὲπέταντο
1578 2697 1585 2705 ·
1601 2689 1649 2716 καὶ
1677 2690 1757 2718 πάλιν
1775 2691 1791 2725 ὴ
1813 2691 1899 2726 χιὼν

1094 2728 1207 2763 ἄλευρος
1229 2730 1423 2766 ἐχρημάτιζεν.
1444 2733 1552 2768 ’Ὠσπερ
1573 2733 1602 2761 δὲ
1618 2735 1703 2762 ταῦτά
1735 2736 1794 2761 ἐστι
1813 2736 1901 2770 ψεῦ-

1094 2775 1149 2808 δος,
1163 2775 1235 2802 οὕτω
1252 2778 1298 2804 καὶ
1325 2779 1395 2805 αὐτά
1408 2779 1504 2813 ψεῦδος
1519 2781 1841 2817 καθεστήκασιν,οόπόσα
1865 2786 1899 2812 οἱ
