2009 3088
191 218 244 249 817

770 223 856 254 ἫΤΑ
878 225 909 255 S.
930 225 1093 257 ANDREE
1113 227 1211 259 SAM.

1207 11 1217 15 _
1244 0 1479 13 '~M:‘n

1751 233 1805 265 818

193 273 326 309 αἱρετικοὶ
341 274 517 307 νοθεύσαντες
530 275 713 312 ὲδογμάτισαν
745 278 878 305 ἀλλόκοτα
910 279 918 314 [
932 281 976 306 καὶ

1031 282 1177 310 admodum
1204 283 1261 310 haec
1295 289 1383 312 autem
1404 285 1543 318 splendide
1564 287 1676 314 mentita
1689 307 1696 319 ,
1723 288 1762 314 sic
1782 294 1810 314 et

192 318 246 354 χρὴ
260 318 347 346 ταῦτα
364 320 452 346 πάντα
462 321 622 357 Χριστιανὸν
637 323 674 358 μὴ
687 324 978 361 παραδέχεσθαιηεη.

197 363 291 396 Ἠλίας
304 364 352 391 οὖν
367 366 405 396 εἰς
420 367 552 401 οὐρανοὺς
569 368 617 395 οὐκ
633 369 727 402 ἀνέϐη,
742 370 779 404 μὴ
790 370 903 404 γένοιτο,
917 371 978 397 οὗτε

193 409 238 436 ἐπὶ
255 410 380 445 ἅρματος
396 411 540 444 καθέζεται
553 420 559 428 ’
574 415 654 449 χάριν
669 415 697 441 δὲ
713 415 768 451 ἔχει
783 417 828 442 ἐπὶ
842 417 888 444 τὸν
902 417 979 444 ὑετὸν

193 455 240 481 τοῦ
262 456 431 490 παρακαλεῖν
448 457 494 484 τὸν
517 458 595 490 Θεὸν,
613 459 687 491 ὅπως
708 460 738 487 ὲν
760 461 849 496 καιρῷ
873 462 978 498 ἀνύδρῳ

193 500 281 527 Είδωσι
297 502 330 536 τῇ
346 503 379 536 γῇ
395 502 481 529 ὑετόν
495 504 554 529 ἐπεὶ
571 513 579 529 ι
597 505 692 537 Οὐδεὶς
701 506 869 541 ἀναϐέϐηκεν
881 508 920 539 εἰς
933 508 979 535 τὸν

193 547 313 581 οὐρανὸν,
326 549 349 574 εί
367 548 403 584 μὴ
418 549 432 575 6
449 550 480 576 ὲκ
492 550 538 577 τοῦ
555 551 670 586 οὐρανοῦ
684 553 816 585 καταϐὰς,
832 554 845 579 ὁ
860 554 921 585 Υἱὸς
930 554 977 581 τοῦ

193 592 345 627 ἀνθρώπου,
373 595 386 620 6
410 594 448 621 ὧν
468 596 497 622 ἐν
520 596 558 631 τῷ
573 597 712 633 οὐρανῷ.»
731 596 815 630 Οὗτος
837 600 864 626 δὲ
892 601 924 635 ζῇ
948 602 976 627 ἐν

194 639 276 672 σαρκὶ
293 639 341 665 καὶ
357 639 430 667 ἐστιν
445 641 491 667 ἐπὶ
510 642 572 677 γῆς,
591 643 641 669 κᾶν
656 644 744 676 οὐδείς
761 647 835 672 ἐστιν
849 647 861 672 6
878 647 977 681 γνωρί-

193 683 246 715 ζων
262 685 353 712 αὐτόν.
370 687 407 721 Ζῇ
423 687 451 712 δὲ
465 688 564 723 Ἑνὼχ,
582 691 629 715 καὶ
643 691 673 717 ἐν
694 691 769 726 μέσῳ
786 692 892 719 πολλῶν
908 696 975 720 ἁνα-

142 760 146 764 _
193 730 351 765 στρέφεται.
370 733 415 759 καὶ
434 733 521 766 οὐδείς
542 736 614 762 ἐστιν
629 737 642 762 6
657 736 799 770 γινώσκων
823 739 913 766 αὐτόν.
938 740 975 774 Ζῇ

193 775 219 801 δὲ
233 777 279 802 καὶ
296 777 309 802 6
328 777 533 815 Εὑαγγε).ιστὴς
554 781 692 816 Ἰωάννης,
718 784 764 810 καὶ
783 783 857 811 ἐστιν
874 786 913 815 είς
930 787 975 812 τὸν

193 821 304 856 κόσμον,
318 822 412 857 ὥσπερ
431 825 606 860 μαργαρίτης
626 827 654 852 ὲν
670 828 745 863 μέσῳ
762 827 894 864 βορϐόρου
910 830 976 865 ἀφε-

193 867 260 900 θεὶς,
277 867 323 894 τοῦ
340 866 410 896 εἶναι
428 871 456 896 ὲν
471 873 552 906 σαρκὶ
571 873 616 899 ἐπὶ
628 874 677 907 τῆς
691 874 751 908 γῆς,
768 875 975 911 ἀντιπρόσωπος

195 915 284 950 Ἰησοῦ
303 917 421 952 Χριστοῦ
448 919 494 945 τοῦ
513 919 703 952 ἐξιλάσκεσθαι
726 922 803 956 ἡμῶν
818 923 866 954 τὰς
883 924 974 959 ἁμαρ-

1031 328 1081 355 ista
1100 335 1114 355 a
1138 330 1254 357 veritate
1273 330 1440 357 alienissima
1464 336 1547 364 sunt,
1571 336 1598 359 et
1617 332 1652 360 ab
1673 333 1810 360 haereticis

1030 374 1183 408 prodigiose
1218 375 1368 402 adulterata
1403 381 1485 409 atque
1516 378 1654 410 conficta,
1687 378 1810 412 adeoque

1029 418 1184 446 Christiano
1209 421 1322 448 cuilibet
1348 422 1504 456 neutiquam
1531 423 1707 462 admittenda.
1733 424 1810 451 Absit

1029 464 1122 498 igitur,
1139 470 1186 493 aut
1202 466 1228 493 in
1242 467 1327 494 caelos
1341 467 1490 500 invectum,
1514 473 1560 495 aut
1575 468 1602 495 in
1619 477 1700 496 curru
1715 470 1810 496 etiam-

1029 517 1093 536 num
1118 511 1211 540 sedere
1236 511 1320 538 Eliam
1336 532 1343 545 ,
1370 513 1493 540 dicamus
1521 521 1527 539 :
1554 513 1579 540 id
1609 514 1810 544 verius.isthac

1028 555 1099 588 apud
1116 554 1199 582 Deutn
1217 557 1335 591 gaudere
1355 558 1541 591 praerogativa,
1555 564 1583 585 ut
1599 563 1719 593 tempore
1732 560 1810 586 sieri-

1029 600 1091 626 tatis
1113 604 1211 626 terram
1235 600 1337 627 aridam
1355 602 1445 635 pluvia
1467 603 1636 635 impcrtiatur
1662 612 1668 629 ε
1693 612 1701 628 ι
1725 603 1810 629 Nemo

1028 644 1128 678 quippe
1151 645 1177 671 in
1200 645 1300 672 cmlum
1317 647 1449 679 ascendit,
1474 647 1590 681 nisiqui
1614 648 1753 675 descendit
1777 649 1810 676 de

1027 689 1108 721 cmlo,
1136 689 1220 717 Filius
1246 690 1375 723 hominis,
1399 692 1446 726 qui
1465 687 1513 719 est
1529 692 1555 719 in
1573 693 1642 720 celo
1655 693 1687 720 η.
1709 702 1718 718 ι
1737 693 1810 721 Eiias

1028 741 1103 765 vero,
1132 733 1242 762 indutus
1265 743 1386 768 carnem,
1415 737 1480 763 vivit
1503 737 1637 770 interra;
1664 746 1743 765 nemo
1758 745 1809 768 cst.

1026 779 1073 814 qui
1089 780 1176 814 ipsum
1197 782 1355 815 cognoscit:
1373 782 1436 809 vivit
1453 787 1478 809 et
1494 783 1597 814 Enoch,
1618 788 1644 810 ct
1665 784 1809 811 multorum

1027 830 1152 853 versatur
1176 827 1202 854 iu
1227 828 1327 861 tnedio,
1343 823 1513 864 quanquam.
1530 830 1656 858 omnibus
1684 831 1808 864 ignotus:

1027 872 1091 899 vivit
1105 872 1318 908 deniqueetiam
1339 873 1459 902 Joannes
1472 875 1636 909 evangelista
1655 876 1680 902 in
1698 876 1809 907 mundo.

1026 917 1105 944 sicuti
1121 919 1266 952 margarita
1281 918 1306 945 in
1323 918 1412 946 mcdio
1427 919 1494 951 luto,
1506 920 1546 946 sic
1559 925 1587 947 ut
1603 928 1656 947 non
1671 926 1809 955 appareat.

195 960 261 993 ιίας,
278 963 385 989 καὶτοῦ
400 964 584 999 ἀποστρέφειν
597 967 647 1001 τὴν
670 967 777 994 δικαίαν
793 968 877 1004 ὀργὴν
893 969 975 997 αὑτοῦ

1028 964 1154 996 latitans,
1187 970 1216 991 ut
1241 964 1267 990 in
1297 972 1380 992 carne
1405 970 1466 993 ante
1493 965 1587 993 faciem
1617 954 1809 994 Jcsuert-isti

193 1005 241 1041 τὴν
255 1007 313 1033 καθ’
325 1009 413 1042 ἡμῶν,
430 1010 548 1044 ὁπηνίκα
560 1012 699 1048 πληθυνθῇ
711 1015 744 1041 τὰ
756 1014 834 1049 ἡμῶν
848 1015 976 1051 πλημμε-

193 1052 299 1086 λήματα
309 1053 355 1080 τοῦ
368 1055 516 1091 ἀπαλεῖψαι
528 1057 599 1092 ἡμᾶς
615 1058 658 1085 διὰ
672 1059 722 1090 τὰς
737 1060 874 1096 ἁμαρτίας
886 1062 976 1096 ἡμῶν.

193 1098 287 1125 Πολλοὶ
305 1098 353 1126 οὖν
373 1101 426 1127 τῶν
448 1102 559 1129 δικαίων
576 1103 724 1132 ἐθεάσαντο
747 1105 837 1138 αὐτὸν,
854 1107 912 1133 ἀλλ’
928 1107 977 1134 οὐκ

193 1145 370 1181 ἐιξανέρωσαν
387 1147 468 1175 αὐτὸν
485 1149 528 1176 διὰ
545 1150 574 1176 τὸ
586 1150 700 1178 ἄπιστον
712 1152 758 1178 καὶ
772 1152 918 1186 περίεργον
927 1153 977 1188 τῆς

192 1191 366 1227 ἀνθρωπίνης
389 1193 542 1226 ἀσθενείας.
557 1196 639 1222 Ὀθεν
657 1197 681 1222 οἱ
704 1198 779 1232 τριῖς
803 1195 875 1224 οὗτοι
906 1198 975 1230 ζῶσι

195 1238 277 1274 μέχρι
297 1239 345 1274 τῆς
362 1241 528 1274 συντελείας,
546 1243 592 1269 καὶ
605 1243 665 1269 τότε
687 1244 757 1277 μετὰ
776 1244 822 1270 τοῦ
843 1245 976 1280 Ἀντιχρί-

193 1292 254 1309 στου
272 1285 462 1318 παλαίσαντες,
481 1287 638 1322 νικήσουσιν
667 1289 757 1321 αὐτὸν,
777 1290 823 1316 καὶ
839 1289 910 1316 οὕτω
930 1289 976 1316 τὸν

193 1328 237 1354 τοῦ
256 1330 407 1364 μαρτυρίου
423 1332 555 1366 στέφανον
570 1333 747 1368 ἀναδήσονται
762 1336 836 1370 παρὰ
856 1336 975 1371 Χριστοῦ

193 1374 240 1401 τοῦ
261 1375 327 1402 Θεοῦ

228 1520 275 1552 ρο⁹.
293 1516 386 1543 Ταῦτα
403 1518 451 1552 μὲν
465 1517 560 1550 οὕτως.
576 1518 642 1553 Περὶ
660 1518 689 1545 δὲ
700 1519 747 1545 τοῦ
763 1519 849 1547 καίειν
864 1521 977 1556 δράκον-

192 1571 225 1589 τα
239 1563 254 1597 ὴ
276 1563 414 1598 ἀστραπὴ,
433 1564 482 1589 οὐκ
497 1564 672 1598 ἀμφιδάλλω,
688 1565 788 1600 ἀληθὲς
806 1567 860 1601 γάρ
880 1567 954 1594 ἐστιν
967 1575 974 1582 ⁶

192 1608 249 1635 ἀλλ’
266 1609 314 1644 οὐχ
331 1610 344 1636 6
361 1611 437 1643 ἆγιος
457 1609 550 1641 Ἠλίας
576 1611 741 1646 ἀστράπτων
768 1613 852 1645 ἐστιν,
879 1612 937 1640 ἀλλ’
962 1614 976 1640 6

192 1656 306 1690 ἄγγελος
327 1656 442 1692 Κυρίου,
460 1658 474 1684 6
488 1658 528 1688 εὶς
550 1657 630 1684 τοῦτο
659 1660 834 1694 τεταγμένος.
862 1660 975 1695 Δράκων

193 1701 220 1727 δὲ
239 1701 344 1728 ἐκεῖθεν
361 1703 466 1736 γίνεται
480 1711 486 1718 ·
506 1703 739 1739 θεωρεῖὁδαίμων
752 1705 815 1736 τοὺς
826 1705 911 1740 ὄφεις,
928 1707 976 1732 καὶ

194 1747 245 1783 [εἰς
261 1745 316 1774 οἷον
331 1748 433 1782 ἀρέσοη
447 1749 502 1783 (79)
517 1748 536 1784 ],
553 1749 619 1775 ὅπου
635 1749 720 1781 ἐστὶν,
741 1750 903 1785 εἰσέρχεται,
929 1751 976 1778 καὶ

193 1792 295 1826 γίνεται
310 1793 448 1828 σύμφυτος
463 1793 545 1820 αὑτοῦ
563 1794 610 1820 καὶ
625 1794 824 1829 συνανάτροφος
839 1797 887 1822 καὶ
908 1804 975 1830 συγ-

194 1839 346 1873 κακοῦργος
360 1847 367 1854 ·
385 1839 433 1866 καὶ
450 1840 643 1873 προσαινοντος
658 1840 705 1866 τοῦ
723 1841 830 1876 καιροῦ,
853 1842 976 1877 ἀπεργά-

194 1884 269 1916 ζεται
281 1887 294 1910 ὁ
307 1885 411 1920 δαίμων
424 1886 469 1912 τὸν
488 1885 549 1920 ὅφιν
566 1887 723 1921 φαντασμδν
736 1887 823 1922 μέγαν
838 1889 884 1915 καὶ
897 1889 977 1923 φοϐε-

195 1931 242 1965 ρὺν
257 1931 305 1957 καὶ
320 1931 433 1966 θρασὺν,
451 1933 496 1958 καὶ
512 1933 597 1959 κακὸν
614 1933 728 1968 σφόδρα,
746 1934 793 1960 καὶ
813 1934 844 1960 οὐ
861 1936 976 1970 χωρίζε-

193 1985 237 2003 ται
250 1976 333 2003 αὑτοῦ
350 1977 379 2003 τὸ
395 1977 516 2011 σύνολον,
535 1978 603 2004 ἀλλὰ
621 1979 697 2013 μένει
714 1980 742 2005 ὲν
758 1980 833 2015 αὐτῷ
849 1981 976 2015 βλάπτων

196 2021 332 2058 μεγάλως.
351 2022 495 2050 Ἐντεῦθεν
511 2024 524 2049 6
538 2023 599 2058 δφις
618 2024 722 2057 γίνεται
738 2025 859 2060 δράκων,
882 2026 976 2062 θηρίον

194 2069 292 2103 πικρὸν
319 2068 366 2094 καὶ
394 2067 574 2100 ἐξωλέστατον
602 2069 660 2104 [καὶ
687 2070 743 2096 ἔστι
769 2071 817 2105 μὲν
836 2072 886 2101 ,καὶ
911 2072 977 2099 αὐτὸ

194 2113 256 2140 καθ’
270 2113 351 2140 ἑαυτὸ
375 2113 460 2140 κακὸν
476 2114 556 2149 (80)],
575 2115 632 2141 ἀλλ’
650 2115 770 2143 ἐνδύεται
793 2117 840 2143 καὶ
860 2118 906 2143 τὸν
920 2118 977 2145 διά-

197 2159 285 2191 ϐολον,
299 2159 464 2193 καὶγίνεται
478 2160 588 2186 διπλοῦν
610 2161 640 2187 τὸ
665 2161 749 2188 κακὸν
775 2162 846 2189 κατὰ
869 2163 915 2190 τὸν
936 2164 978 2190 λέν

194 2213 276 2238 γοντα
293 2213 300 2221 ·
317 2202 403 2239 Εὗρεν
422 2205 436 2231 6
454 2205 577 2236 Σατανᾶς
600 2205 647 2232 τὸν
667 2206 800 2234 διάϐολον.
826 2208 910 2234 Ὅταν
930 2207 977 2236 οὖν

193 2251 320 2287 διανοηθῇ
338 2252 352 2277 ὁ
368 2251 504 2286 διάϐολος,
521 2254 534 2279 6
558 2251 586 2278 ἒν
608 2251 647 2286 τῷ
662 2251 733 2286 ὄφει,
750 2252 870 2286 ἐξελθεῖν
883 2256 915 2281 ὲκ
930 2254 977 2281 τοῦ

1028 1010 1187 1044 deprecetur
1204 1018 1253 1044 pro
1282 1012 1407 1045 peccatis.
1425 1012 1544 1045 nostris,
1569 1012 1726 1047 justamque
1751 1013 1811 1047 ejus

1028 1055 1160 1083 adversus
1186 1063 1236 1083 nos
1265 1057 1435 1084 iracundiam
1463 1062 1586 1090 avertat,
1611 1058 1720 1093 quando
1737 1058 1809 1086 deli-

1027 1106 1131 1129 ctorum
1145 1107 1300 1129 nostrorum
1318 1103 1452 1138 completo
1471 1112 1585 1131 numero
1606 1105 1744 1132 deleturus
1762 1112 1812 1131 nos

1028 1148 1053 1174 in
1073 1152 1171 1175 terram
1191 1149 1294 1179 veniet.
1314 1149 1388 1176 Militi
1405 1149 1514 1183 quidem
1532 1154 1688 1177 sanctorum
1711 1150 1810 1176 intueri

1028 1193 1102 1220 tilum
1122 1199 1299 1226 meruerunt,
1319 1195 1365 1222 sed
1382 1195 1441 1222 aliis
1456 1200 1567 1230 propter
1581 1195 1747 1222 inlirtnitatis
1763 1195 1812 1222 liu-

1028 1247 1114 1267 ntana:
1141 1241 1360 1268 incredulitatem
1381 1242 1624 1276 curiositutctnquc
1647 1249 1700 1268 non
1724 1242 1811 1268 mani-

1027 1287 1170 1314 festarunt.
1208 1288 1294 1322 Atque
1332 1287 1359 1314 lii
1392 1288 1447 1315 tres
1481 1287 1515 1313 ad
1546 1287 1810 1314 consummationem

1027 1333 1118 1361 executi
1134 1333 1249 1360 vivendo
1266 1333 1420 1368 pertingcnt
1434 1353 1440 1366 ,
1466 1333 1587 1368 quando}
1601 1333 1728 1368 prmlium,
1748 1341 1810 1360 cum

1027 1378 1194 1407 Anticltristo
1233 1378 1454 1417 committentes,
1481 1378 1594 1405 victoria
1619 1378 1751 1412 potituui.
1780 1386 1812 1406 ac

1027 1425 1144 1460 gloriosa
1166 1425 1288 1461 martyrii
1315 1431 1414 1452 corona
1443 1431 1466 1451 a,
1483 1423 1592 1451 Christo
1620 1424 1734 1452 Domino
1760 1425 1809 1452 (ιον

1029 1471 1110 1498 nandi
1128 1476 1200 1498 sunt.

1066 1517 1126 1543 170.
1143 1517 1230 1550 Atque
1247 1517 1290 1544 illa
1305 1517 1414 1552 quidem
1427 1516 1464 1544 ita
1481 1524 1510 1544 se
1523 1517 1638 1549 habent,
1664 1517 1701 1544 uti
1718 1518 1811 1544 liactc-

1028 1570 1080 1589 nus
1106 1562 1249 1590 dixirfius:
1273 1563 1363 1596 quoad
1381 1562 1526 1590 draconem
1554 1570 1637 1595 vero,
1665 1563 1736 1597 quod
1758 1564 1811 1590 ful—

1029 1608 1101 1635 mine
1127 1609 1196 1636 ictus
1221 1609 1287 1636 dare
1312 1615 1408 1644 poenas
1434 1613 1565 1644 cogatur,
1591 1609 1682 1636 nullus
1697 1609 1810 1642 dubito;

1028 1658 1070 1682 est
1090 1655 1162 1681 enim
1180 1655 1286 1682 veritati
1312 1662 1461 1682 consomun
1489 1664 1497 1683 :
1528 1659 1647 1683 attamen
1672 1663 1725 1683 non
1754 1655 1810 1682 Elia

1027 1700 1186 1728 moderante
1203 1706 1230 1728 et
1252 1701 1391 1736 jaculante
1416 1701 1548 1734 fulmina,
1569 1701 1617 1729 sed
1642 1702 1737 1737 angelo
1759 1701 1810 1728 Do-

1027 1747 1095 1774 mini
1113 1747 1146 1774 ad
1167 1747 1219 1775 hoc
1234 1747 1386 1782 designato.
1400 1747 1468 1775 Audi
1491 1755 1557 1775 vero
1582 1747 1709 1776 draconis
1730 1748 1812 1782 origi-

1027 1799 1100 1820 nem.
1116 1792 1276 1828 Conspectis
1290 1793 1394 1821 daemon
1413 1794 1596 1828 serpentibus,
1619 1800 1811 1828 quemcunque

1027 1839 1085 1866 vult
1101 1839 1269 1874 ingreditur,
1298 1847 1361 1868 cum
1384 1841 1486 1875 illoque
1505 1840 1585 1868 unius
1608 1840 1810 1876 quodaunnodo

1027 1890 1131 1914 naturae
1146 1887 1184 1919 fit.
1206 1895 1267 1914 cum
1287 1887 1333 1914 illo
1358 1887 1488 1914 malitiam
1511 1895 1589 1914 suam
1606 1888 1808 1914 communicat:

1028 1932 1192 1966 procedente
1207 1936 1297 1958 autem
1317 1935 1439 1965 tempore
1451 1950 1458 1963 ,
1476 1935 1612 1966 spectrum
1628 1932 1691 1958 inde
1711 1931 1812 1958 format

1028 1977 1211 2008 immensum,
1237 1976 1368 2009 terribile,
1391 1976 1479 2004 audax
1511 1982 1591 2010 atque
1622 1977 1811 2009 vaferrimum,

1028 2031 1042 2049 a
1064 2029 1117 2057 quo
1143 2030 1191 2049 nec
1213 2023 1247 2049 ad
1273 2022 1357 2049 latum
1375 2030 1492 2057 unguem
1515 2022 1658 2050 discedens
1681 2027 1811 2050 constans

1028 2069 1116 2096 incola
1133 2088 1140 2100 ,
1170 2069 1223 2096 late
1253 2068 1407 2095 vastitatem
1429 2075 1460 2095 ac
1486 2067 1615 2096 damnum
1643 2068 1812 2096 circumfert.-

1028 2113 1098 2140 Hinc
1117 2114 1226 2140 tandem
1250 2121 1360 2148 serpens
1382 2113 1426 2141 illc
1444 2114 1473 2140 ﬁt
1492 2114 1574 2141 draco
1589 2134 1597 2147 ,
1624 2114 1679 2141 fera
1701 2114 1811 2142 immitis

1027 2165 1056 2186 et
1073 2159 1192 2186 maxime
1210 2159 1373 2194 perniciosa,
1393 2167 1453 2194 quae
1472 2159 1580 2194 quidem
1604 2167 1637 2186 ex
1659 2159 1738 2186 insita
1759 2159 1811 2186 sibi

1028 2211 1126 2231 natura
1154 2205 1221 2231 satis
1240 2205 1339 2236 noxia,
1368 2212 1415 2239 per
1438 2204 1632 2232 inliabitantem
1659 2204 1810 2232 daemonem

1030 2251 1111 2286 duplo
1135 2251 1296 2278 malitiosior
1322 2251 1369 2283 fit,
1395 2259 1429 2278 ex
1447 2256 1538 2279 mente
1555 2252 1639 2284 illius,
1664 2252 1708 2286 qui
1725 2251 1811 2279 dicit:

194 2297 296 2331 φωλεοῦ
317 2297 399 2324 αὑτοῦ
415 2298 462 2324 τοῦ
477 2297 588 2333 βλάψαι,
604 2300 620 2335 ἧ
647 2299 779 2326 ἀπολέσαι
803 2299 976 2334 ἀνθρώπους,

1029 2295 1139 2329 Reperit
1164 2295 1279 2323 Satanas
1300 2296 1448 2324 diabolum.
1474 2297 1589 2329 Quando
1615 2297 1697 2332 igitur
1725 2297 1811 2323 visum

193 2343 293 2378 θεωρεῖ
306 2344 319 2369 6
333 2343 398 2375 Θεὸς
414 2344 528 2378 ἄνωθεν,
545 2346 591 2371 καὶ
618 2346 654 2380 μὴ
674 2345 758 2372 θέλων
785 2346 911 2380 γενέσθαι
928 2354 976 2373 καξ

193 2389 252 2422 κὸν,
268 2389 341 2416 νεύει
367 2390 405 2425 τῷ
426 2391 534 2426 ἀγγέλῳ
557 2391 606 2426 τῆς
635 2391 788 2427 ἀστραπῆς.
805 2392 852 2418 καὶ
875 2391 980 2423 εὐθέως

193 2435 309 2470 ἄρχεται
326 2435 396 2462 κατὰ
410 2436 456 2462 τοῦ
467 2436 615 2472 δράκοντος
630 2437 754 2473 βροντᾷν,
780 2438 827 2464 καὶ
845 2437 977 2464 ἀποστέλ-

193 2481 234 2508 λει
248 2482 293 2508 τὸν
306 2483 411 2516 σίφωνα
426 2482 475 2517 τῆς
490 2482 646 2518 ἀστραπῆς,
668 2483 715 2510 καὶ
727 2482 870 2509 κατακαίει
884 2483 979 2511 αὐτόνι

200 2528 230 2553 '0
247 2527 275 2554 δὲ
290 2527 422 2560 διάϐολος,
439 2528 453 2554 6
472 2528 501 2554 ἐν
514 2527 552 2562 τῷ
569 2528 632 2562 ὕφει
655 2528 910 2564 ὑπερασπιζόμενος
927 2529 977 2555 αὑ-

192 2572 247 2606 τὸν,
275 2574 348 2609 αῐρει
376 2574 458 2600 αὑτὸν
472 2574 502 2600 ὲν
519 2574 558 2608 τῷ
572 2573 645 2608 ἀέρι,
664 2573 711 2600 καὶ
731 2573 826 2607 φεύγει
851 2574 906 2600 ἀπὸ
927 2573 975 2600 τοῦ

192 2618 308 2654 φοϐεροῦ
327 2619 409 2653 φόὸου
426 2619 473 2646 καὶ
498 2620 600 2654 τρόμου
626 2620 675 2654 τῆς
688 2620 843 2654 ἀστραπῆς.
865 2619 976 2653 Φεύγων

191 2665 220 2692 δὲ
243 2666 407 2699 ἀγωνίζεται
421 2667 460 2698 εἰς
475 2666 620 2701 ἄνθρωπον
632 2666 887 2701 ἁποκρεμασθῆναι,
903 2666 976 2698 ὃπως

191 2712 205 2738 6
222 2711 289 2743 Θεὸς
309 2712 466 2747 φειδόμενος
481 2711 528 2738 τοῦ
543 2711 700 2748 ἀνθρώπου,
718 2711 805 2747 ἀφεθῇ
824 2712 950 2744 κάκεῖνος
967 2720 975 2728 ·

227 2809 248 2826 ³⁵
266 2807 347 2836 Joan.
362 2815 401 2840 ιιι,
420 2809 462 2835 15.

228 2890 282 2925 (78)
303 2890 352 2917 Ms.
384 2889 472 2918 Vatic.
503 2890 546 2917 ἵνα
567 2889 724 2921 ἐπίστασαι,
741 2910 749 2922 ,
775 2891 822 2917 καὶ
849 2891 901 2926 χρὴ
925 2891 976 2922 πᾶς

192 2926 354 2958 Χριστιανὸς
369 2925 421 2953 τῶν
440 2926 569 2953 τοιούτων
577 2925 804 2959 ἀποστρέφεσθαι.

1030 2347 1071 2369 est
1083 2342 1210 2374 dmmoni,
1226 2347 1379 2377 Serpentem
1397 2343 1534 2376 incolenti,
1551 2343 1659 2378 prodire
1672 2351 1687 2370 e
1703 2343 1813 2370 latebris

1030 2387 1099 2420 suis,
1126 2388 1282 2415 hominibus
1311 2389 1424 2416 nocendi
1449 2396 1482 2416 ac
1509 2389 1647 2416 interitum
1678 2388 1811 2416 inferendi

1030 2441 1130 2467 causa;
1152 2434 1179 2461 id
1202 2434 1357 2469 speculatus
1381 2435 1498 2470 desuper
1517 2435 1607 2468 Deus,
1632 2442 1686 2462 non
1707 2435 1812 2469 patiens

1030 2479 1063 2507 ad
1088 2479 1191 2509 exitum
1210 2480 1322 2514 perduci
1347 2479 1450 2507 nefaria
1476 2480 1671 2508 machinatoris
1687 2479 1812 2512 consilia,

1029 2525 1125 2561 angelo
1145 2526 1252 2553 fulmini
1268 2525 1413 2560 przelectog,
1427 2533 1458 2553 ea
1475 2527 1565 2554 statim
1579 2526 1672 2553 divino
1686 2530 1750 2554 nutu
1769 2526 1812 2552 in-

1030 2572 1124 2599 dicat:
1145 2571 1168 2599 is
1184 2575 1276 2599 autem
1296 2573 1427 2599 continuo
1450 2577 1546 2600 contra
1568 2572 1715 2600 draconem
1741 2571 1813 2600 ciere

1032 2619 1162 2651 tonitrua,
1179 2619 1302 2646 emittere
1320 2618 1442 2647 fulminis
1457 2619 1612 2654 siphonem,
1638 2623 1665 2646 et
1686 2619 1759 2646 omni
1780 2626 1811 2646 ex

1031 2669 1107 2699 parte
1120 2664 1237 2691 flammis
1250 2664 1340 2699 ipsum
1357 2664 1497 2692 infestare.
1511 2664 1579 2692 Tum
1597 2672 1661 2692 vero
1675 2663 1813 2696 diabolus,

1031 2711 1165 2746 serpentis
1181 2710 1281 2741 incola,
1297 2710 1481 2739 imminentem
1499 2711 1682 2740 calamitatem
1699 2709 1813 2746 propul-

1022 2869 1025 2871 ’
1068 2889 1122 2924 (79)
1144 2889 1255 2920 Ibidem,
1271 2887 1337 2916 ὃττου
1357 2889 1439 2916 ἐστίν.

1068 2890 1112 2924 (79
1144 2889 1255 2920 Ibidem,
1271 2889 1337 2916 ὅπου
1357 2889 1439 2916 ἐστίν.

1068 2889 1123 2961 (8οζ
1144 2924 1254 2958 ibidem,
1272 2925 1321 2951 οὐκ
1334 2925 1362 2952 ὲν
1377 2924 1415 2960 τῷ
1432 2923 1564 2959 ὑπάρχειν
1581 2921 1653 2958 αὖτῷ
1669 2922 1759 2950 κακόν.
1777 2949 1780 2952 .
