2009 3088
214 188 268 221 819

749 192 962 224 NICEPHORI
982 189 1220 223 PRESBYTERI
1241 190 1293 223 ΟΡ.

1788 186 1841 218 820

215 250 337 279 saturus,
352 246 379 274 in
391 247 509 275 sublime
520 255 550 276 se
566 249 652 282 tollit;
669 256 701 277 ac
715 257 763 285 per
777 257 866 278 aerem
884 249 1001 285 fugiens,

1057 249 1114 275 ἀλλ’
1131 247 1209 279 εἰδὼς
1235 248 1249 273 6
1272 246 1306 273 τὰ
1327 245 1471 280 ἀπόρρητα
1497 242 1678 278 ἐπιστάμενος
1703 241 1770 274 Θεὸς
1796 243 1842 269 τὸν

216 291 339 319 terribile
353 299 385 320 ac
406 292 555 321 violentum
581 293 672 329 fulgur
696 295 816 322 declinat
835 304 842 322 :
864 295 936 322 inter
961 293 1004 322 fu-

216 337 344 372 giendum
372 346 455 372 vero,
486 339 513 367 id
541 341 666 369 studiose
688 341 762 376 agit,
786 345 814 368 ut
841 340 940 368 alicubi
969 347 1002 366 ex

216 385 328 412 homine
349 392 501 420 suspensus
526 391 652 419 maneat,
667 395 736 422 quo,
754 393 865 422 parcere
878 387 1004 422 cupiente

218 430 272 457 Deo
302 429 423 464 homini,
447 431 499 465 ipsi
524 439 634 466 quoque
659 437 796 467 parcatur.
825 432 924 460 Verum
957 432 1003 467 qui

217 474 403 503 occultissima
421 483 537 511 quaeque
554 477 683 511 perspicit
703 477 774 505 Deus
786 497 793 509 ,
817 477 927 512 cognito
956 484 1004 503 ne-

217 521 374 549 iandissimi
398 522 511 557 spiritus
540 521 673 556 consilio,
701 524 747 551 dat
770 524 877 558 signum
906 522 1002 557 angelo

216 568 357 602 praedicto,
373 569 467 597 dicens
483 578 491 597 :
508 570 585 597 Tolle
603 574 630 598 et
647 570 765 597 amicum
792 571 895 605 pariter
909 574 935 596 et
951 569 1003 596 ini-

216 614 318 641 micum
337 622 345 647 ;
364 615 390 642 id
419 619 484 648 est,
510 615 732 650 quandoquidem
766 615 837 650 apud
866 616 1002 642 hominem

214 660 316 693 justum
332 660 383 688 sibi
401 661 506 695 asylum
522 662 658 696 quaesierit
673 661 859 696 nequissimus
870 682 878 694 ,
900 665 1004 687 utrum-

215 713 269 740 que
282 713 372 734 crema
387 715 394 734 :
412 706 545 735 famulum
565 715 616 741 ego
633 715 724 735 meum
741 707 803 734 dein
817 706 1003 734 consolatione

214 752 349 788 dignabor
372 755 537 789 copiosiore.
576 754 698 790 Denique
725 754 880 788 ubicunque
908 753 1004 788 deprc-

214 799 497 828 henderitdraconem
520 801 643 836 angelus,
653 809 699 829 seu
732 802 758 828 in
788 800 894 833 arbore,
915 799 971 827 sive
990 799 1017 827 in
1044 806 1153 834 campo,
1184 799 1210 825 in
1228 798 1309 825 domo
1323 818 1330 830 ,

1054 293 1156 321 σκοπὸν
1172 292 1220 319 τοῦ
1233 292 1360 326 ματαίου,
1373 291 1458 317 ἔδωκε
1481 289 1596 324 σημεῖον
1607 288 1646 322 τῷ
1658 288 1767 323 ἀγγέλῳ
1791 289 1841 322 τῆς

1054 339 1198 374 ἀστραπῆς
1214 338 1303 374 φήσας
1320 346 1327 352 ·
1343 335 1428 372 Ἀρον
1449 335 1526 370 φίλον
1552 335 1601 360 σὺν
1623 334 1713 370 ἐχθρῷ
1727 343 1733 350 -
1764 334 1842 360 τοὺτ-

1055 386 1139 418 έστιν,
1160 386 1202 412 ὅτι
1224 385 1276 411 κᾶν
1298 385 1339 416 είς
1361 384 1437 418 ἆγιον
1465 381 1622 417 προσφύγῃ,
1642 380 1746 408 καῦσον
1763 380 1844 406 αὑτὸν

1057 433 1106 458 σὺν
1118 431 1203 466 αὐτῷ,
1220 430 1267 456 καὶ
1282 429 1338 464 ἐγὼ
1348 429 1394 455 τὸν
1407 427 1499 455 δοῦλόν
1513 436 1564 460 μου
1578 427 1701 458 πλείονος
1715 435 1847 461 παραμυ-

1056 476 1116 507 θίας
1131 475 1296 511 ἁξιώσομαι.
1312 475 1413 502 Λοιπὸν
1433 474 1502 500 ὅπου
1524 473 1668 509 καταλάϐῃ
1684 473 1776 502 αὐτὸν,
1794 472 1846 498 xiv

1056 522 1104 549 ἐπὶ
1116 522 1236 557 δένδρον,
1252 522 1305 548 κᾶν
1324 521 1372 547 ἐπὶ
1387 519 1512 555 κάμπου,
1535 519 1587 546 κᾶν
1602 520 1631 545 ὲν
1646 518 1731 553 οἰκίᾳ,
1747 518 1798 544 κᾶν
1818 519 1845 543 ὲν

1055 568 1150 603 πλοίῳ,
1167 568 1220 594 κᾶν
1242 569 1288 594 ἐπὶ
1314 566 1452 602 ἀνθρώπῳ
1475 565 1649 601 προσφεύγῃ,
1674 566 1733 591 ἐκεῖ
1761 563 1843 591 αὑτὸν

1056 613 1192 640 πατάσσει
1210 613 1257 639 καὶ
1283 612 1421 647 τεφρόνει,
1438 610 1484 637 καὶ
1508 610 1557 646 τὴν
1577 610 1656 644 φύσιν
1679 609 1762 636 αὑτοῦ
1789 609 1846 635 δια-

1057 659 1176 694 φθείρει’
1188 658 1233 685 τδν
1247 658 1275 685 δὲ
1287 658 1410 685 Σατανᾶν
1424 657 1534 690 δεσμοῖς
1551 655 1658 687 ἀλύτοις
1674 655 1843 686 ὑποϐάλλων,

1055 706 1088 741 τῇ
1114 705 1241 740 ἀστραπῇ
1264 703 1411 731 κατακαίει
1437 702 1518 737 μέχρι
1542 702 1592 737 τῆς
1613 701 1767 734 συντελείας
1793 701 1844 734 τῆς

1057 752 1250 788 πληρεστάτης
1264 751 1480 781 ἁνταποδόσεως.

1375 799 1403 825 in
1433 799 1551 834 navigio,
1579 798 1606 825 in
1629 798 1754 827 homine;
1781 795 1844 821 istic

214 848 303 882 ipsum
317 848 445 883 percutit,
463 849 490 876 in
506 843 611 877 cineres
630 849 745 884 redigit,
768 853 795 876 et
822 852 949 875 naturam
968 847 1077 882 penitus
1112 846 1262 881 disperdit;
1299 845 1431 872 Satanam
1472 853 1536 873 vero
1567 844 1671 872 catenis
1708 842 1775 870 solvi
1799 850 1845 868 ne-

214 897 279 924 sciis
294 897 470 925 constrictum
483 916 491 930 ,
507 897 538 930 ad
557 903 709 926 extremum
727 897 919 933 usquejudicii
939 896 1008 924 diem
1029 895 1091 930 igne
1112 894 1244 921 fulmineo
1265 894 1414 928 torquebit.

252 945 315 972 Hi.
335 945 525 980 lnterloquens
545 947 644 974 iterum
659 945 828 981 Epiphanius
844 953 850 972 :
869 944 931 977 Nix,
953 944 1002 975 ait,
1020 947 1040 974 Β

214 997 296 1025 quam
322 991 439 1019 subinde
464 1000 479 1019 e
504 993 574 1020 coelo
598 993 686 1020 delabi
703 992 905 1027 conspicimus,
932 990 1004 1018 unde

216 1036 340 1068 albescit,
357 1041 404 1064 aut
419 1037 491 1064 unde
502 1038 656 1065 concrescit
668 1037 694 1064 in
709 1037 828 1065 ﬂoccos?
848 1036 1004 1072 Respondet

215 1081 340 1109 Andreas
357 1091 364 1109 :
382 1082 409 1109 ln
429 1088 568 1118 comperto
583 1087 642 1116 est,
666 1091 737 1118 aqua
752 1084 778 1111 in
795 1083 914 1110 nubibus
937 1082 1004 1110 resi-

215 1128 314 1162 dente,
337 1129 416 1163 jussu
434 1128 480 1156 Dei
506 1137 521 1156 e
544 1130 717 1157 (irritamento
739 1129 848 1164 prodire
865 1129 1002 1164 spiritum,

215 1175 323 1202 laneum
349 1175 496 1202 candorem
524 1183 580 1210 prae
603 1167 633 1202 se
659 1174 809 1208 terentem;
834 1182 951 1210 eumque
975 1175 1003 1202 in

218 1220 305 1247 nubes
327 1227 398 1254 aqua
421 1219 539 1247 refertas
558 1221 699 1254 delapsum
714 1239 721 1251 ,
747 1220 899 1246 albedinem
926 1227 1003 1246 suam

216 1270 280 1290 cum
307 1263 352 1290 illa
377 1264 582 1291 communicare
602 1272 609 1290 :
630 1271 663 1292 co
690 1264 746 1291 fere
766 1264 858 1295 modo,
881 1271 935 1299 quo
959 1271 1004 1291 ros

216 1317 308 1336 ceram
329 1309 449 1336 dealbat.
466 1308 525 1337 1am
546 1317 611 1337 vero
626 1318 696 1345 aqua
715 1311 758 1337 illa
783 1318 830 1345 per
850 1317 940 1337 aerem
960 1310 1005 1337 de-

217 1355 332 1388 labens‘,
357 1363 408 1383 non
426 1356 516 1383 tenuis
529 1362 554 1383 et
572 1356 681 1383 minuta:
698 1357 819 1391 guttulae,
838 1356 924 1391 qualis
943 1360 1005 1391 post

218 1407 298 1427 suum
317 1407 350 1427 ex
372 1400 505 1427 immensa
529 1400 590 1427 cmli
618 1400 760 1428 altitudine
783 1401 946 1428 descensum
977 1401 1004 1428 in

218 1452 288 1473 terra
307 1446 490 1480 conspicitur,
508 1447 556 1474 sed
571 1446 681 1481 copiosa
697 1448 898 1481 conjunclaque
914 1454 1004 1474 massa

216 1496 276 1523 est;
308 1499 369 1526 quae
398 1492 468 1518 inter
493 1491 644 1519 cadendum
675 1492 774 1520 multas
804 1493 830 1519 in
858 1493 1004 1527 particulas

216 1537 320 1569 divisa,
346 1537 455 1564 tandem
482 1538 514 1565 ad
544 1545 594 1565 nos
623 1538 757 1573 pervenit.
784 1538 931 1566 Considera
961 1539 1004 1566 hic

217 1587 308 1609 autem
325 1583 514 1610 admirandam
529 1583 575 1610 Dei
589 1584 738 1618 potentiam
752 1592 760 1617 ;
779 1584 924 1617 qbomodo,
943 1591 1003 1610 cum

218 1628 270 1662 ipsi
301 1629 425 1660 libuerit,
446 1628 527 1656 iaciat
548 1616 665 1664 pluviam
684 1630 710 1656 in
730 1630 845 1657 rotunda
862 1630 1002 1656 densatam
1018 1616 1039 1644 (ἶ

218 1681 314 1707 grana,
329 1681 389 1708 quae
405 1674 564 1708 grandinem
586 1676 722 1709 appellare
737 1675 940 1706 consuevimus,
958 1674 1004 1701 de-

219 1719 336 1746 cidere:
366 1720 522 1753 quomodo,
548 1727 609 1747 cum
642 1721 692 1755 ipsi
722 1721 850 1752 libuerit,
880 1721 1003 1747 eamdem

220 1764 339 1798 pluviam
365 1764 465 1791 formet
487 1765 513 1792 in
529 1765 636 1792 mollem
654 1765 762 1797 nivem,
780 1772 860 1799 quam
878 1765 946 1792 lana:
964 1765 1004 1793 si-

219 1809 311 1837 milem
335 1809 504 1837 descendere
531 1810 558 1837 in
584 1815 684 1837 terram
711 1811 895 1846 conspicinms
913 1820 920 1838 :
935 1818 1004 1846 quo-

221 1854 302 1881 modo
315 1855 442 1889 denique,
458 1862 520 1882 cum
534 1855 655 1888 libuerit,
670 1856 762 1891 jubeat
775 1864 872 1891 aquam
890 1856 1006 1884 transire

219 1899 246 1926 in
262 1900 388 1935 glaciem,
416 1905 443 1927 et
471 1901 541 1928 hanc
566 1901 663 1929 iterum
691 1903 717 1929 in
735 1909 844 1937 aquam.
873 1902 1004 1930 Mirabilis

220 1954 336 1980 namque
355 1947 381 1973 in
398 1947 439 1973 his
454 1947 583 1975 omnibus
595 1953 636 1975 est
653 1947 792 1976 Dominus.

260 1993 316 2020 ne.
334 1992 365 2020 Et
381 1993 550 2028 Epiphanius
562 2013 570 2026 ,
593 2001 656 2020 mox
673 1995 753 2021 aliam
770 1994 916 2029 subjiciens
931 2002 1006 2029 qua:-

218 2039 333 2066 stionem
350 2048 357 2065 ς
374 2037 526 2070 Quomodo.
544 2038 648 2073 inquit,
665 2039 897 2074 interpretandum
926 2043 1005 2074 putas

219 2086 292 2120 quod
309 2085 375 2112 dicit
401 2084 561 2119 Propheta:
580 2094 589 2110 ι
608 2085 678 2118 Quia
701 2085 772 2112 caiix
796 2085 822 2112 in
846 2093 927 2112 manu
955 2085 1006 2112 Do-

223 2132 288 2159 mini
314 2131 367 2158 vini
395 2132 461 2158 meri
480 2131 577 2166 plenus
603 2131 693 2159 misto.
706 2131 736 2158 Et
752 2131 890 2159 inclinavit
905 2139 938 2158 ex
955 2131 1006 2159 hoc

222 2178 249 2204 in
274 2178 344 2205 hoc:
360 2182 548 2205 verumtamen
570 2178 619 2204 faex
635 2177 693 2210 eius
710 2185 763 2204 non
783 2181 825 2205 est
843 2177 981 2204 exinanita
996 2185 1006 2205 :

221 2225 316 2252 bibent
349 2232 445 2252 omnes
466 2230 621 2259 peccatores
640 2229 719 2251 terra:
743 2225 785 2251 "?
803 2234 812 2250 ι
838 2224 1005 2252 Solutionem

220 2277 286 2296 vero
303 2270 340 2296 ita
358 2269 450 2296 statim
472 2269 564 2297 subdit
588 2269 710 2297 Andreas
731 2277 738 2296 :

220 2315 310 2342 dixit:
331 2324 341 2340 ‹
361 2315 390 2342 Si
403 2315 466 2350 quis
488 2315 562 2347 sitit,
583 2315 672 2343 veniat
691 2315 724 2343 ad
742 2323 794 2347 me.
815 2322 842 2343 et
858 2317 975 2344 bibat“.
994 2327 1003 2343 ›

221 2360 298 2389 Calix
327 2361 409 2396 igitur
433 2365 476 2388 est
499 2360 579 2389 Jesus
604 2361 749 2394 Christus,
771 2369 853 2389 verus
879 2361 950 2389 Deus
977 2367 1004 2389 ct

222 2408 315 2435 homo.
331 2407 407 2434 Calix
435 2407 635 2434 humanitatem
656 2407 747 2440 illius,
771 2408 863 2435 vinum
888 2416 1006 2439 merum.

221 2453 336 2487 simplex
367 2453 481 2481 Deitatis
506 2453 624 2480 Verbum
651 2453 806 2480 adumbrat.
841 2454 910 2481 Nam
936 2454 1007 2482 sicut

220 2502 314 2528 vinum
335 2508 387 2528 non
405 2505 514 2527 tenetur
529 2500 581 2527 nisi
602 2501 629 2527 in
649 2508 729 2534 vase;
746 2500 786 2528 sic
806 2500 910 2535 absque
925 2508 1006 2528 carne

219 2555 272 2574 non
287 2552 381 2583 posset
400 2547 445 2575 Dei
461 2547 593 2582 sapientia
607 2547 755 2574 invisibilis
770 2555 830 2574 cum
850 2547 1006 2575 hominibus

217 2594 360 2621 visibilitcr
385 2593 553 2621 conversari.
575 2593 604 2620 ln
632 2600 716 2621 manu
740 2593 831 2628 itaque
855 2593 942 2621 Patris
965 2600 1006 2621 Cal.

253 2683 274 2698 “
296 2683 369 2711 l'sul.
389 2690 482 2714 Lxxw.
499 2682 527 2710 9.
564 2683 586 2699 δ”
606 2682 685 2712 Joan.
705 2690 752 2714 vn,
769 2683 813 2710 57.

254 2775 309 2810 (8|)
331 2774 369 2802 Ita
396 2774 498 2802 mutavi
513 2794 519 2806 ,
548 2775 611 2802 licet
626 2782 678 2801 ms.
697 2773 785 2802 Vatic.
806 2774 916 2809 καιρὸν,
936 2774 1004 2802 Maz.

220 2811 345 2843 σκληρῶν
362 2810 469 2837 habeat.

254 2842 310 2880 (82)
332 2842 470 2880 Prolixius
487 2844 536 2880 hic?
551 2851 601 2870 ms.
618 2843 719 2880 ﬂatic.
742 2843 846 2880 Νοητὸν
871 2844 925 2880 γάρ
948 2846 1005 2872 ἐστι

219 2878 249 2904 τδ
261 2879 366 2912 νόημα·
383 2876 512 2912 ποτήριόν
529 2878 724 2912 ὲστινβῐησοῦς
737 2881 750 2905 6
764 2876 864 2911 Κῦριος
878 2876 893 2905 6
905 2876 1006 2911 τέλειος

220 2909 379 2947 ἄνθρώὲτος,
400 2909 472 2942 οἶνος
500 2909 618 2946 ἄκρατος
641 2909 656 2937 6
678 2913 763 2947 Λόγος
788 2909 836 2947 τῆς
863 2909 1004 2946 θεότητοςί

767 2270 897 2297 Dominus
915 2274 1007 2297 noster
1024 2284 1045 2311 ι)

1093 945 1160 977 ροα’.
1185 940 1346 975 Ἐπιφάνιος
1361 938 1438 967 εἶπεν
1455 949 1461 956 ·
1486 941 1515 967 '0
1531 939 1598 975 χιὼν
1611 940 1625 966 6
1649 937 1796 974 φερόμενος
1813 938 1845 962 ἐκ

1054 987 1101 1014 τοῦ
1118 986 1235 1022 οὐρανοῦ
1265 986 1348 1013 πόθεν
1364 986 1548 1018 λευκαίνεται,
1564 986 1580 1021 ἦ
1602 985 1683 1012 πόθεν
1709 985 1845 1019 πήσσεται

1055 1035 1095 1066 είς
1110 1033 1186 1069 χιόνα
1205 1031 1451 1068 μεταπεμπόμενος
1465 1041 1472 1065 ;
1503 1032 1533 1059 '0
1548 1031 1644 1066 Ἀγιος
1659 1028 1736 1057 εἶπεν
1749 1038 1756 1046 ·
1776 1030 1846 1064 [lpo-

1054 1080 1133 1114 δηλόν
1157 1079 1244 1111 ἐστιν,
1271 1077 1312 1104 ὅτι
1334 1078 1373 1104 ἔτι
1400 1077 1447 1104 τοῦ
1472 1077 1569 1109 ὕδατος
1589 1078 1616 1104 ἐν
1633 1078 1694 1109 ταῖς
1719 1076 1845 1109 νεφέλαις

1057 1123 1287 1160 χρηματίζοντος,
1315 1124 1457 1160 ἐξέρχεται
1484 1124 1516 1150 ὲκ
1536 1123 1584 1150 τοῦ
1605 1121 1795 1157 στερεώματος
1814 1122 1845 1147 τὸ

1055 1171 1163 1205 πνεῦμα
1174 1171 1271 1197 λευκὸν
1283 1171 1350 1197 ὡσεὶ
1364 1170 1447 1206 ἔριον,
1461 1169 1611 1205 προστάξει
1624 1169 1703 1202 Θεοῦ,
1721 1168 1768 1194 καὶ
1779 1167 1845 1194 αὐτὸ

1059 1216 1272 1247 ἐπιπίπτειταῖς
1287 1216 1413 1251 νεφέλαις
1427 1215 1475 1242 τοῦ
1489 1215 1584 1247 ὕδατος
1599 1214 1763 1248 ἁναμέστοις
1778 1222 1845 1248 χρη-

1056 1261 1246 1297 ματιζούααις,
1267 1262 1314 1288 καὶ
1328 1261 1464 1288 λευκαίνει
1481 1262 1511 1287 τὸ
1527 1260 1597 1296 ὔίωρ
1608 1260 1687 1294 ἄγαν,
1705 1260 1734 1285 ὃν
1746 1260 1845 1295 τῷπον

1056 1307 1106 1333 καὶ
1133 1307 1178 1333 τὸν
1206 1307 1291 1341 κηρὸν
1310 1306 1365 1342 (81)
1384 1305 1520 1341 ὴδρόσος.
1543 1305 1756 1340 Κατερχόμενον
1772 1304 1846 1330 δὲτὸ

1055 1352 1127 1387 ὕδωρ
1141 1351 1186 1379 διὰ
1205 1352 1251 1378 τοῦ
1268 1352 1358 1386 ἀέρος,
1377 1351 1426 1386 οὐχ
1442 1350 1498 1378 οἷον
1512 1351 1544 1386 δὴ
1559 1352 1606 1377 ἐπὶ
1622 1352 1672 1386 τῆς
1684 1351 1736 1386 γῆς
1749 1349 1845 1385 θραύει

1054 1398 1230 1432 λεπτότατον,
1250 1399 1371 1425 τοιοῦτον
1387 1399 1420 1424 ἐκ
1437 1398 1485 1424 τοῦ
1506 1397 1591 1432 ὕψους
1607 1397 1712 1423 ἐκείνου
1732 1398 1779 1423 τοῦ
1797 1404 1845 1431 φο-

1055 1444 1136 1479 ϐεροῦ
1151 1444 1184 1470 ὲκ
1196 1444 1243 1470 τοῦ
1259 1444 1339 1479 ἀέρος
1355 1444 1531 1478 κατέρχεται,
1550 1443 1618 1470 ἀλλὰ
1636 1442 1843 1477 μεγεθέστερον·

1054 1491 1255 1525 κατερχόμενον
1271 1490 1298 1516 δὲ
1313 1490 1353 1521 εἰς
1366 1489 1450 1515 πολλὰ
1466 1489 1599 1524 τμήματα
1630 1488 1771 1524 μερίζεται
1786 1488 1845 1514 δια-

1056 1536 1197 1570 χεόμενον.
1214 1536 1286 1571 Ὅρα
1300 1536 1328 1562 δὲ
1340 1535 1409 1561 θεοῦ
1425 1535 1543 1569 φρικτὴν
1560 1534 1686 1570 δύναμιν,
1704 1535 1762 1566 πῶς
1781 1534 1844 1560 ὅταν

1055 1581 1119 1617 δόξῃ
1134 1581 1220 1617 αὐτῷ,
1235 1582 1309 1609 ποιεῖ
1331 1581 1379 1617 τὴν
1393 1581 1495 1616 βροχὴν
1511 1581 1606 1615 ὥσπερ
1624 1581 1724 1606 κόκκον
1750 1588 1846 1614 στρογ-

1056 1629 1180 1664 γυλοειδῆ
1198 1629 1245 1654 ἐπὶ
1262 1629 1312 1663 τῆς
1337 1628 1389 1663 γῆς
1408 1628 1602 1662 κατέρχεσθαι,
1626 1628 1640 1654 ὃ
1658 1627 1779 1662 χάλαζαν
1797 1635 1845 1652 κα-

1056 1675 1113 1701 λεῖν
1144 1674 1281 1712 εἰώθαμεν
1294 1682 1300 1690 ·
1319 1675 1362 1701 ὅτε
1379 1674 1408 1701 δὲ
1422 1674 1485 1710 δόξῃ
1502 1674 1588 1709 αὐτῷ,
1605 1675 1678 1700 ποιεῖ
1693 1673 1777 1708 αὐτὴν
1792 1671 1844 1707 φύ-

1056 1729 1099 1746 σιν
1128 1720 1236 1755 ἁπαλὴν
1264 1721 1342 1755 χιόνα
1372 1721 1466 1756 ῶσπερ
1486 1721 1570 1756 ἔριον,
1596 1719 1643 1746 καὶ
1670 1719 1756 1750 οὕτως
1777 1718 1845 1744 αὐτὸ

1057 1766 1209 1801 καταφέρει
1221 1767 1267 1792 ἐπὶ
1280 1767 1329 1800 τῆς
1342 1767 1403 1801 γῆς.
1419 1767 1504 1794 Πάλιν
1520 1765 1635 1799 κελεύει,
1650 1765 1697 1791 καὶ
1710 1763 1846 1799 μετατρέ-

1057 1820 1142 1838 πεται
1159 1812 1190 1837 τὸ
1206 1811 1277 1845 ὕδωρ
1293 1812 1333 1842 είς
1349 1812 1447 1845 πάγος,
1466 1811 1513 1838 καὶ
1537 1811 1617 1838 πάλιν
1641 1810 1671 1837 τὸ
1694 1811 1781 1843 πάγος
1805 1818 1845 1841 εις

1058 1856 1138 1892 ὕδωρ.
1154 1856 1316 1891 Θαυμαστὸς
1333 1857 1386 1892 γάρ
1401 1858 1474 1883 ἐστιν
1494 1857 1533 1888 είς
1549 1856 1635 1883 ταῦτα
1651 1857 1664 1882 ὁ
1679 1856 1790 1891 Κύριος.

1092 1993 1157 2030 ροθ.
1167 1993 1326 2029 Ἐπιφὰνιος
1339 1991 1416 2020 εἶπεν
1430 2002 1436 2009 ·
1452 1995 1484 2021 ΤΞ
1500 1994 1675 2030 ἐρμηνεύει,ι
1689 1995 1748 2022 Ὀτι
1765 1997 1845 2031 ποτή-

1061 2049 1117 2075 ριον
1131 2041 1160 2066 ὲν
1174 2040 1248 2075 χειρὶ
1269 2039 1385 2074 Κυρίου,
1404 2039 1476 2065 οἴνου
1493 2039 1613 2074 ἀκράτου
1635 2039 1737 2074 πλῆρες
1764 2040 1845 2075 κερά-

1058 2094 1161 2120 σματος
1181 2095 1190 2111 ι
1201 2086 1247 2112 καὶ
1258 2085 1361 2112 ἔκλινεν
1370 2086 1401 2111 ὲκ
1414 2084 1510 2111 τούτου
1527 2086 1567 2116 εἰς
1580 2084 1743 2119 minent)qu
1756 2086 1769 2111 ὁ
1779 2093 1845 2120 τρυ-

1057 2131 1120 2166 γίας
1149 2131 1231 2158 αὐτοῦ
1265 2132 1314 2158 οὐκ
1349 2130 1526 2166 ὲξεκενὼοη·
1547 2131 1655 2158 πίονται
1689 2131 1789 2163 πάντες
1820 2131 1845 2158 οἱ

1059 2178 1217 2213 ἁμαρτωλοὶ
1233 2178 1283 2212 τῆς
1296 2178 1366 2212 γῆς;
1383 2187 1391 2203 ι
1417 2178 1445 2203 '0
1457 2178 1553 2210 Ἄγιος
1572 2175 1650 2204 εἶπεν
1665 2186 1673 2193 ·
1693 2177 1724 2203 '0
1743 2176 1845 2212 Κύριος

1059 2225 1137 2261 ἡμῶν
1156 2225 1287 2260 εἴρηκεν·
1307 2233 1316 2250 ι
1337 2225 1366 2251 '0
1395 2225 1479 2260 διψῶν
1495 2225 1618 2260 ἐρχέσθω
1633 2225 1700 2260 πρός
1725 2233 1770 2259 με,
1798 2232 1845 2250 και

1061 2271 1185 2298 πινέτω.»
1198 2270 1344 2306 [Ποτήριον
1357 2270 1402 2297 οὖν
1420 2271 1494 2298 ἐστιν
1503 2270 1605 2306 Ἰησοῦς
1615 2271 1628 2297 6
1645 2271 1762 2306 Χριστὸς
1777 2271 1844 2301 Θεὸς

1059 2317 1164 2347 τέλειος
1180 2317 1227 2343 καὶ
1241 2317 1395 2351 ἄνθρωπος.
1428 2317 1560 2352 Ποτήριον
1575 2318 1591 2352 ἠ
1605 2316 1783 2351 ἀνθρωπότης
1798 2316 1845 2342 αὖ·

1058 2363 1106 2390 τοῦ
1122 2371 1130 2378 ·
1157 2361 1228 2394 οἶνος
1266 2362 1384 2396 ἄκρατος
1407 2364 1421 2389 6
1443 2364 1530 2397 Λόγος
1556 2364 1606 2398 τῆς
1633 2363 1758 2396 θεότητος
1783 2363 1845 2389 ἄδο-

1059 2409 1103 2440 λος
1116 2409 1184 2444 (82).
1201 2409 1210 2445 ]
1231 2409 1312 2436 ΙἈνευ
1325 2410 1378 2445 γὰρ
1393 2409 1506 2443 ἀγγείου
1523 2411 1536 2436 6
1549 2407 1621 2441 οἶνος
1635 2410 1665 2436 οὐ
1678 2409 1824 2444 κατέχεται
1837 2417 1845 2424 ·

1058 2455 1144 2487 οὕτως
1157 2457 1205 2483 καὶ
1219 2456 1284 2483 ἄνευ
1304 2456 1404 2491 σαρκὸς
1416 2456 1432 2490 ὴ
1446 2456 1492 2482 τοῦ
1509 2454 1577 2482 Θεοῦ
1594 2456 1674 2489 σοφία
1690 2454 1845 2489 ἀνθρώποις

1060 2502 1259 2537 προσομιλῆσαι
1277 2503 1382 2534 ὁρατῶς
1405 2502 1460 2538 (85)
1477 2503 1526 2529 οὐκ
1541 2502 1679 2537 ἠνέσχετο.
1712 2501 1754 2527 Ἐν
1775 2504 1845 2535 χειρι

1057 2545 1104 2574 οὖν
1119 2549 1225 2583 Πατρός
1239 2549 1252 2575 6
1267 2549 1330 2580 Υιὸς
1342 2548 1391 2575 τοῦ
1404 2548 1549 2584 ἀνθρώπου
1566 2556 1572 2563 ·
1589 2547 1669 2578 αὐτὸς
1680 2547 1733 2581 γὰρ
1749 2545 1824 2572 εἶπεν
1838 2554 1845 2561 ·

1062 2602 1071 2619 ι
1084 2594 1186 2629 Πάτερ,
1199 2595 1237 2625 εἰς
1252 2593 1344 2629 χεῖράς
1355 2602 1401 2620 σου
1415 2593 1587 2630 παρατίθημι
1597 2593 1626 2619 τ’)
1636 2591 1745 2626 πνεῦμά
1757 2600 1818 2626 μου,
1834 2601 1842 2616 ι

1060 2775 1171 2808 διπλοῦς
1186 2776 1241 2809 γὰρ
1250 2773 1284 2811 ἦν
1299 2777 1312 2802 ὁ
1327 2775 1478 2811 Λόγοςγτῆς
1491 2774 1617 2811 θεότητος
1628 2794 1635 2806 ,
1653 2776 1698 2801 καὶ
1707 2774 1780 2811 -Θεὸς
1798 2775 1842 2811 καὶ

1060 2810 1202 2845 ἄνθρωπος
1221 2808 1269 2837 καὶ
1291 2811 1394 2845 Κύριος
1415 2808 1535 2843 Ἰησοῦς·
1555 2808 1686 2844 ποτήριον
1706 2808 1740 2845 ἦν
1761 2810 1776 2843 ἡ
1798 2810 1841 2835 ἀν-

1060 2843 1204 2888 θρώπεότης
1226 2846 1308 2872 αὑτοῦ
1322 2843 1425 2878 [οἶνος
1446 2845 1565 2880 ἄκρατος
1586 2843 1680 2876 ἄδολος
1747 2844 1841 2878 Θιότης

1058 2889 1077 2943 ,α
1083 2889 1154 2947 δῖἕὲί
1172 2914 1222 2944 Ms.
1236 2922 1317 2943 sensu
1332 2914 1471 2943 contrario
1485 2914 1565 2943 habet
1580 2914 1715 2946 ἀοράτως.
