  <div class='ocr_page' id='page_1' title='image "/cluster/home/n/w/nwhite01/storage/ocr_20150623/111/njp.32101077772943/471.png"; bbox 0 0 2009 3088; ppageno 0'>
   <div class='ocr_carea' id='block_1_1' title="bbox 221 180 272 210">
    <p class='ocr_par' dir='ltr' id='par_1_1' title="bbox 221 180 272 210">
     <span class='ocr_line' id='line_1_1' title="bbox 221 180 272 210; baseline -0.02 0"><span class='ocrx_word' id='word_1_1' title='bbox 221 180 272 210; x_wconf 73' lang='lat'><strong>827</strong></span> 
     </span>
    </p>
   </div>
   <div class='ocr_carea' id='block_1_2' title="bbox 744 187 1286 226">
    <p class='ocr_par' dir='ltr' id='par_1_2' title="bbox 744 187 1286 226">
     <span class='ocr_line' id='line_1_2' title="bbox 744 187 1286 226; baseline 0.011 -10"><span class='ocrx_word' id='word_1_2' title='bbox 744 187 956 220; x_wconf 83' lang='lat' dir='ltr'><strong>NICEPHORI</strong></span> <span class='ocrx_word' id='word_1_3' title='bbox 975 191 1211 225; x_wconf 80' lang='lat' dir='ltr'><strong>PRESBYTER!</strong></span> <span class='ocrx_word' id='word_1_4' title='bbox 1231 196 1286 226; x_wconf 72' lang='grc' dir='ltr'><strong>(ΖΡ.</strong></span> 
     </span>
    </p>
   </div>
   <div class='ocr_carea' id='block_1_3' title="bbox 1791 200 1857 232">
    <p class='ocr_par' dir='ltr' id='par_1_3' title="bbox 1791 200 1857 232">
     <span class='ocr_line' id='line_1_3' title="bbox 1791 200 1857 232; baseline 0 0"><span class='ocrx_word' id='word_1_5' title='bbox 1791 200 1857 232; x_wconf 66' lang='grc' dir='ltr'><strong>Βῖθ</strong></span> 
     </span>
    </p>
   </div>
   <div class='ocr_carea' id='block_1_4' title="bbox 219 234 1011 292">
    <p class='ocr_par' dir='ltr' id='par_1_4' title="bbox 219 234 1010 280">
     <span class='ocr_line' id='line_1_4' title="bbox 219 234 1010 280; baseline 0.018 -18"><span class='ocrx_word' id='word_1_6' title='bbox 219 234 283 263; x_wconf 82' lang='lat' dir='ltr'><strong>Jcsn</strong></span> <span class='ocrx_word' id='word_1_7' title='bbox 301 236 406 265; x_wconf 78' lang='lat' dir='ltr'><strong>salvum</strong></span> <span class='ocrx_word' id='word_1_8' title='bbox 424 247 466 267; x_wconf 90' lang='lat' dir='ltr'><strong>me</strong></span> <span class='ocrx_word' id='word_1_9' title='bbox 484 240 536 274; x_wconf 86' lang='lat' dir='ltr'><strong>fac,</strong></span> <span class='ocrx_word' id='word_1_10' title='bbox 552 247 579 269; x_wconf 91' lang='lat' dir='ltr'><strong>et</strong></span> <span class='ocrx_word' id='word_1_11' title='bbox 604 243 630 270; x_wconf 90' lang='lat' dir='ltr'><strong>in</strong></span> <span class='ocrx_word' id='word_1_12' title='bbox 652 248 746 271; x_wconf 88' lang='lat' dir='ltr'><strong>sancto</strong></span> <span class='ocrx_word' id='word_1_13' title='bbox 766 244 867 280; x_wconf 91' lang='lat' dir='ltr'><strong>Spiritu</strong></span> <span class='ocrx_word' id='word_1_14' title='bbox 886 252 933 274; x_wconf 94' lang='lat' dir='ltr'><strong>tuo</strong></span> <span class='ocrx_word' id='word_1_15' title='bbox 956 248 1010 275; x_wconf 84' lang='lat' dir='ltr'><strong>lar-</strong></span> 
     </span>
    </p>
   </div>
   <div class='ocr_carea' id='block_1_5' title="bbox 1063 234 1852 292">
    <p class='ocr_par' dir='ltr' id='par_1_5' title="bbox 1063 252 1852 292">
     <span class='ocr_line' id='line_1_5' title="bbox 1063 252 1852 292; baseline 0.009 -15"><span class='ocrx_word' id='word_1_16' title='bbox 1063 252 1149 278; x_wconf 74' lang='grc' dir='ltr'>σῶσόν</span> <span class='ocrx_word' id='word_1_17' title='bbox 1165 262 1209 286; x_wconf 82' lang='grc' dir='ltr'><strong>με,</strong></span> <span class='ocrx_word' id='word_1_18' title='bbox 1230 255 1277 280; x_wconf 73' lang='grc' dir='ltr'>καὶ</span> <span class='ocrx_word' id='word_1_19' title='bbox 1292 254 1330 290; x_wconf 79' lang='grc' dir='ltr'>τῷ</span> <span class='ocrx_word' id='word_1_20' title='bbox 1347 255 1486 289; x_wconf 79' lang='grc' dir='ltr'>Πνεύματί</span> <span class='ocrx_word' id='word_1_21' title='bbox 1511 264 1557 282; x_wconf 83' lang='grc' dir='ltr'><strong>σου</strong></span> <span class='ocrx_word' id='word_1_22' title='bbox 1571 255 1610 291; x_wconf 84' lang='grc' dir='ltr'>τῷ</span> <span class='ocrx_word' id='word_1_23' title='bbox 1632 256 1701 292; x_wconf 73' lang='grc' dir='ltr'>ἁγίῳ</span> <span class='ocrx_word' id='word_1_24' title='bbox 1716 257 1852 292; x_wconf 84' lang='grc' dir='ltr'>διάκρισιν</span> 
     </span>
    </p>
   </div>
   <div class='ocr_carea' id='block_1_6' title="bbox 219 282 1012 327">
    <p class='ocr_par' dir='ltr' id='par_1_6' title="bbox 219 282 1012 327">
     <span class='ocr_line' id='line_1_6' title="bbox 219 282 1012 327; baseline 0.018 -20"><span class='ocrx_word' id='word_1_25' title='bbox 219 282 277 316; x_wconf 77' lang='lat' dir='ltr'><strong>girc</strong></span> <span class='ocrx_word' id='word_1_26' title='bbox 303 283 369 310; x_wconf 91' lang='lat' dir='ltr'><strong>mihi</strong></span> <span class='ocrx_word' id='word_1_27' title='bbox 391 284 597 315; x_wconf 73' lang='lat' dir='ltr'><strong>discretionem.</strong></span> <span class='ocrx_word' id='word_1_28' title='bbox 625 288 761 317; x_wconf 81' lang='lat' dir='ltr'><strong>Discretio</strong></span> <span class='ocrx_word' id='word_1_29' title='bbox 789 299 908 327; x_wconf 84' lang='lat' dir='ltr'><strong>namque</strong></span> <span class='ocrx_word' id='word_1_30' title='bbox 934 301 1012 321; x_wconf 90' lang='lat' dir='ltr'><strong>com-</strong></span> 
     </span>
    </p>
   </div>
   <div class='ocr_carea' id='block_1_7' title="bbox 219 331 1012 375">
    <p class='ocr_par' dir='ltr' id='par_1_7' title="bbox 219 331 1012 375">
     <span class='ocr_line' id='line_1_7' title="bbox 219 331 1012 375; baseline 0.018 -21"><span class='ocrx_word' id='word_1_31' title='bbox 219 334 354 357; x_wconf 89' lang='lat' dir='ltr'><strong>monstrat</strong></span> <span class='ocrx_word' id='word_1_32' title='bbox 369 331 470 358; x_wconf 87' lang='lat' dir='ltr'><strong>homini</strong></span> <span class='ocrx_word' id='word_1_33' title='bbox 487 340 596 361; x_wconf 91' lang='lat' dir='ltr'><strong>omnem</strong></span> <span class='ocrx_word' id='word_1_34' title='bbox 615 335 687 362; x_wconf 85' lang='lat' dir='ltr'><strong>viam</strong></span> <span class='ocrx_word' id='word_1_35' title='bbox 707 338 806 364; x_wconf 85' lang='lat' dir='ltr'><strong>bonam</strong></span> <span class='ocrx_word' id='word_1_36' title='bbox 818 360 825 372; x_wconf 93' lang='lat'><strong>,</strong></span> <span class='ocrx_word' id='word_1_37' title='bbox 842 347 893 367; x_wconf 87' lang='lat' dir='ltr'><strong>nec</strong></span> <span class='ocrx_word' id='word_1_38' title='bbox 908 341 1012 375; x_wconf 87' lang='lat' dir='ltr'><strong>patitur</strong></span> 
     </span>
    </p>
   </div>
   <div class='ocr_carea' id='block_1_8' title="bbox 218 374 1012 420">
    <p class='ocr_par' dir='ltr' id='par_1_8' title="bbox 218 374 1012 420">
     <span class='ocr_line' id='line_1_8' title="bbox 218 374 1012 420; baseline 0.018 -20"><span class='ocrx_word' id='word_1_39' title='bbox 218 374 307 409; x_wconf 86' lang='lat' dir='ltr'><strong>ipsum</strong></span> <span class='ocrx_word' id='word_1_40' title='bbox 326 384 340 403; x_wconf 91' lang='lat' dir='ltr'><strong>a</strong></span> <span class='ocrx_word' id='word_1_41' title='bbox 366 382 439 404; x_wconf 88' lang='lat' dir='ltr'><strong>recto</strong></span> <span class='ocrx_word' id='word_1_42' title='bbox 463 379 513 406; x_wconf 78' lang='lat' dir='ltr'><strong>viae</strong></span> <span class='ocrx_word' id='word_1_43' title='bbox 538 381 648 408; x_wconf 82' lang='lat' dir='ltr'><strong>tramite</strong></span> <span class='ocrx_word' id='word_1_44' title='bbox 671 381 808 410; x_wconf 84' lang='lat' dir='ltr'><strong>aberrare.</strong></span> <span class='ocrx_word' id='word_1_45' title='bbox 838 384 885 412; x_wconf 85' lang='lat' dir='ltr'><strong>Illa</strong></span> <span class='ocrx_word' id='word_1_46' title='bbox 911 387 1012 420; x_wconf 89' lang='lat' dir='ltr'><strong>princi-</strong></span> 
     </span>
    </p>
   </div>
   <div class='ocr_carea' id='block_1_9' title="bbox 217 422 1011 467">
    <p class='ocr_par' dir='ltr' id='par_1_9' title="bbox 217 422 1011 467">
     <span class='ocr_line' id='line_1_9' title="bbox 217 422 1011 467; baseline 0.019 -21"><span class='ocrx_word' id='word_1_47' title='bbox 217 428 277 454; x_wconf 80' lang='lat' dir='ltr'><strong>pem</strong></span> <span class='ocrx_word' id='word_1_48' title='bbox 301 422 373 449; x_wconf 87' lang='lat' dir='ltr'><strong>inter</strong></span> <span class='ocrx_word' id='word_1_49' title='bbox 386 428 502 452; x_wconf 59' lang='lat' dir='ltr'><strong>caeteras</strong></span> <span class='ocrx_word' id='word_1_50' title='bbox 524 426 640 454; x_wconf 75' lang='lat' dir='ltr'><strong>virtutes</strong></span> <span class='ocrx_word' id='word_1_51' title='bbox 666 428 756 455; x_wconf 89' lang='lat' dir='ltr'><strong>locum</strong></span> <span class='ocrx_word' id='word_1_52' title='bbox 774 430 894 465; x_wconf 76' lang='lat' dir='ltr'><strong>obtinet;</strong></span> <span class='ocrx_word' id='word_1_53' title='bbox 919 437 1011 467; x_wconf 85' lang='lat' dir='ltr'><strong>utpote</strong></span> 
     </span>
    </p>
   </div>
   <div class='ocr_carea' id='block_1_10' title="bbox 216 469 1010 507">
    <p class='ocr_par' dir='ltr' id='par_1_10' title="bbox 216 469 1010 507">
     <span class='ocr_line' id='line_1_10' title="bbox 216 469 1010 507; baseline 0.019 -15"><span class='ocrx_word' id='word_1_54' title='bbox 216 473 248 493; x_wconf 79' lang='lat' dir='ltr'><strong>cx</strong></span> <span class='ocrx_word' id='word_1_55' title='bbox 264 475 317 501; x_wconf 84' lang='lat' dir='ltr'><strong>qua</strong></span> <span class='ocrx_word' id='word_1_56' title='bbox 344 469 486 503; x_wconf 78' lang='lat' dir='ltr'><strong>eharitas,</strong></span> <span class='ocrx_word' id='word_1_57' title='bbox 512 479 545 498; x_wconf 85' lang='lat' dir='ltr'><strong>ex</strong></span> <span class='ocrx_word' id='word_1_58' title='bbox 568 474 705 502; x_wconf 88' lang='lat' dir='ltr'><strong>charitatc</strong></span> <span class='ocrx_word' id='word_1_59' title='bbox 732 483 798 504; x_wconf 89' lang='lat' dir='ltr'><strong>vero</strong></span> <span class='ocrx_word' id='word_1_60' title='bbox 821 478 1010 507; x_wconf 81' lang='lat' dir='ltr'><strong>misericordia</strong></span> 
     </span>
    </p>
   </div>
   <div class='ocr_carea' id='block_1_11' title="bbox 217 515 1011 560">
    <p class='ocr_par' dir='ltr' id='par_1_11' title="bbox 217 515 1011 560">
     <span class='ocr_line' id='line_1_11' title="bbox 217 515 1011 560; baseline 0.016 -20"><span class='ocrx_word' id='word_1_61' title='bbox 217 515 351 542; x_wconf 73' lang='lat' dir='ltr'><strong>nascitur.</strong></span> <span class='ocrx_word' id='word_1_62' title='bbox 389 516 437 543; x_wconf 86' lang='lat' dir='ltr'><strong>illa</strong></span> <span class='ocrx_word' id='word_1_63' title='bbox 465 518 582 553; x_wconf 80' lang='lat' dir='ltr'><strong>denique</strong></span> <span class='ocrx_word' id='word_1_64' title='bbox 607 528 688 548; x_wconf 89' lang='lat' dir='ltr'><strong>omne</strong></span> <span class='ocrx_word' id='word_1_65' title='bbox 715 529 785 556; x_wconf 85' lang='lat' dir='ltr'><strong>opus</strong></span> <span class='ocrx_word' id='word_1_66' title='bbox 814 523 915 552; x_wconf 88' lang='lat' dir='ltr'><strong>bontttn</strong></span> <span class='ocrx_word' id='word_1_67' title='bbox 949 534 1011 560; x_wconf 88' lang='lat' dir='ltr'><strong>pro-</strong></span> 
     </span>
    </p>
   </div>
   <div class='ocr_carea' id='block_1_12' title="bbox 217 559 1009 605">
    <p class='ocr_par' dir='ltr' id='par_1_12' title="bbox 217 559 1009 605">
     <span class='ocr_line' id='line_1_12' title="bbox 217 559 1009 605; baseline 0.018 -19"><span class='ocrx_word' id='word_1_68' title='bbox 217 559 302 593; x_wconf 74' lang='lat' dir='ltr'><strong>ducit,</strong></span> <span class='ocrx_word' id='word_1_69' title='bbox 318 569 350 588; x_wconf 85' lang='lat' dir='ltr'><strong>ac</strong></span> <span class='ocrx_word' id='word_1_70' title='bbox 366 563 392 589; x_wconf 89' lang='lat' dir='ltr'><strong>in</strong></span> <span class='ocrx_word' id='word_1_71' title='bbox 405 564 500 598; x_wconf 83' lang='lat' dir='ltr'><strong>primis</strong></span> <span class='ocrx_word' id='word_1_72' title='bbox 517 565 626 599; x_wconf 89' lang='lat' dir='ltr'><strong>quidem</strong></span> <span class='ocrx_word' id='word_1_73' title='bbox 644 567 836 602; x_wconf 76' lang='lat' dir='ltr'><strong>benignitatem</strong></span> <span class='ocrx_word' id='word_1_74' title='bbox 852 578 914 605; x_wconf 66' lang='lat' dir='ltr'><strong>erga</strong></span> <span class='ocrx_word' id='word_1_75' title='bbox 930 559 1009 605; x_wconf 82' lang='lat' dir='ltr'><strong>alios,</strong></span> 
     </span>
    </p>
   </div>
   <div class='ocr_carea' id='block_1_13' title="bbox 215 610 1012 650">
    <p class='ocr_par' dir='ltr' id='par_1_13' title="bbox 215 610 1012 650">
     <span class='ocr_line' id='line_1_13' title="bbox 215 610 1012 650; baseline 0.014 -16"><span class='ocrx_word' id='word_1_76' title='bbox 215 611 276 634; x_wconf 87' lang='lat' dir='ltr'><strong>tum</strong></span> <span class='ocrx_word' id='word_1_77' title='bbox 291 610 462 637; x_wconf 70' lang='lat' dir='ltr'><strong>aversionem</strong></span> <span class='ocrx_word' id='word_1_78' title='bbox 481 619 512 638; x_wconf 85' lang='lat' dir='ltr'><strong>ac</strong></span> <span class='ocrx_word' id='word_1_79' title='bbox 528 613 740 641; x_wconf 90' lang='lat' dir='ltr'><strong>detestationem</strong></span> <span class='ocrx_word' id='word_1_80' title='bbox 754 616 899 650; x_wconf 87' lang='lat' dir='ltr'><strong>scelerum,</strong></span> <span class='ocrx_word' id='word_1_81' title='bbox 920 618 1012 645; x_wconf 93' lang='lat' dir='ltr'><strong>humi-</strong></span> 
     </span>
    </p>
   </div>
   <div class='ocr_carea' id='block_1_14' title="bbox 215 653 1011 698">
    <p class='ocr_par' dir='ltr' id='par_1_14' title="bbox 215 653 1011 698">
     <span class='ocr_line' id='line_1_14' title="bbox 215 653 1011 698; baseline 0.015 -19"><span class='ocrx_word' id='word_1_82' title='bbox 215 653 320 681; x_wconf 85' lang='lat' dir='ltr'><strong>litatem</strong></span> <span class='ocrx_word' id='word_1_83' title='bbox 339 663 449 690; x_wconf 85' lang='lat' dir='ltr'><strong>quoque</strong></span> <span class='ocrx_word' id='word_1_84' title='bbox 472 664 538 685; x_wconf 89' lang='lat' dir='ltr'><strong>suos</strong></span> <span class='ocrx_word' id='word_1_85' title='bbox 563 659 749 694; x_wconf 83' lang='lat' dir='ltr'><strong>exaltantem,</strong></span> <span class='ocrx_word' id='word_1_86' title='bbox 774 669 868 696; x_wconf 90' lang='lat' dir='ltr'><strong>pacem</strong></span> <span class='ocrx_word' id='word_1_87' title='bbox 893 663 1011 698; x_wconf 82' lang='lat' dir='ltr'><strong>denique</strong></span> 
     </span>
    </p>
   </div>
   <div class='ocr_carea' id='block_1_15' title="bbox 215 703 1010 742">
    <p class='ocr_par' dir='ltr' id='par_1_15' title="bbox 215 703 1010 742">
     <span class='ocr_line' id='line_1_15' title="bbox 215 703 1010 742; baseline 0.011 -15"><span class='ocrx_word' id='word_1_88' title='bbox 215 705 241 727; x_wconf 90' lang='lat' dir='ltr'><strong>et</strong></span> <span class='ocrx_word' id='word_1_89' title='bbox 273 703 524 730; x_wconf 74' lang='lat' dir='ltr'><strong>mansuetudinem.</strong></span> <span class='ocrx_word' id='word_1_90' title='bbox 554 703 600 731; x_wconf 91' lang='lat' dir='ltr'><strong>llla</strong></span> <span class='ocrx_word' id='word_1_91' title='bbox 629 705 687 740; x_wconf 87' lang='lat' dir='ltr'><strong>ipsa</strong></span> <span class='ocrx_word' id='word_1_92' title='bbox 724 707 854 734; x_wconf 77' lang='lat' dir='ltr'><strong>discretio</strong></span> <span class='ocrx_word' id='word_1_93' title='bbox 892 707 1010 742; x_wconf 85' lang='lat' dir='ltr'><strong>Spiritus</strong></span> 
     </span>
    </p>
   </div>
   <div class='ocr_carea' id='block_1_16' title="bbox 215 748 1007 786">
    <p class='ocr_par' dir='ltr' id='par_1_16' title="bbox 215 748 1007 786">
     <span class='ocr_line' id='line_1_16' title="bbox 215 748 1007 786; baseline 0.01 -11"><span class='ocrx_word' id='word_1_94' title='bbox 215 748 302 775; x_wconf 77' lang='lat' dir='ltr'><strong>sancti</strong></span> <span class='ocrx_word' id='word_1_95' title='bbox 322 749 400 782; x_wconf 85' lang='lat' dir='ltr'><strong>quasi</strong></span> <span class='ocrx_word' id='word_1_96' title='bbox 429 757 506 778; x_wconf 88' lang='lat' dir='ltr'><strong>mens</strong></span> <span class='ocrx_word' id='word_1_97' title='bbox 523 756 581 784; x_wconf 83' lang='lat' dir='ltr'><strong>est;</strong></span> <span class='ocrx_word' id='word_1_98' title='bbox 599 759 659 786; x_wconf 54' lang='lat' dir='ltr'><strong>qua).</strong></span> <span class='ocrx_word' id='word_1_99' title='bbox 677 761 738 780; x_wconf 88' lang='lat' dir='ltr'><strong>cum</strong></span> <span class='ocrx_word' id='word_1_100' title='bbox 758 755 841 781; x_wconf 79' lang='lat' dir='ltr'><strong>semel</strong></span> <span class='ocrx_word' id='word_1_101' title='bbox 863 755 890 782; x_wconf 89' lang='lat' dir='ltr'><strong>in</strong></span> <span class='ocrx_word' id='word_1_102' title='bbox 915 756 1007 783; x_wconf 87' lang='lat' dir='ltr'><strong>animo</strong></span> 
     </span>
    </p>
   </div>
   <div class='ocr_carea' id='block_1_17' title="bbox 216 793 1009 834">
    <p class='ocr_par' dir='ltr' id='par_1_17' title="bbox 216 793 1009 834">
     <span class='ocr_line' id='line_1_17' title="bbox 216 793 1009 834; baseline 0.013 -15"><span class='ocrx_word' id='word_1_103' title='bbox 216 793 337 820; x_wconf 84' lang='lat' dir='ltr'><strong>hominis</strong></span> <span class='ocrx_word' id='word_1_104' title='bbox 362 801 481 829; x_wconf 78' lang='lat' dir='ltr'><strong>recepta.</strong></span> <span class='ocrx_word' id='word_1_105' title='bbox 503 797 564 824; x_wconf 90' lang='lat' dir='ltr'><strong>istic</strong></span> <span class='ocrx_word' id='word_1_106' title='bbox 578 798 629 825; x_wconf 89' lang='lat' dir='ltr'><strong>sibi</strong></span> <span class='ocrx_word' id='word_1_107' title='bbox 647 799 738 826; x_wconf 92' lang='lat' dir='ltr'><strong>sedetn</strong></span> <span class='ocrx_word' id='word_1_108' title='bbox 754 800 873 834; x_wconf 81' lang='lat' dir='ltr'><strong>delegit,</strong></span> <span class='ocrx_word' id='word_1_109' title='bbox 898 802 1009 829; x_wconf 88' lang='lat' dir='ltr'><strong>suavis-</strong></span> 
     </span>
    </p>
   </div>
   <div class='ocr_carea' id='block_1_18' title="bbox 216 840 1010 880">
    <p class='ocr_par' dir='ltr' id='par_1_18' title="bbox 216 840 1010 880">
     <span class='ocr_line' id='line_1_18' title="bbox 216 840 1010 880; baseline 0.011 -14"><span class='ocrx_word' id='word_1_110' title='bbox 216 840 285 867; x_wconf 76' lang='lat' dir='ltr'><strong>sime</strong></span> <span class='ocrx_word' id='word_1_111' title='bbox 300 841 382 868; x_wconf 82' lang='lat' dir='ltr'><strong>allicit</strong></span> <span class='ocrx_word' id='word_1_112' title='bbox 406 842 550 871; x_wconf 78' lang='lat' dir='ltr'><strong>facultates</strong></span> <span class='ocrx_word' id='word_1_113' title='bbox 567 845 641 872; x_wconf 84' lang='lat' dir='ltr'><strong>illius</strong></span> <span class='ocrx_word' id='word_1_114' title='bbox 657 846 824 880; x_wconf 85' lang='lat' dir='ltr'><strong>spirituales.</strong></span> <span class='ocrx_word' id='word_1_115' title='bbox 840 847 909 880; x_wconf 88' lang='lat' dir='ltr'><strong>Quid</strong></span> <span class='ocrx_word' id='word_1_116' title='bbox 929 855 1010 879; x_wconf 88' lang='lat' dir='ltr'><strong>porro</strong></span> 
     </span>
    </p>
   </div>
   <div class='ocr_carea' id='block_1_19' title="bbox 214 886 1009 927">
    <p class='ocr_par' dir='ltr' id='par_1_19' title="bbox 214 886 1009 927">
     <span class='ocr_line' id='line_1_19' title="bbox 214 886 1009 927; baseline 0.01 -15"><span class='ocrx_word' id='word_1_117' title='bbox 214 890 256 912; x_wconf 87' lang='lat' dir='ltr'><strong>est</strong></span> <span class='ocrx_word' id='word_1_118' title='bbox 273 886 402 915; x_wconf 83' lang='lat' dir='ltr'><strong>discretio</strong></span> <span class='ocrx_word' id='word_1_119' title='bbox 423 889 490 916; x_wconf 79' lang='lat' dir='ltr'><strong>illa?</strong></span> <span class='ocrx_word' id='word_1_120' title='bbox 509 891 670 918; x_wconf 84' lang='lat' dir='ltr'><strong>attendesis.</strong></span> <span class='ocrx_word' id='word_1_121' title='bbox 689 892 824 926; x_wconf 74' lang='lat' dir='ltr'><strong>Expendit</strong></span> <span class='ocrx_word' id='word_1_122' title='bbox 837 901 914 927; x_wconf 72' lang='lat' dir='ltr'><strong>:equa</strong></span> <span class='ocrx_word' id='word_1_123' title='bbox 932 893 1009 920; x_wconf 82' lang='lat' dir='ltr'><strong>lance</strong></span> 
     </span>
    </p>
   </div>
   <div class='ocr_carea' id='block_1_20' title="bbox 214 933 476 967">
    <p class='ocr_par' dir='ltr' id='par_1_20' title="bbox 214 933 476 967">
     <span class='ocr_line' id='line_1_20' title="bbox 214 933 476 967; baseline 0.015 -9"><span class='ocrx_word' id='word_1_124' title='bbox 214 933 364 967; x_wconf 81' lang='lat' dir='ltr'><strong>cogitatum</strong></span> <span class='ocrx_word' id='word_1_125' title='bbox 394 942 476 962; x_wconf 89' lang='lat' dir='ltr'><strong>omne</strong></span> 
     </span>
    </p>
   </div>
   <div class='ocr_carea' id='block_1_21' title="bbox 214 979 1007 1020">
    <p class='ocr_par' dir='ltr' id='par_1_21' title="bbox 214 979 1007 1020">
     <span class='ocr_line' id='line_1_21' title="bbox 214 979 1007 1020; baseline 0.01 -16"><span class='ocrx_word' id='word_1_126' title='bbox 214 983 242 1005; x_wconf 86' lang='lat' dir='ltr'><strong>et</strong></span> <span class='ocrx_word' id='word_1_127' title='bbox 262 979 381 1007; x_wconf 81' lang='lat' dir='ltr'><strong>residere</strong></span> <span class='ocrx_word' id='word_1_128' title='bbox 397 981 424 1008; x_wconf 93' lang='lat' dir='ltr'><strong>in</strong></span> <span class='ocrx_word' id='word_1_129' title='bbox 446 982 538 1009; x_wconf 90' lang='lat' dir='ltr'><strong>animo</strong></span> <span class='ocrx_word' id='word_1_130' title='bbox 559 987 586 1009; x_wconf 91' lang='lat' dir='ltr'><strong>et</strong></span> <span class='ocrx_word' id='word_1_131' title='bbox 601 984 769 1011; x_wconf 87' lang='lat' dir='ltr'><strong>exsecutioni</strong></span> <span class='ocrx_word' id='word_1_132' title='bbox 795 985 927 1018; x_wconf 51' lang='lat' dir='ltr'><strong>mandari.</strong></span> <span class='ocrx_word' id='word_1_133' title='bbox 943 992 1007 1020; x_wconf 88' lang='lat' dir='ltr'><strong>per-</strong></span> 
     </span>
    </p>
   </div>
   <div class='ocr_carea' id='block_1_22' title="bbox 1064 298 1853 339">
    <p class='ocr_par' dir='ltr' id='par_1_22' title="bbox 1064 298 1853 339">
     <span class='ocr_line' id='line_1_22' title="bbox 1064 298 1853 339; baseline 0.006 -15"><span class='ocrx_word' id='word_1_134' title='bbox 1064 306 1109 332; x_wconf 88' lang='grc' dir='ltr'><strong>μοι</strong></span> <span class='ocrx_word' id='word_1_135' title='bbox 1121 298 1251 333; x_wconf 84' lang='grc' dir='ltr'>δώρησαι.</span> <span class='ocrx_word' id='word_1_136' title='bbox 1271 300 1302 326; x_wconf 85' lang='grc' dir='ltr'>Ἡ</span> <span class='ocrx_word' id='word_1_137' title='bbox 1316 300 1370 335; x_wconf 83' lang='grc' dir='ltr'>γὰρ</span> <span class='ocrx_word' id='word_1_138' title='bbox 1385 300 1520 335; x_wconf 72' lang='grc' dir='ltr'>διάκρισις</span> <span class='ocrx_word' id='word_1_139' title='bbox 1533 301 1649 328; x_wconf 77' lang='grc' dir='ltr'><strong>δεικνύει</strong></span> <span class='ocrx_word' id='word_1_140' title='bbox 1662 301 1701 336; x_wconf 88' lang='grc' dir='ltr'>τῷ</span> <span class='ocrx_word' id='word_1_141' title='bbox 1717 302 1853 339; x_wconf 77' lang='grc' dir='ltr'><strong>ἀνθρώπῳ</strong></span> 
     </span>
    </p>
   </div>
   <div class='ocr_carea' id='block_1_23' title="bbox 1064 344 1852 384">
    <p class='ocr_par' dir='ltr' id='par_1_23' title="bbox 1064 344 1852 384">
     <span class='ocr_line' id='line_1_23' title="bbox 1064 344 1852 384; baseline 0.008 -15"><span class='ocrx_word' id='word_1_142' title='bbox 1064 345 1153 370; x_wconf 66' lang='grc' dir='ltr'>πᾶσαν</span> <span class='ocrx_word' id='word_1_143' title='bbox 1169 344 1228 370; x_wconf 72' lang='grc' dir='ltr'>ὁδὸν</span> <span class='ocrx_word' id='word_1_144' title='bbox 1247 345 1363 380; x_wconf 78' lang='grc' dir='ltr'>ἀγαθὴν,</span> <span class='ocrx_word' id='word_1_145' title='bbox 1384 348 1430 373; x_wconf 65' lang='grc' dir='ltr'>καὶ</span> <span class='ocrx_word' id='word_1_146' title='bbox 1453 348 1502 373; x_wconf 84' lang='grc' dir='ltr'>οὐκ</span> <span class='ocrx_word' id='word_1_147' title='bbox 1515 348 1548 383; x_wconf 84' lang='grc' dir='ltr'><strong>ὲᾷ</strong></span> <span class='ocrx_word' id='word_1_148' title='bbox 1569 347 1650 374; x_wconf 78' lang='grc' dir='ltr'>αὐτὸν</span> <span class='ocrx_word' id='word_1_149' title='bbox 1666 349 1695 374; x_wconf 78' lang='grc' dir='ltr'>ὲν</span> <span class='ocrx_word' id='word_1_150' title='bbox 1709 348 1762 384; x_wconf 80' lang='grc' dir='ltr'><strong>ὀδῷ</strong></span> <span class='ocrx_word' id='word_1_151' title='bbox 1784 350 1852 376; x_wconf 80' lang='grc' dir='ltr'><strong>ὑπο-</strong></span> 
     </span>
    </p>
   </div>
   <div class='ocr_carea' id='block_1_24' title="bbox 1064 389 1853 429">
    <p class='ocr_par' dir='ltr' id='par_1_24' title="bbox 1064 389 1853 429">
     <span class='ocr_line' id='line_1_24' title="bbox 1064 389 1853 429; baseline 0.008 -13"><span class='ocrx_word' id='word_1_152' title='bbox 1064 389 1255 420; x_wconf 72' lang='grc' dir='ltr'>σκελίζεσθαι·</span> <span class='ocrx_word' id='word_1_153' title='bbox 1283 392 1420 427; x_wconf 68' lang='grc' dir='ltr'>πρωτεύει</span> <span class='ocrx_word' id='word_1_154' title='bbox 1446 393 1500 428; x_wconf 74' lang='grc' dir='ltr'><strong>γὰρ</strong></span> <span class='ocrx_word' id='word_1_155' title='bbox 1528 393 1638 420; x_wconf 78' lang='grc' dir='ltr'>πάντων</span> <span class='ocrx_word' id='word_1_156' title='bbox 1668 394 1722 421; x_wconf 85' lang='grc' dir='ltr'><strong>τῶν</strong></span> <span class='ocrx_word' id='word_1_157' title='bbox 1747 395 1853 429; x_wconf 78' lang='grc' dir='ltr'><strong>ἀρετῶν</strong></span> 
     </span>
    </p>
   </div>
   <div class='ocr_carea' id='block_1_25' title="bbox 1062 436 1853 474">
    <p class='ocr_par' dir='ltr' id='par_1_25' title="bbox 1062 436 1853 474">
     <span class='ocr_line' id='line_1_25' title="bbox 1062 436 1853 474; baseline 0.006 -12"><span class='ocrx_word' id='word_1_158' title='bbox 1062 436 1149 470; x_wconf 72' lang='grc' dir='ltr'>αὕτηο</span> <span class='ocrx_word' id='word_1_159' title='bbox 1165 437 1196 463; x_wconf 79' lang='grc' dir='ltr'>ὲκ</span> <span class='ocrx_word' id='word_1_160' title='bbox 1211 437 1312 472; x_wconf 82' lang='grc' dir='ltr'><strong>ταύτης</strong></span> <span class='ocrx_word' id='word_1_161' title='bbox 1331 438 1386 473; x_wconf 83' lang='grc' dir='ltr'><strong>γὰρ</strong></span> <span class='ocrx_word' id='word_1_162' title='bbox 1400 440 1529 471; x_wconf 77' lang='grc' dir='ltr'><strong>γεννᾶται</strong></span> <span class='ocrx_word' id='word_1_163' title='bbox 1551 439 1568 473; x_wconf 79' lang='grc' dir='ltr'><strong>ἡ</strong></span> <span class='ocrx_word' id='word_1_164' title='bbox 1587 440 1692 474; x_wconf 86' lang='grc' dir='ltr'><strong>ἀγάπη,</strong></span> <span class='ocrx_word' id='word_1_165' title='bbox 1715 441 1746 466; x_wconf 78' lang='grc' dir='ltr'>ἐκ</span> <span class='ocrx_word' id='word_1_166' title='bbox 1759 440 1788 467; x_wconf 79' lang='grc' dir='ltr'>δὲ</span> <span class='ocrx_word' id='word_1_167' title='bbox 1803 442 1853 474; x_wconf 71' lang='grc' dir='ltr'>τῆς</span> 
     </span>
    </p>
   </div>
   <div class='ocr_carea' id='block_1_26' title="bbox 1062 482 1851 520">
    <p class='ocr_par' dir='ltr' id='par_1_26' title="bbox 1062 482 1851 520">
     <span class='ocr_line' id='line_1_26' title="bbox 1062 482 1851 520; baseline 0.004 -12"><span class='ocrx_word' id='word_1_168' title='bbox 1062 482 1172 517; x_wconf 78' lang='grc' dir='ltr'><strong>ἀγάπης</strong></span> <span class='ocrx_word' id='word_1_169' title='bbox 1197 484 1213 518; x_wconf 83' lang='grc' dir='ltr'>ὴ</span> <span class='ocrx_word' id='word_1_170' title='bbox 1237 484 1428 520; x_wconf 69' lang='grc' dir='ltr'><strong>ἐλεημοσύνη·</strong></span> <span class='ocrx_word' id='word_1_171' title='bbox 1445 485 1515 512; x_wconf 83' lang='grc' dir='ltr'>ὥστε</span> <span class='ocrx_word' id='word_1_172' title='bbox 1540 486 1557 520; x_wconf 85' lang='grc' dir='ltr'><strong>ἡ</strong></span> <span class='ocrx_word' id='word_1_173' title='bbox 1582 486 1718 520; x_wconf 76' lang='grc' dir='ltr'>διάκρισις</span> <span class='ocrx_word' id='word_1_174' title='bbox 1741 485 1851 520; x_wconf 76' lang='grc' dir='ltr'><strong>φυτεύει</strong></span> 
     </span>
    </p>
   </div>
   <div class='ocr_carea' id='block_1_27' title="bbox 1062 529 1852 567">
    <p class='ocr_par' dir='ltr' id='par_1_27' title="bbox 1062 529 1852 567">
     <span class='ocr_line' id='line_1_27' title="bbox 1062 529 1852 567; baseline 0.005 -13"><span class='ocrx_word' id='word_1_175' title='bbox 1062 529 1154 555; x_wconf 76' lang='grc' dir='ltr'>πᾶσαν</span> <span class='ocrx_word' id='word_1_176' title='bbox 1181 530 1375 565; x_wconf 81' lang='grc' dir='ltr'>ἀγαθοεργίαν,</span> <span class='ocrx_word' id='word_1_177' title='bbox 1391 532 1544 566; x_wconf 75' lang='grc' dir='ltr'>προχέουσα</span> <span class='ocrx_word' id='word_1_178' title='bbox 1559 532 1667 566; x_wconf 82' lang='grc' dir='ltr'>πρῶτον</span> <span class='ocrx_word' id='word_1_179' title='bbox 1681 532 1787 567; x_wconf 70' lang='grc' dir='ltr'>καρπὸν</span> <span class='ocrx_word' id='word_1_180' title='bbox 1803 532 1852 566; x_wconf 76' lang='grc' dir='ltr'>τὴν</span> 
     </span>
    </p>
   </div>
   <div class='ocr_carea' id='block_1_28' title="bbox 1062 574 1852 613">
    <p class='ocr_par' dir='ltr' id='par_1_28' title="bbox 1062 574 1852 613">
     <span class='ocr_line' id='line_1_28' title="bbox 1062 574 1852 613; baseline 0.005 -13"><span class='ocrx_word' id='word_1_181' title='bbox 1062 574 1196 608; x_wconf 71' lang='grc' dir='ltr'>εὐποιίαν,</span> <span class='ocrx_word' id='word_1_182' title='bbox 1224 575 1320 603; x_wconf 81' lang='grc' dir='ltr'>ἔπειτα</span> <span class='ocrx_word' id='word_1_183' title='bbox 1343 578 1392 612; x_wconf 80' lang='grc' dir='ltr'>τὴν</span> <span class='ocrx_word' id='word_1_184' title='bbox 1417 577 1547 611; x_wconf 79' lang='grc' dir='ltr'><strong>ἀκακίαν,</strong></span> <span class='ocrx_word' id='word_1_185' title='bbox 1570 578 1618 605; x_wconf 75' lang='grc' dir='ltr'><strong>καὶ</strong></span> <span class='ocrx_word' id='word_1_186' title='bbox 1644 576 1693 613; x_wconf 81' lang='grc' dir='ltr'>τὴν</span> <span class='ocrx_word' id='word_1_187' title='bbox 1723 577 1852 612; x_wconf 64' lang='grc' dir='ltr'>ὑψοποιὺν</span> 
     </span>
    </p>
   </div>
   <div class='ocr_carea' id='block_1_29' title="bbox 1061 622 1853 660">
    <p class='ocr_par' dir='ltr' id='par_1_29' title="bbox 1061 622 1853 660">
     <span class='ocr_line' id='line_1_29' title="bbox 1061 622 1853 660; baseline 0.005 -13"><span class='ocrx_word' id='word_1_188' title='bbox 1061 622 1235 653; x_wconf 80' lang='grc' dir='ltr'>ταπείνωσιν,</span> <span class='ocrx_word' id='word_1_189' title='bbox 1250 623 1300 657; x_wconf 79' lang='grc' dir='ltr'>τὴν</span> <span class='ocrx_word' id='word_1_190' title='bbox 1315 623 1438 658; x_wconf 77' lang='grc' dir='ltr'><strong>εἰρήνην,</strong></span> <span class='ocrx_word' id='word_1_191' title='bbox 1455 623 1501 658; x_wconf 85' lang='grc' dir='ltr'>τὴν</span> <span class='ocrx_word' id='word_1_192' title='bbox 1521 624 1673 660; x_wconf 83' lang='grc' dir='ltr'>πραότητα.</span> <span class='ocrx_word' id='word_1_193' title='bbox 1694 624 1727 650; x_wconf 83' lang='grc' dir='ltr'><strong>Ἦ</strong></span> <span class='ocrx_word' id='word_1_194' title='bbox 1747 624 1853 658; x_wconf 80' lang='grc' dir='ltr'>διάκρι-</span> 
     </span>
    </p>
   </div>
   <div class='ocr_carea' id='block_1_30' title="bbox 1062 667 1852 703">
    <p class='ocr_par' dir='ltr' id='par_1_30' title="bbox 1062 667 1852 703">
     <span class='ocr_line' id='line_1_30' title="bbox 1062 667 1852 703; baseline 0.003 -10"><span class='ocrx_word' id='word_1_195' title='bbox 1062 675 1104 698; x_wconf 85' lang='grc' dir='ltr'><strong>σις</strong></span> <span class='ocrx_word' id='word_1_196' title='bbox 1118 667 1174 702; x_wconf 85' lang='grc' dir='ltr'><strong>γὰρ</strong></span> <span class='ocrx_word' id='word_1_197' title='bbox 1198 667 1259 698; x_wconf 82' lang='grc' dir='ltr'>νοῦς</span> <span class='ocrx_word' id='word_1_198' title='bbox 1293 669 1350 695; x_wconf 79' lang='grc' dir='ltr'>ἔστι</span> <span class='ocrx_word' id='word_1_199' title='bbox 1365 669 1411 694; x_wconf 81' lang='grc' dir='ltr'>τοῦ</span> <span class='ocrx_word' id='word_1_200' title='bbox 1437 669 1514 702; x_wconf 78' lang='grc' dir='ltr'>ἁγίου</span> <span class='ocrx_word' id='word_1_201' title='bbox 1533 669 1704 703; x_wconf 79' lang='grc' dir='ltr'>Πνεὺματος,</span> <span class='ocrx_word' id='word_1_202' title='bbox 1720 669 1766 695; x_wconf 74' lang='grc' dir='ltr'>καὶ</span> <span class='ocrx_word' id='word_1_203' title='bbox 1787 671 1852 696; x_wconf 86' lang='grc' dir='ltr'>ὅταν</span> 
     </span>
    </p>
   </div>
   <div class='ocr_carea' id='block_1_31' title="bbox 1061 712 1854 750">
    <p class='ocr_par' dir='ltr' id='par_1_31' title="bbox 1061 712 1854 750">
     <span class='ocr_line' id='line_1_31' title="bbox 1061 712 1854 750; baseline 0.004 -12"><span class='ocrx_word' id='word_1_204' title='bbox 1061 712 1174 748; x_wconf 82' lang='grc' dir='ltr'>χωρηθῇ</span> <span class='ocrx_word' id='word_1_205' title='bbox 1188 713 1227 744; x_wconf 82' lang='grc' dir='ltr'><strong>είς</strong></span> <span class='ocrx_word' id='word_1_206' title='bbox 1240 713 1360 740; x_wconf 82' lang='grc' dir='ltr'>διάνοιαν</span> <span class='ocrx_word' id='word_1_207' title='bbox 1374 714 1519 749; x_wconf 79' lang='grc' dir='ltr'>ἀνθρώπου</span> <span class='ocrx_word' id='word_1_208' title='bbox 1534 715 1580 741; x_wconf 74' lang='grc' dir='ltr'><strong>τοῦ</strong></span> <span class='ocrx_word' id='word_1_209' title='bbox 1598 715 1700 749; x_wconf 78' lang='grc' dir='ltr'>μένειν,</span> <span class='ocrx_word' id='word_1_210' title='bbox 1715 715 1854 750; x_wconf 74' lang='grc' dir='ltr'>ήδυτέρως</span> 
     </span>
    </p>
   </div>
   <div class='ocr_carea' id='block_1_32' title="bbox 1061 758 1854 797">
    <p class='ocr_par' dir='ltr' id='par_1_32' title="bbox 1061 758 1854 797">
     <span class='ocr_line' id='line_1_32' title="bbox 1061 758 1854 797; baseline 0.004 -13"><span class='ocrx_word' id='word_1_211' title='bbox 1061 758 1145 784; x_wconf 77' lang='grc' dir='ltr'>αὑτοῦ</span> <span class='ocrx_word' id='word_1_212' title='bbox 1163 760 1236 784; x_wconf 86' lang='grc' dir='ltr'><strong>ποιεί</strong></span> <span class='ocrx_word' id='word_1_213' title='bbox 1255 760 1311 789; x_wconf 85' lang='grc' dir='ltr'><strong>τοίς</strong></span> <span class='ocrx_word' id='word_1_214' title='bbox 1334 759 1525 795; x_wconf 69' lang='grc' dir='ltr'><strong>αἰσθητηρίοις</strong></span> <span class='ocrx_word' id='word_1_215' title='bbox 1546 762 1602 792; x_wconf 79' lang='grc' dir='ltr'>τοῖς</span> <span class='ocrx_word' id='word_1_216' title='bbox 1619 762 1724 797; x_wconf 79' lang='grc' dir='ltr'>νοητοῖς</span> <span class='ocrx_word' id='word_1_217' title='bbox 1748 761 1854 787; x_wconf 82' lang='grc' dir='ltr'>διακεῖ-</span> 
     </span>
    </p>
   </div>
   <div class='ocr_carea' id='block_1_33' title="bbox 1063 804 1852 843">
    <p class='ocr_par' dir='ltr' id='par_1_33' title="bbox 1063 804 1852 843">
     <span class='ocr_line' id='line_1_33' title="bbox 1063 804 1852 843; baseline 0.005 -14"><span class='ocrx_word' id='word_1_218' title='bbox 1063 804 1134 831; x_wconf 71' lang='grc' dir='ltr'>σθαι.</span> <span class='ocrx_word' id='word_1_219' title='bbox 1166 804 1199 830; x_wconf 92' lang='grc' dir='ltr'>Τί</span> <span class='ocrx_word' id='word_1_220' title='bbox 1224 805 1252 831; x_wconf 80' lang='grc' dir='ltr'>δέ</span> <span class='ocrx_word' id='word_1_221' title='bbox 1276 806 1334 831; x_wconf 74' lang='grc' dir='ltr'>ἐστι</span> <span class='ocrx_word' id='word_1_222' title='bbox 1361 806 1515 841; x_wconf 46' lang='grc' dir='ltr'>διάκρισις</span> <span class='ocrx_word' id='word_1_223' title='bbox 1541 806 1690 843; x_wconf 54' lang='grc' dir='ltr'>[ἄκουσον</span> <span class='ocrx_word' id='word_1_224' title='bbox 1713 807 1852 842; x_wconf 73' lang='grc' dir='ltr'>Διάκριοίς</span> 
     </span>
    </p>
   </div>
   <div class='ocr_carea' id='block_1_34' title="bbox 1061 849 1853 886">
    <p class='ocr_par' dir='ltr' id='par_1_34' title="bbox 1061 849 1853 886">
     <span class='ocr_line' id='line_1_34' title="bbox 1061 849 1853 886; baseline 0.005 -11"><span class='ocrx_word' id='word_1_225' title='bbox 1061 849 1148 886; x_wconf 74' lang='grc' dir='ltr'>ἐστιν]</span> <span class='ocrx_word' id='word_1_226' title='bbox 1163 851 1178 885; x_wconf 78' lang='grc' dir='ltr'>ἡ</span> <span class='ocrx_word' id='word_1_227' title='bbox 1201 850 1272 877; x_wconf 72' lang='grc' dir='ltr'>ἅπαν</span> <span class='ocrx_word' id='word_1_228' title='bbox 1292 851 1381 886; x_wconf 81' lang='grc' dir='ltr'>νόημα</span> <span class='ocrx_word' id='word_1_229' title='bbox 1399 852 1615 886; x_wconf 76' lang='grc' dir='ltr'>ζυγοστατοῦσα,</span> <span class='ocrx_word' id='word_1_230' title='bbox 1633 853 1680 879; x_wconf 74' lang='grc' dir='ltr'>καὶ</span> <span class='ocrx_word' id='word_1_231' title='bbox 1700 853 1761 879; x_wconf 77' lang='grc' dir='ltr'>ὅσον</span> <span class='ocrx_word' id='word_1_232' title='bbox 1777 853 1853 886; x_wconf 74' lang='grc' dir='ltr'>ὑγιὲς</span> 
     </span>
    </p>
   </div>
   <div class='ocr_carea' id='block_1_35' title="bbox 1061 895 1854 933">
    <p class='ocr_par' dir='ltr' id='par_1_35' title="bbox 1061 895 1854 933">
     <span class='ocr_line' id='line_1_35' title="bbox 1061 895 1854 933; baseline 0.004 -10"><span class='ocrx_word' id='word_1_233' title='bbox 1061 895 1139 932; x_wconf 80' lang='grc' dir='ltr'>εὕρῃ,</span> <span class='ocrx_word' id='word_1_234' title='bbox 1155 896 1263 923; x_wconf 80' lang='grc' dir='ltr'>δίδωσιν</span> <span class='ocrx_word' id='word_1_235' title='bbox 1277 898 1402 932; x_wconf 80' lang='grc' dir='ltr'><strong>κατέχειν</strong></span> <span class='ocrx_word' id='word_1_236' title='bbox 1416 899 1466 933; x_wconf 81' lang='grc' dir='ltr'>τὴν</span> <span class='ocrx_word' id='word_1_237' title='bbox 1481 899 1600 925; x_wconf 82' lang='grc' dir='ltr'>διάνοιαν</span> <span class='ocrx_word' id='word_1_238' title='bbox 1613 899 1659 925; x_wconf 77' lang='grc' dir='ltr'>καὶ</span> <span class='ocrx_word' id='word_1_239' title='bbox 1676 900 1761 926; x_wconf 79' lang='grc' dir='ltr'>ποιεῖν</span> <span class='ocrx_word' id='word_1_240' title='bbox 1771 907 1778 915; x_wconf 90' lang='grc'>·</span> <span class='ocrx_word' id='word_1_241' title='bbox 1791 900 1854 926; x_wconf 74' lang='grc' dir='ltr'>ὅσον</span> 
     </span>
    </p>
   </div>
   <div class='ocr_carea' id='block_1_36' title="bbox 506 927 1011 978">
    <p class='ocr_par' dir='ltr' id='par_1_36' title="bbox 506 937 1007 974">
     <span class='ocr_line' id='line_1_36' title="bbox 506 937 1007 974; baseline 0.008 -12"><span class='ocrx_word' id='word_1_242' title='bbox 506 945 513 963; x_wconf 89' lang='lat'>:</span> <span class='ocrx_word' id='word_1_243' title='bbox 543 937 672 972; x_wconf 85' lang='lat' dir='ltr'><strong>quodque</strong></span> <span class='ocrx_word' id='word_1_244' title='bbox 705 939 817 966; x_wconf 86' lang='lat' dir='ltr'><strong>salubre</strong></span> <span class='ocrx_word' id='word_1_245' title='bbox 861 939 1007 974; x_wconf 87' lang='lat' dir='ltr'><strong>comperit,</strong></span> 
     </span>
    </p>
   </div>
   <div class='ocr_carea' id='block_1_37' title="bbox 1063 927 1854 978">
    <p class='ocr_par' dir='ltr' id='par_1_37' title="bbox 1063 927 1854 978">
     <span class='ocr_line' id='line_1_37' title="bbox 1063 927 1854 978; baseline 0.005 -12"><span class='ocrx_word' id='word_1_246' title='bbox 1063 940 1086 966; x_wconf 68' lang='grc' dir='ltr'>δὲ</span> <span class='ocrx_word' id='word_1_247' title='bbox 1103 927 1212 975; x_wconf 64' lang='grc' dir='ltr'>σαθρδν,</span> <span class='ocrx_word' id='word_1_248' title='bbox 1231 941 1358 976; x_wconf 77' lang='grc' dir='ltr'><strong>ἐκτρέπει</strong></span> <span class='ocrx_word' id='word_1_249' title='bbox 1379 943 1427 978; x_wconf 76' lang='grc' dir='ltr'>τῆς</span> <span class='ocrx_word' id='word_1_250' title='bbox 1448 943 1568 975; x_wconf 73' lang='grc' dir='ltr'>διανοίας</span> <span class='ocrx_word' id='word_1_251' title='bbox 1590 944 1638 970; x_wconf 68' lang='grc' dir='ltr'>καὶ</span> <span class='ocrx_word' id='word_1_252' title='bbox 1655 943 1800 978; x_wconf 64' lang='grc' dir='ltr'>σφενδόνης</span> <span class='ocrx_word' id='word_1_253' title='bbox 1814 943 1854 970; x_wconf 82' lang='grc' dir='ltr'>δί-</span> 
     </span>
    </p>
   </div>
   <div class='ocr_carea' id='block_1_38' title="bbox 1062 987 1435 1023">
    <p class='ocr_par' dir='ltr' id='par_1_38' title="bbox 1062 987 1435 1023">
     <span class='ocr_line' id='line_1_38' title="bbox 1062 987 1435 1023; baseline 0.011 -12"><span class='ocrx_word' id='word_1_254' title='bbox 1062 994 1114 1021; x_wconf 87' lang='grc' dir='ltr'><strong>κην</strong></span> <span class='ocrx_word' id='word_1_255' title='bbox 1133 987 1242 1021; x_wconf 80' lang='grc' dir='ltr'>μακρὰν</span> <span class='ocrx_word' id='word_1_256' title='bbox 1259 988 1435 1023; x_wconf 55' lang='grc' dir='ltr'>ἀπορρίπτει.</span> 
     </span>
    </p>
   </div>
   <div class='ocr_carea' id='block_1_39' title="bbox 215 1026 1853 1074">
    <p class='ocr_par' dir='ltr' id='par_1_39' title="bbox 215 1026 1853 1074">
     <span class='ocr_line' id='line_1_39' title="bbox 215 1026 1853 1074; baseline 0.007 -21"><span class='ocrx_word' id='word_1_257' title='bbox 215 1026 320 1054; x_wconf 81' lang='lat' dir='ltr'><strong>mittit:</strong></span> <span class='ocrx_word' id='word_1_258' title='bbox 336 1028 410 1063; x_wconf 89' lang='lat' dir='ltr'><strong>quod</strong></span> <span class='ocrx_word' id='word_1_259' title='bbox 433 1037 500 1057; x_wconf 83' lang='lat' dir='ltr'><strong>vero</strong></span> <span class='ocrx_word' id='word_1_260' title='bbox 525 1031 639 1059; x_wconf 76' lang='lat' dir='ltr'><strong>noxium</strong></span> <span class='ocrx_word' id='word_1_261' title='bbox 668 1032 847 1068; x_wconf 88' lang='lat' dir='ltr'><strong>putidutnque</strong></span> <span class='ocrx_word' id='word_1_262' title='bbox 865 1037 928 1065; x_wconf 84' lang='lat' dir='ltr'><strong>est,</strong></span> <span class='ocrx_word' id='word_1_263' title='bbox 957 1033 1070 1069; x_wconf 81' lang='lat' dir='ltr'><strong>expellit</strong></span> <span class='ocrx_word' id='word_1_264' title='bbox 1101 1035 1261 1069; x_wconf 81' lang='lat' dir='ltr'><strong>exanimo,</strong></span> <span class='ocrx_word' id='word_1_265' title='bbox 1281 1040 1309 1063; x_wconf 86' lang='lat' dir='ltr'><strong>et</strong></span> <span class='ocrx_word' id='word_1_266' title='bbox 1346 1041 1475 1071; x_wconf 86' lang='lat' dir='ltr'><strong>tanquam</strong></span> <span class='ocrx_word' id='word_1_267' title='bbox 1516 1037 1599 1066; x_wconf 87' lang='lat' dir='ltr'><strong>funda</strong></span> <span class='ocrx_word' id='word_1_268' title='bbox 1631 1038 1735 1074; x_wconf 85' lang='lat' dir='ltr'><strong>jacttttn</strong></span> <span class='ocrx_word' id='word_1_269' title='bbox 1758 1037 1853 1074; x_wconf 84' lang='lat' dir='ltr'><strong>procul</strong></span> 
     </span>
    </p>
   </div>
   <div class='ocr_carea' id='block_1_40' title="bbox 215 1075 330 1102">
    <p class='ocr_par' dir='ltr' id='par_1_40' title="bbox 215 1075 330 1102">
     <span class='ocr_line' id='line_1_40' title="bbox 215 1075 330 1102; baseline 0 0"><span class='ocrx_word' id='word_1_270' title='bbox 215 1075 330 1102; x_wconf 74' lang='lat' dir='ltr'><strong>excutit.</strong></span> 
     </span>
    </p>
   </div>
   <div class='ocr_carea' id='block_1_41' title="bbox 251 1124 1002 1166">
    <p class='ocr_par' dir='ltr' id='par_1_41' title="bbox 251 1124 1002 1166">
     <span class='ocr_line' id='line_1_41' title="bbox 251 1124 1002 1166; baseline 0.009 -15"><span class='ocrx_word' id='word_1_271' title='bbox 251 1124 313 1152; x_wconf 80' lang='grc'><strong>181.</strong></span> <span class='ocrx_word' id='word_1_272' title='bbox 342 1124 514 1160; x_wconf 79' lang='lat' dir='ltr'><strong>Epiphanius</strong></span> <span class='ocrx_word' id='word_1_273' title='bbox 543 1132 633 1155; x_wconf 90' lang='lat' dir='ltr'><strong>autem</strong></span> <span class='ocrx_word' id='word_1_274' title='bbox 664 1129 834 1165; x_wconf 79' lang='lat' dir='ltr'><strong>interrogare</strong></span> <span class='ocrx_word' id='word_1_275' title='bbox 850 1130 1002 1166; x_wconf 79' lang='lat' dir='ltr'><strong>&#39;pergens:</strong></span> 
     </span>
    </p>
   </div>
   <div class='ocr_carea' id='block_1_42' title="bbox 215 1168 1008 1211">
    <p class='ocr_par' dir='ltr' id='par_1_42' title="bbox 215 1168 1008 1211">
     <span class='ocr_line' id='line_1_42' title="bbox 215 1168 1008 1211; baseline 0.011 -17"><span class='ocrx_word' id='word_1_276' title='bbox 215 1168 304 1201; x_wconf 79' lang='lat' dir='ltr'><strong>Quid,</strong></span> <span class='ocrx_word' id='word_1_277' title='bbox 333 1169 442 1204; x_wconf 88' lang='lat' dir='ltr'><strong>inquit,</strong></span> <span class='ocrx_word' id='word_1_278' title='bbox 467 1177 580 1200; x_wconf 88' lang='lat' dir='ltr'><strong>sanctus</strong></span> <span class='ocrx_word' id='word_1_279' title='bbox 602 1173 704 1201; x_wconf 85' lang='lat' dir='ltr'><strong>Paulus</strong></span> <span class='ocrx_word' id='word_1_280' title='bbox 720 1179 857 1202; x_wconf 83' lang='lat' dir='ltr'><strong>assertum</strong></span> <span class='ocrx_word' id='word_1_281' title='bbox 877 1176 934 1203; x_wconf 82' lang='lat' dir='ltr'><strong>vult</strong></span> <span class='ocrx_word' id='word_1_282' title='bbox 959 1184 1008 1211; x_wconf 87' lang='lat' dir='ltr'><strong>per</strong></span> 
     </span>
    </p>
   </div>
   <div class='ocr_carea' id='block_1_43' title="bbox 216 1214 1007 1256">
    <p class='ocr_par' dir='ltr' id='par_1_43' title="bbox 216 1214 1007 1256">
     <span class='ocr_line' id='line_1_43' title="bbox 216 1214 1007 1256; baseline 0.01 -16"><span class='ocrx_word' id='word_1_283' title='bbox 216 1214 282 1240; x_wconf 91' lang='lat' dir='ltr'><strong>illud</strong></span> <span class='ocrx_word' id='word_1_284' title='bbox 305 1223 312 1241; x_wconf 91' lang='lat'>:</span> <span class='ocrx_word' id='word_1_285' title='bbox 340 1223 350 1240; x_wconf 82' lang='lat' dir='ltr'><strong>t</strong></span> <span class='ocrx_word' id='word_1_286' title='bbox 378 1214 464 1243; x_wconf 89' lang='lat' dir='ltr'><strong>Omne</strong></span> <span class='ocrx_word' id='word_1_287' title='bbox 491 1222 629 1250; x_wconf 77' lang='lat' dir='ltr'><strong>peccatum</strong></span> <span class='ocrx_word' id='word_1_288' title='bbox 645 1224 722 1247; x_wconf 84' lang='lat' dir='ltr'><strong>extra</strong></span> <span class='ocrx_word' id='word_1_289' title='bbox 747 1227 846 1254; x_wconf 85' lang='lat' dir='ltr'><strong>corpus</strong></span> <span class='ocrx_word' id='word_1_290' title='bbox 873 1227 939 1254; x_wconf 83' lang='lat' dir='ltr'><strong>est;</strong></span> <span class='ocrx_word' id='word_1_291' title='bbox 961 1221 1007 1256; x_wconf 87' lang='lat' dir='ltr'><strong>qui</strong></span> 
     </span>
    </p>
   </div>
   <div class='ocr_carea' id='block_1_44' title="bbox 215 1259 1010 1300">
    <p class='ocr_par' dir='ltr' id='par_1_44' title="bbox 215 1259 1010 1300">
     <span class='ocr_line' id='line_1_44' title="bbox 215 1259 1010 1300; baseline 0.011 -15"><span class='ocrx_word' id='word_1_292' title='bbox 215 1264 307 1287; x_wconf 86' lang='lat' dir='ltr'><strong>autem</strong></span> <span class='ocrx_word' id='word_1_293' title='bbox 332 1259 486 1289; x_wconf 83' lang='lat' dir='ltr'><strong>fornicatur</strong></span> <span class='ocrx_word' id='word_1_294' title='bbox 497 1282 504 1295; x_wconf 98' lang='lat'><strong>,</strong></span> <span class='ocrx_word' id='word_1_295' title='bbox 529 1263 556 1290; x_wconf 91' lang='lat' dir='ltr'><strong>in</strong></span> <span class='ocrx_word' id='word_1_296' title='bbox 573 1271 672 1298; x_wconf 88' lang='lat' dir='ltr'><strong>corpus</strong></span> <span class='ocrx_word' id='word_1_297' title='bbox 688 1272 767 1291; x_wconf 86' lang='lat' dir='ltr'><strong>suum</strong></span> <span class='ocrx_word' id='word_1_298' title='bbox 784 1271 879 1300; x_wconf 83' lang='lat' dir='ltr'><strong>peccat</strong></span> <span class='ocrx_word' id='word_1_299' title='bbox 887 1266 931 1293; x_wconf 68' lang='lat'><strong>“1’</strong></span> <span class='ocrx_word' id='word_1_300' title='bbox 949 1276 958 1293; x_wconf 76' lang='grc' dir='ltr'><strong>ι</strong></span> <span class='ocrx_word' id='word_1_301' title='bbox 975 1267 1010 1294; x_wconf 85' lang='lat' dir='ltr'><strong>Et</strong></span> 
     </span>
    </p>
   </div>
   <div class='ocr_carea' id='block_1_45' title="bbox 216 1307 1010 1347">
    <p class='ocr_par' dir='ltr' id='par_1_45' title="bbox 216 1307 1010 1347">
     <span class='ocr_line' id='line_1_45' title="bbox 216 1307 1010 1347; baseline 0.011 -15"><span class='ocrx_word' id='word_1_302' title='bbox 216 1307 384 1340; x_wconf 78' lang='lat' dir='ltr'><strong>respondens</strong></span> <span class='ocrx_word' id='word_1_303' title='bbox 406 1309 529 1336; x_wconf 81' lang='lat' dir='ltr'><strong>Andreas</strong></span> <span class='ocrx_word' id='word_1_304' title='bbox 547 1319 553 1336; x_wconf 90' lang='lat'><strong>:</strong></span> <span class='ocrx_word' id='word_1_305' title='bbox 570 1309 658 1338; x_wconf 85' lang='lat' dir='ltr'><strong>Omne</strong></span> <span class='ocrx_word' id='word_1_306' title='bbox 690 1311 762 1339; x_wconf 83' lang='lat' dir='ltr'><strong>aliud</strong></span> <span class='ocrx_word' id='word_1_307' title='bbox 778 1318 920 1346; x_wconf 82' lang='lat' dir='ltr'><strong>peccatum</strong></span> <span class='ocrx_word' id='word_1_308' title='bbox 935 1333 942 1345; x_wconf 87' lang='lat'><strong>,</strong></span> <span class='ocrx_word' id='word_1_309' title='bbox 961 1314 1010 1347; x_wconf 88' lang='lat' dir='ltr'><strong>ait,</strong></span> 
     </span>
    </p>
   </div>
   <div class='ocr_carea' id='block_1_46' title="bbox 214 1351 1012 1394">
    <p class='ocr_par' dir='ltr' id='par_1_46' title="bbox 214 1351 1012 1394">
     <span class='ocr_line' id='line_1_46' title="bbox 214 1351 1012 1394; baseline 0.011 -16"><span class='ocrx_word' id='word_1_310' title='bbox 214 1351 350 1380; x_wconf 78' lang='lat' dir='ltr'><strong>inanima</strong></span> <span class='ocrx_word' id='word_1_311' title='bbox 371 1359 515 1387; x_wconf 86' lang='lat' dir='ltr'><strong>versatur,</strong></span> <span class='ocrx_word' id='word_1_312' title='bbox 537 1362 651 1392; x_wconf 78' lang='lat' dir='ltr'><strong>excepta</strong></span> <span class='ocrx_word' id='word_1_313' title='bbox 674 1358 876 1391; x_wconf 87' lang='lat' dir='ltr'><strong>fornicatione,</strong></span> <span class='ocrx_word' id='word_1_314' title='bbox 902 1367 963 1394; x_wconf 66' lang='lat' dir='ltr'><strong>quae</strong></span> <span class='ocrx_word' id='word_1_315' title='bbox 978 1360 1012 1388; x_wconf 88' lang='lat' dir='ltr'><strong>ad</strong></span> 
     </span>
    </p>
   </div>
   <div class='ocr_carea' id='block_1_47' title="bbox 215 1401 1007 1434">
    <p class='ocr_par' dir='ltr' id='par_1_47' title="bbox 215 1401 1007 1434">
     <span class='ocr_line' id='line_1_47' title="bbox 215 1401 1007 1434; baseline 0.011 -10"><span class='ocrx_word' id='word_1_316' title='bbox 215 1405 318 1433; x_wconf 88' lang='lat' dir='ltr'><strong>corpus</strong></span> <span class='ocrx_word' id='word_1_317' title='bbox 334 1401 432 1427; x_wconf 88' lang='lat' dir='ltr'><strong>attinet</strong></span> <span class='ocrx_word' id='word_1_318' title='bbox 449 1410 455 1427; x_wconf 96' lang='lat'>:</span> <span class='ocrx_word' id='word_1_319' title='bbox 481 1410 513 1428; x_wconf 81' lang='lat' dir='ltr'><strong>cx</strong></span> <span class='ocrx_word' id='word_1_320' title='bbox 529 1402 614 1430; x_wconf 84' lang='lat' dir='ltr'><strong>latere</strong></span> <span class='ocrx_word' id='word_1_321' title='bbox 630 1403 703 1430; x_wconf 89' lang='lat' dir='ltr'><strong>cnim</strong></span> <span class='ocrx_word' id='word_1_322' title='bbox 720 1404 816 1432; x_wconf 85' lang='lat' dir='ltr'><strong>Adami</strong></span> <span class='ocrx_word' id='word_1_323' title='bbox 835 1405 951 1433; x_wconf 87' lang='lat' dir='ltr'><strong>formata</strong></span> <span class='ocrx_word' id='word_1_324' title='bbox 967 1410 1007 1434; x_wconf 84' lang='lat' dir='ltr'><strong>est</strong></span> 
     </span>
    </p>
   </div>
   <div class='ocr_carea' id='block_1_48' title="bbox 215 1446 1008 1487">
    <p class='ocr_par' dir='ltr' id='par_1_48' title="bbox 215 1446 1008 1487">
     <span class='ocr_line' id='line_1_48' title="bbox 215 1446 1008 1487; baseline 0.009 -15"><span class='ocrx_word' id='word_1_325' title='bbox 215 1446 325 1480; x_wconf 88' lang='lat' dir='ltr'><strong>mulier,</strong></span> <span class='ocrx_word' id='word_1_326' title='bbox 349 1453 378 1474; x_wconf 89' lang='lat' dir='ltr'><strong>ut</strong></span> <span class='ocrx_word' id='word_1_327' title='bbox 393 1449 447 1476; x_wconf 86' lang='lat' dir='ltr'><strong>duo</strong></span> <span class='ocrx_word' id='word_1_328' title='bbox 463 1456 549 1476; x_wconf 86' lang='lat' dir='ltr'><strong>unum</strong></span> <span class='ocrx_word' id='word_1_329' title='bbox 572 1456 673 1484; x_wconf 88' lang='lat' dir='ltr'><strong>corpus</strong></span> <span class='ocrx_word' id='word_1_330' title='bbox 697 1449 796 1479; x_wconf 90' lang='lat' dir='ltr'><strong>forent.</strong></span> <span class='ocrx_word' id='word_1_331' title='bbox 815 1451 902 1479; x_wconf 87' lang='lat' dir='ltr'><strong>Omne</strong></span> <span class='ocrx_word' id='word_1_332' title='bbox 926 1452 1008 1487; x_wconf 77' lang='lat' dir='ltr'><strong>igitur</strong></span> 
     </span>
    </p>
   </div>
   <div class='ocr_carea' id='block_1_49' title="bbox 214 1496 1006 1532">
    <p class='ocr_par' dir='ltr' id='par_1_49' title="bbox 214 1496 1006 1532">
     <span class='ocr_line' id='line_1_49' title="bbox 214 1496 1006 1532; baseline 0.011 -15"><span class='ocrx_word' id='word_1_333' title='bbox 214 1496 357 1526; x_wconf 83' lang='lat' dir='ltr'><strong>peccatum</strong></span> <span class='ocrx_word' id='word_1_334' title='bbox 373 1498 449 1521; x_wconf 73' lang='lat' dir='ltr'><strong>extra</strong></span> <span class='ocrx_word' id='word_1_335' title='bbox 468 1501 568 1530; x_wconf 88' lang='lat' dir='ltr'><strong>corpus</strong></span> <span class='ocrx_word' id='word_1_336' title='bbox 586 1501 626 1523; x_wconf 88' lang='lat' dir='ltr'><strong>est</strong></span> <span class='ocrx_word' id='word_1_337' title='bbox 642 1503 652 1523; x_wconf 95' lang='lat'><em>:</em></span> <span class='ocrx_word' id='word_1_338' title='bbox 672 1504 732 1528; x_wconf 80' lang='lat' dir='ltr'><strong>seu,</strong></span> <span class='ocrx_word' id='word_1_339' title='bbox 748 1497 788 1524; x_wconf 88' lang='lat' dir='ltr'><strong>uti</strong></span> <span class='ocrx_word' id='word_1_340' title='bbox 809 1497 865 1532; x_wconf 82' lang='lat' dir='ltr'><strong>jam</strong></span> <span class='ocrx_word' id='word_1_341' title='bbox 883 1498 1006 1531; x_wconf 84' lang='lat' dir='ltr'><strong>memini,</strong></span> 
     </span>
    </p>
   </div>
   <div class='ocr_carea' id='block_1_50' title="bbox 215 1541 1006 1579">
    <p class='ocr_par' dir='ltr' id='par_1_50' title="bbox 215 1541 1006 1579">
     <span class='ocr_line' id='line_1_50' title="bbox 215 1541 1006 1579; baseline 0.01 -14"><span class='ocrx_word' id='word_1_342' title='bbox 215 1546 270 1565; x_wconf 90' lang='lat' dir='ltr'><strong>non</strong></span> <span class='ocrx_word' id='word_1_343' title='bbox 287 1546 413 1574; x_wconf 87' lang='lat' dir='ltr'><strong>corpore,</strong></span> <span class='ocrx_word' id='word_1_344' title='bbox 430 1541 477 1568; x_wconf 84' lang='lat' dir='ltr'><strong>sed</strong></span> <span class='ocrx_word' id='word_1_345' title='bbox 500 1542 611 1576; x_wconf 84' lang='lat' dir='ltr'><strong>anima,</strong></span> <span class='ocrx_word' id='word_1_346' title='bbox 639 1543 686 1570; x_wconf 90' lang='lat' dir='ltr'><strong>sed</strong></span> <span class='ocrx_word' id='word_1_347' title='bbox 706 1549 797 1573; x_wconf 79' lang='lat' dir='ltr'><strong>mente</strong></span> <span class='ocrx_word' id='word_1_348' title='bbox 810 1564 817 1576; x_wconf 90' lang='lat'><strong>,</strong></span> <span class='ocrx_word' id='word_1_349' title='bbox 838 1545 885 1572; x_wconf 89' lang='lat' dir='ltr'><strong>sed</strong></span> <span class='ocrx_word' id='word_1_350' title='bbox 910 1545 1006 1579; x_wconf 86' lang='lat' dir='ltr'><strong>spiritu</strong></span> 
     </span>
    </p>
   </div>
   <div class='ocr_carea' id='block_1_51' title="bbox 215 1586 1045 1630">
    <p class='ocr_par' dir='ltr' id='par_1_51' title="bbox 215 1586 1045 1630">
     <span class='ocr_line' id='line_1_51' title="bbox 215 1586 1045 1630; baseline 0.011 -19"><span class='ocrx_word' id='word_1_351' title='bbox 215 1586 408 1614; x_wconf 80' lang='lat' dir='ltr'><strong>committitur.</strong></span> <span class='ocrx_word' id='word_1_352' title='bbox 429 1587 535 1615; x_wconf 85' lang='lat' dir='ltr'><strong>Etenim</strong></span> <span class='ocrx_word' id='word_1_353' title='bbox 558 1593 587 1616; x_wconf 90' lang='lat' dir='ltr'><strong>et</strong></span> <span class='ocrx_word' id='word_1_354' title='bbox 612 1590 747 1623; x_wconf 81' lang='lat' dir='ltr'><strong>mendax,</strong></span> <span class='ocrx_word' id='word_1_355' title='bbox 773 1596 800 1619; x_wconf 91' lang='lat' dir='ltr'><strong>et</strong></span> <span class='ocrx_word' id='word_1_356' title='bbox 824 1591 962 1626; x_wconf 74' lang='lat' dir='ltr'><strong>periurus,</strong></span> <span class='ocrx_word' id='word_1_357' title='bbox 983 1595 1010 1620; x_wconf 71' lang='lat' dir='ltr'><strong>et</strong></span> <span class='ocrx_word' id='word_1_358' title='bbox 1024 1602 1045 1630; x_wconf 69' lang='grc' dir='ltr'>ε</span> 
     </span>
    </p>
   </div>
   <div class='ocr_carea' id='block_1_52' title="bbox 214 1631 1010 1672">
    <p class='ocr_par' dir='ltr' id='par_1_52' title="bbox 214 1631 1010 1672">
     <span class='ocr_line' id='line_1_52' title="bbox 214 1631 1010 1672; baseline 0.009 -14"><span class='ocrx_word' id='word_1_359' title='bbox 214 1631 295 1659; x_wconf 73' lang='lat' dir='ltr'><strong>fama:</strong></span> <span class='ocrx_word' id='word_1_360' title='bbox 317 1632 412 1660; x_wconf 66' lang='lat' dir='ltr'><strong>alienat</strong></span> <span class='ocrx_word' id='word_1_361' title='bbox 425 1633 470 1668; x_wconf 82' lang='lat' dir='ltr'><strong>qui</strong></span> <span class='ocrx_word' id='word_1_362' title='bbox 495 1634 624 1668; x_wconf 82' lang='lat' dir='ltr'><strong>detrahit,</strong></span> <span class='ocrx_word' id='word_1_363' title='bbox 651 1641 698 1664; x_wconf 85' lang='lat' dir='ltr'><strong>aut</strong></span> <span class='ocrx_word' id='word_1_364' title='bbox 716 1636 788 1664; x_wconf 86' lang='lat' dir='ltr'><strong>aliud</strong></span> <span class='ocrx_word' id='word_1_365' title='bbox 806 1637 945 1672; x_wconf 85' lang='lat' dir='ltr'><strong>quidpiam</strong></span> <span class='ocrx_word' id='word_1_366' title='bbox 962 1645 1010 1672; x_wconf 92' lang='lat' dir='ltr'><strong>pa-</strong></span> 
     </span>
    </p>
   </div>
   <div class='ocr_carea' id='block_1_53' title="bbox 215 1677 1010 1718">
    <p class='ocr_par' dir='ltr' id='par_1_53' title="bbox 215 1677 1010 1718">
     <span class='ocr_line' id='line_1_53' title="bbox 215 1677 1010 1718; baseline 0.01 -15"><span class='ocrx_word' id='word_1_367' title='bbox 215 1680 269 1703; x_wconf 81' lang='lat' dir='ltr'><strong>trat</strong></span> <span class='ocrx_word' id='word_1_368' title='bbox 290 1677 425 1710; x_wconf 81' lang='lat' dir='ltr'><strong>sceleris,</strong></span> <span class='ocrx_word' id='word_1_369' title='bbox 451 1686 484 1706; x_wconf 67' lang='lat' dir='ltr'><strong>ex</strong></span> <span class='ocrx_word' id='word_1_370' title='bbox 507 1679 598 1707; x_wconf 84' lang='lat' dir='ltr'><strong>verbis</strong></span> <span class='ocrx_word' id='word_1_371' title='bbox 623 1680 682 1708; x_wconf 87' lang='lat' dir='ltr'><strong>suis</strong></span> <span class='ocrx_word' id='word_1_372' title='bbox 706 1681 824 1717; x_wconf 86' lang='lat' dir='ltr'><strong>aliquam</strong></span> <span class='ocrx_word' id='word_1_373' title='bbox 843 1683 916 1718; x_wconf 81' lang='lat' dir='ltr'><strong>capit</strong></span> <span class='ocrx_word' id='word_1_374' title='bbox 932 1683 1010 1710; x_wconf 92' lang='lat' dir='ltr'><strong>volu-</strong></span> 
     </span>
    </p>
   </div>
   <div class='ocr_carea' id='block_1_54' title="bbox 214 1722 1008 1762">
    <p class='ocr_par' dir='ltr' id='par_1_54' title="bbox 214 1722 1008 1762">
     <span class='ocr_line' id='line_1_54' title="bbox 214 1722 1008 1762; baseline 0.01 -15"><span class='ocrx_word' id='word_1_375' title='bbox 214 1726 317 1755; x_wconf 78' lang='lat' dir='ltr'><strong>platctn</strong></span> <span class='ocrx_word' id='word_1_376' title='bbox 339 1731 345 1748; x_wconf 94' lang='lat'>:</span> <span class='ocrx_word' id='word_1_377' title='bbox 373 1722 448 1750; x_wconf 86' lang='lat' dir='ltr'><strong>solus</strong></span> <span class='ocrx_word' id='word_1_378' title='bbox 476 1722 625 1751; x_wconf 86' lang='lat' dir='ltr'><strong>fornicator</strong></span> <span class='ocrx_word' id='word_1_379' title='bbox 650 1733 766 1760; x_wconf 85' lang='lat' dir='ltr'><strong>corpore</strong></span> <span class='ocrx_word' id='word_1_380' title='bbox 790 1733 842 1754; x_wconf 86' lang='lat' dir='ltr'><strong>suo</strong></span> <span class='ocrx_word' id='word_1_381' title='bbox 868 1732 1008 1762; x_wconf 86' lang='lat' dir='ltr'><strong>peccatum</strong></span> 
     </span>
    </p>
   </div>
   <div class='ocr_carea' id='block_1_55' title="bbox 216 1766 1008 1807">
    <p class='ocr_par' dir='ltr' id='par_1_55' title="bbox 216 1766 1008 1807">
     <span class='ocr_line' id='line_1_55' title="bbox 216 1766 1008 1807; baseline 0.009 -13"><span class='ocrx_word' id='word_1_382' title='bbox 216 1767 334 1801; x_wconf 84' lang='lat' dir='ltr'><strong>perficit.</strong></span> <span class='ocrx_word' id='word_1_383' title='bbox 352 1766 590 1800; x_wconf 85' lang='lat' dir='ltr'><strong>Quemadmodum</strong></span> <span class='ocrx_word' id='word_1_384' title='bbox 610 1775 700 1797; x_wconf 82' lang='lat' dir='ltr'><strong>autem</strong></span> <span class='ocrx_word' id='word_1_385' title='bbox 723 1779 781 1803; x_wconf 82' lang='lat' dir='ltr'><strong>sus,</strong></span> <span class='ocrx_word' id='word_1_386' title='bbox 794 1772 842 1807; x_wconf 84' lang='lat' dir='ltr'><strong>qui</strong></span> <span class='ocrx_word' id='word_1_387' title='bbox 867 1773 1008 1801; x_wconf 83' lang='lat' dir='ltr'><strong>volutatur</strong></span> 
     </span>
    </p>
   </div>
   <div class='ocr_carea' id='block_1_56' title="bbox 216 1814 1005 1853">
    <p class='ocr_par' dir='ltr' id='par_1_56' title="bbox 216 1814 1005 1853">
     <span class='ocr_line' id='line_1_56' title="bbox 216 1814 1005 1853; baseline 0.009 -14"><span class='ocrx_word' id='word_1_388' title='bbox 216 1814 243 1839; x_wconf 84' lang='lat' dir='ltr'><strong>in</strong></span> <span class='ocrx_word' id='word_1_389' title='bbox 265 1820 362 1847; x_wconf 71' lang='lat' dir='ltr'><strong>emno,</strong></span> <span class='ocrx_word' id='word_1_390' title='bbox 387 1822 441 1842; x_wconf 91' lang='lat' dir='ltr'><strong>non</strong></span> <span class='ocrx_word' id='word_1_391' title='bbox 458 1815 618 1850; x_wconf 86' lang='lat' dir='ltr'><strong>coinquinat</strong></span> <span class='ocrx_word' id='word_1_392' title='bbox 634 1817 752 1845; x_wconf 85' lang='lat' dir='ltr'><strong>interius</strong></span> <span class='ocrx_word' id='word_1_393' title='bbox 775 1825 886 1846; x_wconf 89' lang='lat' dir='ltr'><strong>carnem</strong></span> <span class='ocrx_word' id='word_1_394' title='bbox 907 1826 1005 1853; x_wconf 82' lang='lat' dir='ltr'><strong>suam,</strong></span> 
     </span>
    </p>
   </div>
   <div class='ocr_carea' id='block_1_57' title="bbox 215 1859 1012 1896">
    <p class='ocr_par' dir='ltr' id='par_1_57' title="bbox 215 1859 1012 1896">
     <span class='ocr_line' id='line_1_57' title="bbox 215 1859 1012 1896; baseline 0.01 -12"><span class='ocrx_word' id='word_1_395' title='bbox 215 1859 263 1885; x_wconf 84' lang='lat' dir='ltr'><strong>sed</strong></span> <span class='ocrx_word' id='word_1_396' title='bbox 278 1859 402 1890; x_wconf 48' lang='lat' dir='ltr'><strong>exterius.</strong></span> <span class='ocrx_word' id='word_1_397' title='bbox 419 1860 552 1887; x_wconf 81' lang='lat' dir='ltr'><strong>duntaxat</strong></span> <span class='ocrx_word' id='word_1_398' title='bbox 576 1861 672 1896; x_wconf 85' lang='lat' dir='ltr'><strong>pellem</strong></span> <span class='ocrx_word' id='word_1_399' title='bbox 700 1863 828 1891; x_wconf 87' lang='lat' dir='ltr'><strong>sordibus</strong></span> <span class='ocrx_word' id='word_1_400' title='bbox 857 1871 889 1891; x_wconf 91' lang='lat' dir='ltr'><strong>ac</strong></span> <span class='ocrx_word' id='word_1_401' title='bbox 915 1863 1012 1892; x_wconf 74' lang='lat' dir='ltr'><strong>fmtore</strong></span> 
     </span>
    </p>
   </div>
   <div class='ocr_carea' id='block_1_58' title="bbox 217 1905 1010 1945">
    <p class='ocr_par' dir='ltr' id='par_1_58' title="bbox 217 1905 1010 1945">
     <span class='ocr_line' id='line_1_58' title="bbox 217 1905 1010 1945; baseline 0.009 -14"><span class='ocrx_word' id='word_1_402' title='bbox 217 1905 304 1933; x_wconf 82' lang='lat' dir='ltr'><strong>inficit</strong></span> <span class='ocrx_word' id='word_1_403' title='bbox 320 1915 326 1932; x_wconf 86' lang='lat'>:</span> <span class='ocrx_word' id='word_1_404' title='bbox 343 1905 380 1933; x_wconf 90' lang='lat' dir='ltr'><strong>ita</strong></span> <span class='ocrx_word' id='word_1_405' title='bbox 399 1910 428 1933; x_wconf 86' lang='lat' dir='ltr'><strong>et</strong></span> <span class='ocrx_word' id='word_1_406' title='bbox 450 1907 602 1935; x_wconf 86' lang='lat' dir='ltr'><strong>fornicator</strong></span> <span class='ocrx_word' id='word_1_407' title='bbox 616 1928 625 1941; x_wconf 77' lang='lat'><strong>,</strong></span> <span class='ocrx_word' id='word_1_408' title='bbox 649 1910 696 1944; x_wconf 81' lang='lat' dir='ltr'><strong>qui</strong></span> <span class='ocrx_word' id='word_1_409' title='bbox 717 1910 745 1937; x_wconf 92' lang='lat' dir='ltr'><strong>in</strong></span> <span class='ocrx_word' id='word_1_410' title='bbox 765 1910 903 1938; x_wconf 86' lang='lat' dir='ltr'><strong>cubilibus</strong></span> <span class='ocrx_word' id='word_1_411' title='bbox 927 1916 1010 1945; x_wconf 87' lang='lat' dir='ltr'><strong>atque</strong></span> 
     </span>
    </p>
   </div>
   <div class='ocr_carea' id='block_1_59' title="bbox 216 1951 1013 1991">
    <p class='ocr_par' dir='ltr' id='par_1_59' title="bbox 216 1951 1013 1991">
     <span class='ocr_line' id='line_1_59' title="bbox 216 1951 1013 1991; baseline 0.008 -14"><span class='ocrx_word' id='word_1_412' title='bbox 216 1951 398 1986; x_wconf 79' lang='lat' dir='ltr'><strong>impudicitiis</strong></span> <span class='ocrx_word' id='word_1_413' title='bbox 421 1958 552 1988; x_wconf 85' lang='lat' dir='ltr'><strong>perpetuo</strong></span> <span class='ocrx_word' id='word_1_414' title='bbox 568 1960 713 1989; x_wconf 90' lang='lat' dir='ltr'><strong>versatur,</strong></span> <span class='ocrx_word' id='word_1_415' title='bbox 738 1963 839 1991; x_wconf 85' lang='lat' dir='ltr'><strong>corpus</strong></span> <span class='ocrx_word' id='word_1_416' title='bbox 861 1957 963 1991; x_wconf 89' lang='lat' dir='ltr'><strong>pariter</strong></span> <span class='ocrx_word' id='word_1_417' title='bbox 986 1962 1013 1984; x_wconf 90' lang='lat' dir='ltr'><strong>et</strong></span> 
     </span>
    </p>
   </div>
   <div class='ocr_carea' id='block_1_60' title="bbox 215 1997 1011 2037">
    <p class='ocr_par' dir='ltr' id='par_1_60' title="bbox 215 1997 1011 2037">
     <span class='ocr_line' id='line_1_60' title="bbox 215 1997 1011 2037; baseline 0.008 -13"><span class='ocrx_word' id='word_1_418' title='bbox 215 1997 337 2025; x_wconf 80' lang='lat' dir='ltr'><strong>animam</strong></span> <span class='ocrx_word' id='word_1_419' title='bbox 355 1997 427 2026; x_wconf 69' lang='lat' dir='ltr'><strong>fuade</strong></span> <span class='ocrx_word' id='word_1_420' title='bbox 445 2001 648 2028; x_wconf 86' lang='lat' dir='ltr'><strong>commaculat:</strong></span> <span class='ocrx_word' id='word_1_421' title='bbox 665 2002 761 2037; x_wconf 89' lang='lat' dir='ltr'><strong>sicque</strong></span> <span class='ocrx_word' id='word_1_422' title='bbox 781 2002 923 2030; x_wconf 67' lang='lat' dir='ltr'><strong>daemoniis</strong></span> <span class='ocrx_word' id='word_1_423' title='bbox 939 2003 1011 2030; x_wconf 79' lang='lat' dir='ltr'><strong>invi-</strong></span> 
     </span>
    </p>
   </div>
   <div class='ocr_carea' id='block_1_61' title="bbox 213 2044 1007 2084">
    <p class='ocr_par' dir='ltr' id='par_1_61' title="bbox 213 2044 1007 2084">
     <span class='ocr_line' id='line_1_61' title="bbox 213 2044 1007 2084; baseline 0.009 -14"><span class='ocrx_word' id='word_1_424' title='bbox 213 2044 343 2072; x_wconf 81' lang='lat' dir='ltr'><strong>sibilibus</strong></span> <span class='ocrx_word' id='word_1_425' title='bbox 360 2045 509 2073; x_wconf 87' lang='lat' dir='ltr'><strong>ludibrium</strong></span> <span class='ocrx_word' id='word_1_426' title='bbox 527 2055 559 2075; x_wconf 86' lang='lat' dir='ltr'><strong>ac</strong></span> <span class='ocrx_word' id='word_1_427' title='bbox 578 2048 650 2076; x_wconf 87' lang='lat' dir='ltr'><strong>risus</strong></span> <span class='ocrx_word' id='word_1_428' title='bbox 675 2048 715 2076; x_wconf 81' lang='lat' dir='ltr'><strong>fit.</strong></span> <span class='ocrx_word' id='word_1_429' title='bbox 743 2049 877 2076; x_wconf 77' lang='lat' dir='ltr'><strong>Caeterum</strong></span> <span class='ocrx_word' id='word_1_430' title='bbox 897 2050 1007 2084; x_wconf 84' lang='lat' dir='ltr'><strong>quando</strong></span> 
     </span>
    </p>
   </div>
   <div class='ocr_carea' id='block_1_62' title="bbox 215 2089 1012 2126">
    <p class='ocr_par' dir='ltr' id='par_1_62' title="bbox 215 2089 1012 2126">
     <span class='ocr_line' id='line_1_62' title="bbox 215 2089 1012 2126; baseline 0.008 -10"><span class='ocrx_word' id='word_1_431' title='bbox 215 2089 246 2116; x_wconf 82' lang='lat' dir='ltr'><strong>in</strong></span> <span class='ocrx_word' id='word_1_432' title='bbox 273 2097 373 2124; x_wconf 79' lang='lat' dir='ltr'><strong>corpus</strong></span> <span class='ocrx_word' id='word_1_433' title='bbox 390 2099 470 2118; x_wconf 87' lang='lat' dir='ltr'><strong>suum</strong></span> <span class='ocrx_word' id='word_1_434' title='bbox 496 2097 608 2126; x_wconf 86' lang='lat' dir='ltr'><strong>peccat,</strong></span> <span class='ocrx_word' id='word_1_435' title='bbox 635 2101 691 2121; x_wconf 84' lang='lat' dir='ltr'><strong>non</strong></span> <span class='ocrx_word' id='word_1_436' title='bbox 715 2102 796 2122; x_wconf 88' lang='lat' dir='ltr'><strong>suum</strong></span> <span class='ocrx_word' id='word_1_437' title='bbox 822 2095 1012 2122; x_wconf 86' lang='lat' dir='ltr'><strong>tantummodo</strong></span> 
     </span>
    </p>
   </div>
   <div class='ocr_carea' id='block_1_63' title="bbox 215 2137 1014 2176">
    <p class='ocr_par' dir='ltr' id='par_1_63' title="bbox 215 2137 1014 2176">
     <span class='ocr_line' id='line_1_63' title="bbox 215 2137 1014 2176; baseline 0.009 -14"><span class='ocrx_word' id='word_1_438' title='bbox 215 2142 321 2170; x_wconf 78' lang='lat' dir='ltr'><strong>corpus</strong></span> <span class='ocrx_word' id='word_1_439' title='bbox 335 2157 343 2169; x_wconf 90' lang='lat'><strong>,</strong></span> <span class='ocrx_word' id='word_1_440' title='bbox 367 2137 415 2164; x_wconf 88' lang='lat' dir='ltr'><strong>sed</strong></span> <span class='ocrx_word' id='word_1_441' title='bbox 441 2138 566 2166; x_wconf 90' lang='lat' dir='ltr'><strong>mulieris</strong></span> <span class='ocrx_word' id='word_1_442' title='bbox 581 2139 664 2166; x_wconf 87' lang='lat' dir='ltr'><strong>etiam</strong></span> <span class='ocrx_word' id='word_1_443' title='bbox 684 2147 802 2174; x_wconf 84' lang='lat' dir='ltr'><strong>quacum</strong></span> <span class='ocrx_word' id='word_1_444' title='bbox 824 2145 937 2176; x_wconf 82' lang='lat' dir='ltr'><strong>peccat,</strong></span> <span class='ocrx_word' id='word_1_445' title='bbox 956 2146 1014 2168; x_wconf 88' lang='lat' dir='ltr'><strong>tur-</strong></span> 
     </span>
    </p>
   </div>
   <div class='ocr_carea' id='block_1_64' title="bbox 215 2180 1014 2220">
    <p class='ocr_par' dir='ltr' id='par_1_64' title="bbox 215 2180 1014 2220">
     <span class='ocr_line' id='line_1_64' title="bbox 215 2180 1014 2220; baseline 0.01 -13"><span class='ocrx_word' id='word_1_446' title='bbox 215 2180 289 2214; x_wconf 72' lang='lat' dir='ltr'><strong>piter</strong></span> <span class='ocrx_word' id='word_1_447' title='bbox 316 2187 492 2217; x_wconf 80' lang='lat' dir='ltr'><strong>conspurcat.</strong></span> <span class='ocrx_word' id='word_1_448' title='bbox 526 2184 591 2212; x_wconf 78' lang='lat' dir='ltr'><strong>Viro</strong></span> <span class='ocrx_word' id='word_1_449' title='bbox 613 2185 659 2220; x_wconf 91' lang='lat' dir='ltr'><strong>qui</strong></span> <span class='ocrx_word' id='word_1_450' title='bbox 693 2193 828 2219; x_wconf 79' lang='lat' dir='ltr'><strong>uxorem,</strong></span> <span class='ocrx_word' id='word_1_451' title='bbox 854 2192 881 2214; x_wconf 87' lang='lat' dir='ltr'><strong>et</strong></span> <span class='ocrx_word' id='word_1_452' title='bbox 906 2187 1014 2215; x_wconf 88' lang='lat' dir='ltr'><strong>mulieri</strong></span> 
     </span>
    </p>
   </div>
   <div class='ocr_carea' id='block_1_65' title="bbox 214 2229 1012 2266">
    <p class='ocr_par' dir='ltr' id='par_1_65' title="bbox 214 2229 1012 2266">
     <span class='ocr_line' id='line_1_65' title="bbox 214 2229 1012 2266; baseline 0.01 -13"><span class='ocrx_word' id='word_1_453' title='bbox 214 2234 280 2261; x_wconf 69' lang='lat' dir='ltr'><strong>qua:</strong></span> <span class='ocrx_word' id='word_1_454' title='bbox 294 2229 424 2256; x_wconf 87' lang='lat' dir='ltr'><strong>maritum</strong></span> <span class='ocrx_word' id='word_1_455' title='bbox 441 2229 543 2257; x_wconf 84' lang='lat' dir='ltr'><strong>habent</strong></span> <span class='ocrx_word' id='word_1_456' title='bbox 557 2250 564 2263; x_wconf 92' lang='lat'><strong>,</strong></span> <span class='ocrx_word' id='word_1_457' title='bbox 587 2231 726 2266; x_wconf 88' lang='lat' dir='ltr'><strong>propriutn</strong></span> <span class='ocrx_word' id='word_1_458' title='bbox 749 2239 850 2266; x_wconf 87' lang='lat' dir='ltr'><strong>corpus</strong></span> <span class='ocrx_word' id='word_1_459' title='bbox 871 2240 926 2259; x_wconf 91' lang='lat' dir='ltr'><strong>non</strong></span> <span class='ocrx_word' id='word_1_460' title='bbox 948 2238 1012 2261; x_wconf 90' lang='lat' dir='ltr'><strong>est:</strong></span> 
     </span>
    </p>
   </div>
   <div class='ocr_carea' id='block_1_66' title="bbox 1103 1129 1853 1168">
    <p class='ocr_par' dir='ltr' id='par_1_66' title="bbox 1103 1129 1853 1168">
     <span class='ocr_line' id='line_1_66' title="bbox 1103 1129 1853 1168; baseline 0.007 -11"><span class='ocrx_word' id='word_1_461' title='bbox 1103 1133 1178 1165; x_wconf 84' lang='grc' dir='ltr'>ρπα’.</span> <span class='ocrx_word' id='word_1_462' title='bbox 1201 1129 1359 1164; x_wconf 79' lang='grc' dir='ltr'>Ἐπιφάνιος</span> <span class='ocrx_word' id='word_1_463' title='bbox 1371 1129 1464 1158; x_wconf 59' lang='grc' dir='ltr'>εἶπεν</span> <span class='ocrx_word' id='word_1_464' title='bbox 1481 1132 1514 1159; x_wconf 83' lang='grc' dir='ltr'>τί</span> <span class='ocrx_word' id='word_1_465' title='bbox 1527 1132 1601 1167; x_wconf 85' lang='grc' dir='ltr'>λέγει</span> <span class='ocrx_word' id='word_1_466' title='bbox 1621 1134 1633 1160; x_wconf 92' lang='lat'><strong>6</strong></span> <span class='ocrx_word' id='word_1_467' title='bbox 1648 1133 1724 1168; x_wconf 76' lang='grc' dir='ltr'>ἅγιος</span> <span class='ocrx_word' id='word_1_468' title='bbox 1736 1135 1853 1168; x_wconf 71' lang='grc' dir='ltr'>Παῦλος,</span> 
     </span>
    </p>
   </div>
   <div class='ocr_carea' id='block_1_67' title="bbox 1062 1176 1858 1214">
    <p class='ocr_par' dir='ltr' id='par_1_67' title="bbox 1062 1176 1858 1214">
     <span class='ocr_line' id='line_1_67' title="bbox 1062 1176 1858 1214; baseline 0.009 -12"><span class='ocrx_word' id='word_1_469' title='bbox 1062 1176 1104 1203; x_wconf 76' lang='grc' dir='ltr'>ὅτε</span> <span class='ocrx_word' id='word_1_470' title='bbox 1125 1186 1135 1203; x_wconf 73' lang='grc' dir='ltr'><strong>ι</strong></span> <span class='ocrx_word' id='word_1_471' title='bbox 1155 1177 1234 1203; x_wconf 83' lang='grc' dir='ltr'>Πᾶσα</span> <span class='ocrx_word' id='word_1_472' title='bbox 1255 1177 1376 1212; x_wconf 81' lang='grc' dir='ltr'>ἁμαρτία</span> <span class='ocrx_word' id='word_1_473' title='bbox 1391 1178 1468 1209; x_wconf 85' lang='grc' dir='ltr'>ὲκτὸς</span> <span class='ocrx_word' id='word_1_474' title='bbox 1484 1178 1530 1205; x_wconf 85' lang='grc' dir='ltr'>τοῦ</span> <span class='ocrx_word' id='word_1_475' title='bbox 1542 1179 1667 1214; x_wconf 82' lang='grc' dir='ltr'>σώματός</span> <span class='ocrx_word' id='word_1_476' title='bbox 1681 1181 1754 1207; x_wconf 80' lang='grc' dir='ltr'>ἐστιν</span> <span class='ocrx_word' id='word_1_477' title='bbox 1764 1189 1771 1197; x_wconf 89' lang='grc'><strong>·</strong></span> <span class='ocrx_word' id='word_1_478' title='bbox 1797 1183 1811 1208; x_wconf 90' lang='grc' dir='ltr'><strong>ό</strong></span> <span class='ocrx_word' id='word_1_479' title='bbox 1825 1182 1858 1209; x_wconf 52' lang='grc' dir='ltr'><strong>δὶλ</strong></span> 
     </span>
    </p>
   </div>
   <div class='ocr_carea' id='block_1_68' title="bbox 1064 1224 1907 1264">
    <p class='ocr_par' dir='ltr' id='par_1_68' title="bbox 1064 1224 1907 1264">
     <span class='ocr_line' id='line_1_68' title="bbox 1064 1224 1907 1264; baseline 0.008 -15"><span class='ocrx_word' id='word_1_480' title='bbox 1064 1224 1205 1258; x_wconf 77' lang='grc' dir='ltr'>πορνεύων</span> <span class='ocrx_word' id='word_1_481' title='bbox 1225 1225 1266 1255; x_wconf 85' lang='grc' dir='ltr'><strong>είς</strong></span> <span class='ocrx_word' id='word_1_482' title='bbox 1281 1225 1311 1250; x_wconf 85' lang='grc' dir='ltr'><strong>τδ</strong></span> <span class='ocrx_word' id='word_1_483' title='bbox 1335 1224 1400 1251; x_wconf 77' lang='grc' dir='ltr'>ἴδιον</span> <span class='ocrx_word' id='word_1_484' title='bbox 1417 1226 1497 1260; x_wconf 86' lang='grc' dir='ltr'>σῶμα</span> <span class='ocrx_word' id='word_1_485' title='bbox 1521 1227 1688 1262; x_wconf 69' lang='grc' dir='ltr'>ἁμαρτάνεις</span> <span class='ocrx_word' id='word_1_486' title='bbox 1709 1238 1717 1254; x_wconf 78' lang='grc' dir='ltr'>ι</span> <span class='ocrx_word' id='word_1_487' title='bbox 1739 1229 1811 1264; x_wconf 78' lang='grc' dir='ltr'><strong>Ἔφη</strong></span> <span class='ocrx_word' id='word_1_488' title='bbox 1840 1230 1857 1256; x_wconf 90' lang='lat'><strong>6</strong></span> <span class='ocrx_word' id='word_1_489' title='bbox 1899 1230 1907 1236; x_wconf 86' lang='lat'><strong>&#39;</strong></span> 
     </span>
    </p>
   </div>
   <div class='ocr_carea' id='block_1_69' title="bbox 1065 1270 1856 1310">
    <p class='ocr_par' dir='ltr' id='par_1_69' title="bbox 1065 1270 1856 1310">
     <span class='ocr_line' id='line_1_69' title="bbox 1065 1270 1856 1310; baseline 0.008 -15"><span class='ocrx_word' id='word_1_490' title='bbox 1065 1270 1168 1300; x_wconf 79' lang='grc' dir='ltr'>Ὀσιος·</span> <span class='ocrx_word' id='word_1_491' title='bbox 1185 1270 1263 1296; x_wconf 80' lang='grc' dir='ltr'>Πᾶσα</span> <span class='ocrx_word' id='word_1_492' title='bbox 1279 1271 1344 1306; x_wconf 79' lang='grc' dir='ltr'>ἄλλη</span> <span class='ocrx_word' id='word_1_493' title='bbox 1358 1271 1480 1306; x_wconf 82' lang='grc' dir='ltr'>ἁμαρτία</span> <span class='ocrx_word' id='word_1_494' title='bbox 1495 1272 1598 1308; x_wconf 80' lang='grc' dir='ltr'>ψυχική</span> <span class='ocrx_word' id='word_1_495' title='bbox 1614 1275 1699 1300; x_wconf 76' lang='grc' dir='ltr'>ἐστιν·</span> <span class='ocrx_word' id='word_1_496' title='bbox 1712 1275 1728 1309; x_wconf 84' lang='grc' dir='ltr'>ὴ</span> <span class='ocrx_word' id='word_1_497' title='bbox 1743 1275 1769 1301; x_wconf 83' lang='grc' dir='ltr'>δὲ</span> <span class='ocrx_word' id='word_1_498' title='bbox 1783 1284 1856 1310; x_wconf 76' lang='lat' dir='ltr'><strong>mp-</strong></span> 
     </span>
    </p>
   </div>
   <div class='ocr_carea' id='block_1_70' title="bbox 1061 1315 1854 1354">
    <p class='ocr_par' dir='ltr' id='par_1_70' title="bbox 1061 1315 1854 1354">
     <span class='ocr_line' id='line_1_70' title="bbox 1061 1315 1854 1354; baseline 0.008 -13"><span class='ocrx_word' id='word_1_499' title='bbox 1061 1315 1120 1342; x_wconf 78' lang='grc' dir='ltr'>νεία</span> <span class='ocrx_word' id='word_1_500' title='bbox 1152 1315 1297 1351; x_wconf 72' lang='grc' dir='ltr'>σωματικὴ</span> <span class='ocrx_word' id='word_1_501' title='bbox 1330 1317 1421 1343; x_wconf 77' lang='grc' dir='ltr'>ἐστιν·</span> <span class='ocrx_word' id='word_1_502' title='bbox 1452 1317 1483 1344; x_wconf 83' lang='grc' dir='ltr'>ἑκ</span> <span class='ocrx_word' id='word_1_503' title='bbox 1510 1318 1563 1354; x_wconf 80' lang='grc' dir='ltr'><strong>γὰρ</strong></span> <span class='ocrx_word' id='word_1_504' title='bbox 1585 1319 1635 1354; x_wconf 85' lang='grc' dir='ltr'>τῆς</span> <span class='ocrx_word' id='word_1_505' title='bbox 1662 1319 1782 1354; x_wconf 77' lang='grc' dir='ltr'>πλευρᾶς</span> <span class='ocrx_word' id='word_1_506' title='bbox 1804 1321 1854 1347; x_wconf 74' lang='grc' dir='ltr'><strong>τοῦ</strong></span> 
     </span>
    </p>
   </div>
   <div class='ocr_carea' id='block_1_71' title="bbox 1068 1357 1854 1400">
    <p class='ocr_par' dir='ltr' id='par_1_71' title="bbox 1068 1357 1854 1400">
     <span class='ocr_line' id='line_1_71' title="bbox 1068 1357 1854 1400; baseline 0.013 -17"><span class='ocrx_word' id='word_1_507' title='bbox 1068 1357 1157 1393; x_wconf 73' lang='grc' dir='ltr'>’Δδὰμ</span> <span class='ocrx_word' id='word_1_508' title='bbox 1176 1358 1339 1395; x_wconf 75' lang='grc' dir='ltr'>ᾠκοδομήθη</span> <span class='ocrx_word' id='word_1_509' title='bbox 1355 1361 1371 1395; x_wconf 86' lang='grc' dir='ltr'>ἡ</span> <span class='ocrx_word' id='word_1_510' title='bbox 1391 1361 1470 1396; x_wconf 77' lang='grc' dir='ltr'>γυνὴ,</span> <span class='ocrx_word' id='word_1_511' title='bbox 1486 1361 1556 1389; x_wconf 82' lang='grc' dir='ltr'>ὥστε</span> <span class='ocrx_word' id='word_1_512' title='bbox 1571 1363 1595 1388; x_wconf 85' lang='grc' dir='ltr'><strong>οἰ</strong></span> <span class='ocrx_word' id='word_1_513' title='bbox 1610 1363 1656 1390; x_wconf 90' lang='grc' dir='ltr'><strong>δύο</strong></span> <span class='ocrx_word' id='word_1_514' title='bbox 1674 1364 1703 1390; x_wconf 80' lang='grc' dir='ltr'>ἒν</span> <span class='ocrx_word' id='word_1_515' title='bbox 1720 1365 1799 1400; x_wconf 75' lang='grc' dir='ltr'>σῶμά</span> <span class='ocrx_word' id='word_1_516' title='bbox 1816 1367 1854 1393; x_wconf 83' lang='grc' dir='ltr'>εἰ·</span> 
     </span>
    </p>
   </div>
   <div class='ocr_carea' id='block_1_72' title="bbox 1062 1404 1852 1444">
    <p class='ocr_par' dir='ltr' id='par_1_72' title="bbox 1062 1404 1852 1444">
     <span class='ocr_line' id='line_1_72' title="bbox 1062 1404 1852 1444; baseline 0.013 -15"><span class='ocrx_word' id='word_1_517' title='bbox 1062 1411 1115 1432; x_wconf 86' lang='grc' dir='ltr'>σιν,</span> <span class='ocrx_word' id='word_1_518' title='bbox 1136 1405 1214 1431; x_wconf 74' lang='grc' dir='ltr'>Πᾶσα</span> <span class='ocrx_word' id='word_1_519' title='bbox 1238 1404 1284 1432; x_wconf 75' lang='grc' dir='ltr'>οὖν</span> <span class='ocrx_word' id='word_1_520' title='bbox 1305 1406 1426 1442; x_wconf 82' lang='grc' dir='ltr'>ἁμαρτία</span> <span class='ocrx_word' id='word_1_521' title='bbox 1452 1408 1531 1440; x_wconf 75' lang='grc' dir='ltr'>ἐκτὸς</span> <span class='ocrx_word' id='word_1_522' title='bbox 1559 1409 1606 1435; x_wconf 80' lang='grc' dir='ltr'><strong>τοῦ</strong></span> <span class='ocrx_word' id='word_1_523' title='bbox 1634 1410 1762 1444; x_wconf 76' lang='grc' dir='ltr'>σώματος</span> <span class='ocrx_word' id='word_1_524' title='bbox 1784 1413 1852 1443; x_wconf 79' lang='grc' dir='ltr'>ἐστι.</span> 
     </span>
    </p>
   </div>
   <div class='ocr_carea' id='block_1_73' title="bbox 1060 1450 1862 1493">
    <p class='ocr_par' dir='ltr' id='par_1_73' title="bbox 1060 1450 1862 1493">
     <span class='ocr_line' id='line_1_73' title="bbox 1060 1450 1862 1493; baseline 0.01 -17"><span class='ocrx_word' id='word_1_525' title='bbox 1060 1450 1199 1477; x_wconf 77' lang='grc' dir='ltr'>τουτέστιν</span> <span class='ocrx_word' id='word_1_526' title='bbox 1222 1450 1252 1477; x_wconf 83' lang='grc' dir='ltr'>οὺ</span> <span class='ocrx_word' id='word_1_527' title='bbox 1281 1451 1321 1486; x_wconf 85' lang='grc' dir='ltr'>τῷ</span> <span class='ocrx_word' id='word_1_528' title='bbox 1350 1452 1457 1487; x_wconf 85' lang='grc' dir='ltr'>σώματι</span> <span class='ocrx_word' id='word_1_529' title='bbox 1483 1453 1610 1488; x_wconf 78' lang='grc' dir='ltr'>πράττει,</span> <span class='ocrx_word' id='word_1_530' title='bbox 1637 1455 1705 1482; x_wconf 83' lang='grc' dir='ltr'><strong>ἀλλά</strong></span> <span class='ocrx_word' id='word_1_531' title='bbox 1720 1458 1754 1492; x_wconf 82' lang='grc' dir='ltr'><strong>τῇ</strong></span> <span class='ocrx_word' id='word_1_532' title='bbox 1769 1457 1862 1493; x_wconf 79' lang='grc' dir='ltr'>ψυχῇ,,</span> 
     </span>
    </p>
   </div>
   <div class='ocr_carea' id='block_1_74' title="bbox 1062 1495 1854 1537">
    <p class='ocr_par' dir='ltr' id='par_1_74' title="bbox 1062 1495 1854 1537">
     <span class='ocr_line' id='line_1_74' title="bbox 1062 1495 1854 1537; baseline 0.01 -16"><span class='ocrx_word' id='word_1_533' title='bbox 1062 1495 1109 1522; x_wconf 73' lang='grc' dir='ltr'>καὶ</span> <span class='ocrx_word' id='word_1_534' title='bbox 1124 1495 1162 1529; x_wconf 81' lang='grc' dir='ltr'>τῷ</span> <span class='ocrx_word' id='word_1_535' title='bbox 1177 1495 1227 1527; x_wconf 80' lang='grc' dir='ltr'>νοῒ,</span> <span class='ocrx_word' id='word_1_536' title='bbox 1246 1497 1294 1523; x_wconf 72' lang='grc' dir='ltr'>καὶ</span> <span class='ocrx_word' id='word_1_537' title='bbox 1309 1496 1347 1531; x_wconf 84' lang='grc' dir='ltr'>τῷ</span> <span class='ocrx_word' id='word_1_538' title='bbox 1363 1496 1508 1532; x_wconf 84' lang='grc' dir='ltr'>πνεύματι,</span> <span class='ocrx_word' id='word_1_539' title='bbox 1524 1497 1561 1530; x_wconf 80' lang='grc' dir='ltr'>ὡς</span> <span class='ocrx_word' id='word_1_540' title='bbox 1578 1499 1713 1534; x_wconf 85' lang='grc' dir='ltr'>προὲφην.</span> <span class='ocrx_word' id='word_1_541' title='bbox 1731 1501 1786 1528; x_wconf 80' lang='grc' dir='ltr'>Καὶ</span> <span class='ocrx_word' id='word_1_542' title='bbox 1799 1501 1854 1537; x_wconf 70' lang='grc' dir='ltr'><strong>γὰρ</strong></span> 
     </span>
    </p>
   </div>
   <div class='ocr_carea' id='block_1_75' title="bbox 1062 1539 1854 1581">
    <p class='ocr_par' dir='ltr' id='par_1_75' title="bbox 1062 1539 1854 1581">
     <span class='ocr_line' id='line_1_75' title="bbox 1062 1539 1854 1581; baseline 0.01 -16"><span class='ocrx_word' id='word_1_543' title='bbox 1062 1539 1095 1566; x_wconf 79' lang='grc' dir='ltr'>ἐκ</span> <span class='ocrx_word' id='word_1_544' title='bbox 1112 1539 1246 1575; x_wconf 80' lang='grc' dir='ltr'>στόματος</span> <span class='ocrx_word' id='word_1_545' title='bbox 1267 1540 1316 1576; x_wconf 78' lang='grc' dir='ltr'>τὴν</span> <span class='ocrx_word' id='word_1_546' title='bbox 1331 1540 1429 1576; x_wconf 76' lang='grc' dir='ltr'>ἡδονὴν</span> <span class='ocrx_word' id='word_1_547' title='bbox 1453 1541 1608 1577; x_wconf 81' lang='grc' dir='ltr'>καρποῦται</span> <span class='ocrx_word' id='word_1_548' title='bbox 1624 1544 1638 1570; x_wconf 98' lang='lat'><strong>6</strong></span> <span class='ocrx_word' id='word_1_549' title='bbox 1659 1544 1790 1580; x_wconf 76' lang='grc' dir='ltr'>ψεύστης,</span> <span class='ocrx_word' id='word_1_550' title='bbox 1805 1546 1822 1581; x_wconf 75' lang='grc' dir='ltr'>ἢ</span> <span class='ocrx_word' id='word_1_551' title='bbox 1839 1547 1854 1573; x_wconf 80' lang='lat'><strong>6</strong></span> 
     </span>
    </p>
   </div>
   <div class='ocr_carea' id='block_1_76' title="bbox 1063 1585 1854 1626">
    <p class='ocr_par' dir='ltr' id='par_1_76' title="bbox 1063 1585 1854 1626">
     <span class='ocr_line' id='line_1_76' title="bbox 1063 1585 1854 1626; baseline 0.008 -15"><span class='ocrx_word' id='word_1_552' title='bbox 1063 1585 1204 1620; x_wconf 72' lang='grc' dir='ltr'>ἐπίορκος,</span> <span class='ocrx_word' id='word_1_553' title='bbox 1222 1585 1238 1621; x_wconf 81' lang='grc' dir='ltr'>ἢ</span> <span class='ocrx_word' id='word_1_554' title='bbox 1255 1586 1270 1613; x_wconf 91' lang='lat'><strong>6</strong></span> <span class='ocrx_word' id='word_1_555' title='bbox 1296 1586 1457 1620; x_wconf 78' lang='grc' dir='ltr'>καταλαλος,</span> <span class='ocrx_word' id='word_1_556' title='bbox 1472 1587 1488 1623; x_wconf 73' lang='grc' dir='ltr'>ἢ</span> <span class='ocrx_word' id='word_1_557' title='bbox 1507 1588 1522 1614; x_wconf 87' lang='lat'><strong>6</strong></span> <span class='ocrx_word' id='word_1_558' title='bbox 1549 1588 1648 1624; x_wconf 77' lang='grc' dir='ltr'>ἑτέραν</span> <span class='ocrx_word' id='word_1_559' title='bbox 1666 1589 1727 1616; x_wconf 80' lang='grc' dir='ltr'>τινὰ</span> <span class='ocrx_word' id='word_1_560' title='bbox 1741 1590 1854 1626; x_wconf 81' lang='grc' dir='ltr'>ἀνομίαν</span> 
     </span>
    </p>
   </div>
   <div class='ocr_carea' id='block_1_77' title="bbox 1063 1631 1853 1671">
    <p class='ocr_par' dir='ltr' id='par_1_77' title="bbox 1063 1631 1853 1671">
     <span class='ocr_line' id='line_1_77' title="bbox 1063 1631 1853 1671; baseline 0.009 -15"><span class='ocrx_word' id='word_1_561' title='bbox 1063 1631 1247 1666; x_wconf 77' lang='grc' dir='ltr'>ἐργαζόμενος</span> <span class='ocrx_word' id='word_1_562' title='bbox 1259 1639 1266 1647; x_wconf 74' lang='lat'>&#39;</span> <span class='ocrx_word' id='word_1_563' title='bbox 1285 1632 1367 1666; x_wconf 85' lang='grc' dir='ltr'>μόνον</span> <span class='ocrx_word' id='word_1_564' title='bbox 1382 1632 1411 1660; x_wconf 70' lang='grc' dir='ltr'>δὲ</span> <span class='ocrx_word' id='word_1_565' title='bbox 1429 1633 1444 1660; x_wconf 84' lang='grc' dir='ltr'><strong>ό</strong></span> <span class='ocrx_word' id='word_1_566' title='bbox 1458 1633 1600 1668; x_wconf 80' lang='grc' dir='ltr'>πορνεύων</span> <span class='ocrx_word' id='word_1_567' title='bbox 1617 1635 1657 1670; x_wconf 80' lang='grc' dir='ltr'>τῷ</span> <span class='ocrx_word' id='word_1_568' title='bbox 1675 1635 1732 1671; x_wconf 86' lang='grc' dir='ltr'>ἰδίῳ</span> <span class='ocrx_word' id='word_1_569' title='bbox 1747 1635 1853 1671; x_wconf 80' lang='grc' dir='ltr'>σώματι</span> 
     </span>
    </p>
   </div>
   <div class='ocr_carea' id='block_1_78' title="bbox 1062 1677 1854 1715">
    <p class='ocr_par' dir='ltr' id='par_1_78' title="bbox 1062 1677 1854 1715">
     <span class='ocr_line' id='line_1_78' title="bbox 1062 1677 1854 1715; baseline 0.006 -12"><span class='ocrx_word' id='word_1_570' title='bbox 1062 1677 1184 1704; x_wconf 85' lang='grc' dir='ltr'>συντελεί</span> <span class='ocrx_word' id='word_1_571' title='bbox 1205 1677 1256 1713; x_wconf 75' lang='grc' dir='ltr'>τὴν</span> <span class='ocrx_word' id='word_1_572' title='bbox 1278 1678 1429 1713; x_wconf 83' lang='grc' dir='ltr'>ἁμαρτίαν.</span> <span class='ocrx_word' id='word_1_573' title='bbox 1449 1678 1554 1714; x_wconf 79' lang='grc' dir='ltr'>’Ὠσπερ</span> <span class='ocrx_word' id='word_1_574' title='bbox 1577 1681 1712 1715; x_wconf 56' lang='grc' dir='ltr'>ό,χοῖρος,</span> <span class='ocrx_word' id='word_1_575' title='bbox 1724 1681 1788 1709; x_wconf 76' lang='grc' dir='ltr'>ὅταν</span> <span class='ocrx_word' id='word_1_576' title='bbox 1805 1690 1854 1708; x_wconf 81' lang='grc' dir='ltr'><strong>κυ-</strong></span> 
     </span>
    </p>
   </div>
   <div class='ocr_carea' id='block_1_79' title="bbox 1061 1722 1857 1761">
    <p class='ocr_par' dir='ltr' id='par_1_79' title="bbox 1061 1722 1857 1761">
     <span class='ocr_line' id='line_1_79' title="bbox 1061 1722 1857 1761; baseline 0.006 -12"><span class='ocrx_word' id='word_1_577' title='bbox 1061 1722 1139 1758; x_wconf 58' lang='lat' dir='ltr'><strong>moon</strong></span> <span class='ocrx_word' id='word_1_578' title='bbox 1156 1724 1186 1750; x_wconf 81' lang='grc' dir='ltr'>ἐν</span> <span class='ocrx_word' id='word_1_579' title='bbox 1202 1723 1334 1759; x_wconf 74' lang='grc' dir='ltr'>βορϐόρῳ,</span> <span class='ocrx_word' id='word_1_580' title='bbox 1351 1725 1382 1751; x_wconf 81' lang='grc' dir='ltr'>οὐ</span> <span class='ocrx_word' id='word_1_581' title='bbox 1396 1724 1429 1752; x_wconf 85' lang='grc' dir='ltr'>τὰ</span> <span class='ocrx_word' id='word_1_582' title='bbox 1443 1724 1517 1752; x_wconf 81' lang='grc' dir='ltr'>ἔνδον</span> <span class='ocrx_word' id='word_1_583' title='bbox 1539 1726 1622 1753; x_wconf 78' lang='grc' dir='ltr'>αὐτοῦ</span> <span class='ocrx_word' id='word_1_584' title='bbox 1638 1726 1758 1761; x_wconf 83' lang='grc' dir='ltr'>μολύνει,</span> <span class='ocrx_word' id='word_1_585' title='bbox 1784 1727 1857 1754; x_wconf 66' lang='grc' dir='ltr'>ἀλλὰ</span> 
     </span>
    </p>
   </div>
   <div class='ocr_carea' id='block_1_80' title="bbox 1059 1768 1853 1809">
    <p class='ocr_par' dir='ltr' id='par_1_80' title="bbox 1059 1768 1853 1809">
     <span class='ocr_line' id='line_1_80' title="bbox 1059 1768 1853 1809; baseline 0.006 -14"><span class='ocrx_word' id='word_1_586' title='bbox 1059 1768 1109 1804; x_wconf 82' lang='grc' dir='ltr'>τὴν</span> <span class='ocrx_word' id='word_1_587' title='bbox 1129 1768 1182 1801; x_wconf 70' lang='grc' dir='ltr'><strong>ἔξω</strong></span> <span class='ocrx_word' id='word_1_588' title='bbox 1192 1769 1275 1796; x_wconf 81' lang='grc' dir='ltr'>αὐτοῦ</span> <span class='ocrx_word' id='word_1_589' title='bbox 1292 1770 1384 1798; x_wconf 81' lang='grc' dir='ltr'>πᾶσαν</span> <span class='ocrx_word' id='word_1_590' title='bbox 1400 1770 1481 1806; x_wconf 79' lang='grc' dir='ltr'>δορὰν</span> <span class='ocrx_word' id='word_1_591' title='bbox 1494 1772 1640 1807; x_wconf 75' lang='grc' dir='ltr'>σικχαντὴν</span> <span class='ocrx_word' id='word_1_592' title='bbox 1653 1772 1701 1799; x_wconf 72' lang='grc' dir='ltr'>καὶ</span> <span class='ocrx_word' id='word_1_593' title='bbox 1717 1772 1853 1809; x_wconf 80' lang='grc' dir='ltr'>βρωμώδη</span> 
     </span>
    </p>
   </div>
   <div class='ocr_carea' id='block_1_81' title="bbox 1062 1815 1855 1853">
    <p class='ocr_par' dir='ltr' id='par_1_81' title="bbox 1062 1815 1855 1853">
     <span class='ocr_line' id='line_1_81' title="bbox 1062 1815 1855 1853; baseline 0.008 -12"><span class='ocrx_word' id='word_1_594' title='bbox 1062 1815 1249 1850; x_wconf 78' lang='grc' dir='ltr'>ἀπεργάζεται</span> <span class='ocrx_word' id='word_1_595' title='bbox 1263 1824 1270 1831; x_wconf 92' lang='grc'><strong>·</strong></span> <span class='ocrx_word' id='word_1_596' title='bbox 1288 1815 1360 1843; x_wconf 70' lang='grc' dir='ltr'>οὕτω</span> <span class='ocrx_word' id='word_1_597' title='bbox 1398 1817 1446 1844; x_wconf 71' lang='grc' dir='ltr'>καὶ</span> <span class='ocrx_word' id='word_1_598' title='bbox 1468 1819 1482 1844; x_wconf 83' lang='lat'><strong>6</strong></span> <span class='ocrx_word' id='word_1_599' title='bbox 1504 1817 1655 1853; x_wconf 77' lang='grc' dir='ltr'>πορνεύων,</span> <span class='ocrx_word' id='word_1_600' title='bbox 1678 1819 1782 1851; x_wconf 76' lang='grc' dir='ltr'>κοίταις</span> <span class='ocrx_word' id='word_1_601' title='bbox 1805 1821 1855 1847; x_wconf 82' lang='grc' dir='ltr'>καὶ</span> 
     </span>
    </p>
   </div>
   <div class='ocr_carea' id='block_1_82' title="bbox 1061 1861 1855 1900">
    <p class='ocr_par' dir='ltr' id='par_1_82' title="bbox 1061 1861 1855 1900">
     <span class='ocr_line' id='line_1_82' title="bbox 1061 1861 1855 1900; baseline 0.006 -13"><span class='ocrx_word' id='word_1_602' title='bbox 1061 1861 1216 1896; x_wconf 71' lang='grc' dir='ltr'>ἀσελγείαις</span> <span class='ocrx_word' id='word_1_603' title='bbox 1232 1863 1327 1890; x_wconf 79' lang='grc' dir='ltr'>ἑαυτὸν</span> <span class='ocrx_word' id='word_1_604' title='bbox 1356 1863 1544 1899; x_wconf 81' lang='grc' dir='ltr'>ἀναμιγνύων,</span> <span class='ocrx_word' id='word_1_605' title='bbox 1559 1864 1705 1900; x_wconf 83' lang='grc' dir='ltr'>σικχαντδν</span> <span class='ocrx_word' id='word_1_606' title='bbox 1725 1865 1808 1893; x_wconf 76' lang='grc' dir='ltr'>αὐτοῦ</span> <span class='ocrx_word' id='word_1_607' title='bbox 1824 1866 1855 1893; x_wconf 67' lang='grc' dir='ltr'><strong>τὸ</strong></span> 
     </span>
    </p>
   </div>
   <div class='ocr_carea' id='block_1_83' title="bbox 1063 1907 1856 1946">
    <p class='ocr_par' dir='ltr' id='par_1_83' title="bbox 1063 1907 1856 1946">
     <span class='ocr_line' id='line_1_83' title="bbox 1063 1907 1856 1946; baseline 0.006 -12"><span class='ocrx_word' id='word_1_608' title='bbox 1063 1907 1143 1942; x_wconf 86' lang='grc' dir='ltr'>σῶμα</span> <span class='ocrx_word' id='word_1_609' title='bbox 1173 1909 1220 1935; x_wconf 79' lang='grc' dir='ltr'>καὶ</span> <span class='ocrx_word' id='word_1_610' title='bbox 1241 1909 1291 1944; x_wconf 76' lang='grc' dir='ltr'>τὴν</span> <span class='ocrx_word' id='word_1_611' title='bbox 1319 1909 1409 1945; x_wconf 78' lang='grc' dir='ltr'>ψυχὴν</span> <span class='ocrx_word' id='word_1_612' title='bbox 1437 1910 1673 1946; x_wconf 73' lang='grc' dir='ltr'>ἀπεργαζόμενος,</span> <span class='ocrx_word' id='word_1_613' title='bbox 1698 1908 1776 1942; x_wconf 69' lang='grc' dir='ltr'>οὗτος</span> <span class='ocrx_word' id='word_1_614' title='bbox 1806 1920 1856 1938; x_wconf 87' lang='grc' dir='ltr'>πο-</span> 
     </span>
    </p>
   </div>
   <div class='ocr_carea' id='block_1_84' title="bbox 1064 1955 1855 1993">
    <p class='ocr_par' dir='ltr' id='par_1_84' title="bbox 1064 1955 1855 1993">
     <span class='ocr_line' id='line_1_84' title="bbox 1064 1955 1855 1993; baseline 0.005 -12"><span class='ocrx_word' id='word_1_615' title='bbox 1064 1955 1171 1990; x_wconf 79' lang='grc' dir='ltr'>ρεύεται</span> <span class='ocrx_word' id='word_1_616' title='bbox 1199 1956 1304 1989; x_wconf 83' lang='grc' dir='ltr'>γέλοιον</span> <span class='ocrx_word' id='word_1_617' title='bbox 1329 1957 1385 1988; x_wconf 80' lang='grc' dir='ltr'>τοῖς</span> <span class='ocrx_word' id='word_1_618' title='bbox 1407 1957 1535 1992; x_wconf 82' lang='grc' dir='ltr'>ἀοράτοις</span> <span class='ocrx_word' id='word_1_619' title='bbox 1558 1957 1684 1993; x_wconf 87' lang='grc' dir='ltr'>δαίμοσιν</span> <span class='ocrx_word' id='word_1_620' title='bbox 1708 1958 1855 1993; x_wconf 83' lang='grc' dir='ltr'>ἀναφαινό-</span> 
     </span>
    </p>
   </div>
   <div class='ocr_carea' id='block_1_85' title="bbox 1064 2001 1856 2038">
    <p class='ocr_par' dir='ltr' id='par_1_85' title="bbox 1064 2001 1856 2038">
     <span class='ocr_line' id='line_1_85' title="bbox 1064 2001 1856 2038; baseline 0.004 -11"><span class='ocrx_word' id='word_1_621' title='bbox 1064 2009 1154 2036; x_wconf 84' lang='grc' dir='ltr'>μενος.</span> <span class='ocrx_word' id='word_1_622' title='bbox 1173 2001 1273 2028; x_wconf 72' lang='grc' dir='ltr'>Λοιπὸν</span> <span class='ocrx_word' id='word_1_623' title='bbox 1295 2002 1335 2033; x_wconf 88' lang='grc' dir='ltr'><strong>εἰς</strong></span> <span class='ocrx_word' id='word_1_624' title='bbox 1353 2002 1384 2028; x_wconf 82' lang='grc' dir='ltr'>τὸ</span> <span class='ocrx_word' id='word_1_625' title='bbox 1402 2002 1467 2029; x_wconf 80' lang='grc' dir='ltr'>εδιον</span> <span class='ocrx_word' id='word_1_626' title='bbox 1488 2002 1569 2038; x_wconf 86' lang='grc' dir='ltr'>σῶμα</span> <span class='ocrx_word' id='word_1_627' title='bbox 1592 2003 1758 2038; x_wconf 76' lang='grc' dir='ltr'>ἁμαρτάνει,</span> <span class='ocrx_word' id='word_1_628' title='bbox 1779 2004 1856 2038; x_wconf 59' lang='grc' dir='ltr'>μιαί.</span> 
     </span>
    </p>
   </div>
   <div class='ocr_carea' id='block_1_86' title="bbox 1062 2048 1856 2084">
    <p class='ocr_par' dir='ltr' id='par_1_86' title="bbox 1062 2048 1856 2084">
     <span class='ocr_line' id='line_1_86' title="bbox 1062 2048 1856 2084; baseline 0.004 -11"><span class='ocrx_word' id='word_1_629' title='bbox 1062 2055 1115 2073; x_wconf 85' lang='grc' dir='ltr'><strong>νων</strong></span> <span class='ocrx_word' id='word_1_630' title='bbox 1140 2048 1207 2074; x_wconf 86' lang='grc' dir='ltr'>αύτὸ</span> <span class='ocrx_word' id='word_1_631' title='bbox 1219 2055 1226 2063; x_wconf 76' lang='grc'><em>’</em></span> <span class='ocrx_word' id='word_1_632' title='bbox 1242 2048 1293 2074; x_wconf 79' lang='grc' dir='ltr'>οὐκ</span> <span class='ocrx_word' id='word_1_633' title='bbox 1308 2048 1374 2075; x_wconf 79' lang='grc' dir='ltr'>αὐτὸ</span> <span class='ocrx_word' id='word_1_634' title='bbox 1390 2048 1417 2075; x_wconf 74' lang='grc' dir='ltr'>δὲ</span> <span class='ocrx_word' id='word_1_635' title='bbox 1442 2049 1533 2084; x_wconf 83' lang='grc' dir='ltr'>μόνον,</span> <span class='ocrx_word' id='word_1_636' title='bbox 1559 2048 1628 2076; x_wconf 77' lang='grc' dir='ltr'>ἀλλὰ</span> <span class='ocrx_word' id='word_1_637' title='bbox 1641 2057 1673 2083; x_wconf 87' lang='grc' dir='ltr'><strong>γε</strong></span> <span class='ocrx_word' id='word_1_638' title='bbox 1700 2049 1747 2076; x_wconf 79' lang='grc' dir='ltr'>καὶ</span> <span class='ocrx_word' id='word_1_639' title='bbox 1763 2050 1793 2076; x_wconf 85' lang='grc' dir='ltr'>τὸ</span> <span class='ocrx_word' id='word_1_640' title='bbox 1807 2050 1856 2084; x_wconf 82' lang='grc' dir='ltr'>τῆς</span> 
     </span>
    </p>
   </div>
   <div class='ocr_carea' id='block_1_87' title="bbox 1062 2094 1854 2131">
    <p class='ocr_par' dir='ltr' id='par_1_87' title="bbox 1062 2094 1854 2131">
     <span class='ocr_line' id='line_1_87' title="bbox 1062 2094 1854 2131; baseline 0.003 -11"><span class='ocrx_word' id='word_1_641' title='bbox 1062 2094 1193 2127; x_wconf 62' lang='grc' dir='ltr'>γυναικὸς</span> <span class='ocrx_word' id='word_1_642' title='bbox 1215 2095 1256 2126; x_wconf 84' lang='grc' dir='ltr'><strong>εἰς</strong></span> <span class='ocrx_word' id='word_1_643' title='bbox 1272 2094 1286 2121; x_wconf 82' lang='grc' dir='ltr'><strong>ὃ</strong></span> <span class='ocrx_word' id='word_1_644' title='bbox 1303 2095 1511 2130; x_wconf 84' lang='grc' dir='ltr'>περιπλέκεται.</span> <span class='ocrx_word' id='word_1_645' title='bbox 1535 2095 1617 2130; x_wconf 82' lang='grc' dir='ltr'>Ἀνὴρ</span> <span class='ocrx_word' id='word_1_646' title='bbox 1632 2097 1749 2129; x_wconf 84' lang='grc' dir='ltr'>γυναῖκα</span> <span class='ocrx_word' id='word_1_647' title='bbox 1774 2096 1854 2131; x_wconf 77' lang='grc' dir='ltr'>ἔχων,</span> 
     </span>
    </p>
   </div>
   <div class='ocr_carea' id='block_1_88' title="bbox 1063 2141 1856 2177">
    <p class='ocr_par' dir='ltr' id='par_1_88' title="bbox 1063 2141 1856 2177">
     <span class='ocr_line' id='line_1_88' title="bbox 1063 2141 1856 2177; baseline 0.004 -11"><span class='ocrx_word' id='word_1_648' title='bbox 1063 2141 1110 2166; x_wconf 76' lang='grc' dir='ltr'>καὶ</span> <span class='ocrx_word' id='word_1_649' title='bbox 1125 2143 1194 2176; x_wconf 82' lang='grc' dir='ltr'>γυνὴ</span> <span class='ocrx_word' id='word_1_650' title='bbox 1209 2141 1323 2176; x_wconf 85' lang='grc' dir='ltr'>νόμιμον</span> <span class='ocrx_word' id='word_1_651' title='bbox 1337 2141 1422 2177; x_wconf 78' lang='grc' dir='ltr'>ἄνδρα</span> <span class='ocrx_word' id='word_1_652' title='bbox 1439 2141 1548 2177; x_wconf 73' lang='grc' dir='ltr'>ἔχουσα,</span> <span class='ocrx_word' id='word_1_653' title='bbox 1573 2144 1622 2169; x_wconf 74' lang='grc' dir='ltr'><strong>οὐκ</strong></span> <span class='ocrx_word' id='word_1_654' title='bbox 1637 2142 1729 2177; x_wconf 76' lang='grc' dir='ltr'>ἔχουσι</span> <span class='ocrx_word' id='word_1_655' title='bbox 1743 2143 1777 2169; x_wconf 82' lang='grc' dir='ltr'><strong>τὰ</strong></span> <span class='ocrx_word' id='word_1_656' title='bbox 1793 2143 1856 2169; x_wconf 78' lang='grc' dir='ltr'><strong>ἐαυ-</strong></span> 
     </span>
    </p>
   </div>
   <div class='ocr_carea' id='block_1_89' title="bbox 1063 2187 1857 2225">
    <p class='ocr_par' dir='ltr' id='par_1_89' title="bbox 1063 2187 1857 2225">
     <span class='ocr_line' id='line_1_89' title="bbox 1063 2187 1857 2225; baseline 0.004 -12"><span class='ocrx_word' id='word_1_657' title='bbox 1063 2187 1118 2213; x_wconf 88' lang='grc' dir='ltr'>τῶν</span> <span class='ocrx_word' id='word_1_658' title='bbox 1131 2188 1246 2223; x_wconf 80' lang='grc' dir='ltr'>σώματα</span> <span class='ocrx_word' id='word_1_659' title='bbox 1259 2188 1313 2215; x_wconf 83' lang='grc' dir='ltr'>ἰδια</span> <span class='ocrx_word' id='word_1_660' title='bbox 1323 2195 1331 2203; x_wconf 81' lang='lat'>&#39;</span> <span class='ocrx_word' id='word_1_661' title='bbox 1343 2188 1392 2215; x_wconf 81' lang='grc' dir='ltr'>τοῦ</span> <span class='ocrx_word' id='word_1_662' title='bbox 1405 2189 1502 2224; x_wconf 76' lang='grc' dir='ltr'>ἀνδρὸς</span> <span class='ocrx_word' id='word_1_663' title='bbox 1515 2190 1569 2225; x_wconf 80' lang='grc' dir='ltr'><strong>γὰρ</strong></span> <span class='ocrx_word' id='word_1_664' title='bbox 1582 2190 1612 2216; x_wconf 78' lang='grc' dir='ltr'><strong>τὺ</strong></span> <span class='ocrx_word' id='word_1_665' title='bbox 1627 2189 1708 2225; x_wconf 80' lang='grc' dir='ltr'>σῶμά</span> <span class='ocrx_word' id='word_1_666' title='bbox 1736 2190 1794 2216; x_wconf 77' lang='grc' dir='ltr'>ἐστι</span> <span class='ocrx_word' id='word_1_667' title='bbox 1806 2190 1857 2224; x_wconf 80' lang='grc' dir='ltr'><strong>τῆς</strong></span> 
     </span>
    </p>
   </div>
   <div class='ocr_carea' id='block_1_90' title="bbox 1064 2232 1856 2269">
    <p class='ocr_par' dir='ltr' id='par_1_90' title="bbox 1064 2232 1856 2269">
     <span class='ocr_line' id='line_1_90' title="bbox 1064 2232 1856 2269; baseline 0.006 -12"><span class='ocrx_word' id='word_1_668' title='bbox 1064 2232 1192 2265; x_wconf 75' lang='grc' dir='ltr'>γυναικὸς</span> <span class='ocrx_word' id='word_1_669' title='bbox 1207 2232 1300 2265; x_wconf 81' lang='grc' dir='ltr'>αὐτοῦ,</span> <span class='ocrx_word' id='word_1_670' title='bbox 1321 2233 1369 2259; x_wconf 63' lang='grc' dir='ltr'><strong>κα.)¹</strong></span> <span class='ocrx_word' id='word_1_671' title='bbox 1391 2233 1442 2267; x_wconf 88' lang='grc' dir='ltr'>τῆς</span> <span class='ocrx_word' id='word_1_672' title='bbox 1471 2234 1600 2267; x_wconf 85' lang='grc' dir='ltr'>γυναικός</span> <span class='ocrx_word' id='word_1_673' title='bbox 1618 2236 1675 2261; x_wconf 81' lang='grc' dir='ltr'>ἐστι</span> <span class='ocrx_word' id='word_1_674' title='bbox 1692 2234 1740 2261; x_wconf 80' lang='grc' dir='ltr'>τοῦ</span> <span class='ocrx_word' id='word_1_675' title='bbox 1760 2235 1856 2269; x_wconf 67' lang='grc' dir='ltr'>ἀνδρὸς</span> 
     </span>
    </p>
   </div>
   <div class='ocr_carea' id='block_1_91' title="bbox 218 2272 1011 2316">
    <p class='ocr_par' dir='ltr' id='par_1_91' title="bbox 218 2272 1008 2311">
     <span class='ocr_line' id='line_1_91' title="bbox 218 2272 1008 2311; baseline 0.008 -11"><span class='ocrx_word' id='word_1_676' title='bbox 218 2272 268 2300; x_wconf 82' lang='lat' dir='ltr'><strong>viri</strong></span> <span class='ocrx_word' id='word_1_677' title='bbox 283 2274 383 2309; x_wconf 85' lang='lat' dir='ltr'><strong>quippe</strong></span> <span class='ocrx_word' id='word_1_678' title='bbox 398 2282 501 2310; x_wconf 81' lang='lat' dir='ltr'><strong>corpus</strong></span> <span class='ocrx_word' id='word_1_679' title='bbox 516 2277 632 2305; x_wconf 87' lang='lat' dir='ltr'><strong>arbitrio</strong></span> <span class='ocrx_word' id='word_1_680' title='bbox 651 2278 747 2306; x_wconf 81' lang='lat' dir='ltr'><strong>ux0ris</strong></span> <span class='ocrx_word' id='word_1_681' title='bbox 764 2278 875 2311; x_wconf 86' lang='lat' dir='ltr'><strong>subest;</strong></span> <span class='ocrx_word' id='word_1_682' title='bbox 891 2283 918 2306; x_wconf 89' lang='lat' dir='ltr'><strong>et</strong></span> <span class='ocrx_word' id='word_1_683' title='bbox 931 2279 1008 2306; x_wconf 89' lang='lat' dir='ltr'><strong>sinti-</strong></span> 
     </span>
    </p>
   </div>
   <div class='ocr_carea' id='block_1_92' title="bbox 1063 2272 1857 2316">
    <p class='ocr_par' dir='ltr' id='par_1_92' title="bbox 1063 2277 1857 2316">
     <span class='ocr_line' id='line_1_92' title="bbox 1063 2277 1857 2316; baseline 0.005 -13"><span class='ocrx_word' id='word_1_684' title='bbox 1063 2277 1154 2311; x_wconf 80' lang='grc' dir='ltr'>αὐτῆς,</span> <span class='ocrx_word' id='word_1_685' title='bbox 1179 2277 1249 2304; x_wconf 76' lang='grc' dir='ltr'>ὥστε</span> <span class='ocrx_word' id='word_1_686' title='bbox 1264 2277 1356 2305; x_wconf 86' lang='grc' dir='ltr'>οὐκέτι</span> <span class='ocrx_word' id='word_1_687' title='bbox 1385 2279 1439 2306; x_wconf 78' lang='grc' dir='ltr'>εἰσὶ</span> <span class='ocrx_word' id='word_1_688' title='bbox 1472 2279 1529 2312; x_wconf 84' lang='grc' dir='ltr'>δύο,</span> <span class='ocrx_word' id='word_1_689' title='bbox 1545 2280 1613 2306; x_wconf 78' lang='grc' dir='ltr'>ἀλλὰ</span> <span class='ocrx_word' id='word_1_690' title='bbox 1630 2280 1698 2315; x_wconf 76' lang='grc' dir='ltr'>σὰρξ</span> <span class='ocrx_word' id='word_1_691' title='bbox 1711 2281 1769 2316; x_wconf 82' lang='grc' dir='ltr'>μία.</span> <span class='ocrx_word' id='word_1_692' title='bbox 1793 2280 1857 2307; x_wconf 79' lang='grc' dir='ltr'>Ἐὰν</span> 
     </span>
    </p>
   </div>
   <div class='ocr_carea' id='block_1_93' title="bbox 215 2318 1010 2358">
    <p class='ocr_par' dir='ltr' id='par_1_93' title="bbox 215 2318 1010 2358">
     <span class='ocr_line' id='line_1_93' title="bbox 215 2318 1010 2358; baseline 0.009 -13"><span class='ocrx_word' id='word_1_693' title='bbox 215 2318 282 2346; x_wconf 76' lang='lat' dir='ltr'><strong>liter</strong></span> <span class='ocrx_word' id='word_1_694' title='bbox 301 2320 426 2348; x_wconf 78' lang='lat' dir='ltr'><strong>mulieris</strong></span> <span class='ocrx_word' id='word_1_695' title='bbox 440 2328 541 2357; x_wconf 83' lang='lat' dir='ltr'><strong>corpus</strong></span> <span class='ocrx_word' id='word_1_696' title='bbox 558 2322 584 2349; x_wconf 92' lang='lat' dir='ltr'><strong>in</strong></span> <span class='ocrx_word' id='word_1_697' title='bbox 600 2327 734 2358; x_wconf 84' lang='lat' dir='ltr'><strong>potestate</strong></span> <span class='ocrx_word' id='word_1_698' title='bbox 749 2324 838 2351; x_wconf 88' lang='lat' dir='ltr'><strong>mariti</strong></span> <span class='ocrx_word' id='word_1_699' title='bbox 852 2329 903 2356; x_wconf 86' lang='lat' dir='ltr'><strong>est,</strong></span> <span class='ocrx_word' id='word_1_700' title='bbox 913 2330 940 2351; x_wconf 92' lang='lat' dir='ltr'><strong>ut</strong></span> <span class='ocrx_word' id='word_1_701' title='bbox 956 2333 1010 2353; x_wconf 91' lang='lat' dir='ltr'><strong>non</strong></span> 
     </span>
    </p>
   </div>
   <div class='ocr_carea' id='block_1_94' title="bbox 217 2365 1011 2406">
    <p class='ocr_par' dir='ltr' id='par_1_94' title="bbox 217 2365 1011 2406">
     <span class='ocr_line' id='line_1_94' title="bbox 217 2365 1011 2406; baseline 0.006 -14"><span class='ocrx_word' id='word_1_702' title='bbox 217 2365 340 2401; x_wconf 80' lang='lat' dir='ltr'><strong>amplius</strong></span> <span class='ocrx_word' id='word_1_703' title='bbox 361 2366 416 2394; x_wconf 92' lang='lat' dir='ltr'><strong>duo</strong></span> <span class='ocrx_word' id='word_1_704' title='bbox 437 2367 491 2394; x_wconf 88' lang='lat' dir='ltr'><strong>sint</strong></span> <span class='ocrx_word' id='word_1_705' title='bbox 503 2387 510 2400; x_wconf 95' lang='lat'><strong>,</strong></span> <span class='ocrx_word' id='word_1_706' title='bbox 537 2368 583 2395; x_wconf 88' lang='lat' dir='ltr'><strong>sed</strong></span> <span class='ocrx_word' id='word_1_707' title='bbox 601 2376 655 2396; x_wconf 91' lang='lat' dir='ltr'><strong>una</strong></span> <span class='ocrx_word' id='word_1_708' title='bbox 672 2377 746 2396; x_wconf 78' lang='lat' dir='ltr'><strong>caro.</strong></span> <span class='ocrx_word' id='word_1_709' title='bbox 762 2369 790 2397; x_wconf 87' lang='lat' dir='ltr'><strong>Si</strong></span> <span class='ocrx_word' id='word_1_710' title='bbox 808 2369 906 2397; x_wconf 82' lang='lat' dir='ltr'><strong>mulier</strong></span> <span class='ocrx_word' id='word_1_711' title='bbox 919 2371 1011 2406; x_wconf 82' lang='lat' dir='ltr'><strong>itaque</strong></span> 
     </span>
    </p>
   </div>
   <div class='ocr_carea' id='block_1_95' title="bbox 218 2410 1012 2449">
    <p class='ocr_par' dir='ltr' id='par_1_95' title="bbox 218 2410 1012 2449">
     <span class='ocr_line' id='line_1_95' title="bbox 218 2410 1012 2449; baseline 0.006 -11"><span class='ocrx_word' id='word_1_712' title='bbox 218 2410 380 2443; x_wconf 81' lang='lat' dir='ltr'><strong>fornicatur.</strong></span> <span class='ocrx_word' id='word_1_713' title='bbox 398 2412 425 2439; x_wconf 91' lang='lat' dir='ltr'><strong>in</strong></span> <span class='ocrx_word' id='word_1_714' title='bbox 443 2420 544 2447; x_wconf 85' lang='lat' dir='ltr'><strong>corpus</strong></span> <span class='ocrx_word' id='word_1_715' title='bbox 560 2414 651 2440; x_wconf 90' lang='lat' dir='ltr'><strong>mariti</strong></span> <span class='ocrx_word' id='word_1_716' title='bbox 667 2419 762 2449; x_wconf 83' lang='lat' dir='ltr'><strong>peccat</strong></span> <span class='ocrx_word' id='word_1_717' title='bbox 777 2424 784 2442; x_wconf 90' lang='lat'><strong>:</strong></span> <span class='ocrx_word' id='word_1_718' title='bbox 802 2415 825 2443; x_wconf 88' lang='lat' dir='ltr'><strong>si</strong></span> <span class='ocrx_word' id='word_1_719' title='bbox 844 2423 908 2443; x_wconf 90' lang='lat' dir='ltr'><strong>vero</strong></span> <span class='ocrx_word' id='word_1_720' title='bbox 926 2416 1012 2443; x_wconf 84' lang='lat' dir='ltr'><strong>mari-</strong></span> 
     </span>
    </p>
   </div>
   <div class='ocr_carea' id='block_1_96' title="bbox 216 2459 1013 2496">
    <p class='ocr_par' dir='ltr' id='par_1_96' title="bbox 216 2459 1013 2496">
     <span class='ocr_line' id='line_1_96' title="bbox 216 2459 1013 2496; baseline 0.008 -12"><span class='ocrx_word' id='word_1_721' title='bbox 216 2461 282 2490; x_wconf 78' lang='lat' dir='ltr'><strong>tus,</strong></span> <span class='ocrx_word' id='word_1_722' title='bbox 301 2463 395 2492; x_wconf 85' lang='lat' dir='ltr'><strong>peccat</strong></span> <span class='ocrx_word' id='word_1_723' title='bbox 416 2459 443 2486; x_wconf 94' lang='lat' dir='ltr'><strong>in</strong></span> <span class='ocrx_word' id='word_1_724' title='bbox 465 2467 566 2495; x_wconf 83' lang='lat' dir='ltr'><strong>corpus</strong></span> <span class='ocrx_word' id='word_1_725' title='bbox 586 2468 687 2493; x_wconf 90' lang='lat' dir='ltr'><strong>suum,</strong></span> <span class='ocrx_word' id='word_1_726' title='bbox 703 2461 777 2496; x_wconf 90' lang='lat' dir='ltr'><strong>quod</strong></span> <span class='ocrx_word' id='word_1_727' title='bbox 800 2466 844 2490; x_wconf 89' lang='lat' dir='ltr'><strong>est</strong></span> <span class='ocrx_word' id='word_1_728' title='bbox 864 2470 951 2496; x_wconf 79' lang='lat' dir='ltr'><strong>uxor;</strong></span> <span class='ocrx_word' id='word_1_729' title='bbox 973 2463 1013 2490; x_wconf 87' lang='lat' dir='ltr'><strong>sic</strong></span> 
     </span>
    </p>
   </div>
   <div class='ocr_carea' id='block_1_97' title="bbox 214 2503 1013 2543">
    <p class='ocr_par' dir='ltr' id='par_1_97' title="bbox 214 2503 1013 2543">
     <span class='ocr_line' id='line_1_97' title="bbox 214 2503 1013 2543; baseline 0.008 -13"><span class='ocrx_word' id='word_1_730' title='bbox 214 2507 246 2530; x_wconf 85' lang='lat' dir='ltr'><strong>et</strong></span> <span class='ocrx_word' id='word_1_731' title='bbox 262 2503 332 2531; x_wconf 87' lang='lat' dir='ltr'><strong>alter</strong></span> <span class='ocrx_word' id='word_1_732' title='bbox 355 2504 383 2531; x_wconf 91' lang='lat' dir='ltr'><strong>in</strong></span> <span class='ocrx_word' id='word_1_733' title='bbox 409 2505 522 2533; x_wconf 84' lang='lat' dir='ltr'><strong>alterius</strong></span> <span class='ocrx_word' id='word_1_734' title='bbox 544 2511 659 2541; x_wconf 87' lang='lat' dir='ltr'><strong>peccant</strong></span> <span class='ocrx_word' id='word_1_735' title='bbox 680 2515 806 2541; x_wconf 74' lang='lat' dir='ltr'><strong>corpora,</strong></span> <span class='ocrx_word' id='word_1_736' title='bbox 828 2508 937 2543; x_wconf 85' lang='lat' dir='ltr'><strong>quando</strong></span> <span class='ocrx_word' id='word_1_737' title='bbox 957 2516 1013 2536; x_wconf 92' lang='lat' dir='ltr'><strong>non</strong></span> 
     </span>
    </p>
   </div>
   <div class='ocr_carea' id='block_1_98' title="bbox 217 2549 1013 2589">
    <p class='ocr_par' dir='ltr' id='par_1_98' title="bbox 217 2549 1013 2589">
     <span class='ocr_line' id='line_1_98' title="bbox 217 2549 1013 2589; baseline 0.006 -12"><span class='ocrx_word' id='word_1_738' title='bbox 217 2557 249 2577; x_wconf 85' lang='lat' dir='ltr'><strong>se</strong></span> <span class='ocrx_word' id='word_1_739' title='bbox 266 2549 353 2585; x_wconf 79' lang='lat' dir='ltr'><strong>ipsos,</strong></span> <span class='ocrx_word' id='word_1_740' title='bbox 376 2552 424 2578; x_wconf 90' lang='lat' dir='ltr'><strong>sed</strong></span> <span class='ocrx_word' id='word_1_741' title='bbox 450 2552 555 2579; x_wconf 86' lang='lat' dir='ltr'><strong>alienos</strong></span> <span class='ocrx_word' id='word_1_742' title='bbox 579 2553 724 2586; x_wconf 86' lang='lat' dir='ltr'><strong>adamant;</strong></span> <span class='ocrx_word' id='word_1_743' title='bbox 747 2558 840 2589; x_wconf 86' lang='lat' dir='ltr'><strong>utpote</strong></span> <span class='ocrx_word' id='word_1_744' title='bbox 863 2555 909 2589; x_wconf 87' lang='lat' dir='ltr'><strong>qui</strong></span> <span class='ocrx_word' id='word_1_745' title='bbox 932 2555 1013 2582; x_wconf 86' lang='lat' dir='ltr'><strong>ambo</strong></span> 
     </span>
    </p>
   </div>
   <div class='ocr_carea' id='block_1_99' title="bbox 215 2597 1014 2635">
    <p class='ocr_par' dir='ltr' id='par_1_99' title="bbox 215 2597 1014 2635">
     <span class='ocr_line' id='line_1_99' title="bbox 215 2597 1014 2635; baseline 0.006 -11"><span class='ocrx_word' id='word_1_746' title='bbox 215 2597 372 2624; x_wconf 83' lang='lat' dir='ltr'><strong>maritalem</strong></span> <span class='ocrx_word' id='word_1_747' title='bbox 391 2602 480 2626; x_wconf 89' lang='lat' dir='ltr'><strong>torum</strong></span> <span class='ocrx_word' id='word_1_748' title='bbox 504 2600 578 2634; x_wconf 90' lang='lat' dir='ltr'><strong>turpi</strong></span> <span class='ocrx_word' id='word_1_749' title='bbox 620 2599 724 2635; x_wconf 76' lang='lat' dir='ltr'><strong>ﬂagitio</strong></span> <span class='ocrx_word' id='word_1_750' title='bbox 746 2601 939 2628; x_wconf 88' lang='lat' dir='ltr'><strong>dehonestant.</strong></span> <span class='ocrx_word' id='word_1_751' title='bbox 955 2601 1014 2629; x_wconf 85' lang='lat' dir='ltr'><strong>Hac</strong></span> 
     </span>
    </p>
   </div>
   <div class='ocr_carea' id='block_1_100' title="bbox 218 2642 1013 2684">
    <p class='ocr_par' dir='ltr' id='par_1_100' title="bbox 218 2642 1013 2684">
     <span class='ocr_line' id='line_1_100' title="bbox 218 2642 1013 2684; baseline 0.008 -14"><span class='ocrx_word' id='word_1_752' title='bbox 218 2642 303 2676; x_wconf 74' lang='lat' dir='ltr'><strong>igitur</strong></span> <span class='ocrx_word' id='word_1_753' title='bbox 323 2643 357 2671; x_wconf 89' lang='lat' dir='ltr'><strong>de</strong></span> <span class='ocrx_word' id='word_1_754' title='bbox 379 2651 463 2672; x_wconf 76' lang='lat' dir='ltr'><strong>causa</strong></span> <span class='ocrx_word' id='word_1_755' title='bbox 478 2665 486 2678; x_wconf 89' lang='lat'><strong>,</strong></span> <span class='ocrx_word' id='word_1_756' title='bbox 515 2655 524 2672; x_wconf 76' lang='grc' dir='ltr'>ι</span> <span class='ocrx_word' id='word_1_757' title='bbox 541 2645 629 2674; x_wconf 89' lang='lat' dir='ltr'><strong>Omne</strong></span> <span class='ocrx_word' id='word_1_758' title='bbox 646 2652 788 2683; x_wconf 86' lang='lat' dir='ltr'><strong>peccatum</strong></span> <span class='ocrx_word' id='word_1_759' title='bbox 808 2653 884 2676; x_wconf 82' lang='lat' dir='ltr'><strong>extra</strong></span> <span class='ocrx_word' id='word_1_760' title='bbox 912 2656 1013 2684; x_wconf 88' lang='lat' dir='ltr'><strong>corpus</strong></span> 
     </span>
    </p>
   </div>
   <div class='ocr_carea' id='block_1_101' title="bbox 218 2690 1013 2730">
    <p class='ocr_par' dir='ltr' id='par_1_101' title="bbox 218 2690 1013 2730">
     <span class='ocr_line' id='line_1_101' title="bbox 218 2690 1013 2730; baseline 0.01 -15"><span class='ocrx_word' id='word_1_761' title='bbox 218 2693 260 2715; x_wconf 83' lang='lat' dir='ltr'><strong>est</strong></span> <span class='ocrx_word' id='word_1_762' title='bbox 283 2697 290 2716; x_wconf 91' lang='lat'>:</span> <span class='ocrx_word' id='word_1_763' title='bbox 317 2690 363 2724; x_wconf 88' lang='lat' dir='ltr'><strong>qui</strong></span> <span class='ocrx_word' id='word_1_764' title='bbox 388 2696 479 2719; x_wconf 87' lang='lat' dir='ltr'><strong>autem</strong></span> <span class='ocrx_word' id='word_1_765' title='bbox 502 2692 665 2727; x_wconf 88' lang='lat' dir='ltr'><strong>fornicatur,</strong></span> <span class='ocrx_word' id='word_1_766' title='bbox 682 2694 708 2721; x_wconf 92' lang='lat' dir='ltr'><strong>in</strong></span> <span class='ocrx_word' id='word_1_767' title='bbox 731 2702 831 2729; x_wconf 84' lang='lat' dir='ltr'><strong>corpus</strong></span> <span class='ocrx_word' id='word_1_768' title='bbox 854 2702 934 2722; x_wconf 86' lang='lat' dir='ltr'><strong>suum</strong></span> <span class='ocrx_word' id='word_1_769' title='bbox 951 2703 1013 2730; x_wconf 88' lang='lat' dir='ltr'><strong>pec-</strong></span> 
     </span>
    </p>
   </div>
   <div class='ocr_carea' id='block_1_102' title="bbox 217 2737 1012 2775">
    <p class='ocr_par' dir='ltr' id='par_1_102' title="bbox 217 2737 1012 2775">
     <span class='ocr_line' id='line_1_102' title="bbox 217 2737 1012 2775; baseline 0.011 -15"><span class='ocrx_word' id='word_1_770' title='bbox 217 2738 279 2766; x_wconf 83' lang='lat' dir='ltr'><strong>cat;</strong></span> <span class='ocrx_word' id='word_1_771' title='bbox 301 2745 311 2762; x_wconf 78' lang='grc' dir='ltr'><strong>ι</strong></span> <span class='ocrx_word' id='word_1_772' title='bbox 341 2743 374 2763; x_wconf 86' lang='lat' dir='ltr'><strong>ac</strong></span> <span class='ocrx_word' id='word_1_773' title='bbox 398 2737 533 2766; x_wconf 89' lang='lat' dir='ltr'><strong>sordescit</strong></span> <span class='ocrx_word' id='word_1_774' title='bbox 556 2747 656 2774; x_wconf 91' lang='lat' dir='ltr'><strong>corpus</strong></span> <span class='ocrx_word' id='word_1_775' title='bbox 679 2741 759 2775; x_wconf 87' lang='lat' dir='ltr'><strong>ejus,</strong></span> <span class='ocrx_word' id='word_1_776' title='bbox 785 2740 871 2769; x_wconf 89' lang='lat' dir='ltr'><strong>instar</strong></span> <span class='ocrx_word' id='word_1_777' title='bbox 896 2742 954 2769; x_wconf 89' lang='lat' dir='ltr'><strong>suis</strong></span> <span class='ocrx_word' id='word_1_778' title='bbox 985 2743 1012 2769; x_wconf 91' lang='lat' dir='ltr'><strong>in</strong></span> 
     </span>
    </p>
   </div>
   <div class='ocr_carea' id='block_1_103' title="bbox 218 2782 1013 2818">
    <p class='ocr_par' dir='ltr' id='par_1_103' title="bbox 218 2782 1013 2818">
     <span class='ocr_line' id='line_1_103' title="bbox 218 2782 1013 2818; baseline 0.013 -13"><span class='ocrx_word' id='word_1_779' title='bbox 218 2783 341 2808; x_wconf 87' lang='lat' dir='ltr'><strong>stercore</strong></span> <span class='ocrx_word' id='word_1_780' title='bbox 357 2782 471 2811; x_wconf 87' lang='lat' dir='ltr'><strong>volutati</strong></span> <span class='ocrx_word' id='word_1_781' title='bbox 485 2804 493 2818; x_wconf 93' lang='lat'><strong>,</strong></span> <span class='ocrx_word' id='word_1_782' title='bbox 516 2789 543 2812; x_wconf 89' lang='lat' dir='ltr'><strong>et</strong></span> <span class='ocrx_word' id='word_1_783' title='bbox 560 2786 651 2813; x_wconf 82' lang='lat' dir='ltr'><strong>anima</strong></span> <span class='ocrx_word' id='word_1_784' title='bbox 670 2787 757 2814; x_wconf 88' lang='lat' dir='ltr'><strong>instar</strong></span> <span class='ocrx_word' id='word_1_785' title='bbox 771 2787 902 2815; x_wconf 67' lang='lat' dir='ltr'><strong>daemonis</strong></span> <span class='ocrx_word' id='word_1_786' title='bbox 917 2787 1013 2816; x_wconf 76' lang='lat' dir='ltr'><strong>fwtcre</strong></span> 
     </span>
    </p>
   </div>
   <div class='ocr_carea' id='block_1_104' title="bbox 219 2825 1014 2870">
    <p class='ocr_par' dir='ltr' id='par_1_104' title="bbox 219 2825 1014 2870">
     <span class='ocr_line' id='line_1_104' title="bbox 219 2825 1014 2870; baseline 0.014 -19"><span class='ocrx_word' id='word_1_787' title='bbox 219 2825 313 2860; x_wconf 88' lang='lat' dir='ltr'><strong>incipit</strong></span> <span class='ocrx_word' id='word_1_788' title='bbox 331 2836 338 2854; x_wconf 88' lang='lat'>:</span> <span class='ocrx_word' id='word_1_789' title='bbox 362 2836 482 2864; x_wconf 87' lang='lat' dir='ltr'><strong>cumque</strong></span> <span class='ocrx_word' id='word_1_790' title='bbox 508 2836 606 2860; x_wconf 77' lang='lat' dir='ltr'><strong>caetera</strong></span> <span class='ocrx_word' id='word_1_791' title='bbox 624 2837 738 2867; x_wconf 88' lang='lat' dir='ltr'><strong>peccata</strong></span> <span class='ocrx_word' id='word_1_792' title='bbox 764 2834 884 2861; x_wconf 88' lang='lat' dir='ltr'><strong>tenebris</strong></span> <span class='ocrx_word' id='word_1_793' title='bbox 901 2834 1014 2870; x_wconf 88' lang='lat' dir='ltr'><strong>quibus-</strong></span> 
     </span>
    </p>
   </div>
   <div class='ocr_carea' id='block_1_105' title="bbox 1065 2321 1857 2361">
    <p class='ocr_par' dir='ltr' id='par_1_105' title="bbox 1065 2321 1857 2361">
     <span class='ocr_line' id='line_1_105' title="bbox 1065 2321 1857 2361; baseline 0.004 -11"><span class='ocrx_word' id='word_1_794' title='bbox 1065 2321 1113 2350; x_wconf 78' lang='grc' dir='ltr'>οὖν</span> <span class='ocrx_word' id='word_1_795' title='bbox 1130 2324 1144 2355; x_wconf 84' lang='grc' dir='ltr'>ἡ</span> <span class='ocrx_word' id='word_1_796' title='bbox 1162 2323 1231 2359; x_wconf 80' lang='grc' dir='ltr'>γυνὴ</span> <span class='ocrx_word' id='word_1_797' title='bbox 1245 2324 1393 2359; x_wconf 83' lang='grc' dir='ltr'>πορνεύσῃ,</span> <span class='ocrx_word' id='word_1_798' title='bbox 1409 2325 1448 2357; x_wconf 84' lang='grc' dir='ltr'><strong>εἰς</strong></span> <span class='ocrx_word' id='word_1_799' title='bbox 1463 2325 1493 2352; x_wconf 82' lang='grc' dir='ltr'>τὸ</span> <span class='ocrx_word' id='word_1_800' title='bbox 1506 2326 1585 2360; x_wconf 86' lang='grc' dir='ltr'>σῶμα</span> <span class='ocrx_word' id='word_1_801' title='bbox 1598 2326 1645 2352; x_wconf 79' lang='grc' dir='ltr'><strong>τοῦ</strong></span> <span class='ocrx_word' id='word_1_802' title='bbox 1662 2326 1757 2361; x_wconf 76' lang='grc' dir='ltr'>ἀνδρὸς</span> <span class='ocrx_word' id='word_1_803' title='bbox 1769 2327 1857 2361; x_wconf 79' lang='grc' dir='ltr'>ἀμαρ-</span> 
     </span>
    </p>
   </div>
   <div class='ocr_carea' id='block_1_106' title="bbox 1065 2367 1876 2407">
    <p class='ocr_par' dir='ltr' id='par_1_106' title="bbox 1065 2367 1876 2407">
     <span class='ocr_line' id='line_1_106' title="bbox 1065 2367 1876 2407; baseline 0.002 -11"><span class='ocrx_word' id='word_1_804' title='bbox 1065 2369 1141 2396; x_wconf 76' lang='grc' dir='ltr'>τάνει</span> <span class='ocrx_word' id='word_1_805' title='bbox 1153 2377 1160 2385; x_wconf 87' lang='grc'><strong>·</strong></span> <span class='ocrx_word' id='word_1_806' title='bbox 1179 2370 1227 2396; x_wconf 81' lang='grc' dir='ltr'>ἑὰν</span> <span class='ocrx_word' id='word_1_807' title='bbox 1241 2370 1270 2397; x_wconf 82' lang='grc' dir='ltr'>δὲ</span> <span class='ocrx_word' id='word_1_808' title='bbox 1289 2371 1302 2397; x_wconf 86' lang='grc' dir='ltr'><strong>ὀ</strong></span> <span class='ocrx_word' id='word_1_809' title='bbox 1320 2370 1389 2407; x_wconf 84' lang='grc' dir='ltr'>ἀνὴρ</span> <span class='ocrx_word' id='word_1_810' title='bbox 1408 2371 1569 2407; x_wconf 83' lang='grc' dir='ltr'>ἁμαρτήσῃ,</span> <span class='ocrx_word' id='word_1_811' title='bbox 1585 2373 1625 2403; x_wconf 85' lang='grc' dir='ltr'><strong>εἰς</strong></span> <span class='ocrx_word' id='word_1_812' title='bbox 1644 2372 1675 2398; x_wconf 74' lang='grc' dir='ltr'>τὸ</span> <span class='ocrx_word' id='word_1_813' title='bbox 1693 2372 1758 2399; x_wconf 82' lang='grc' dir='ltr'>ἴδιον</span> <span class='ocrx_word' id='word_1_814' title='bbox 1776 2372 1856 2407; x_wconf 84' lang='grc' dir='ltr'>σῶμα</span> <span class='ocrx_word' id='word_1_815' title='bbox 1868 2367 1876 2373; x_wconf 78' lang='grc'><strong>’</strong></span> 
     </span>
    </p>
   </div>
   <div class='ocr_carea' id='block_1_107' title="bbox 1065 2416 1856 2452">
    <p class='ocr_par' dir='ltr' id='par_1_107' title="bbox 1065 2416 1856 2452">
     <span class='ocr_line' id='line_1_107' title="bbox 1065 2416 1856 2452; baseline 0.003 -10"><span class='ocrx_word' id='word_1_816' title='bbox 1065 2416 1115 2450; x_wconf 86' lang='grc' dir='ltr'>τῆς</span> <span class='ocrx_word' id='word_1_817' title='bbox 1134 2416 1265 2449; x_wconf 78' lang='grc' dir='ltr'>γυναικὸς</span> <span class='ocrx_word' id='word_1_818' title='bbox 1283 2417 1455 2452; x_wconf 81' lang='grc' dir='ltr'>ἁμαρτάνει”</span> <span class='ocrx_word' id='word_1_819' title='bbox 1473 2417 1559 2450; x_wconf 82' lang='grc' dir='ltr'>οὓτως</span> <span class='ocrx_word' id='word_1_820' title='bbox 1575 2418 1621 2445; x_wconf 74' lang='grc' dir='ltr'>οὖν</span> <span class='ocrx_word' id='word_1_821' title='bbox 1643 2419 1682 2450; x_wconf 76' lang='grc' dir='ltr'><strong>είς</strong></span> <span class='ocrx_word' id='word_1_822' title='bbox 1700 2418 1734 2445; x_wconf 80' lang='grc' dir='ltr'><strong>τὰ</strong></span> <span class='ocrx_word' id='word_1_823' title='bbox 1751 2418 1856 2445; x_wconf 81' lang='grc' dir='ltr'>ἑαυτῶν</span> 
     </span>
    </p>
   </div>
   <div class='ocr_carea' id='block_1_108' title="bbox 1066 2461 1855 2500">
    <p class='ocr_par' dir='ltr' id='par_1_108' title="bbox 1066 2461 1855 2500">
     <span class='ocr_line' id='line_1_108' title="bbox 1066 2461 1855 2500; baseline 0.003 -11"><span class='ocrx_word' id='word_1_824' title='bbox 1066 2461 1183 2497; x_wconf 81' lang='grc' dir='ltr'>σώματα</span> <span class='ocrx_word' id='word_1_825' title='bbox 1195 2463 1410 2498; x_wconf 82' lang='grc' dir='ltr'>ἁμαρτάνουσιν,</span> <span class='ocrx_word' id='word_1_826' title='bbox 1419 2464 1538 2500; x_wconf 79' lang='grc' dir='ltr'>ὁπηνίκα</span> <span class='ocrx_word' id='word_1_827' title='bbox 1550 2464 1599 2500; x_wconf 79' lang='grc' dir='ltr'>οὐχ</span> <span class='ocrx_word' id='word_1_828' title='bbox 1610 2465 1713 2491; x_wconf 79' lang='grc' dir='ltr'>ἑαυτῶν</span> <span class='ocrx_word' id='word_1_829' title='bbox 1728 2465 1855 2500; x_wconf 82' lang='grc' dir='ltr'>ὲρῶνται,</span> 
     </span>
    </p>
   </div>
   <div class='ocr_carea' id='block_1_109' title="bbox 1065 2508 1857 2546">
    <p class='ocr_par' dir='ltr' id='par_1_109' title="bbox 1065 2508 1857 2546">
     <span class='ocr_line' id='line_1_109' title="bbox 1065 2508 1857 2546; baseline 0.005 -13"><span class='ocrx_word' id='word_1_830' title='bbox 1065 2508 1134 2535; x_wconf 81' lang='grc' dir='ltr'>ἀλλὰ</span> <span class='ocrx_word' id='word_1_831' title='bbox 1148 2509 1202 2535; x_wconf 85' lang='grc' dir='ltr'>τῶν</span> <span class='ocrx_word' id='word_1_832' title='bbox 1216 2508 1375 2543; x_wconf 79' lang='grc' dir='ltr'>ἀλλοτρίων,</span> <span class='ocrx_word' id='word_1_833' title='bbox 1392 2510 1430 2542; x_wconf 80' lang='grc' dir='ltr'>ὡς</span> <span class='ocrx_word' id='word_1_834' title='bbox 1443 2510 1593 2546; x_wconf 76' lang='grc' dir='ltr'>ἀμφότεροι</span> <span class='ocrx_word' id='word_1_835' title='bbox 1610 2511 1659 2546; x_wconf 80' lang='grc' dir='ltr'>τὴν</span> <span class='ocrx_word' id='word_1_836' title='bbox 1682 2511 1749 2537; x_wconf 78' lang='grc' dir='ltr'>ἰδίαν</span> <span class='ocrx_word' id='word_1_837' title='bbox 1763 2511 1857 2546; x_wconf 83' lang='grc' dir='ltr'>κοίτην</span> 
     </span>
    </p>
   </div>
   <div class='ocr_carea' id='block_1_110' title="bbox 1067 2555 1855 2593">
    <p class='ocr_par' dir='ltr' id='par_1_110' title="bbox 1067 2555 1855 2593">
     <span class='ocr_line' id='line_1_110' title="bbox 1067 2555 1855 2593; baseline 0.003 -12"><span class='ocrx_word' id='word_1_838' title='bbox 1067 2555 1229 2590; x_wconf 83' lang='grc' dir='ltr'>μιαίνοντες,</span> <span class='ocrx_word' id='word_1_839' title='bbox 1249 2556 1299 2583; x_wconf 79' lang='grc' dir='ltr'>Διὰ</span> <span class='ocrx_word' id='word_1_840' title='bbox 1315 2557 1395 2584; x_wconf 88' lang='grc' dir='ltr'>τοῦτο</span> <span class='ocrx_word' id='word_1_841' title='bbox 1412 2558 1468 2592; x_wconf 85' lang='grc' dir='ltr'>γὰρ</span> <span class='ocrx_word' id='word_1_842' title='bbox 1491 2558 1564 2585; x_wconf 80' lang='grc' dir='ltr'>πᾶσα</span> <span class='ocrx_word' id='word_1_843' title='bbox 1580 2558 1700 2593; x_wconf 83' lang='grc' dir='ltr'>ἁμαρτία</span> <span class='ocrx_word' id='word_1_844' title='bbox 1713 2557 1791 2589; x_wconf 76' lang='grc' dir='ltr'>ἐκτὸς</span> <span class='ocrx_word' id='word_1_845' title='bbox 1807 2557 1855 2584; x_wconf 84' lang='grc' dir='ltr'>τοῦ</span> 
     </span>
    </p>
   </div>
   <div class='ocr_carea' id='block_1_111' title="bbox 1065 2601 1857 2639">
    <p class='ocr_par' dir='ltr' id='par_1_111' title="bbox 1065 2601 1857 2639">
     <span class='ocr_line' id='line_1_111' title="bbox 1065 2601 1857 2639; baseline 0.004 -12"><span class='ocrx_word' id='word_1_846' title='bbox 1065 2601 1192 2637; x_wconf 84' lang='grc' dir='ltr'>σώματός</span> <span class='ocrx_word' id='word_1_847' title='bbox 1219 2603 1314 2630; x_wconf 77' lang='grc' dir='ltr'>ἐστιν·</span> <span class='ocrx_word' id='word_1_848' title='bbox 1330 2604 1345 2630; x_wconf 89' lang='lat'><strong>6</strong></span> <span class='ocrx_word' id='word_1_849' title='bbox 1367 2603 1396 2630; x_wconf 83' lang='grc' dir='ltr'>δὲ</span> <span class='ocrx_word' id='word_1_850' title='bbox 1423 2604 1563 2639; x_wconf 80' lang='grc' dir='ltr'>πορνεύων</span> <span class='ocrx_word' id='word_1_851' title='bbox 1577 2605 1617 2636; x_wconf 83' lang='grc' dir='ltr'><strong>εἰς</strong></span> <span class='ocrx_word' id='word_1_852' title='bbox 1632 2604 1662 2631; x_wconf 77' lang='grc' dir='ltr'>τὸ</span> <span class='ocrx_word' id='word_1_853' title='bbox 1689 2604 1753 2631; x_wconf 82' lang='grc' dir='ltr'>ἰδιον</span> <span class='ocrx_word' id='word_1_854' title='bbox 1776 2603 1857 2639; x_wconf 86' lang='grc' dir='ltr'>σῶμα</span> 
     </span>
    </p>
   </div>
   <div class='ocr_carea' id='block_1_112' title="bbox 1064 2649 1857 2686">
    <p class='ocr_par' dir='ltr' id='par_1_112' title="bbox 1064 2649 1857 2686">
     <span class='ocr_line' id='line_1_112' title="bbox 1064 2649 1857 2686; baseline 0 -10"><span class='ocrx_word' id='word_1_855' title='bbox 1064 2649 1228 2685; x_wconf 80' lang='grc' dir='ltr'>ἁμαρτάνει,</span> <span class='ocrx_word' id='word_1_856' title='bbox 1254 2649 1349 2686; x_wconf 81' lang='grc' dir='ltr'>ὥσπερ</span> <span class='ocrx_word' id='word_1_857' title='bbox 1364 2651 1455 2686; x_wconf 81' lang='grc' dir='ltr'>χοῖρος</span> <span class='ocrx_word' id='word_1_858' title='bbox 1479 2651 1508 2676; x_wconf 73' lang='grc' dir='ltr'>ἐν</span> <span class='ocrx_word' id='word_1_859' title='bbox 1523 2651 1620 2686; x_wconf 81' lang='grc' dir='ltr'>κόπρῳ</span> <span class='ocrx_word' id='word_1_860' title='bbox 1637 2650 1857 2684; x_wconf 81' lang='grc' dir='ltr'>κυλινδούμενος,</span> 
     </span>
    </p>
   </div>
   <div class='ocr_carea' id='block_1_113' title="bbox 1067 2695 1855 2732">
    <p class='ocr_par' dir='ltr' id='par_1_113' title="bbox 1067 2695 1855 2732">
     <span class='ocr_line' id='line_1_113' title="bbox 1067 2695 1855 2732; baseline 0.001 -11"><span class='ocrx_word' id='word_1_861' title='bbox 1067 2696 1113 2722; x_wconf 74' lang='grc' dir='ltr'>καὶ</span> <span class='ocrx_word' id='word_1_862' title='bbox 1127 2695 1232 2730; x_wconf 84' lang='grc' dir='ltr'>γίνεται</span> <span class='ocrx_word' id='word_1_863' title='bbox 1255 2696 1339 2724; x_wconf 76' lang='grc' dir='ltr'>αὑτοῦ</span> <span class='ocrx_word' id='word_1_864' title='bbox 1366 2696 1397 2722; x_wconf 80' lang='grc' dir='ltr'>τὸ</span> <span class='ocrx_word' id='word_1_865' title='bbox 1413 2696 1495 2731; x_wconf 86' lang='grc' dir='ltr'>σῶμα</span> <span class='ocrx_word' id='word_1_866' title='bbox 1511 2695 1666 2732; x_wconf 81' lang='grc' dir='ltr'>σικχαντδν,</span> <span class='ocrx_word' id='word_1_867' title='bbox 1680 2696 1727 2723; x_wconf 72' lang='grc' dir='ltr'>καὶ</span> <span class='ocrx_word' id='word_1_868' title='bbox 1738 2695 1855 2731; x_wconf 79' lang='grc' dir='ltr'>όζομένη</span> 
     </span>
    </p>
   </div>
   <div class='ocr_carea' id='block_1_114' title="bbox 1065 2742 1860 2777">
    <p class='ocr_par' dir='ltr' id='par_1_114' title="bbox 1065 2742 1860 2777">
     <span class='ocr_line' id='line_1_114' title="bbox 1065 2742 1860 2777; baseline 0.001 -9"><span class='ocrx_word' id='word_1_869' title='bbox 1065 2742 1139 2777; x_wconf 68' lang='grc' dir='ltr'><strong>ψυχὴ</strong></span> <span class='ocrx_word' id='word_1_870' title='bbox 1170 2742 1263 2775; x_wconf 81' lang='grc' dir='ltr'>αὐτοῦ,</span> <span class='ocrx_word' id='word_1_871' title='bbox 1285 2742 1380 2777; x_wconf 84' lang='grc' dir='ltr'>ὥσπερ</span> <span class='ocrx_word' id='word_1_872' title='bbox 1396 2742 1524 2777; x_wconf 82' lang='grc' dir='ltr'>δαίμονος</span> <span class='ocrx_word' id='word_1_873' title='bbox 1534 2752 1540 2758; x_wconf 92' lang='grc'><strong>·</strong></span> <span class='ocrx_word' id='word_1_874' title='bbox 1555 2743 1602 2769; x_wconf 68' lang='grc' dir='ltr'>καὶ</span> <span class='ocrx_word' id='word_1_875' title='bbox 1617 2743 1693 2769; x_wconf 80' lang='grc' dir='ltr'>πᾶσα</span> <span class='ocrx_word' id='word_1_876' title='bbox 1706 2742 1755 2777; x_wconf 80' lang='grc' dir='ltr'>μὲν</span> <span class='ocrx_word' id='word_1_877' title='bbox 1768 2743 1860 2777; x_wconf 79' lang='grc' dir='ltr'>ἁμαρ-</span> 
     </span>
    </p>
   </div>
   <div class='ocr_carea' id='block_1_115' title="bbox 1067 2787 1858 2824">
    <p class='ocr_par' dir='ltr' id='par_1_115' title="bbox 1067 2787 1858 2824">
     <span class='ocr_line' id='line_1_115' title="bbox 1067 2787 1858 2824; baseline 0 -10"><span class='ocrx_word' id='word_1_878' title='bbox 1067 2788 1113 2814; x_wconf 81' lang='grc' dir='ltr'><strong>τία</strong></span> <span class='ocrx_word' id='word_1_879' title='bbox 1128 2788 1223 2820; x_wconf 81' lang='grc' dir='ltr'>δεινῶς</span> <span class='ocrx_word' id='word_1_880' title='bbox 1238 2788 1288 2824; x_wconf 78' lang='grc' dir='ltr'>τὴν</span> <span class='ocrx_word' id='word_1_881' title='bbox 1300 2788 1390 2824; x_wconf 71' lang='grc' dir='ltr'>ψυχὴν</span> <span class='ocrx_word' id='word_1_882' title='bbox 1416 2788 1534 2824; x_wconf 75' lang='grc' dir='ltr'>ζοφώδη,</span> <span class='ocrx_word' id='word_1_883' title='bbox 1553 2789 1569 2823; x_wconf 84' lang='grc' dir='ltr'>ἡ</span> <span class='ocrx_word' id='word_1_884' title='bbox 1586 2788 1615 2815; x_wconf 79' lang='grc' dir='ltr'>δὲ</span> <span class='ocrx_word' id='word_1_885' title='bbox 1637 2788 1750 2823; x_wconf 82' lang='grc' dir='ltr'>πορνεία</span> <span class='ocrx_word' id='word_1_886' title='bbox 1768 2787 1858 2815; x_wconf 77' lang='grc' dir='ltr'>δυσῶ-</span> 
     </span>
    </p>
   </div>
   <div class='ocr_carea' id='block_1_116' title="bbox 1066 2833 1867 2870">
    <p class='ocr_par' dir='ltr' id='par_1_116' title="bbox 1066 2833 1867 2870">
     <span class='ocr_line' id='line_1_116' title="bbox 1066 2833 1867 2870; baseline 0.002 -10"><span class='ocrx_word' id='word_1_887' title='bbox 1066 2833 1109 2865; x_wconf 83' lang='grc' dir='ltr'><strong>δες</strong></span> <span class='ocrx_word' id='word_1_888' title='bbox 1122 2833 1168 2860; x_wconf 65' lang='grc' dir='ltr'><strong>καὶ</strong></span> <span class='ocrx_word' id='word_1_889' title='bbox 1188 2834 1301 2870; x_wconf 78' lang='grc' dir='ltr'>αἰσχρὸν</span> <span class='ocrx_word' id='word_1_890' title='bbox 1313 2834 1343 2860; x_wconf 83' lang='grc' dir='ltr'>τὸ</span> <span class='ocrx_word' id='word_1_891' title='bbox 1357 2834 1439 2870; x_wconf 85' lang='grc' dir='ltr'>σῶμα</span> <span class='ocrx_word' id='word_1_892' title='bbox 1450 2834 1650 2870; x_wconf 73' lang='grc' dir='ltr'>ἀπεργάζεται.</span> <span class='ocrx_word' id='word_1_893' title='bbox 1859 2839 1867 2865; x_wconf 59' lang='grc' dir='ltr'><strong>ι’</strong></span> 
     </span>
    </p>
   </div>
   <div class='ocr_carea' id='block_1_117' title="bbox 217 2870 1441 2916">
    <p class='ocr_par' dir='ltr' id='par_1_117' title="bbox 217 2870 1441 2916">
     <span class='ocr_line' id='line_1_117' title="bbox 217 2870 1441 2916; baseline 0.011 -20"><span class='ocrx_word' id='word_1_894' title='bbox 217 2870 280 2898; x_wconf 83' lang='lat' dir='ltr'><strong>dam</strong></span> <span class='ocrx_word' id='word_1_895' title='bbox 306 2871 450 2901; x_wconf 87' lang='lat' dir='ltr'><strong>involvunt</strong></span> <span class='ocrx_word' id='word_1_896' title='bbox 470 2876 610 2912; x_wconf 86' lang='lat' dir='ltr'><strong>animam,</strong></span> <span class='ocrx_word' id='word_1_897' title='bbox 631 2878 777 2907; x_wconf 83' lang='lat' dir='ltr'><strong>fornicatio</strong></span> <span class='ocrx_word' id='word_1_898' title='bbox 802 2879 913 2915; x_wconf 84' lang='lat' dir='ltr'><strong>insuper</strong></span> <span class='ocrx_word' id='word_1_899' title='bbox 938 2885 1015 2915; x_wconf 82' lang='lat' dir='ltr'><strong>turpe</strong></span> <span class='ocrx_word' id='word_1_900' title='bbox 1035 2879 1213 2916; x_wconf 84' lang='lat' dir='ltr'><strong>foetidumque</strong></span> <span class='ocrx_word' id='word_1_901' title='bbox 1233 2880 1313 2909; x_wconf 82' lang='lat' dir='ltr'><strong>etiicit-</strong></span> <span class='ocrx_word' id='word_1_902' title='bbox 1334 2888 1441 2916; x_wconf 87' lang='lat' dir='ltr'><strong>corpus.</strong></span> 
     </span>
    </p>
   </div>
   <div class='ocr_carea' id='block_1_118' title="bbox 261 2916 519 2955">
    <p class='ocr_par' dir='ltr' id='par_1_118' title="bbox 261 2916 519 2955">
     <span class='ocr_line' id='line_1_118' title="bbox 261 2916 519 2955; baseline 0.023 -12"><span class='ocrx_word' id='word_1_903' title='bbox 261 2916 282 2932; x_wconf 77' lang='lat'>&quot;</span> <span class='ocrx_word' id='word_1_904' title='bbox 301 2916 311 2944; x_wconf 88' lang='grc' dir='ltr'>ι</span> <span class='ocrx_word' id='word_1_905' title='bbox 329 2917 393 2945; x_wconf 83' lang='lat' dir='ltr'><strong>Cor.</strong></span> <span class='ocrx_word' id='word_1_906' title='bbox 411 2926 455 2951; x_wconf 87' lang='lat' dir='ltr'><strong>vt,</strong></span> <span class='ocrx_word' id='word_1_907' title='bbox 476 2920 519 2955; x_wconf 76' lang='lat' dir='ltr'><strong>t8.</strong></span> 
     </span>
    </p>
   </div>
  </div>
