2009 3088
119 194 171 224 829

703 194 792 226 ΥΙΤΑ
812 195 844 225 S.
866 195 1031 225 ANDREuE
1049 195 1143 227 SALl.

1438 171 1501 193 trra;
1513 172 1521 178 ‘
1536 173 1541 176 ί

1688 199 1740 231 830

152 248 223 284 paﬁ'.
247 249 406 284 Ἐπιφάνιος
418 247 508 276 εἶπεντ
525 250 591 277 Τίνα
606 251 679 284 λέγει
692 251 722 277 τὺ
736 252 901 286 Εὑαγγέλιον

991 253 1053 280 182.
1069 252 1237 287 Epiphanio,
1255 258 1316 287 post
1333 253 1388 280 haec
1411 253 1606 289 interroganti,
1637 255 1697 288 quis
1713 256 1739 282 in

118 296 270 331 μαμωνᾶν;
297 296 325 322 '0
351 296 446 330 Ἀγιος
469 294 562 323 εἶπεν*
580 298 720 332 Μαμωνᾶς
740 299 813 324 ἐστιν
826 299 840 324 ὁ
864 297 902 324 ὢν

117 341 244 376 τελώνης,
262 342 310 368 καὶ
333 341 434 376 ἅρπαξ,
456 343 503 369 καὶ
521 343 698 377 πλεονέκτης,
722 344 735 370 ὁ
752 344 902 370 κατεσθίων

117 387 165 418 τὰς
182 387 272 419 οἰκίας
294 387 348 414 τῶν
374 389 466 423 χηρῶν
483 389 530 414 καὶ
554 389 678 423 ὀρφανῶν
703 389 814 421 ἀδίκως,
832 389 902 416 κατᾶ

116 432 275 460 δυναστείαν
293 433 397 464 τούτοις
423 434 595 468 ὲπεμὸαίνων
608 443 614 449 ·
633 435 679 461 καὶ
705 436 837 469 μαμωνᾶς
861 435 905 461 λέ-

117 487 194 512 γεται
212 481 225 506 ὁ
240 480 289 514 τῆς
303 480 458 513 πλεονεξίας
471 481 585 516 δαίμων.
601 482 614 507 ὁ
628 482 668 512 εἰς
683 481 711 506 τὸ
726 481 811 513 πάθος
825 481 904 508 τοῦτο

117 524 204 552 ὠθῶν.
224 525 254 552 ’0
276 526 433 559 Ἐπιφάνιος
448 527 521 560 λέγει
534 535 540 542 ·
558 527 591 552 Τί
607 527 681 560 λέγει
694 527 724 553 τὸ
737 527 884 562 εἰρημένον
894 534 902 542 ⁸

119 580 128 597 ι
148 572 178 599 0!
195 571 247 598 υῐοί
264 581 310 598 σου
332 573 368 604 ὡς
385 574 500 607 νεόφυτα
516 572 615 599 ἐλαιῶν
626 573 719 608 κύκλῳ
733 574 782 608 τῆς
797 573 903 608 τραπέη

117 617 166 652 ζης
184 627 251 651 anu;
275 628 284 644 ι
307 619 337 645 Ὀ
354 619 494 653 Μακάριος
517 616 612 645 εἷπεν·
633 619 744 653 Βλέψον,
777 619 903 653 ὰγαπητέ

118 673 179 699 μου,
196 665 235 695 εἰς
251 665 286 691 τὰ
306 665 374 699 ἆγισ.
389 666 567 701 θυσιαστήρια
586 666 614 691 ὲν
628 667 661 700 τῇ
690 665 750 701 ὥρᾳ
770 666 819 700 τῆς
839 675 903 700 φρι-

117 709 183 743 κτῆς
206 709 386 745 λειτουργίας,
410 710 459 736 καὶ
477 710 571 737 θέασαι
586 710 679 745 κύκλῳ
692 711 743 745 τῆς
763 711 903 746 τραπέζης

116 754 178 786 ποὺς
193 755 267 786 υἱοὺς
283 755 330 781 τοῦ
354 755 422 782 Θεοῦ
441 756 510 789 μετὰ
538 756 687 791 λαμπάδων
711 757 840 788 ἑστῶτας,
866 756 903 788 ὠς

116 800 232 833 νεόφυτα
261 800 359 827 ἐλαιῶν
375 801 409 827 ὲν.
432 801 595 836 ἀμπελῶνι”
618 802 682 832 τοὺς
708 802 903 836 νεοφωτιστους

115 845 188 880 λέγω
205 847 234 872 ἐν
248 847 281 881 τῇ
298 846 357 881 ὥρᾳ
372 847 420 881 τῆς
437 848 603 882 ἱερουργίας,
622 847 715 882 ὥσπερ
729 849 816 883 ὡραῖα
833 848 903 881 φυτὰ

116 892 353 926 μεταφυτευθέντα
369 893 424 920 ἀπὸ
438 894 549 925 σκότους
567 895 608 925 εἰς
629 894 698 928 φῶς.
717 894 834 926 Τούτους
848 895 903 930 γὰρ

115 937 183 972 ἔχων
196 939 209 964 ό
222 939 367 974 Προφήτης
383 940 453 966 κατὰ
468 939 540 971 νοῦν,
560 940 648 967 ταῦτα
664 941 786 976 εἴρηκεν.

955 297 1100 333 Evangelio
1123 299 1229 325 dicatur
1254 306 1301 333 per
1327 307 1499 331 mammona.
1517 300 1661 334 respondet
1683 300 1741 327 An-

954 345 1033 372 dreas
1043 366 1051 377 ,
1076 351 1109 372 eo
1123 345 1232 371 nomine
1244 345 1336 371 Venire
1348 345 1520 380 publicanus,
1535 353 1659 380 rapaces,
1676 353 1741 372 ava-

955 399 1000 418 ros
1011 411 1018 421 .
1040 399 1143 426 nosque
1158 399 1264 423 omnes,
1282 393 1329 426 qui
1346 392 1489 418 viduarum
1506 399 1537 419 ac
1553 392 1741 426 orphauorum

955 436 1098 464 facultates
1114 437 1213 472 injuste
1231 438 1358 464 auferunt
1374 443 1400 464 ct
1415 438 1572 468 absumunt,
1588 438 1676 472 iiSque
1691 439 1741 465 sibi

954 483 1100 517 dignitates
1122 488 1202 517 atque
1226 483 1339 516 imperia
1361 488 1529 518 comparant.
1557 482 1636 510 Venit
1660 484 1741 510 etiam

954 533 1048 556 eodem
1071 530 1181 556 nomine
1199 530 1304 556 dmtnou
1331 530 1471 558 avaritim.
1498 529 1545 563 qui
1571 529 1680 555 sordida
1699 529 1743 555 rli-

955 575 1082 601 vitiarum
1111 575 1261 609 cupiditate
1286 576 1411 603 homines
1438 575 1600 602 inﬂammat.
1625 574 1742 601 llnrsum

955 622 1086 654 quau-emi
1104 621 1264 655 Epiphanio,
1288 623 1335 656 qui
1354 626 1426 648 esset
1445 620 1650 655 intelligendum
1673 620 1743 646 istud

954 666 1105 694 Psalmistze
1124 667 1264 694 oraculum
1283 675 1290 694 :
1311 677 1320 693 ι
1342 667 1400 693 Filii
1419 667 1456 693 tui
1474 667 1543 693 sicut
1565 666 1678 692 novellae
1694 665 1744 690 oli-

954 720 1050 740 varum
1077 713 1103 740 iu
1130 713 1247 740 circuitu
1269 720 1371 739 mensa:
1399 717 1450 739 tua!
1467 712 1501 744 “,
1522 721 1531 737 ›
1553 718 1663 738 rursum
1692 711 1745 737 Ialc

955 766 1116 793 responsum
1135 759 1209 786 dedit
1229 759 1323 786 beatus
1347 759 1469 786 Andreas
1490 767 1497 785 :
1519 758 1606 784 Flecte
1630 757 1743 788 oculos,

954 805 1133 838 charissime,
1158 813 1219 833 cum
1242 809 1447 833 sacrosanctum
1465 805 1555 832 missa:
1578 803 1743 831 sacrilicium

955 851 1112 886 peragitur.
1128 852 1161 878 ad
1179 859 1286 878 sacrum
1302 852 1403 882 altare;
1421 855 1446 877 et
1465 851 1570 884 respice
1584 849 1610 876 in
1625 847 1745 876 circuitu

956 905 1058 924 mensa:
1079 897 1150 924 lilios
1172 897 1239 929 Dei,
1258 897 1430 932 lampadibus
1452 897 1614 927 instructos,
1641 894 1679 920 uti
1696 900 1746 920 no-

955 942 1040 969 vellas
1062 942 1196 969 olivarum
1222 942 1249 969 in
1276 943 1354 969 vinea
1380 942 1581 972 consistentes;
1607 947 1674 971 eos,
1701 939 1745 965 in-

114 992 213 1018 quam,
231 985 277 1020 qui
296 990 419 1013 recenter
433 994 481 1021 per
496 995 606 1014 sacrum
625 987 761 1022 baptisma
782 992 904 1022 tempore
923 989 1052 1016 sacriﬁcii
1067 989 1163 1021 divini,
1182 990 1269 1017 instar
1300 990 1454 1024 plantarum
1485 987 1732 1023 pulcherrimarum

115 1032 238 1059 translati
268 1032 378 1060 fuerunt
400 1041 414 1060 a
443 1034 563 1061 tenebris
589 1034 622 1061 ad
648 1035 747 1061 lucem.
769 1034 808 1061 llli
834 1034 906 1062 enim
924 1040 997 1068 sunt,
1015 1043 1084 1070 quos
1116 1035 1209 1063 animo
1224 1036 1352 1063 versabat
1373 1035 1530 1070 Propheta,
1553 1042 1615 1061 cum
1646 1039 1744 1059 oracu-

115 1079 168 1106 lum
186 1080 258 1106 istud
279 1080 402 1114 protulit.

150 1130 224 1162 ρπγ’.
247 1127 406 1162 Ἐπιφάνιος
429 1125 526 1154 εἶπεν⁶
543 1128 610 1155 Τίνα
633 1129 780 1164 ἑρμηνείαν
806 1128 904 1164 ἔχειτὸ
921 1131 942 1160 Β

114 1173 166 1199 ὑπὸ
186 1172 233 1199 τοῦ
259 1173 370 1200 Ἡσαΐου
395 1174 558 1209 εἰρημένον
580 1183 589 1199 ι
607 1175 637 1201 0i
660 1174 689 1200 δὲ
714 1173 807 1208 νεκροὶ
830 1173 904 1208 ζωὴν

114 1219 142 1245 οὐ
159 1219 196 1253 μὴ
215 1219 316 1250 ἴδωσιν,
340 1219 400 1246 οόδὲ
429 1220 519 1254 ἰατροὶ
549 1220 580 1246 οὐ
602 1221 639 1255 μὴ
658 1220 869 1254 ἀναστήσωσιν;
891 1228 900 1245 ›

117 1264 246 1300 Ἰτχυρῶς
262 1265 316 1299 γὰρ
335 1266 401 1300 ἡμῖν
419 1257 720 1300 πείθουσινάἱρετικῶν
735 1265 841 1295 παῖδες,
857 1265 901 1291 λέ.

114 1318 205 1344 γοντες
232 1310 268 1345 μὴ
293 1309 363 1336 εἶναι
400 1311 550 1338 ἀνάστασιν
575 1310 691 1345 νεκρῶν.
713 1311 742 1337 '0
757 1311 901 1345 Μακάριος

114 1356 184 1390 λέγει
199 1364 205 1372 ·
227 1355 257 1382 '0
273 1356 341 1388 Ζεὺς
355 1357 401 1383 καὶ
420 1357 568 1390 Ἀπόλλων,
584 1357 632 1383 καὶ
652 1357 666 1383 ὁ
687 1357 801 1392 Ἑρμῆς,
825 1357 871 1384 καὶ
886 1358 900 1383 ὁ

113 1402 225 1437 Κρῦνος,
245 1402 261 1436 ἡ
278 1403 352 1437 ’Ἦρα
368 1403 415 1429 καὶ
474 1404 617 1438 Ἄρτεμις,
637 1403 685 1429 καὶ
709 1403 763 1434 πᾶς
778 1403 791 1428 ὁ
813 1402 899 1429 κατά-

113 1447 189 1480 λογςς
204 1447 258 1474 τῶν
272 1447 399 1479 εἰδώλων,
413 1448 505 1482 νεκροὶ
521 1448 700 1484 ὀνομάζονται
716 1448 764 1475 καὶ
784 1448 880 1482 τυφλοί
890 1455 897 1462 ·

112 1493 221 1524 τοίτους
235 1494 290 1528 γὰρ
314 1494 428 1529 νεκροὺς
455 1494 587 1521 ἀποκαλεῖ
607 1495 621 1520 ὁ
637 1495 804 1529 Προφήτηςυ
831 1493 898 1520 λίοοι

113 1539 164 1574 γὰρ
179 1540 225 1565 καὶ
242 1539 340 1574 χρυσὸς
356 1539 404 1566 καί
428 1539 547 1575 ἄργυρος
564 1540 627 1567 οὕτε
643 1540 755 1575 ἔζησαν,
776 1540 838 1566 οὔτε
852 1540 900 1575 ζή-

112 1593 204 1611 σονται
220 1586 248 1611 τδ
265 1584 374 1611 σύνολον
384 1592 392 1601 ·
410 1585 502 1620 ἄψυχα
517 1586 571 1621 γὰρ
584 1586 670 1613 ταῦτα
689 1587 737 1613 καὶ
752 1587 836 1622 νεκρὰ
853 1595 902 1613 πε-

112 1630 247 1663 ιιτύκοισιν⁸
274 1631 314 1657 διὸ
336 1631 383 1658 καὶ
398 1631 422 1657 οἰ
439 1631 569 1667 Ἕλληνες
595 1631 632 1663 ὡς
658 1632 759 1667 ἰατροῖς
784 1631 843 1659 οὖσι
871 1631 902 1658 τὺ

112 1676 209 1709 δοκεῖν,
221 1677 404 1712 πλανώμενοι,
418 1678 523 1709 τούτοις
535 1679 733 1713 προσήρχοντο,
747 1679 842 1710 θυσίας
855 1679 904 1705 αὐ-

112 1724 167 1754 τοῖς
187 1723 356 1754 σπένδοντες.
376 1724 473 1750 Αὐτῶν
491 1722 538 1751 οὖν
555 1724 660 1760 βλέπων
675 1725 689 1751 ὁ
710 1725 856 1759 Προφήτης
872 1725 903 1751 τὸ

112 1768 215 1803 ἄψυχόν
239 1777 310 1804 φημι
334 1770 380 1796 καὶ
398 1769 560 1805 ἀναίσθητον
585 1769 640 1796 τῶν
660 1769 788 1802 εἰδώλων,
806 1769 844 1801 ὡς
860 1770 902 1796 ία-

994 1128 1056 1156 185.
1075 1127 1175 1155 lterum
1190 1127 1288 1162 quierit
1313 1126 1480 1161 Epiphanius
1506 1135 1513 1153 :
1537 1125 1606 1159 Quid
1634 1126 1743 1152 tandem

955 1174 1021 1201 illu-l
1040 1178 1099 1204 est,
1114 1173 1184 1208 quod
1204 1173 1289 1200 Isaias
1306 1172 1494 1207 pronuntiavit
1518 1180 1526 1198 :
1548 1181 1556 1196 ι
1579 1171 1676 1198 Mortui
1697 1179 1747 1198 au-

955 1224 1007 1246 tem
1025 1220 1108 1246 vitam
1126 1226 1180 1246 non
1210 1218 1357 1250 videbunt,
1385 1225 1473 1252 neque
1500 1217 1599 1244 medici
1629 1218 1747 1244 suscita-

953 1266 1053 1292 buntur
1063 1265 1108 1291 “‘i
1123 1274 1132 1291 ›
1154 1264 1333 1292 Vehementer
1345 1264 1417 1291 enim
1434 1269 1570 1291 conantur
1582 1265 1745 1298 persuadere

952 1311 1031 1339 nobis
1050 1311 1240 1338 haereticorum
1258 1315 1408 1338 sectatores
1438 1310 1503 1343 {Ilion
1532 1309 1590 1336 fore
1625 1315 1746 1336 tuorum-

957 1367 1017 1385 rum
1037 1357 1277 1385 resurrectionem.
1293 1356 1382 1391 Atque
1399 1356 1497 1383 iterum
1512 1355 1653 1390 respondit
1670 1363 1746 1390 qua:-

950 1405 1021 1432 renti
1035 1405 1130 1431 beatus
1148 1404 1271 1432 Andreas
1289 1412 1297 1432 :
1312 1403 1428 1439 Jupiter,
1447 1403 1561 1438 Apollo,
1583 1402 1745 1435 Mercurius,

951 1450 1095 1480 Saturnus,
1112 1449 1194 1482 Juno,
1210 1449 1304 1482 Diana,
1320 1454 1474 1484 caeteraqur-
1487 1449 1617 1476 falsorum
1631 1448 1745 1475 deorqu

951 1495 1042 1526 turba,
1058 1496 1158 1522 mortui
1174 1495 1304 1529 caecique,
1321 1495 1359 1522 uti
1379 1499 1454 1526 sunt,
1469 1495 1509 1521 sic
1522 1499 1549 1521 et
1569 1495 1744 1529 appellantur

952 1550 966 1568 ιι
983 1541 1114 1576 propheta
1127 1549 1133 1574 ;
1146 1541 1250 1576 lapides
1261 1541 1362 1575 quippe
1383 1545 1410 1567 et
1426 1548 1523 1567 autum
1536 1545 1562 1567 et
1583 1545 1741 1575 argentum,

953 1595 1042 1622 neque
1063 1587 1190 1614 \‘ixerunt
1206 1594 1325 1621 unquam
1352 1594 1440 1621 neqtte
1465 1587 1571 1613 victura
1598 1590 1662 1613 sunt
1687 1593 1745 1612 om-

954 1632 1036 1663 nino,
1060 1639 1122 1658 cum
1151 1637 1177 1659 et
1195 1631 1343 1658 inanimata
1362 1635 1389 1658 et
1408 1631 1462 1658 vita
1489 1638 1601 1665 prorsus
1614 1630 1745 1658 destituta

955 1678 1020 1706 sint.
1037 1677 1107 1705 llinc
1133 1682 1160 1705 et
1177 1677 1309 1712 gentiles,
1328 1677 1430 1711 quibus
1451 1677 1488 1703 dii
1506 1676 1550 1703 isti
1575 1676 1744 1704 medicorum

956 1725 1016 1752 loco
1033 1728 1126 1758 erant,
1146 1724 1262 1758 turpiter
1274 1723 1379 1759 decepti
1396 1727 1478 1756 sunt,
1500 1730 1562 1751 cum
1586 1723 1646 1750 illos
1662 1730 1743 1750 vene-

958 1771 1046 1798 raturi
1071 1775 1099 1797 et
1124 1770 1269 1798 sacriﬁciis
1299 1770 1462 1797 honoraturi
1489 1773 1679 1797 accesserunt.
1703 1768 1744 1796 Ad

112 1817 186 1851 τροῖς
201 1816 404 1851 προσεπέλαζον
424 1816 458 1843 τὰ
473 1815 639 1851 πλανώμενα
660 1816 735 1850 ἔθνη,
752 1815 823 1843 οὕτω
842 1825 900 1848 πως

954 1817 1038 1845 hosce
1052 1817 1134 1852 igitur
1149 1817 1204 1845 vita
1218 1824 1356 1851 sensuque
1372 1820 1496 1844 carentes
1511 1815 1576 1843 deos
1594 1823 1641 1842 seu
1660 1815 1744 1847 idola.

112 1862 177 1897 περὶ
200 1862 290 1888 αὐτῶν
307 1862 520 1898 τροπωσάμενος
541 1862 592 1898 ἔφη
608 1863 623 1889 ὁ
645 1863 808 1897 Προφήτης’
827 1863 858 1889 Ol
873 1862 901 1888 δὲ

112 1908 204 1942 νεκροὶ
218 1908 290 1943 ζωὴν
311 1909 341 1934 οὐ
369 1908 406 1944 μὴ
437 1909 538 1941 ἴδωσιν,
558 1909 705 1941 τουτέστιν,
724 1909 748 1935 at
769 1908 825 1935 οεοὶ
847 1908 902 1935 τῶν

118 1954 263 1988 Ἑλλήνιον,
278 1955 302 1981 οι
324 1954 419 1981 λίθινοι
439 1955 486 1982 καὶ
509 1955 620 1987 ξύλινοι,
637 1956 754 1990 ἀργυροῖ
772 1955 820 1982 καὶ
836 1963 906 1989 χρυ-.

113 2002 163 2032 cui,
189 2001 237 2028 καὶ
258 2001 415 2036 ὀστράκινοι
438 2002 486 2027 καὶ
502 2001 608 2036 χαλκοῖ,
625 2000 674 2036 ὒλη
698 2001 783 2036 νεκρὰ
806 2002 899 2032 ὅντες·

111 2047 171 2074 οέτε
197 2048 296 2082 ἰατροὶ,
320 2048 344 2073 ol
374 2047 464 2074 αὐτῶν
483 2047 596 2079 ζώδονες
610 2047 679 2083 (88),
704 2048 756 2074 ὑπὸ
780 2047 900 2082 Χριστοῦ

112 2093 309 2127 συντριϐέντες,
324 2093 416 2120 οὐκέτι
430 2094 640 2129 ἀναστήσονται.

149 2236 219 2273 ρπδῖ
243 2236 399 2271 Ἐπιφάνιος
415 2233 507 2263 εἶπεν·
523 2235 555 2262 Τί
569 2233 726 2272 ὲρμηνεύει,
746 2243 755 2260 ι
774 2234 856 2261 Λίθον
870 2234 900 2261 ὃν

111 2283 316 2318 ἀπεδοκίμασαν
334 2283 359 2309 οἱ
383 2282 601 2317 οἰκοδομοῦντες,
628 2279 704 2312 οὗτος
726 2282 842 2317 ἐγενήθη
860 2281 900 2312 είς

111 2331 231 2365 κεφαλὴν
246 2330 346 2363 γωνίας
359 2337 367 2362 ;
388 2338 397 2355 ι
425 2329 454 2355 '0
468 2329 563 2362 ’Ἄγιος
580 2326 656 2354 εἶπεν
666 2335 673 2343 ·
697 2327 725 2354 '0
737 2327 809 2358 λίθος
825 2323 901 2357 οὗτος

111 2378 126 2404 ὁ
146 2378 262 2412 Χριστός
273 2378 347 2404 ἐστιν
360 2386 367 2392 ·
384 2376 591 2411 ἀπεδοκιμάσθη
607 2375 635 2402 δὲ
651 2374 703 2402 ὑπὸ
713 2374 901 2410 γραμματέων

111 2425 158 2451 καὶ
176 2424 370 2460 πρεσϐυτέρων
386 2424 431 2449 τοῦ
453 2423 517 2465 λαοςι
534 2423 589 2449 τῶν
611 2422 758 2451 Ἰουδαίων.
778 2422 824 2447 καὶ
839 2421 900 2455 ὲγέ-

954 1872 1025 1899 quos
1051 1864 1170 1899 deceptae
1186 1871 1218 1891 ac
1232 1863 1332 1890 delusm
1360 1868 1455 1896 gentes
1481 1869 1542 1889 cum
1571 1862 1746 1888 veneratione

955 1911 1084 1944 adibant,
1111 1909 1265 1945 respiciens
1293 1911 1444 1944 propheta.
1474 1908 1511 1934 ita
1535 1907 1744 1942 pronuntiavit:

954 1957 1052 1984 Mortui
1071 1961 1172 1986 autem.
1189 1956 1215 1982 id
1237 1960 1290 1986 est,
1308 1955 1344 1989 dii
1362 1955 1501 1989 gentium,
1519 1954 1616 1988 lapidei
1628 1973 1635 1986 ,
1652 1953 1746 1988 lignei.

953 2003 1085 2038 argentei,
1105 2003 1193 2036 aurei,
1215 2001 1325 2030 testacei
1352 2005 1434 2036 atque
1447 2001 1514 2028 aenei
1527 2020 1535 2033 ,
1550 2008 1611 2027 cum
1631 2001 1745 2027 materia

953 2051 1066 2084 Spiritus
1081 2055 1203 2084 expertes
1221 2049 1285 2081 siut,
1297 2048 1377 2075 vitam
1392 2055 1444 2075 non
1459 2047 1588 2074 videbunt
1602 2056 1609 2074 ί
1624 2055 1673 2073 nec
1689 2054 1746 2073 me-

953 2097 1009 2124 dici
1023 2117 1030 2130 ,
1054 2097 1091 2124 dii
1107 2097 1212 2123 scilicet
1229 2095 1312 2122 iidem
1327 2115 1334 2126 ,
1357 2102 1427 2129 quos
1444 2099 1472 2120 ut
1489 2093 1548 2120 vitae
1571 2094 1681 2120 datores
1697 2099 1746 2119 co-

953 2143 1029 2176 lunt,
1045 2150 1059 2169 a
1074 2142 1184 2169 Christo
1199 2140 1311 2169 contriti
1325 2160 1331 2172 ,
1351 2140 1407 2167 ullo
1426 2147 1545 2174 unquam
1563 2144 1683 2173 tempore
1699 2146 1745 2166 re-

953 2191 1168 2219 suscitahuntur.

989 2237 1052 2264 184.
1077 2236 1162 2263 Porro
1178 2243 1240 2263 cum
1256 2236 1359 2263 diceret
1382 2234 1561 2270 Epiphanius,
1581 2234 1662 2261 Istum
1677 2233 1746 2259 mihi

954 2285 1044 2312 locum
1069 2284 1246 2317 interpretare
1264 2291 1271 2309 :
1289 2282 1446 2316 «Lapidem,
1472 2273 1552 2315 quem
1582 2279 1744 2314 reprobave-

954 2334 1016 2357 runt
1027 2329 1206 2361 aediﬁcantes,
1224 2329 1268 2355 hic
1285 2328 1372 2354 factus
1389 2332 1430 2354 est
1445 2327 1472 2353 in
1489 2330 1569 2360 caput
1581 2325 1672 2359 anguli
1686 2323 1738 2356 ",i

954 2375 1028 2403 illam
1047 2375 1122 2402 dedit
1140 2374 1392 2409 interpretationem
1411 2372 1508 2399 beatus
1524 2371 1646 2398 Andreas
1663 2379 1669 2397 :
1691 2369 1743 2396 La-

954 2423 994 2458 pis
1011 2423 1061 2450 iste
1081 2422 1209 2449 Christus
1225 2425 1285 2452 est,
1311 2420 1357 2455 qui
1385 2420 1545 2454 reprobatus
1565 2427 1579 2444 a
1599 2418 1703 2444 Scribis
1715 2421 1743 2444 et

111 2480 172 2498 νετο
187 2471 291 2505 κεφαλὴ
308 2471 357 2505 τῆς
377 2469 541 2504 Ἐκκλησίας
559 2468 612 2495 τῶν
628 2468 722 2500 ἐθνῶν,
747 2469 807 2503 ἥτις
822 2467 901 2501 λέγε-

956 2468 1112 2496 senioribus
1125 2467 1215 2502 populi
1229 2466 1354 2498 .ludaici,
1373 2465 1460 2492 factus
1481 2464 1532 2490 luit
1550 2469 1632 2498 caput
1652 2464 1744 2490 Eccle-

110 2526 156 2544 ‘Ut
181 2517 287 2551 γωνίαι
309 2515 394 2550 γωνία
420 2515 448 2541 δὲ
472 2515 592 2548 λέγεται,
618 2514 659 2540 ὃτι
676 2513 706 2539 οὐ
731 2514 761 2539 τὸ
780 2513 835 2539 πᾶν
851 2513 899 2539 τοῦ

111 2564 215 2598 κόσμου
244 2564 282 2594 εἰς
308 2562 353 2589 τὸν
372 2561 490 2597 Χριστὸν
518 2561 709 2592 πεπίστευκεν,
727 2559 795 2586 ἀλλὰ
822 2559 899 2593 μόλις

111 2611 144 2636 c'z
159 2610 281 2644 ἐπίσημα
292 2609 378 2643 γωνίᾳ
389 2609 580 2642 ἀπεικασμένα
589 2607 642 2633 τῶν
658 2606 789 2641 Ἑλλήνων
802 2605 898 2637 ἐθνῶν,

111 2654 210 2686 οἵτινές
231 2656 315 2688 ἐσμεν
327 2654 407 2688 ἡμεῖς
418 2655 441 2679 οἱ
454 2653 624 2687 Χριστιανοὶ.
644 2652 800 2686 Ἐπιφάνιος
811 2649 897 2678 εἶπεν·

110 2701 144 2726 Τί
161 2701 322 2735 ὲρμηνεὺει,
339 2709 349 2726 ι
372 2700 446 2726 Ἐκεῖ
465 2698 619 2732 ἒξανατελῶ
643 2699 726 2733 κέρας
753 2698 792 2734 τῷ
807 2698 899 2730 ama,

109 2747 249 2782 ἠτοίμασα
265 2745 363 2781 λύχνον
379 2745 417 2782 τῷ
430 2745 540 2781 Χριστῷ
558 2754 608 2779 μου
618 2754 626 2778 ;
637 2754 646 2770 ι
659 2743 688 2771 Ὀ
702 2744 843 2780 Μακάριος
856 2745 900 2771 λέ-

148 2839 171 2854 ⁸³
191 2838 261 2866 1ἐ]1.
278 2844 378 2869 cxxvu,
396 2836 422 2866 5.

954 2515 1001 2542 sim
1020 2515 1162 2549 gentium:
1182 2521 1242 2547 qum
1266 2512 1382 2547 angulus
1409 2510 1569 2545 appellatur,
1597 2515 1740 2544 propterea

951 2561 1024 2596 quod
1053 2568 1106 2586 non
1133 2560 1286 2590 universus,
1306 2567 1357 2590 qua
1382 2561 1466 2591 patet,
1495 2556 1569 2583 orhis
1589 2576 1596 2587 ,
1622 2556 1668 2582 sed
1697 2556 1739 2582 vix

952 2606 1101 2636 notabilis,
1132 2605 1154 2631 si
1185 2612 1246 2631 eum
1278 2608 1332 2630 tota
1364 2602 1517 2636 gentilitate
1543 2605 1738 2635 comparetur,

952 2660 1030 2687 pars,
1050 2659 1111 2687 qua:
1136 2658 1169 2677 ex
1197 2650 1276 2676 nubis
1294 2647 1460 2676 Christianis
1486 2647 1683 2677 constituitur,
1711 2645 1739 2672 in

952 2699 1089 2726 Christum
1106 2696 1262 2724 crediderit.
1279 2696 1349 2723 Tum
1368 2695 1447 2723 istius
1464 2701 1573 2730 quoque
1589 2693 1640 2720 loci
1663 2691 1739 2719 Psal-

954 2752 1060 2772 morum
1074 2753 1080 2771 :
1096 2753 1104 2770 ι
1124 2743 1161 2771 lbi
1180 2742 1321 2771 suscitabo
1333 2750 1417 2770 cornu
1435 2740 1530 2774 David,
1545 2739 1638 2775 paravi
1652 2739 1742 2766 lucer-

462 2837 484 2853 “
503 2837 555 2866 lsa.
571 2845 652 2871 uvr,
676 2836 718 2864 l4.
757 2836 780 2852 ⁸³
800 2835 870 2864 Psal.
886 2843 968 2869 cvvtt,
982 2836 1028 2864 25.

152 2917 207 2948 (88]
228 2917 363 2945 Similiter
379 2917 515 2950 Σώόονες,
534 2917 592 2946 vita:
618 2917 741 2952 datores,
762 2918 815 2946 dici
840 2916 976 2953 conjecto.
