2009 3088
259 72 309 105 811

784 71 1004 102 "NICEPHORI
1025 72 1040 101 ἱ

1095 72 1261 102 lSBYTERI
1281 72 1335 102 ΟΡ.
1730 89 1738 96 -
1833 73 1877 104 81‘!

257 135 427 165 portentosas
441 130 519 164 ponis
532 130 694 164 quastiones
710 130 716 154 !
733 128 926 155 Verumtamen
949 133 976 155 et
991 128 1040 156 illa:

1104 128 1181 155 αὐτὸ.
1200 129 1308 155 Ἐπάνω
1321 129 1429 155 πάντων
1445 128 1499 154 τῶν
1514 127 1614 162 νοερῶν
1627 127 1768 161 ὄυνάμεὼι
1783 129 1854 156 ἐστιν
1868 132 1876 156 ί

257 177 306 204 libi
327 177 476 211 explicatas
491 176 571 203 dabo.
588 175 744 202 Sublimiori
770 174 878 201 cunctis
900 174 1047 201 virtutibus

257 223 435 258 intelligentia
463 221 583 256 prmditis
607 220 668 247 loco
693 220 793 246 residet
819 219 899 252 Deus,
919 220 996 255 cujus
1014 221 1046 247 ad

259 269 399 296 dexteram
411 267 535 295 Christ-as
546 265 676 292 Dominus
692 265 878 292 admirabilem
906 266 1047 299 thronum,

256 314 342 340 instar
356 312 470 348 fulguris
486 311 651 343 rutilantem,
666 315 782 346 occupat
799 320 806 338 :
821 319 854 338 ex
875 311 934 346 ipso
953 315 1044 338 autem

256 366 310 387 tam
334 359 507 386 vehementes
533 357 683 392 procedunt
696 357 808 385 luminis
833 357 900 384 radii
925 362 954 384 ut
967 357 1048 384 caele-

255 410 312 432 stes
325 405 469 438 spirituum
487 403 598 431 ordines
611 403 840 448 perstringantur.
856 403 943 438 Supra
960 402 1044 430 Deum

254 450 380 485 copiosus
410 457 467 482 aer,
482 449 612 477 electrum
627 450 718 484 specie
738 457 799 482 sua,
816 450 935 477 candore
951 449 1040 477 nivem

256 497 389 528 rel‘ercns,
416 496 442 522 in
454 495 570 523 sublime
583 495 754 525 extenditur;
770 496 816 523 sed
840 495 887 522 illo
902 495 1045 524 sublimior

255 541 326 568 Deus
348 550 353 567 2
378 545 405 569 et
437 549 532 569 rursus
559 541 586 568 in
610 541 783 569 altitudinem
823 541 984 568 immensam
1020 544 1047 568 et

254 588 446 620 latitudinem,
480 588 574 623 pelago
602 588 756 615 vastissimo
787 595 896 623 parem,
926 595 973 615 aer
1000 587 1046 614 ille

253 634 434 668 diﬂ'unditur;
460 634 508 661 sed
518 639 545 661 et
558 634 601 661 hic
617 634 719 669 ubique
743 633 825 662 Deus.
843 633 989 668 Caeterum,
1005 633 1044 661 [ili

253 679 301 711 mi,
331 686 524 714 quamcunque
547 678 574 705 in
590 683 694 714 partem
713 678 864 705 altitudinis
886 678 966 706 istius
977 685 1044 706 con-

253 725 352 761 jeceris
381 725 489 758 oculos,
519 724 624 752 nullum
656 732 772 759 usquam
799 724 871 751 acris
897 723 1043 751 terminum

254 773 419 807 assequeris,
433 771 473 799 uti
490 778 538 799 nec
555 771 641 806 ipsius
657 770 821 798 Divinitatis.
837 770 960 805 Abyssus
971 770 1043 798 enim

1102 173 1178 206 Θεὸς,
1199 174 1245 200 καὶ
1264 174 1296 200 ἐκ
1323 173 1416 207 δεξιῶν
1432 173 1513 200 αὑτοῦ
1538 172 1656 208 κάθηται
1673 175 1687 200 ό
1703 174 1820 207 Χριστὸς
1840 176 1877 201 ἐπι

1103 219 1198 255 θρόνου
1213 218 1341 254 φοὸεροῦ,
1361 219 1399 250 ὡς
1416 218 1546 254 ἀστραπὴ
1563 218 1780 253 χρηματίζοντος
1794 227 1800 234 ·
1818 219 1875 246 ἀπο-

1103 265 1173 301 φορὰ
1184 265 1212 291 δὲ
1227 265 1331 299 φοϐερὰ
1343 264 1461 300 φοϐεροῦ
1477 264 1568 299 φωτὸς
1579 264 1627 291 ἀπ’
1644 264 1727 291 αὑτοῦ
1741 265 1868 300 Europae:

1100 320 1146 338 ται
1161 311 1330 346 διαστρέφων
1351 311 1385 338 τὰ
1406 310 1520 346 οὐράνια
1539 311 1680 346 τάγματα.
1701 310 1842 346 Ὑπεράκω
1857 312 1878 338 δὲ

1100 358 1147 384 τοῦ
1169 357 1237 384 θεοῦ
1264 358 1338 383 ἐστιν
1355 357 1409 392 ἀὴρ
1424 356 1520 392 ὥσπερ
1535 357 1678 392 ἠλεκτρος,
1701 357 1796 388 λευκὸς
1820 358 1878 384 dinei

1100 403 1176 438 χιὼν,
1189 403 1237 429 καὶ
1253 403 1334 434 αὐτὸς
1344 402 1446 437 ὑπάγει
1464 403 1503 434 είς
1517 402 1584 437 ὕψος
1599 402 1772 438 ἀπλήρωτον,
1784 405 1830 431 καὶ
1843 405 1874 430 ἐπ

1099 449 1175 484 αὐτῷ
1190 450 1206 484 ἡ
1220 448 1332 483 Θεότης,
1348 448 1397 475 καὶ
1414 447 1497 475 πάλιν
1515 448 1615 482 ὑπάγει
1630 449 1670 479 είς
1691 448 1759 483 ὕψος
1773 449 1878 484 φεὸερδι

1095 494 1148 520 -καὶ
1170 493 1271 529 ἀχανὲς
1295 492 1413 527 πέλαγος
1438 494 1452 519 ὁ
1470 492 1522 528 ἀὴρ
1539 493 1653 527 ἐκεῖνος,
1671 494 1719 520 καὶ
1738 495 1768 520 ἐν
1784 494 1879 529 αὑτῷὴ

1098 539 1210 575 Θεότης.
1231 539 1345 571 Λοιπὸν,
1372 539 1479 570 τέκνον,
1506 538 1644 574 πλήρωμα
1666 540 1716 566 οὐκ
1743 539 1816 567 ἔστιν
1838 540 1879 567 τοῦ

1098 585 1184 620 ὕψους
1201 585 1318 618 ἐκείνου,
1336 585 1389 612 κᾶν
1403 586 1480 613 ἐνθεν
1504 587 1561 623 ἴδῃς
1579 587 1595 622 ἢ
1614 586 1722 614 ἐκεῖθεν
1745 586 1775 613 τὸ
1798 587 1879 614 αὐτό·

1095 632 1185 666 ἄκραν
1208 631 1264 666 γάρ
1285 640 1351 658 ποτε
1371 632 1421 667 οὐχ
1442 632 1570 668 εὑρήσεις
1593 632 1640 659 τοῦ
1660 632 1741 668 ἀέρος
1761 633 1808 660 καὶ
1831 633 1878 667 τῆς

1091 677 1214 712 ιὰοράτου
1230 677 1357 713 θεότητος
1367 686 1374 693 ·
1390 678 1509 705 ἄϐυσσον
1524 677 1580 714 (72)
1594 678 1764 705 ἐπικαλεῖται
1774 679 1823 715 τὴν
1834 679 1880 714 τῆς

1100 723 1234 759 Θεότητος
1249 724 1369 759 φοϐερὰν
1383 724 1479 751 οὐσίαν
1492 733 1522 751 τε
1535 725 1582 752 καὶ
1601 725 1744 761 ἀστραπὴν
1757 727 1804 752 καὶ
1816 726 1879 752 ἐπα-

1092 769 1231 805 πόῤῥητον
1244 769 1373 804 Θεότητα.
1399 770 1561 805 Ἐπιφὰνιος
1575 769 1672 804 λέγει*
1693 770 1778 797 Πόθεν
1796 770 1880 797 ταῦτα

253 821 383 855 abyssum
415 818 535 850 invocat,
549 816 858 844 videlicetadmirabilis
878 816 1003 843 essentia:
1015 823 1040 843 at

1099 814 1141 841 ἐπ’
1155 814 1284 850 scema
1298 815 1370 841 οὕτω
1385 815 1531 850 γινώσκεις
1546 815 1593 842 καὶ
1604 815 1703 850 λέγεις,
1720 815 1757 846 ὡς
1768 814 1879 842 πάντοτε

253 865 367 900 fulgoris
379 864 522 896 Deitatem,
534 863 611 891 nulla
621 863 743 891 oratione
756 862 955 898 explicandam.
967 861 1045 889 Talia

253 914 407 946 loquentem
424 909 539 937 miratus
549 908 720 945 Epiphanius
737 916 745 936 :
759 907 835 936 Unde
849 908 918 942 tibi,
945 908 1043 943 inquit,

253 963 343 983 rerum
373 955 488 983 istarqu
514 960 568 982 tam
586 959 711 990 prompta
727 954 824 982 notitia
835 958 862 981 et
884 953 1041 989 explicatio,

253 1002 331 1038 quasi
356 1009 464 1038 semper
487 1001 514 1029 in
527 1001 560 1029 iis
576 1000 776 1036 cognoscendis
795 1004 921 1028 versatus
945 1000 1044 1027 esses?

1097 861 1168 888 αὐτὰ
1182 861 1363 896 ἐπιστάμενος
1381 869 1390 894 ;
1415 861 1446 888 '0
1464 861 1557 893 Ὅσιος
1586 861 1725 897 ἀπεκρίθη
1738 870 1745 878 ι
1761 858 1849 897 ᾯτινι
1868 862 1881 888 ό

1095 907 1164 939 Θεὸς
1178 908 1240 939 τοὺς
1256 907 1367 942 νοεροίις
1378 908 1478 940 αὐτοὺς
1488 908 1648 944 ὀφθαλμοὺς
1659 907 1880 942 ἀποκαλύψεικαὶ

1098 954 1224 988 φωτίσει,
1241 954 1329 981 πολλὰ
1345 955 1444 990 βλέπει
1459 955 1507 982 καὶ
1527 955 1589 990 ὁρᾷ,
1612 954 1687 989 ἅπερ
1709 955 1756 982 καὶ
1778 953 1882 989 βλέπων

1096 1000 1235 1032 ιξίσταται
1257 1000 1324 1036 (τε).

253 1045 369 1082 Reponit
385 1047 428 1073 vir
448 1050 581 1073 sanctus:
596 1045 664 1072 Cum
680 1044 885 1072 oculos‘mentis
897 1044 1041 1071 interiores
1059 1045 1196 1079 aperuerit
1214 1049 1299 1080 atque
1318 1045 1513 1073 illuminaverit
1532 1045 1651 1081 cuipiam
1673 1045 1756 1078 Deus,
1768 1045 1882 1080 plurima

253 1092 296 1119 Ille
323 1097 350 1119 et
379 1090 450 1118 videt
474 1095 500 1118 et
514 1089 665 1125 cognoscit,
681 1093 708 1117 et
734 1088 924 1124 cognoscendo
942 1088 1120 1123 obstupescit.

946 1145 1068 1175 CAPUT
1090 1145 1162 1174 XXI.

542 1205 636 1232 Varias
649 1203 801 1238 Scriptura:
817 1209 968 1240 naturaque
989 1203 1160 1239 plutnomeua
1171 1207 1286 1240 explicat
1304 1206 1454 1243 Epiphanio
1468 1209 1598 1236 Andreas.

287 1266 350 1294 164.
363 1265 434 1292 llinc
450 1264 483 1291 ad
498 1263 552 1291 alia
566 1262 888 1298 deﬂectens‘Epipbanius
900 1271 909 1289 :
920 1262 984 1296 Qui,
997 1264 1044 1296 ait,

253 1313 324 1341 istud
339 1311 531 1346 explicandum
547 1315 600 1342 est,
612 1310 685 1344 quod
692 1310 758 1337 dicit
767 1308 902 1336 Dominus
915 1318 921 1336 :
934 1308 1044 1343 «Orate,

253 1364 285 1387 ut
300 1366 353 1386 non
378 1358 425 1385 ﬂat
443 1357 506 1392 fuga
524 1361 613 1384 vestra
631 1357 657 1383 in
681 1356 773 1383 hieme
786 1356 827 1383 vel
850 1355 1038 1383 Sabbato'ih

252 1405 384 1439 Quoniam
399 1423 406 1436 ,
434 1388 524 1437 inquit
549 1401 693 1434 Andreas,
718 1401 972 1436 perspicacissimus
995 1400 1042 1428 Dei

1134 1264 1198 1300 ρξδ’.
1226 1265 1384 1300 Ἐπιφάνιος
1411 1266 1508 1301 λέγει’
1528 1267 1594 1294 Τίνα
1616 1267 1693 1295 λύσιν
1714 1268 1772 1305 ἔχει
1787 1270 1817 1297 τὸ
1832 1271 1883 1298 ὕπὸ

1095 1310 1143 1338 τοῦ
1163 1311 1268 1346 Κυρίου
1284 1312 1430 1348 εἰρημένον
1445 1321 1453 1329 ο
1470 1323 1479 1340 ι
1497 1313 1628 1349 Εὕχεσθε,
1646 1315 1689 1342 ἵνα
1714 1317 1751 1351 μὴ
1776 1318 1792 1352 ἡ
1809 1319 1882 1353 φυγὴ

1095 1357 1172 1392 ὑμῶν
1184 1358 1298 1394 γένηται
1314 1359 1460 1393 χειμῶνος,
1478 1360 1546 1395 μηδὲ
1557 1361 1723 1397 Σαδδάτῳς)
1744 1363 1773 1389 '0
1787 1364 1882 1398 ’Ἄγιος

1093 1400 1171 1429 εἶπεν
1187 1411 1194 1419 ·
1222 1403 1331 1440 Ἐπειδὴ
1347 1405 1404 1440 εἴδῃ
1427 1406 1441 1432 ὁ
1468 1405 1556 1441 μέγας
1576 1406 1715 1442 ὀφθαλμὸς
1736 1410 1749 1435 ό
1766 1410 1883 1443 προϊδὼν

252 1450 363 1481 oculus,
380 1449 427 1485 qui
440 1452 498 1475 tam
515 1447 566 1475 sub
580 1451 719 1482 aspectum
736 1446 872 1480 cadentia,
889 1454 970 1481 quam
986 1454 1040 1474 non

1095 1446 1126 1476 τὰ
1142 1449 1228 1484 ὁρατὰ
1243 1449 1290 1476 καὶ
1303 1450 1338 1477 τὰ
1350 1450 1456 1485 ἀόρατα
1471 1451 1508 1482 ὡς
1524 1451 1714 1488 προγνώστης,
1731 1454 1772 1480 ὅτι
1788 1455 1884 1490 μέλλει

251 1496 400 1529 cadentia,
427 1495 529 1523 dudum
558 1499 623 1521 ante
651 1492 794 1528 cognoscit
819 1500 851 1520 Ic
880 1493 1038 1528 prospicit,

1099 1493 1279 1531 Ἰερουσαλὴμ
1294 1496 1492 1531 παραδίδοσθαι
1501 1497 1541 1529 είς
1558 1499 1651 1534 χεῖρας
1665 1499 1720 1526 τῶν
1739 1488 1883 1535 Ῥωήμαέων

251 1542 315 1569 illud
331 1548 440 1576 quoque
463 1539 644 1576 providebat,
662 1537 727 1566 lore
754 1542 784 1566 ut
804 1538 957 1566 Jerusalem
984 1544 1040 1566 tra-

251 1587 360 1614 deretur
374 1586 402 1613 in
423 1591 522 1612 manus
544 1583 731 1611 Romanorum
745 1603 753 1616 ,
773 1583 1038 1619 objncredulitatcm

251 1641 328 1661 suam
350 1632 473 1659 funditus
498 1631 664 1663 evertenda;
687 1630 755 1658 hinc
780 1631 853 1658 istud
879 1631 1038 1658 vaticinium

251 1678 374 1714 protulit.
402 1677 469 1704 Nam
493 1676 516 1704 si
544 1676 608 1712 Fuga
632 1676 660 1703 in
680 1675 829 1704 Sabbatum
852 1680 900 1704 aut
922 1677 1038 1704 hiemem

251 1724 412 1756 incidisset,
444 1729 521 1750 more
548 1730 598 1750 suo
625 1722 744 1757 jacentes
767 1730 816 1757 per
841 1722 988 1750 Sabbatum
1011 1723 1038 1750 iu

251 1770 371 1806 grabatis
384 1768 486 1802 Judaei,
510 1768 581 1795 unde
596 1775 646 1796 nec
667 1775 778 1803 surgere
792 1768 857 1803 ipsis
877 1776 927 1796 nec
946 1767 1038 1804 fugam

253 1823 397 1852 capessere
413 1815 453 1843 las
469 1819 528 1848 est,
546 1815 665 1842 hostium
682 1822 780 1842 manus
796 1815 955 1849 neutiquam
973 1822 1039 1843 eva-

253 1866 317 1893 dere
332 1863 485 1900 potuissent
500 1872 507 1890 :
520 1870 555 1890 ne
567 1867 657 1890 autem
673 1862 699 1889 in
715 1862 831 1889 hiemem
848 1861 911 1898 fuga
923 1862 1036 1896 incidat,

252 1911 322 1944 idco,
344 1914 448 1943 putem,
463 1916 545 1936 orare
557 1908 645 1944 jubet,
663 1908 734 1943 quod
750 1908 850 1943 frigore
869 1912 933 1935 tunc
946 1908 1036 1935 omnia

251 1957 357 1992 rigeant
379 1961 405 1983 et
420 1959 526 1983 montes
550 1955 616 1982 invii
638 1955 713 1982 sint:
730 1955 801 1989 quod
819 1954 842 1980 si
857 1954 940 1980 etiam
960 1954 1037 1989 fuge-

251 2003 317 2035 rint,
340 2001 445 2028 nnllum
465 2000 511 2027 ubi
529 2000 632 2027 lateant
655 2006 794 2027 recessum
814 1999 950 2026 inventuri
972 2000 1037 2033 siut,

251 2048 413 2082 prohibente
453 2046 479 2072 id
506 2046 597 2073 hieme
638 2044 666 2071 in
694 2044 831 2071 montibus
861 2044 1038 2073 inclementer

251 2094 389 2121 s:eviente.
414 2091 509 2118 Exitus
531 2095 622 2118 autem
645 2090 849 2125 prmdicliouem
867 2089 968 2117 Christi
992 2098 1039 2118 ve-

249 2147 308 2167 ram
323 2139 405 2166 l'uisse
421 2137 557 2165 cumulate
579 2136 645 2163 satis
658 2136 862 2170 comprobavit;
877 2135 950 2171 quod
962 2137 1034 2163 enim

1094 1541 1135 1573 εἰς
1163 1541 1276 1577 ἄπειρον
1307 1542 1446 1577 ἐξάλειψιν
1473 1543 1516 1570 διὰ
1551 1544 1601 1579 τὴν
1630 1546 1760 1573 ἁπιστὶαν
1780 1547 1882 1581 αὐτῶν,

1094 1587 1262 1623 προείρηκεν
1286 1588 1378 1621 αὐτοῖς
1390 1589 1478 1616 ταῦτα
1493 1597 1500 1606 ·
1520 1590 1561 1617 ότι
1580 1590 1628 1617 ἐὰν
1648 1592 1762 1627 γένηται
1778 1594 1794 1628 ὴ
1809 1595 1882 1630 φυγὴ

1093 1634 1183 1661 αὐτῶν
1199 1634 1228 1660 ἐν
1240 1634 1385 1670 Σαὸὃάτῳ,
1397 1636 1467 1663 κατὰ
1482 1635 1512 1663 τὸ
1522 1636 1581 1669 ἔθος
1593 1637 1683 1664 αὐτῶν
1700 1639 1727 1664 ὲν
1742 1640 1797 1670 τοῖς
1811 1640 1883 1666 Σάῦ.

1096 1676 1176 1703 ϐασιν
1198 1677 1244 1704 ἐπὶ
1264 1678 1402 1713 κράϐατον
1417 1679 1549 1714 κείμενοι,
1574 1682 1622 1707 καὶ
1644 1682 1796 1715 ἀναστῆναι
1821 1693 1880 1715 πως

1094 1721 1133 1758 μὴ
1145 1721 1254 1757 ἔχοντες
1271 1724 1319 1750 καὶ
1334 1725 1440 1759 φυγεῖν,
1465 1725 1550 1761 ἄρδην
1566 1727 1751 1762 ἐμπεσοῦνται
1766 1729 1805 1760 εἰς
1822 1730 1881 1764 χεῖ-

1094 1776 1141 1804 ρας
1156 1769 1209 1796 τῶν
1229 1770 1335 1806 ἐχθρῶν
1350 1779 1357 1787 ·
1374 1773 1403 1798 ἐν
1422 1772 1461 1807 τῷ
1476 1773 1504 1800 δὲ
1529 1774 1654 1809 χειμῶνι,
1675 1772 1763 1809 οἶμαι,
1790 1775 1834 1802 διὰ
1849 1776 1881 1802 τὸ

1092 1815 1177 1849 κρύος
1198 1817 1244 1843 καὶ
1254 1817 1298 1843 διὰ
1317 1817 1347 1843 τὸ
1358 1818 1458 1846 ἄϐατον
1471 1819 1524 1846 τῶν
1538 1820 1634 1854 ὁρέων,
1657 1821 1698 1847 ὅτι
1719 1821 1742 1847 εί
1760 1821 1807 1848 καὶ
1829 1822 1882 1856 φύς

1092 1869 1173 1897 γωσι,
1194 1862 1245 1889 ποῦ
1264 1863 1355 1899 έχουσι
1372 1865 1519 1900 κρυϐῆναι,
1533 1865 1596 1900 βίας
1611 1866 1696 1902 οὔσης
1711 1867 1813 1902 πολλῆς
1832 1867 1881 1894 τοῦ

1091 1909 1226 1944 χειμῶνος
1251 1910 1280 1936 ἐν
1303 1912 1370 1943 τοῖς
1388 1912 1500 1947 δρεσιν;
1519 1912 1555 1939 Τὸ
1573 1913 1601 1939 δὲ
1619 1912 1718 1948 ἀληθὲς
1741 1914 1879 1949 ήνοίξατο,

1095 1954 1187 1986 καθὼς
1202 1955 1294 1988 αὐτοῖς
1309 1958 1505 1993 προφητεύσας
1524 1959 1684 1994 ἀπεφήνατο
1698 1967 1706 1975 ·
1721 1957 1781 1986 εἷπε
1810 1960 1880 1996 γὰρ,

1090 1999 1132 2026 ὅτι
1153 2001 1243 2033 Λίθος
1255 2000 1303 2027 ἐπὶ
1316 2002 1402 2028 λίθον
1412 2002 1518 2029 ἐνθάδε
1529 2004 1583 2037 οὐχ
1601 2004 1806 2038 εὑρεθήσεται,
1830 2007 1881 2032 καὶ

1090 2047 1201 2080 ἐγένετο
1217 2047 1313 2079 οὓτως.
1328 2049 1406 2075 Μετά
1420 2059 1496 2081 τινας
1513 2050 1567 2084 γὰρ
1587 2052 1701 2085 καιροὺς
1723 2051 1807 2078 ἐλθὼν
1823 2052 1881 2078 ἀπὸ

1097 2090 1205 2127 Ῥώμης
1215 2091 1432 2128 [Οὐεσπασιανὸς
1443 2096 1491 2122 καὶ
1506 2095 1606 2129 Τῖτοςῤ
1616 2096 1712 2123 τούτου
1725 2097 1780 2128 υίὸς
1794 2097 1878 2133 (74η,

1091 2137 1160 2163 κατὰ
1180 2139 1210 2164 τὸ
1223 2138 1300 2173 ῥῆμα
1316 2140 1417 2174 Κυρίου
1434 2141 1520 2168 πάντα
1541 2141 1632 2174 αὐτοῖς
1647 2142 1681 2168 τὰ
1695 2142 1768 2168 δεινὰ
1783 2143 1882 2168 ἐπετέ-

249 2186 372 2217 dixerat,
396 2183 514 2218 lapidem
531 2189 612 2217 super
626 2181 742 2216 lapidem
755 2180 818 2208 istic
832 2188 885 2208 non
900 2183 1036 2216 reperien-

1095 2185 1176 2216 lcaev,
1192 2184 1242 2211 ὅσα
1260 2185 1353 2216 αὐτοῖς
1367 2187 1380 2211 ό
1393 2187 1565 2222 Δημιουργὸς
1585 2188 1803 2224 προεκηρύξατο.

248 2233 313 2259 dum
330 2251 337 2264 ,
368 2231 405 2257 ita
435 2230 522 2265 patuit
543 2233 642 2256 eventu
670 2238 676 2256 :

706 2230 787 2257 annis
811 2230 945 2264 siquidem
975 2235 1035 2265 post
1055 2231 1178 2266 aliquot,
1209 2233 1356 2263 adveniens
1381 2234 1469 2262 Roma
1502 2234 1686 2271 Vespasianus
1731 2245 1792 2265 cum
1819 2237 1881 2264 ﬁlio

248 2279 310 2305 Tito
323 2298 330 2309 ,
357 2277 484 2304 universa
497 2295 504 2307 ,
530 2282 590 2309 quae
610 2274 774 2302 vaticinatus
799 2280 859 2302 erat
884 2275 1033 2309 Dominus,
1053 2278 1123 2304 mala
1141 2285 1223 2312 super
1236 2286 1282 2307 eos
1302 2279 1418 2308 induxit.

285 2323 351 2350 165.
373 2321 455 2349 Aliud
481 2321 578 2348 iterum
597 2319 771 2355 Epiphanius
791 2328 798 2348 :
820 2321 888 2354 Quid
906 2322 958 2349 sibi
979 2322 1036 2350 vult

249 2369 314 2396 illud
336 2368 504 2402 Prophetae:
529 2374 539 2391 ι
559 2365 621 2393 Dies
647 2366 700 2393 diei
726 2370 832 2394 eructat
852 2367 983 2400 verbum,
1008 2373 1035 2396 et

250 2424 304 2443 nox
332 2415 406 2442 nocti
434 2412 580 2440 annuntiat
607 2413 748 2440 scientiam
762 2413 850 2440 '7'?»
879 2413 1037 2449 Respondet

249 2461 373 2489 Andreas
388 2469 396 2489 :
417 2460 468 2488 Adi
483 2458 631 2486 Jordancm
643 2479 652 2491 ,
677 2464 835 2494 reperturus
853 2460 945 2496 utique
960 2470 1036 2496 quaa-

250 2506 296 2534 siti
312 2507 349 2534 tui
370 2505 547 2534 solutionem.
570 2504 633 2532 Dies
649 2506 720 2532 enim
736 2504 814 2531 Pater
829 2510 869 2532 est
882 2525 889 2537 ,
914 2507 1036 2534 testimo-

252 2553 326 2580 nium
352 2552 498 2587 perbihens
531 2550 614 2583 Filio;
644 2550 872 2585 quemadmodum
899 2557 926 2579 et
953 2552 1037 2582 Filius

288 2620 310 2636 “
326 2619 421 2647 Matth.
434 2626 508 2651 xnv,
527 2617 572 2644 20.
609 2617 645 2633 ³⁷⁸
664 2617 736 2644 Psal.
752 2625 830 2651 ηιμ,
846 2618 873 2646 5.

285 2677 340 2713 (72)
368 2675 602 2713 Ibidemadditur
619 2683 627 2702 :
649 2675 806 2712 ’Λπόκρισιν
827 2676 855 2703 δὲ
885 2677 966 2705 πάλιν
986 2677 1031 2705 διὰ

249 2710 299 2748 τὴν
313 2710 547 2748 ἐπίβασιν-διδούς.

286 2748 342 2783 (75)
356 2746 511 2783 Mstyaiic.
528 2745 809 2783 interjicitﬂt'iﬁoﬁlq:
826 2754 880 2775 non
892 2748 981 2783 capio.

287 2781 342 2817 (7i)
353 2781 493 2810 Ms.Vatic.
504 2788 551 2814 per
559 2781 754 2816 turpissimam,
762 2783 916 2812 socordiam
926 2781 1030 2819 vocem,

1125 2324 1190 2359 ρξε’.
1225 2325 1386 2360 Ἐπιιράνιος
1408 2323 1487 2353 εἶπεν
1500 2334 1507 2342 ’
1525 2326 1558 2354 Τί
1580 2324 1659 2354 εἶπεν
1679 2327 1693 2354 ό
1714 2328 1879 2364 Προφήτηςν

1089 2379 1098 2396 ι
1119 2370 1225 2406 Ἡμέρα
1245 2373 1278 2407 τῇ
1302 2373 1394 2408 ἡμέρᾳ
1410 2373 1554 2408 ερεύγεται
1566 2373 1654 2409 ῥῆμα,
1671 2375 1717 2400 καὶ
1734 2374 1782 2406 νὺξ
1796 2375 1881 2401 νυκτὶ

1088 2416 1253 2451 ἀναγγέλλει
1267 2418 1368 2452 γνῶσιν
1381 2427 1388 2452 ;
1404 2428 1414 2445 ι
1425 2419 1454 2446 '0
1463 2419 1604 2455 Μακάριος
1616 2420 1682 2455 ἔφη·
1695 2421 1826 2455 Ἔγγισον
1836 2421 1882 2456 τῷ

1093 2464 1223 2501 Ἰορδάνῃ,
1236 2466 1282 2492 καὶ
1303 2466 1432 2501 εὑρήσεις
1445 2467 1473 2493 τὺ
1484 2467 1664 2502 ζητούμενον.
1680 2467 1803 2504 [Ἡμέρα
1820 2470 1881 2504 γὰρ

1087 2510 1101 2535 ὁ
1124 2510 1218 2546 Πατὴρ
1245 2512 1393 2547 μαρτυρῶν
1417 2512 1457 2548 τῷ
1481 2512 1537 2548 Υίῴ
1562 2513 1642 2549 (75)]
1662 2513 1753 2545 καθὼς
1778 2515 1836 2548 φῶς
1867 2517 1880 2541 c'

1090 2554 1150 2586 Υἱὸς
1163 2555 1177 2581 ὁ
1193 2555 1390 2592 βαπτιζόμενος
1404 2565 1410 2572 ·
1428 2558 1503 2593 ῥῆμα
1525 2558 1555 2585 τὸ
1578 2559 1607 2584 έν
1634 2558 1720 2594 μέσῳ,
1738 2558 1768 2589 τὸ
1795 2558 1880 2592 ἅγιον

1084 2677 1358 2741 ῗιηηέιοπειὶοηοωῖ
1379 2681 1495 2710 habebat
1528 2681 1676 2719 Ἀντίοχος.
1696 2684 1806 2712 Rectius
1818 2692 1879 2712 ms.

1113 2722 1118 2729 '
1136 2734 1142 2740 ε
1163 2723 1183 2741 Γ.

1113 2722 1183 2742 azar.

1084 2749 1185 2820 ήμςρόἐ.
1208 2749 1280 2779 Idem
1301 2751 1356 2780 :Ei
1383 2751 1433 2788 μὲν
1457 2752 1511 2788 γὰρ
1530 2753 1622 2786 καθὼς
1646 2753 1705 2790 φῶς
1735 2756 1749 2782 ό
1776 2755 1877 2790 Πατηρ
