2009 3088
152 175 204 207 813

750 176 843 208 νιτΑ
862 178 891 208 S.
913 177 1079 207 ANDREIE
1098 177 1193 210 SALI.

1721 177 1774 208 8M

153 231 276 267 Πνεῦμα,
294 231 390 258 καθότι
407 233 435 259 ἐν
457 233 522 260 εἴδει
537 235 702 270 ’περιστερᾶς
721 235 810 261 ἐκεῖσε
826 234 938 270 κατέδηι

994 234 1157 269 baptilatus,
1171 233 1216 261 lux
1239 238 1281 261 est
1294 241 1300 260 :
1315 233 1436 265 verbum,
1451 233 1523 268 quod
1540 233 1575 261 ibi
1589 233 1659 261 inter
1670 239 1775 261 ntrum-

151 278 256 310 Παῦλος
269 278 323 313 γὰρ
333 278 347 304 ὁ
364 279 525 311 ’Λπόστολος
536 279 611 314 λέγει
631 281 696 316 περὶ
708 280 755 307 τοῦ
771 280 938 316 Πνεύματος,

154 333 164 350 ι
179 324 234 350 Καὶ
248 323 297 358 τὴν
313 323 453 359 μάχαιραν
475 324 523 351 τοῦ
538 326 704 360 πνεύματος,
724 327 739 353 ὅ
763 327 838 353 ἐστιν
864 326 939 362 ῥῆμα

150 368 245 395 Θεοῦ.ι
258 368 316 401 Νὺξ
327 368 354 394 δὲ
365 369 379 394 ό
388 368 544 404 Πρόδρομος
557 371 626 405 πρὸς
639 371 688 406 τὴν
698 371 814 406 θεότητα
825 379 940 406 συγκρι-

152 414 276 448 νόμενος,
294 413 343 446 νὺξ
352 413 380 440 δὲ
394 414 441 440 καὶ
457 415 481 440 οί
509 414 642 441 Ἰουδαῖοι.
655 415 757 448 Γνῶσις
771 416 809 448 δὲ,
827 416 844 450 ἡ
856 417 939 449 ἀναγ-

151 460 300 494 γελλομένη
317 459 393 494 παρὰ
415 459 539 487 Ἰωάννου
555 462 612 491 τοῖς
634 461 785 493 Ἰουδαίοις,
801 461 900 492 πίστις.

184 595 256 632 ρεςκ
277 596 434 632 Ἐπιφάνιος
447 597 521 632 λέγει
535 606 541 613 ·
557 596 590 624 Ἀ
597 607 630 634 ρα
645 599 675 626 τδ
691 599 773 635 ὕδωρ,
789 600 820 627 τδ
834 601 866 627 ἐκ
883 601 936 628 τῶν

149 641 269 675 νεφελῶν
285 641 498 677 βροχητημόνως
514 643 569 679 (76)
586 645 617 670 ἐκ
637 645 685 672 τοῦ
701 646 816 680 οὐρανοῦ
840 655 938 681 κατερ-

150 687 264 722 χόμενον
290 688 433 722 ἀπορρέει,
454 689 532 724 εἴπερ
548 689 660 717 ἄλλοθεν
677 691 706 718 ἐν
729 692 790 722 ταῖς
813 693 938 726 νεφέλαις

150 734 298 767 ὰνάγεταις
323 734 351 759 ’0
367 733 462 768 ’Ἄγιος
476 732 552 761 εἷπεν
564 742 570 749 “
586 744 595 760 ι
608 734 645 762 Τδ
659 735 735 769 τόξον
758 745 808 771 μου
831 737 937 772 τίθημι,

150 779 233 812 φησὶν
244 778 257 802 6
269 778 344 810 Θεὸς,
365 780 394 805 ἐν
408 780 469 810 ταῖς
494 779 648 814 νεφέλαις.»
661 781 745 808 Τοῦτο
758 780 804 809 οὖν
819 783 849 809 τὺ
862 783 938 816 τόξον

151 823 298 857 προστάξει
329 823 397 850 Θεοῦ
426 824 538 858 συνάγει
568 825 652 852 ὕδατα
677 827 814 862 θαλάσσης
835 828 873 860 ὡς
898 829 938 860 εἱς

150 869 243 902 ἀσκὸν,
260 870 307 896 καὶ
322 869 430 905 τίθησιν
445 872 473 897 ὲν
487 873 545 903 τοῖς
560 872 656 907 λαγόσι
670 874 724 900 τῶν
740 875 875 909 νεφελῶν·
891 875 938 902 καὶ

148 917 191 946 ὅτε
219 917 310 945 νεύσει
335 919 349 944 6
369 919 435 951 Θεὸς
459 920 535 947 ὑετὸν
556 921 665 957 δοθῆναι
678 924 710 958 τῇ
726 925 772 958 γῇ,
786 924 938 951 ἀναδίδοται

149 964 305 998 πνεύματος
320 963 385 1000 ἦχος
403 966 518 1001 σφοδρὸς
541 967 573 994 ἐκ
590 968 640 1002 τῆς
658 969 775 1004 γαστρὸς
788 970 833 996 τοῦ
848 971 936 1009 τόξου,

150 1009 198 1034 καὶ
218 1009 248 1035 τὸ
265 1009 374 1044 πνεῦμα
386 1011 475 1038 ἐκεῖνο
491 1011 605 1048 θρόηλόν
618 1015 676 1040 ἐστι
696 1015 744 1041 καὶ
757 1017 936 1050 ταρακτικόν.

149 1054 214 1080 Ὅτε
230 1054 276 1081 οὖν
292 1056 370 1082 τοῦτο
386 1058 521 1094 προσέλθῃ
536 1058 604 1094 (77),
616 1061 662 1086 καὶ
672 1061 798 1097 παγιώσῃ
809 1062 844 1089 τὰ
858 1063 937 1098 νέφη,

153 1100 199 1126 καὶ
222 1101 353 1137 διυγράνῃ
380 1103 459 1135 αὐτὰ,
486 1105 545 1131 τότε
562 1105 643 1132 πάλιν
670 1107 821 1135 ἀναδίδοται
846 1109 938 1145 ἕτερον

152 1145 263 1179 πνεῦμα
281 1146 472 1183 ὑδατόρῤυτον,
491 1149 591 1184 βρόχον
606 1151 652 1177 καὶ
667 1152 733 1179 αὐτὸ
748 1152 878 1188 βροντῶν,
890 1155 939 1181 καὶ

153 1189 307 1226 ἐμπίπλησι
335 1192 384 1224 τὰς
408 1194 522 1228 νεφέλας
551 1195 598 1222 τοῦ
626 1196 720 1229 ὕδατος
739 1206 746 1213 ·
765 1198 861 1232 ὥσπερ
885 1199 938 1235 γὰρ

153 1236 272 1270 σπόγγον
287 1237 408 1274 πληροῦν
423 1240 518 1272 αὑτάς.
535 1241 590 1268 Καὶ
608 1243 678 1276 μετὰ
698 1243 778 1270 τοῦτο
801 1245 937 1280 ἀνοίγεται

149 1281 245 1316 ἕτερος
262 1282 402 1319 θησαυρὸς
427 1286 459 1311 ἐκ
482 1285 538 1312 τῶν
552 1286 584 1313 τὸ
599 1286 670 1322 ὕδωρ
695 1289 875 1324 κατεχόντων,
891 1291 938 1318 καὶ

150 1328 332 1363 προσέρχεται
351 1330 381 1357 τὸ
408 1331 516 1367 πνεῦμα
529 1332 560 1359 τὸ
574 1333 604 1365 ἐξ
618 1334 700 1360 αὑτοῦ
722 1336 790 1369 μετὰ
812 1337 936 1372 βροντῆς,

150 1373 209 1400 ὁδὸν
231 1375 324 1402 ποιοῦν
349 1376 390 1412 τῷ
412 1378 554 1414 ἐρχομένῳ
575 1379 652 1406 ὕδατι
676 1381 721 1407 ἐπὶ
744 1382 793 1413 τὰς
810 1383 935 1417 νεφέλας.

151 1418 244 1449 Οὕτως
263 1417 308 1446 οὖν
324 1420 419 1453 ὁσάκις
435 1423 572 1457 ἀνοίγεται
588 1424 724 1460 θησαυρὸς
742 1426 935 1463 ὑδατόρῤυτος,

152 1463 198 1490 καὶ
223 1464 333 1500 βρονταὶ
354 1467 498 1494 ἀκούονται
517 1476 525 1484 “
540 1470 638 1505 βροντὴ
655 1472 709 1506 γὰρ
734 1473 936 1508 προπορεὺεται

152 1509 198 1535 τοῦ
217 1510 312 1542 ὕδατος
327 1519 335 1527 ·
351 1513 478 1545 πολλάκις
497 1514 526 1541 δὲ
547 1516 594 1542 καὶ
616 1516 677 1552 δίχα
701 1517 815 1553 βροντῆς
834 1519 936 1554 βριχει.

994 288 1047 315 quo
1065 280 1182 311 mediat,
1200 279 1318 314 Spiritus
1341 283 1463 311 sanctus,
1490 279 1536 312 qui
1564 279 1590 305 in
1615 278 1706 314 specie
1730 286 1775 305 εο-

991 326 1090 353 Ιυηιὺιε
1110 325 1175 352 illuc
1190 324 1346 358 descendit;
1371 324 1472 359 quique
1490 324 1524 351 ab
1545 324 1668 359 apostolo
1689 323 1774 350 Paulo

989 372 1162 406 appellatur:
1187 380 1197 397 ι
1214 371 1329 399 Gladius
1348 371 1478 406 spiritus,
1503 371 1574 405 quod
1598 375 1638 398 est
1660 371 1771 397 verbum

990 416 1037 443 Dei
1063 417 1095 443 ".
1112 425 1121 442 ι
1147 415 1242 444 Noctis
1263 424 1344 451 porro
1363 416 1474 443 nomine
1497 415 1570 442 venit
1590 414 1751 441 Prodromus
1765 433 1773 446 ,

989 471 1042 491 nox
1065 462 1180 496 utique,
1199 462 1222 490 si
1245 469 1306 489 cum
1330 461 1475 489 Divinitate
1500 465 1692 496 comparetur;
1719 467 1772 486 nox

989 509 1052 536 item
1068 513 1095 536 et
1107 508 1204 536 Jutlmi.
1220 507 1341 536 Scientia
1353 507 1480 542 denique,
1497 507 1656 534 annuntiata
1672 505 1773 533 Judteis

980 543 1004 581 \a
1025 553 1146 586 Joanne,
1169 553 1247 580 fidem
1269 553 1404 587 designat.

1025 599 1088 628 166.
1112 599 1181 627 Tum
1204 598 1372 634 Epiphanius
1392 608 1397 625 ς
1416 597 1484 625 Num
1510 597 1566 629 illa,
1582 604 1662 631 quam
1686 605 1700 623 e
1723 605 1775 624 nu-

989 645 1070 674 bibus
1084 645 1213 680 depluere
1225 651 1324 680 aquam
1340 643 1475 675 videmus,
1491 650 1506 670 e
1521 643 1591 670 eielo
1608 643 1773 670 descendens

990 693 1044 719 liuc
1058 690 1186 718 allabitur
1197 709 1204 721 .
1227 697 1262 718 an
1281 689 1393 717 aliunde
1406 689 1433 716 in
1447 689 1565 717 nubibus
1581 689 1693 716 coacta?
1710 688 1776 722 Qua:

990 736 1018 764 in
1040 736 1113 764 hunc
1138 735 1247 763 modum
1274 735 1354 763 solvit
1377 735 1522 763 Andreas:
1547 743 1555 760 ι
1580 733 1657 762 Pono
1681 741 1774 762 arcum

989 790 1081 811 meum
1095 782 1122 810 in
1143 782 1233 814 nube,
1257 781 1325 809 dicit
1357 781 1490 809 Dominus
1521 780 1567 807 η’.
1585 790 1594 807 ι
1616 781 1664 808 llic
1682 788 1774 814 arcus,

990 829 1027 856 ita
1050 833 1187 857 statuente
1204 827 1280 861 Deo,
1307 827 1380 862 cogit
1406 833 1504 861 aquam
1528 827 1612 854 maris
1635 826 1718 853 veluti
1747 826 1773 852 in

991 879 1100 906 utrem.
1126 872 1303 907 reconditque
1331 872 1356 899 in
1386 871 1462 899 sinus
1482 876 1509 899 et
1533 871 1704 906 receptacula
1723 878 1776 897 nu-

957 905 977 933 B
992 921 1081 950 bium:
1108 925 1226 954 eumque
1248 925 1282 945 ex
1305 922 1373 945 nutu
1397 917 1443 944 Dei
1460 917 1551 952 pluvia
1575 905 1655 944 terris
1677 916 1777 942 immit-

991 965 1073 994 tenda
1102 970 1159 999 est,
1188 965 1325 1000 ingentem
1356 971 1453 991 sonutn
1483 963 1582 990 emittit
1609 963 1719 997 spiritus
1740 969 1775 988 ex

989 1019 1054 1040 arcu
1088 1011 1197 1043 medio,
1224 1010 1363 1038 violentus
1391 1009 1631 1043 turbulentusque.
1663 1007 1775 1041 Quando

989 1057 1071 1092 igitur
1087 1057 1189 1091 prodiit
1201 1056 1245 1083 ille
1257 1075 1266 1088 ,
1290 1057 1432 1090 nubesque
1449 1056 1540 1089 coegit
1555 1062 1587 1082 ac
1609 1053 1752 1081 madefecit
1766 1062 1773 1080 :

990 1109 1056 1131 tunc
1071 1110 1180 1130 rursum
1199 1103 1268 1129 alius
1289 1101 1379 1136 prodit
1401 1101 1513 1136 spiritus
1527 1120 1534 1133 ,
1557 1108 1626 1135 aqua
1640 1107 1708 1135 pene
1722 1099 1775 1126 dif-

989 1149 1088 1182 ﬂuens,
1111 1148 1158 1183 qui
1180 1152 1208 1176 et
1223 1148 1283 1183 ipse
1300 1147 1402 1174 tonitru
1417 1146 1533 1178 excitat,
1555 1150 1583 1172 et
1605 1145 1701 1178 nubes,
1719 1152 1772 1172 non

988 1196 1067 1223 aliter
1081 1202 1162 1230 quam
1178 1194 1330 1229 spongiam,
1345 1200 1414 1228 aqua
1433 1192 1529 1226 replet.
1544 1190 1610 1218 Post
1625 1191 1682 1218 luec
1699 1191 1772 1218 aliud

989 1240 1117 1275 panditur
1141 1246 1273 1274 aquarum
1294 1238 1518 1272 receptaculum,
1545 1236 1689 1271 proditque
1715 1237 1773 1270 spi-

988 1287 1057 1313 ritus
1081 1293 1143 1313 cum
1177 1284 1296 1316 tonitru,
1329 1283 1400 1310 viam
1420 1283 1521 1310 faciens
1543 1282 1715 1310 venientibus
1739 1282 1772 1309 ad

988 1332 1074 1359 nubes
1087 1331 1175 1366 aquis.
1193 1331 1306 1364 Quoties
1324 1333 1415 1357 autem
1438 1330 1558 1364 aperitur
1581 1329 1632 1356 hoc
1653 1336 1775 1364 recc-ptav-

987 1377 1098 1410 culum,
1122 1377 1202 1404 toties
1224 1377 1401 1411 subsequitur
1427 1377 1519 1412 pluvia
1546 1379 1574 1403 et
1600 1375 1702 1402 tonitru
1728 1382 1776 1400 au-

988 1423 1061 1450 ditur
1087 1431 1094 1449 :
1123 1423 1190 1450 illud
1220 1424 1292 1449 enim
1324 1422 1444 1458 pluviam
1473 1421 1621 1457 praeedit;
1649 1421 1775 1456 quamvis

990 1473 1079 1496 tamen
1095 1476 1148 1496 non
1167 1469 1337 1504 negaverint,
1351 1477 1422 1504 saepe
1435 1473 1534 1495 terram
1550 1468 1657 1503 irrigari
1672 1467 1774 1502 pluvia,

989 1515 1035 1542 illo
1051 1523 1103 1541 non
1126 1522 1282 1550 progresso.
1298 1515 1392 1550 Neque
1408 1522 1472 1541 vero
1498 1514 1632 1541 elementa
1657 1513 1708 1540 ista
1725 1520 1773 1547 per

149 1555 209 1582 Οὐκ
226 1557 295 1584 αὐτὰ
306 1558 334 1584 δὲ
349 1559 441 1586 ἐκεῖνα
462 1561 496 1587 τὰ
510 1563 631 1597 στοιχεῖα
642 1563 688 1597 ἀφ’
701 1564 806 1590 ἑαυτῶν
819 1566 938 1599 νάουσιν,

991 1570 1020 1590 se
1046 1562 1102 1597 ipsa
1124 1563 1237 1597 pluunt;
1255 1563 1302 1590 sed
1321 1562 1454 1589 Dominus
1469 1561 1541 1588 Deus
1561 1560 1705 1587 constituit
1721 1567 1773 1585 an-

152 1601 211 1627 ἀλλ’
235 1603 249 1628 ὸ
270 1603 409 1638 Δεσπότης
424 1605 490 1637 Θεὸς
506 1606 568 1638 τοὺς
585 1608 716 1641 ἀγγέλους
732 1610 814 1636 αὐτοῦ
834 1611 940 1637 διευθύ-

153 1655 249 1679 νοντας
262 1650 459 1684 κατεστήσατο,
476 1651 566 1683 καθὼς
589 1653 637 1680 καὶ
650 1654 696 1680 ἐπὶ
713 1656 802 1682 πάντα
816 1656 850 1682 τὰ
866 1664 939 1683 στοι-

151 1694 211 1727 χεῖα
225 1693 272 1720 τοῦ
288 1694 414 1728 οὐρανοῦ.

189 1739 254 1773 ρξζκ
287 1740 448 1775 ’ίὲπιφὰνιος
470 1742 567 1777 λέγει·
589 1744 674 1780 Ὑπὲρ
702 1745 727 1772 τί
755 1746 895 1781 ὠνόμασεν
926 1749 940 1774 ό

153 1786 271 1822 Χριστὸς
288 1788 333 1814 τὸν
349 1788 481 1824 Θεολόγον
498 1791 614 1827 βροντῆς
640 1793 715 1826 υἱόν;
736 1794 767 1821 '0
783 1795 876 1826 ’Ὁσιος
901 1793 941 1822 εῖ-

151 1840 222 1858 πιν·
237 1831 321 1868 Οἶμαι
345 1835 430 1862 διὰτὸ
453 1837 607 1872 ἀρύσασθαι
630 1840 711 1866 αὑτὸν
736 1840 770 1867 τὰ
795 1841 940 1877 ἀπόρρητα

152 1878 262 1913 ῥήματα
286 1879 333 1906 τοῦ
358 1881 524 1916 Εὐαγγελίου
543 1884 576 1911 ὲκ
599 1885 649 1918 τῆς
671 1885 805 1913 ἀθανάτου
828 1887 937 1923 πηγῆς·

152 1924 255 1959 Κύριος
275 1925 329 1961 γάρ
347 1927 421 1954 ἐστιν
439 1929 456 1963 ὴ
478 1929 633 1965 ἀπόρρητος
648 1931 758 1967 βροντή.
777 1933 863 1965 Αὐτὸς
885 1933 939 1969 γὰρ

150 1970 236 2005 ἀνέϐη
251 1971 288 2006 τῷ
308 1972 445 2007 πνεύματι
457 1975 497 2006 είς
517 1976 580 2006 τοὺς
599 1976 740 2010 οὐρανοὺς,
767 1978 804 2010 ὡς
824 1979 838 2005 ό
860 1979 941 2006 Ἀπό-

153 2015 257 2047 στολος.
277 2017 379 2052 Νοητοὶ
400 2019 454 2054 γὰρ
474 2020 579 2054 Κυρίου
604 2022 716 2057 οὐρανοὶ
737 2023 761 2048 οἱ
783 2023 938 2057 ἀπόστολοι,

152 2061 201 2087 καὶ
219 2061 369 2097 ἐϐρόντησε
401 2064 436 2091 δι’
457 2065 547 2092 αὐτῶν
563 2067 593 2092 rb
618 2067 785 2102 Εὑαγγέλιον
810 2069 884 2106 πάσῃ
905 2071 938 2106 τῇ

150 2107 253 2133 κτίσει.
275 2107 377 2142 Κύριος
402 2109 457 2144 γάρ
477 2110 582 2146 ἐστινὴ
604 2111 702 2147 βροντὴ
715 2133 723 2145 ,
738 2113 794 2145 υίὸς
814 2114 843 2140 δὲ
861 2115 940 2150 βρογ-

152 2152 202 2186 τῆς
218 2154 231 2178 ὸ
247 2152 377 2187 Θεολόγος
392 2162 399 2169 ·
417 2155 593 2192 φοσερώτερα
607 2159 660 2192 γὰρ
675 2158 756 2184 αὑτοῦ
767 2159 846 2191 ἄλλος
862 2160 940 2195 βρον-

153 2200 234 2232 τῆσαι
249 2200 299 2225 οὐκ
320 2200 431 2234 ἴσχυσεν
447 2209 454 2216 ·
478 2201 541 2233 Tib;
559 2203 626 2230 Θεοῦ
645 2204 705 2231 κατ’
723 2205 939 2242 ἐξαιρετωτέραν

991 1608 1065 1643 gelos
1080 1615 1156 1640 suos,
1169 1609 1216 1643 qui
1239 1609 1277 1635 liti
1293 1613 1392 1635 caetera
1407 1606 1498 1634 omnia
1514 1606 1574 1634 cceli
1591 1605 1678 1640 signa,
1698 1605 1737 1632 sic
1750 1608 1776 1631 et

989 1656 1084 1686 istliaec
1099 1656 1219 1690 dirigunt
1233 1659 1315 1690 atque
1331 1654 1494 1690 gubernant.

1027 1749 1088 1776 167.
1109 1749 1194 1776 Porro
1217 1747 1368 1776 sciscitanti
1386 1746 1557 1782 Epiphanio,
1583 1753 1634 1773 cur
1650 1745 1775 1775 Christus

991 1795 1122 1822 Dominus
1137 1799 1262 1822 sanctum
1283 1792 1415 1821 Joannem
1441 1792 1608 1826 Tbeologum
1633 1791 1776 1826 cognomi-

991 1841 1097 1868 naverit
1113 1838 1236 1867 Tonitrni
1254 1839 1340 1866 [ilium
1359 1847 1366 1866 :
1383 1838 1463 1871 Quia,
1478 1838 1624 1873 respondet
1637 1836 1773 1868 Andreas,

991 1889 1021 1912 ut
1035 1892 1094 1911 mea
1106 1885 1214 1919 quidem
1233 1883 1286 1911 fert
1299 1883 1430 1910 sententia
1444 1902 1452 1914 ,
1472 1890 1504 1910 ex
1520 1882 1679 1909 inexhausta
1700 1880 1774 1908 fonte

990 1930 1109 1962 Domini,
1129 1930 1175 1965 qui
1191 1937 1322 1957 arcanum
1344 1933 1371 1956 et
1384 1928 1519 1956 ineffabile
1533 1927 1694 1954 Tonitruum
1711 1933 1773 1959 est,

989 1984 1089 2003 arcana
1115 1975 1254 2011 Evangelii
1279 1975 1323 2002 sui
1352 1974 1433 2001 verba
1461 1973 1561 2002 hausit.
1589 1972 1649 2007 ipse
1677 1972 1773 2006 enim,

989 2030 1066 2054 itaque
1085 2030 1116 2049 ac
1131 2022 1271 2056 apostolus
1294 2020 1411 2050 Paulus.
1437 2020 1464 2046 in
1494 2019 1578 2047 etelos
1600 2022 1695 2053 raptus
1721 2023 1771 2045 est.

989 2069 1111 2103 Apostoli
1127 2075 1245 2103 namque
1259 2087 1265 2099 ,
1289 2067 1401 2093 animati
1422 2065 1521 2093 divina:
1544 2064 1695 2100 maiestatis
1710 2064 1773 2091 cceli

990 2119 1073 2148 sunt,
1091 2123 1137 2149 per
1158 2122 1227 2150 quos
1247 2113 1423 2149 Evangelium
1447 2112 1566 2139 intonuit
1588 2111 1700 2138 auribus
1715 2118 1774 2138 Olll-

991 2162 1067 2189 nium
1099 2166 1296 2189 creaturarum.
1329 2160 1461 2187 Dominus
1491 2159 1570 2194 [certe
1589 2157 1773 2189 Tonitruum,

991 2208 1145 2243 Tlieologus
1152 2212 1241 2235 autem
1256 2206 1380 2235 'l'onitrui
1393 2206 1466 2233 ﬁlius
1479 2205 1576 2233 merito
1586 2203 1755 2239 appellantur
1763 2209 1773 2229 :

152 2245 233 2290 χαριν
259 2247 339 2278 ἄλλος
358 2255 399 2279 τις
417 2248 467 2275 οὐκ
490 2248 574 2277 ἐστιν.
591 2250 696 2286 Βροντή
711 2252 769 2278 ἐστι
783 2253 812 2279 τὸ
825 2253 938 2289 Πνεῦμα

992 2255 1125 2290 siquidem
1142 2261 1225 2281 nemo
1240 2253 1339 2288 aliquis
1348 2253 1478 2287 ‘repertus
1493 2251 1527 2278 sit
1541 2270 1549 2283 ,
1566 2250 1612 2286 qui
1629 2249 1711 2277 altius
1726 2249 1774 2276 illo

153 2289 186 2336 τὸ
217 2289 302 2324 ἆγιον,
319 2290 349 2319 οὗ
367 2293 424 2324 υἱὸς
443 2294 515 2320 κατὰ
529 2296 609 2331 χάριν
635 2296 649 2322 ό
672 2297 810 2333 Ἰωάννης.
829 2299 885 2325 Καὶ
905 2301 937 2336 τῇ

154 2335 220 2370 ἁγίᾳ
232 2337 354 2372 Θεοτὸκῳ
367 2339 381 2365 ὁ
398 2339 500 2375 Κύριος
515 2342 560 2368 ἐπὶ
577 2341 624 2369 τοῦ
639 2344 755 2379 σταυροῦ
769 2345 845 2379 ἐλεγε
872 2354 938 2381 κρε-

155 2382 276 2416 μάμενος
294 2391 300 2398 ·
318 2393 328 2409 ι
345 2384 438 2418 Γύναι,
458 2386 495 2412 ἴδε
513 2387 593 2420 ὀυίός
610 2397 682 2416 σου.»
695 2390 748 2415 Καὶ
760 2391 844 2426 ἀνέϐη
858 2391 938 2418 πάλιν

155 2427 194 2457 εἰς
219 2428 351 2463 οὐρανοὺς
368 2432 380 2457 ὁ
399 2431 501 2467 Κύριος
517 2434 585 2468 μετὰ
602 2434 652 2470 τὴν
678 2436 710 2462 ἐκ
731 2437 836 2472 νεκρῶν
855 2438 938 2465 αὐτοῦ

153 2472 343 2509 ἐξανάστασιν,
367 2478 415 2504 καὶ
436 2479 564 2506 ἐκάθισεν
587 2481 620 2507 ἐκ
639 2481 735 2514 δεξιῶν
759 2483 806 2509 τοῦ
833 2484 939 2519 Πατρὺς

154 2520 250 2553 αὐτοῦ,
275 2522 323 2548 καὶ
348 2523 410 2550 τότε
433 2523 596 2561 ἐῦρόντησεν
616 2527 644 2553 ἐν
672 2527 731 2562 ἤχῳ
753 2528 861 2563 σφοδρῷ
890 2529 938 2557 τοῦ

151 2565 232 2600 ἁγίου
251 2568 424 2604 Πνεύματος,
437 2570 633 2605 ἐξαποστείλας
653 2573 718 2599 αὐτὸ
733 2574 763 2600 ἐν
778 2575 844 2601 εῖδει
858 2576 939 2610 πυρί-

191 2656 213 2672 ³⁸
232 2656 332 2692 Eplies.
346 2666 384 2692 vt,
403 2659 445 2686 Π.
485 2661 521 2677 ¹⁶⁹
540 2661 607 2688 Gen.
625 2669 661 2695 ix,
679 2663 720 2690 15.
758 2665 780 2679 ’³
798 2663 876 2692 Joan.
894 2674 938 2693 xix

156 2734 246 2805 Mil?
271 2735 310 2762 lta
339 2743 392 2764 ms.
419 2735 532 2770 Mazar.,
548 2745 597 2773 pro
622 2746 678 2774 quo
692 2739 780 2769 Vattc.
795 2741 896 2778 βροχῆς
911 2752 938 2770 τι

266 2805 321 2847 Ife!
339 2805 401 2847 ὅσον
418 2807 492 2847 ξνρον
515 2809 655 2847 διατρήσει
681 2810 716 2838 τὰ
747 2811 816 2847 νέφη
844 2813 939 2841 ποιοῦν

154 2841 314 2882 ἑτοιμασίαν
345 2841 405 2882 τοῦ..
423 2842 542 2882 ὕὸατοςη
563 2841 738 2882 ᾗαὶλδιαχέει
758 2841 836 2874 τοῦτο
854 2850 894 2879 είς
909 2850 939 2875 τὺ

155 2876 255 2908 πλάτος
270 2877 318 2912 τῆς
333 2876 456 2915 νεξςέλης,
471 2874 832 2918 τήξόεδομένηςδφημὶπὴν
842 2874 938 2918 τρῆσιν

991 2300 1158 2332 intonuerit;
1189 2306 1280 2332 nemo,
1304 2299 1350 2334 qui
1375 2297 1437 2325 Filii
1463 2297 1509 2325 Dei
1536 2304 1635 2324 nomen
1664 2300 1775 2332 prapter

991 2348 1105 2382 gratiam
1121 2346 1329 2373 eminentiorem
1345 2343 1596 2377 merueritjustius.
1612 2342 1687 2370 Adde
1702 2341 1774 2376 quod

991 2396 1102 2419 sanctus
1124 2399 1234 2426 quoque
1254 2391 1374 2426 Spiritus
1397 2391 1548 2418 tonitruum
1565 2389 1618 2422 sit,
1634 2388 1712 2422 cujus
1729 2395 1776 2421 per

992 2437 1106 2473 gratiam
1138 2437 1210 2465 lilius
1242 2436 1374 2464 Joannes.
1403 2435 1458 2464 Sed
1487 2439 1513 2463 et
1547 2435 1615 2463 illud
1643 2433 1777 2464 accedat,

991 2483 1093 2511 dixisse
1117 2483 1260 2511 Dominum
1278 2491 1294 2510 e
1315 2490 1395 2510 cruce
1421 2482 1568 2518 pendulum
1597 2479 1777 2508 sanctissima:

993 2530 1071 2557 Matri
1081 2537 1137 2557 sua:
1155 2539 1163 2559 :
1185 2530 1307 2563 «Mulier,
1322 2539 1385 2559 ecce
1398 2531 1470 2559 ﬁlius
1483 2536 1547 2559 tuus
1563 2532 1612 2558 ".1
1630 2530 1684 2558 Nec
1696 2530 1778 2557 omit-

993 2575 1105 2603 tendum
1117 2595 1125 2609 ,
1143 2576 1216 2611 quod
1233 2575 1366 2604 Dominus
1387 2582 1446 2611 post
1468 2584 1545 2605 suam
1561 2585 1576 2606 a
1599 2577 1715 2605 mortuis
1736 2583 1777 2603 re-

944 2666 1016 2698 ,26.

991 2746 1100 2791 ἐκείνην
1113 2748 1208 2791 ’Λδιότι
1223 2748 1348 2791 .9960“.
1347 2750 1380 2777 τὰ
1398 2750 1466 2791 νέφη
1482 2751 1522 2791 εις
1547 2751 1707 2791 ἑτοιιμασίαν
1722 2751 1777 2791 ¹τοῦ

992 2782 1396 2824 ὑποδέξασθαιτὰλζλδὰταιειιμ)
1420 2782 1478 2813 haec
1490 2782 1650 2814 obscuriora
1671 2789 1779 2816 deside-

992 2822 1086 2845 rentur
1103 2820 1128 2846 in
1141 2826 1193 2847 ms.
1210 2819 1322 2853 Mazar.,
1337 2821 1420 2849 etiam
1436 2829 1468 2850 ex
1486 2826 1560 2850 textu
1578 2827 1671 2852 nostro
1688 2831 1778 2851 exom-

993 2857 1037 2888 pta
1055 2856 1106 2881 huc
1121 2855 1269 2883 transferre
1279 2856 1370 2883 malui.
