2009 3088
203 205 255 237 817

781 211 868 241 VITA
890 213 921 243 S.
941 213 1104 244 ANDREiE
1125 215 1223 246 ΞΛΜ.

1763 221 1817 253 818

204 260 337 296 αἱρετικοὶ
353 261 529 294 νοθεύσαντες
541 263 724 298 ὲδογμᾶτισαν
757 266 890 293 ἀλλόκοτα
921 267 929 302 Ῐ
944 268 987 294 καὶ

1042 269 1188 297 admodum
1215 271 1272 298 haec
1306 276 1394 299 autem
1416 272 1555 305 splendide
1575 274 1687 301 mentita
1701 295 1708 306 ,
1734 276 1774 302 sic
1793 281 1821 302 et

204 305 257 341 χρὴ
271 305 359 333 ταῦτα
376 307 463 334 πάντα
474 309 634 344 Χριστιανὸν
648 310 685 345 μὴ
698 311 989 348 παραδέχεσθαιῌθῆ.

209 351 303 383 Ἦλίας
316 352 363 379 οὖν
378 354 417 384 εἰς
431 353 564 388 οὐρανοὺς
580 356 628 382 οὐκ
645 356 738 389 ἀνέιὸη,
753 357 790 392 μὴ
802 358 915 392 γένοιτο,
929 359 990 385 οὔτε

204 396 250 423 ἐπὶ
267 397 392 432 ἅρματος
407 399 552 431 καθέζεται
564 407 570 415 ·
586 402 666 436 χάριν
681 402 709 428 δὲ
725 403 780 439 ἔχει
794 405 839 430 ἐπὶ
854 404 899 431 τὸν
915 405 990 432 ὑετὸν

204 442 252 468 τοῦ
273 443 442 478 παρακαλεῖν
460 444 505 471 τὸν
529 445 606 478 Θεὸν,
625 447 698 478 ὅπως
720 448 749 475 ὲν
771 448 861 483 καιρῷ
884 450 990 486 ἀνύδρῳ

204 487 293 514 δίδωσι
309 490 342 523 τῇ
357 491 390 524 γῇ
405 490 492 516 ὑετόν·
507 491 566 517 ἐπεὶ
582 501 591 517 ι
609 493 703 524 Οὐδεὶς
713 493 881 529 ἀναὸέὸηκεν
892 496 931 526 εἰς
945 496 990 522 τὸν

204 533 325 568 οὐρανὸν,
337 536 360 561 εί
379 536 414 570 μὴ
429 536 443 562 6
460 538 491 564 ὲκ
504 537 550 564 τοῦ
567 539 682 573 οὐρανοῦ
696 540 827 572 καταόὰς,
843 542 856 567 ὁ
871 541 933 572 Υἱὸς
942 542 988 568 τοῦ

204 579 357 614 ἀνθρώπου,
384 582 398 607 6
422 581 460 609 ὢν
480 583 508 609 ἐν
531 583 570 619 τῷ
585 585 701 620 οὐρανῷ.
715 595 723 611 ι
742 583 826 618 Οὗτος
848 587 876 613 δὲ
904 588 935 622 ζῇ
959 589 988 614 ἐν

206 626 288 660 σαρκὶ
305 627 353 652 καὶ
369 627 442 654 ἐστιν
456 628 503 655 ἐπὶ
521 629 584 664 γῆς,
603 631 653 656 κᾶν
668 631 755 663 οὐδείς
772 634 846 660 ἐστιν
860 634 873 659 ὀ
890 634 988 668 γνωρί-

204 670 258 702 ζων
273 672 365 700 αὐτόν.
382 674 418 708 Ζῇ
435 674 462 700 δὲ
477 675 576 711 Ἑνὼχ,
593 678 640 703 καὶ
655 679 685 704 ὲν
705 679 780 714 μέσῳ
798 679 903 706 πολλῶν
920 683 987 707 ἀνα-

151 748 154 752 ,
204 717 362 752 στρέφεται.
381 720 427 746 καὶ
445 721 533 753 οὐδείς
554 724 626 749 ἔστιν
640 725 654 750 6
669 724 810 758 γινώσκων
834 727 925 754 αὐτόν.
949 728 986 762 Ζῇ

204 762 230 788 δὲ
244 764 290 789 καὶ
307 764 320 789 6
340 764 544 802 Εὐαγγελιστὴς
565 768 703 804 Ἰωάννης,
730 772 776 798 καὶ
795 771 869 799 ἐστιν
885 773 925 803 είς
942 775 987 800 τδν

204 808 315 843 κόσμον,
329 809 423 844 ὥσπερ
443 813 617 848 μαργαρίτης
637 814 665 840 ἐν
681 816 756 850 μέσῳ
773 815 905 852 βορϐόρου
921 819 987 853 ἀφε-

204 854 271 887 θεὶς,
288 855 335 882 τοῦ
351 853 421 883 εἶναι
439 858 468 884 ἐν
482 861 563 894 σαρκὶ
582 860 627 886 ἐπὶ
640 862 688 895 τῆς
702 862 762 896 γῆς,
779 863 986 899 ἀντιπρόσωπος

206 902 296 937 Ἰησοῦ
314 904 432 939 Χριστοῦ
459 906 505 932 τοῦ
524 907 714 939 ἐξιλάσκεσθαι
737 910 814 944 ἡμῶν
829 910 877 942 τὰς
894 912 986 947 ἀμαρ-

1042 316 1092 342 ista
1111 323 1127 342 ει
1150 317 1265 344 veritate
1284 318 1451 345 alienissima
1476 324 1559 352 sunt,
1582 324 1610 347 et
1629 321 1664 348 ab
1685 320 1821 348 haereticis

1041 361 1194 395 prodigiose
1230 363 1379 390 adulterata
1414 368 1496 396 atque
1528 366 1666 398 conficta,
1698 366 1821 400 adeoque

1041 406 1195 434 Christiano
1220 408 1333 436 cuilibet
1359 410 1516 444 neutiquam
1542 411 1718 450 admittenda.
1745 413 1822 439 Absit

1041 451 1133 486 igitur,
1150 458 1197 480 aut
1213 454 1239 480 in
1254 454 1338 481 caelos
1352 455 1501 488 invectum,
1525 460 1572 483 aut
1586 456 1613 483 in
1630 465 1711 483 curru
1726 458 1822 484 etiam-

1041 505 1104 524 num
1129 499 1222 529 sedere
1247 499 1355 532 Eliam,
1381 501 1505 528 dicamus
1532 509 1539 527 :
1565 501 1590 528 id
1620 501 1822 531 verius,isthac

1039 542 1110 576 apud
1127 541 1210 570 Deum
1229 544 1347 578 gaudere
1366 546 1552 579 prterogativa,
1567 551 1595 573 ut
1611 551 1731 581 tetupore
1743 547 1822 574 sicci-

1040 587 1103 614 tatis
1123 591 1222 614 terram
1246 587 1349 615 aridam
1366 589 1456 623 pluria
1478 590 1647 623 impertiatur
1673 600 1679 617 :
1704 599 1712 616 t
1736 590 1822 617 Nemo

1040 632 1139 666 quippe
1163 632 1188 658 in
1211 632 1310 660 coelum
1328 634 1461 666 ascendit,
1486 635 1543 661 nisi.
1554 635 1602 668 qui
1626 636 1764 663 descendit
1787 637 1822 664 de

1039 677 1119 709 caelo,
1147 676 1232 704 FIIIUS
1258 678 1386 711 hominis,
1411 679 1457 714 qui
1477 674 1524 706 ’ρει
1540 680 1566 706 iu
1585 681 1653 707 cado
1666 681 1698 708 ".
1720 690 1729 706 ›
1749 681 1821 710 Elias

1040 728 1114 753 vero,
1143 721 1254 750 indutus
1277 730 1397 756 carnem,
1427 724 1491 751 vivit
1514 725 1648 758 interra;
1675 734 1754 753 nemo
1769 733 1820 757 est.

1038 767 1084 802 qui
1101 767 1188 802 ipsum
1208 769 1366 803 cognoscit:
1385 769 1448 797 vivit
1464 775 1489 797 et
1505 770 1608 802 Euoch,
1629 776 1656 798 ct
1676 772 1820 799 multorum

1039 818 1163 841 versatur
1187 815 1214 842 in
1239 815 1338 849 medio,
1354 811 1524 851 quanquam"
1541 818 1667 846 omnibus
1695 819 1820 852 ignotus:

1039 860 1102 887 vivit
1116 860 1233 895 denique
1247 861 1329 888 etiam
1350 861 1470 889 Joannes
1483 863 1647 897 evangelista
1666 863 1691 890 in
1709 864 1820 895 mundo.

1037 905 1117 932 sicuti
1133 906 1277 940 margarita
1292 906 1317 933 in
1334 906 1423 934 medio
1438 906 1505 939 luto,
1517 908 1556 934 sic
1570 913 1598 934 ut
1615 916 1667 934 non
1682 914 1820 943 appareat.

206 947 272 980 τίας,
290 950 336 975 καὶ
349 950 397 976 τοῦ
411 951 595 986 ἀποστρέφειν
608 955 658 988 τὴν
682 955 788 982 δικαίαν
804 956 888 992 ὀργὴν
904 941 986 985 αὑτοῦ

1039 952 1165 984 latitans,
1198 958 1227 978 ut
1252 952 1278 978 in
1309 959 1391 980 carne
1416 958 1477 980 aute
1504 953 1598 981 faciem
1628 954 1691 981 .Iesu
1720 955 1821 982 Christi

204 992 252 1028 τὴν
266 994 324 1020 καθ’
336 995 424 1030 ἡμῶν,
441 997 560 1032 ὁπηνίκα
572 1000 710 1036 πληθυνθῇ
722 1003 755 1029 τὰ
767 1002 845 1037 ἡμῶν
859 1003 910 1038 πλη
917 1012 987 1038 μμε-

204 1039 310 1073 λήματα
321 1040 366 1067 τοῦ
379 1042 528 1078 ἀπαλεῖψαι
539 1045 610 1080 ἡμᾶς
626 1045 669 1072 διὰ
683 1046 733 1078 τὰς
748 1047 885 1084 ἁμαρτίας
897 1050 987 1083 ἡμῶν.

204 1085 299 1112 Πολλοὶ
316 1084 364 1113 οὖν
384 1088 437 1114 τῶν
459 1089 571 1116 δικαίων
587 1091 735 1119 ἐθεάσαντο
757 1093 848 1126 αὐτὸν,
864 1094 923 1120 ἀλλ’
938 1095 988 1122 οὐκ

204 1132 381 1168 ἑφανὲρωσαν
398 1135 479 1162 αὐτὸν
495 1136 539 1162 διὰ
556 1137 585 1163 τὸ
597 1137 711 1165 ἄπιστον
723 1139 769 1166 καὶ
783 1139 929 1174 περίεργον
938 1140 988 1175 τῆς

203 1178 377 1214 ἀνθρωπίνης
400 1180 552 1213 ἀσθενείας.
569 1183 650 1209 Ὅθεν
667 1184 692 1210 οἱ
715 1185 789 1219 τρεῖς
814 1182 886 1211 οὗτοι
917 1185 986 1217 ζῶσι

206 1225 288 1262 μέχρι
308 1226 356 1261 τῆς
373 1228 539 1262 συντελείας,
557 1230 603 1256 καὶ
616 1230 675 1256 τότε
698 1230 768 1265 μετά
787 1231 833 1257 τοῦ
854 1231 987 1267 Ἀντιχρί-

203 1279 265 1296 στου
283 1272 473 1305 παλαίσαντες,
492 1275 649 1309 νικήσουσιν
677 1276 768 1308 αὑτὸν,
788 1277 834 1303 καὶ
850 1277 921 1302 οὕτω
941 1277 987 1303 τὸν

204 1315 248 1341 τοῦ
267 1317 418 1352 μαρτυρίου
434 1319 566 1354 στέφανον
581 1321 758 1355 άναδήσονται
774 1323 847 1358 παρὰ
868 1323 986 1358 Χριστοῦ

203 1361 251 1388 τοῦ
272 1362 338 1389 Θεοῦ

239 1507 286 1539 po’.
304 1503 397 1531 Ταῦτα
413 1505 463 1539 μὲν
475 1504 571 1537 οὕτως.
587 1505 654 1540 Περὶ
671 1505 699 1532 δὲ
711 1506 758 1532 τοῦ
774 1506 860 1534 καίειν
875 1508 988 1544 δράκον-

203 1551 265 1584 ταὴ
287 1550 425 1585 ἀστραπὴ,
444 1551 493 1576 οὐκ
508 1551 683 1585 ἀμφιϐάλλω,
699 1552 798 1587 ἀληθὲς
817 1555 871 1588 γάρ
891 1554 965 1581 ἐστιν
978 1562 985 1569 ·

203 1595 260 1622 ἀλλ’
277 1596 326 1631 οὐχ
343 1598 356 1623 6
372 1598 448 1630 ἆγιος
468 1596 561 1628 Ἠλίας
587 1598 752 1633 ἀστράπτων
779 1600 862 1632 ἐστὶν,
889 1600 948 1626 ἀλλ’
973 1601 987 1627 6

203 1643 317 1677 ἄγγελος
338 1643 454 1679 Κυρίου,
471 1645 484 1671 6
499 1645 539 1676 εις
561 1644 641 1671 τοῦτο
670 1646 845 1680 τεταγμένος.
873 1647 986 1682 Δράκων

204 1688 231 1714 δὲ
250 1689 355 1716 ἐκεῖθεν
372 1689 477 1724 γίνεται
491 1698 498 1704 ·
517 1690 615 1725 θεωρεῖ
625 1692 637 1717 6
647 1690 750 1725 δαίμων
764 1692 826 1723 τοὺς
836 1692 922 1726 ὄφεις,
939 1694 986 1719 καὶ

205 1734 256 1769 lii:
272 1732 327 1760 οἷον
342 1734 444 1770 ἀρέσθη
458 1736 513 1770 (79)
528 1735 547 1770 ].
563 1736 630 1762 ὅπου
646 1736 731 1768 ἐστὶν,
752 1738 914 1772 εἰσέρχεται,
940 1739 987 1765 καὶ

203 1780 306 1813 γίνεται
321 1780 459 1815 σύμφυτος
474 1780 555 1807 αὑτοῦ
574 1781 621 1807 καὶ
636 1781 835 1816 συνανάτροφος
850 1783 897 1809 καὶ
919 1791 986 1817 συγτ

204 1826 357 1860 κακοῦργος
372 1834 378 1841 ·
396 1827 444 1852 καὶ
461 1827 655 1860 προϐαίνοντος
669 1827 716 1853 τοῦ
734 1828 841 1863 καιροῦ,
864 1828 987 1864 ἀπεργά-

205 1871 279 1903 ζεται
292 1874 304 1896 ὁ
318 1872 421 1907 δαίμων
435 1872 481 1899 τὸν
499 1872 560 1907 ὅφιν
577 1874 734 1908 φαντασμὸν
747 1875 834 1909 μέγαν
849 1876 894 1902 καὶ
907 1876 988 1910 φοϐε-

206 1918 252 1952 ρὸν
268 1918 315 1944 καὶ
331 1918 444 1953 θρασὺν,
461 1919 508 1945 καὶ
523 1919 607 1945 κακον
625 1920 739 1955 σφόδρα,
757 1921 803 1947 καὶ
824 1922 854 1947 οὐ
871 1923 987 1957 χωρίζε-

204 1973 248 1990 ται
260 1963 343 1990 αὐτοῦ
360 1964 390 1990 τὸ
406 1964 527 1998 σύνολον,
545 1965 614 1992 ἀλλὰ
632 1966 708 2000 μένει
725 1967 753 1993 ἐν
769 1967 843 2002 αὺτῷ
860 1968 987 2003 βλάπτων

207 2009 342 2045 μεγάλως.
362 2009 506 2036 Ἐντεῦθεν
521 2011 534 2036 6
548 2011 610 2045 ὄφις
628 2012 733 2044 γίνεται
750 2012 869 2047 δράκων,
893 2013 987 2048 θηρίον

205 2056 303 2090 πικρὴν
329 2055 376 2081 καὶ
404 2055 586 2088 ἐξωλέστατον
613 2056 671 2092 [καὶ
698 2058 753 2084 ἔστι
780 2058 828 2092 μὲν
847 2059 897 2089 καὶ
922 2060 987 2086 αὐτὸ

204 2101 266 2127 καθ’
279 2101 361 2127 ἑαυτὸ
385 2101 470 2128 κακὸν
486 2101 566 2137 (80)],
585 2102 643 2128 ἀλλ’
660 2102 781 2130 ἐνδύεται
804 2104 850 2130 καὶ
871 2105 916 2130 τὸν
931 2105 988 2132 διά-

208 2146 295 2179 ϐολον,
309 2147 474 2181 καὶγίνεται
488 2148 598 2174 διπλοῦν
621 2148 651 2174 τὸ
675 2149 760 2175 κακον
785 2149 856 2176 κατὰ
879 2151 926 2177 τὸν
947 2151 989 2177 λέ-

204 2200 287 2225 γοντα
303 2201 310 2208 ·
328 2189 414 2226 Εὗρεν
433 2193 447 2219 6
465 2193 588 2224 Σατανᾶς
611 2193 657 2220 τὸν
678 2193 810 2221 διάὸολον.
837 2196 920 2222 Ὅταν
941 2194 988 2222 οὖν

204 2238 331 2274 διανοηθῇ
349 2239 363 2264 6
379 2238 515 2273 διάϐολος,
532 2242 545 2267 6
568 2239 597 2266 ἐν
619 2238 657 2274 τῷ
672 2239 744 2274 ὄφει,
761 2239 879 2273 ἐξελθεῖν
894 2243 925 2268 ἐκ
940 2242 987 2269 τοῦ

1039 997 1198 1032 deprecetur
1216 1005 1265 1032 pro
1293 999 1419 1032 peccatis.
1436 999 1556 1033 nostris,
1580 1000 1737 1034 justamque
1762 1000 1822 1035 ejus

1040 1043 1171 1071 adversus
1197 1051 1248 1071 nos
1276 1045 1446 1072 iracundiam
1474 1050 1597 1078 avertat,
1622 1045 1732 1080 quando
1748 1046 1820 1073 deli-

1039 1093 1142 1117 ctorum
1156 1096 1311 1117 nostrorum
1329 1091 1462 1126 completo
1482 1100 1596 1119 numero
1617 1092 1756 1120 deleturus
1773 1099 1823 1119 nos

1039 1135 1064 1162 in
1084 1139 1182 1162 terram
1203 1137 1305 1167 veniet.
1325 1136 1399 1163 Multi
1416 1137 1524 1170 quidem
1543 1142 1700 1164 sanctorum
1722 1137 1821 1164 intueri

1039 1181 1113 1207 illum
1133 1187 1310 1214 meruerunt,
1330 1183 1376 1210 scd
1393 1183 1452 1210 aliis
1467 1188 1579 1218 propter
1593 1183 1758 1210 infirmitatis
1774 1183 1822 1209 Iru-

1039 1235 1125 1254 manze
1153 1228 1371 1256 incredulitatem
1393 1229 1634 1263 curiositatemque
1658 1237 1712 1256 non
1735 1230 1822 1256 mani-

1038 1274 1182 1302 fcstarunt.
1219 1275 1306 1309 Atque
1344 1275 1371 1302 III
1403 1275 1458 1302 tres
1493 1275 1526 1301 ad
1557 1275 1822 1302 consummationem

1038 1321 1129 1348 garruli
1145 1321 1260 1348 vivendo
1277 1321 1431 1356 pertingcnt
1445 1341 1452 1353 ,
1478 1320 1599 1356 quando‘,
1612 1321 1740 1355 prmlium.
1759 1329 1821 1348 cum

1038 1366 1206 1394 Anticlrristo
1245 1366 1466 1398 committentes,
1493 1366 1604 1393 victoria
1630 1365 1762 1400 potituni,
1791 1374 1823 1394 ac

1039 1412 1155 1447 gloriosa
1177 1412 1300 1448 martyrii
1326 1419 1425 1440 corona
1454 1419 1469 1438 a
1494 1411 1604 1439 Christo
1631 1411 1745 1440 Domino
1771 1412 1820 1439 (ἰο-

1040 1459 1120 1485 ualidi
1139 1464 1211 1486 sunt.

1076 1504 1137 1530 170.
1155 1505 1242 1538 Atque
1258 1504 1301 1531 illa
1316 1504 1425 1539 quidem
1438 1503 1475 1531 ita
1492 1512 1521 1532 se
1535 1505 1650 1536 habent,
1675 1505 1712 1532 uti
1729 1505 1822 1532 hacte-

1039 1557 1091 1576 nus
1117 1549 1260 1577 dixin‘ius:
1284 1550 1374 1584 quoad
1392 1549 1536 1577 draconem
1565 1557 1648 1582 vero,
1676 1551 1747 1584 quod
1769 1551 1822 1578 ful-

1040 1596 1112 1622 mine
1138 1596 1207 1623 ictus
1232 1595 1297 1623 dare
1322 1603 1419 1631 pcenas
1445 1601 1575 1631 cogatur,
1602 1596 1692 1623 nullus
1708 1597 1820 1629 dubito;

1039 1645 1080 1669 est
1101 1642 1172 1669 enim
1191 1642 1298 1669 veritati
1323 1649 1472 1670 consomun
1500 1651 1507 1670 :
1539 1647 1658 1670 attamen
1683 1651 1735 1670 non
1764 1643 1820 1670 Elia

1038 1687 1196 1715 moderante
1215 1693 1241 1715 et
1263 1688 1402 1723 iaculante
1427 1689 1558 1722 fulmina,
1580 1689 1627 1716 sed
1653 1689 1748 1724 angelo
1770 1689 1821 1715 Do-

1038 1734 1106 1761 mini
1123 1734 1156 1762 ad
1178 1735 1229 1762 hoc
1245 1735 1397 1769 designato.
1411 1735 1479 1762 Audi
1502 1743 1568 1762 vero
1592 1735 1720 1763 draconis
1740 1735 1823 1770 origi-

1038 1787 1111 1807 nem.
1127 1779 1287 1814 Conspectis
1301 1781 1405 1808 dmmon
1424 1781 1606 1816 serpentibus,
1630 1787 1822 1815 quemcunque

1037 1827 1096 1853 vult
1112 1826 1260 1861 ingreditur
1273 1847 1280 1860 ,
1309 1835 1372 1855 cum
1395 1827 1497 1862 illoque
1515 1827 1597 1855 unius
1619 1827 1821 1862 quodaunuodo

1038 1878 1141 1901 natura:
1157 1874 1195 1906 fit,
1216 1882 1278 1902 cum
1297 1875 1343 1901 illo
1369 1874 1499 1901 malitiam
1522 1882 1599 1901 suam
1617 1875 1819 1901 communicat:

1039 1919 1202 1953 procedente
1217 1923 1308 1945 autern
1328 1923 1450 1953 tempore
1461 1937 1469 1951 ,
1487 1922 1623 1953 spectrum
1639 1919 1702 1946 inde
1722 1919 1822 1946 format

1039 1965 1221 1995 immensum,
1247 1963 1379 1996 terribile,
1402 1964 1490 1991 audax
1522 1969 1602 1998 atque
1633 1964 1822 1996 vaferrimunt,

1039 2018 1052 2036 a
1075 2017 1128 2044 quo
1153 2017 1201 2036 nec
1224 2010 1258 2037 ad
1283 2010 1367 2036 latum
1386 2017 1503 2045 unguem
1526 2009 1668 2037 disCedens
1692 2014 1821 2037 constans

1039 2056 1126 2083 incola
1144 2076 1151 2088 ,
1181 2056 1234 2083 late
1263 2055 1417 2083 I'aStitatem
1440 2063 1471 2082 ac
1496 2055 1625 2083 damnum
1653 2055 1823 2083 circumfert;

1039 2100 1108 2127 Hinc
1127 2101 1237 2128 tandem
1260 2109 1371 2136 serpens
1393 2101 1437 2129 ille
1454 2102 1484 2128 [it
1503 2101 1584 2129 draco
1600 2121 1607 2134 ,
1634 2101 1690 2128 fera
1711 2102 1822 2129 immitis

1038 2152 1066 2174 et
1083 2147 1202 2173 maxime
1221 2146 1383 2181 perniciosa,
1403 2154 1464 2182 quae
1483 2147 1590 2181 quidem
1614 2155 1647 2173 ex
1669 2147 1749 2174 insita
1769 2147 1821 2174 sibi

1039 2198 1136 2218 natura
1165 2192 1232 2218 satis
1250 2191 1350 2224 noxia,
1378 2199 1425 2226 per
1449 2192 1643 2219 inhabitantem
1670 2191 1821 2219 daemonem

1040 2239 1122 2273 duplo
1145 2239 1306 2266 malitiosior
1332 2238 1380 2271 ﬁt,
1406 2246 1440 2266 ex
1457 2243 1548 2266 mente
1566 2239 1649 2272 illius,
1675 2239 1719 2273 qui
1735 2239 1822 2266 dicit:

204 2284 307 2319 φωλεοῦ
328 2285 410 2311 αὑτοῦ
426 2285 473 2312 τοῦ
488 2285 598 2320 βλάψαι,
615 2287 630 2322 ἦ
658 2287 790 2314 ἀπολέσαι
814 2286 986 2322 ἀνθρώπους,

1040 2282 1150 2317 Reperit
1174 2283 1289 2311 Satanas
1310 2283 1459 2311 diabolum.
1485 2283 1599 2316 Quando
1626 2284 1708 2320 igitur
1735 2285 1822 2311 visum

203 2330 303 2365 θεωρεῖ
317 2332 329 2357 6
343 2331 409 2362 Θεὸς
425 2331 539 2365 ἄνωθεν,
555 2333 602 2359 καὶ
628 2333 665 2367 μὴ
684 2333 768 2359 θέλων
796 2333 922 2367 γενέσθαι
939 2342 987 2360 κατ

203 2377 262 2409 κον,
279 2376 351 2403 νεύει
377 2377 416 2412 τῷ
437 2378 545 2412 ἀγγέλῳ
567 2379 617 2413 τῆς
645 2379 799 2414 ἀστραπῆς,
816 2379 862 2406 καὶ
886 2379 991 2411 εὐθέως

203 2422 319 2458 ἄρχεται
336 2423 407 2450 κατά
421 2423 467 2450 τοῦ
478 2424 625 2459 δράκοντος
641 2424 764 2460 βροντᾷν,
791 2424 837 2451 καὶ
856 2424 987 2452 ἀποστέλ-

203 2468 244 2495 λει
258 2470 304 2496 τὸν
317 2470 422 2504 σῑφωνα
437 2469 486 2504 τῆς
501 2469 657 2505 ἀστραπῆς.
678 2470 726 2497 καὶ
738 2469 881 2496 κατακαίει
894 2470 989 2498 αὑτόν.,

210 2515 240 2541 '0
258 2515 286 2542 δὲ
300 2515 433 2547 διάϐολος,
450 2516 464 2541 6
483 2516 512 2542 ὲν
524 2515 563 2550 τῷ
580 2515 641 2549 ὕφει
666 2515 921 2550 ὑπερασπιζὸμενος
937 2516 988 2542 αὑ-

202 2560 257 2593 τὸν,
285 2561 359 2596 αἴρει
387 2561 468 2588 αὑτὸν
482 2562 512 2588 ἐν
530 2562 569 2596 τῷ
582 2561 655 2596 ἀέρι,
674 2561 722 2588 καὶ
741 2561 836 2595 φεύγει
862 2561 916 2588 ἀπὸ
938 2561 985 2588 τοῦ

203 2606 318 2642 φοϐεροῦ
338 2607 420 2641 φόϐου
436 2607 484 2634 καὶ
508 2608 611 2642 τρόμου
636 2608 686 2642 τῆς
699 2607 853 2642 ἀστραπῆς.
876 2607 986 2640 Φεύγων

202 2652 230 2680 δὲ
253 2654 418 2687 ἀγωνίζεται
431 2655 471 2686 είς
486 2654 630 2688 ἄνθρωπον
643 2654 898 2689 ἀποκρεμασθῆναι,
914 2654 987 2685 ὅπως

201 2700 216 2726 6
232 2699 299 2731 Θεὸς
319 2700 477 2735 φειδόμενος
492 2699 539 2726 τοῦ
554 2700 711 2735 ἀνθρώπου,
729 2699 815 2734 ἀφεθῇ
835 2700 961 2732 κάκεῖνος
978 2708 986 2715 ·

237 2797 259 2813 ³⁸
277 2795 358 2823 Joan.
372 2803 412 2827 tu,
430 2796 472 2823 15,.

238 2877 293 2912 (78)
314 2877 363 2904 Ms.
395 2876 483 2905 Vatic.
514 2877 556 2904 ἵνα
578 2877 734 2909 ἐπίστασαι,
752 2897 770 2913 ,ν
785 2878 832 2904 καὶ
860 2878 912 2913 χρὴ
936 2878 987 2910 πᾶς

203 2913 365 2946 Χριστιανὸς
379 2913 432 2940 τῶν
451 2913 579 2940 τοιούτων
587 2912 815 2947 ἀποστρέφεσθαι.

1040 2335 1082 2356 est
1093 2329 1221 2361 datnioni,
1237 2334 1390 2364 serpentem
1407 2330 1545 2363 incolenti,
1562 2330 1669 2365 prodire
1683 2339 1698 2358 e
1713 2330 1823 2357 latebris

1040 2375 1109 2407 suis,
1137 2375 1292 2402 hominibus
1321 2376 1435 2403 nocendi
1460 2383 1492 2403 ac
1520 2376 1658 2403 interitum
1689 2375 1822 2403 inferendi

1040 2429 1141 2454 causa;
1162 2422 1189 2448 id
1213 2421 1368 2456 speculatus
1391 2423 1509 2457 desuper
1528 2422 1618 2456 Deus,
1642 2429 1697 2449 non
1718 2422 1823 2456 patiens

1040 2466 1073 2494 ad
1099 2466 1202 2494 exitum
1220 2467 1332 2502 perduci
1358 2467 1460 2494 nefaria
1487 2467 1682 2495 machinatoris
1698 2467 1823 2500 consilia,

1040 2513 1135 2548 angelo
1156 2513 1263 2540 fulmini
1278 2513 1423 2548 pl'aafecto;,
1438 2521 1469 2541 ea
1485 2513 1575 2541 statim
1589 2514 1683 2540 divino
1697 2517 1761 2541 nutu
1780 2513 1823 2540 in-

1040 2559 1134 2586 dicat:
1155 2559 1178 2587 is
1195 2563 1286 2586 autent
1307 2560 1438 2587 continuo
1461 2564 1557 2587 contra
1579 2559 1726 2587 draconem
1752 2559 1823 2587 ciere

1042 2606 1172 2638 tonitrua,
1189 2606 1313 2634 emittere
1332 2606 1453 2634 fulminis
1467 2607 1622 2641 siphonem,
1649 2610 1676 2634 et
1697 2606 1770 2634 omni
1791 2614 1822 2633 ex

1042 2656 1118 2687 parte
1131 2651 1247 2678 flammis
1261 2652 1350 2686 ipsum
1368 2652 1508 2680 infestare.
1523 2652 1590 2680 Tum
1608 2660 1671 2680 vero
1685 2651 1823 2683 diabolus,

1041 2698 1176 2733 serpentis
1192 2697 1292 2728 incola.
1308 2698 1492 2727 imminentem
1510 2699 1694 2727 calamitatem
1710 2697 1823 2733 propul-

1079 2877 1133 2911 (79)
1155 2877 1266 2908 Ibidem,
1283 2876 1348 2903 ὅπου
1368 2876 1449 2904 ἐστίν.

1079 2877 1123 2911 (79
1155 2877 1266 2908 Ibidem,
1283 2877 1348 2903 ὅπου
1368 2877 1449 2904 ἐστίν.

1078 2877 1134 2947 (8οζ
1156 2911 1265 2945 Ibidem,
1283 2912 1332 2938 οὐκ
1345 2912 1373 2939 ἐν
1388 2911 1426 2947 τῷ
1443 2911 1574 2946 ὑπάρχειν
1591 2909 1663 2946 αὐτῷ
1680 2909 1791 2939 xum”
