2009 3088
212 193 265 226 819

747 196 959 228 NICEPHORI
980 193 1218 227 PRESBYTERI
1239 194 1294 226 CP.

1785 189 1838 222 820

213 254 334 284 saturus,
350 249 377 278 in
389 251 506 279 sublime
518 259 548 280 se
563 253 650 286 tollit;
667 260 699 281 ac
712 261 761 288 per
775 261 864 282 aerem
881 253 999 289 fugiens,

1055 252 1112 278 ἀλλ’
1129 251 1207 283 εἰδὼς
1233 251 1247 277 ὁ
1270 249 1304 276 τὰ
1325 249 1469 284 ἀπόρρητα
1494 245 1676 282 ἐπιστάμενος
1701 245 1767 277 Θεὸς
1793 247 1840 272 τὸν

214 295 337 323 terribile
351 304 383 324 ac
404 297 553 325 violentum
579 298 670 333 fulgur
694 298 814 326 declinat
833 308 840 326 :
862 299 934 326 inter
958 297 1001 325 fu-

213 342 342 376 giendum
369 350 453 376 vero,
483 343 511 371 id
539 345 664 373 studiose
686 345 760 380 agit,
784 349 812 372 ut
839 344 938 372 alicubi
966 351 1000 370 ex

214 389 326 416 homine
346 397 499 424 suspensus
523 395 650 423 maneat,
665 399 733 426 quo,
752 398 862 426 parcere
876 391 1002 426 cupiente

215 434 270 461 Deo
300 434 421 468 homini,
445 435 497 470 ipsi
522 443 632 471 quoque
657 441 794 471 parcatur.
823 435 922 463 Verum
955 436 1001 470 qui

215 479 402 507 occultissima
419 487 535 515 quaeque
552 481 680 516 perspicit
701 480 791 513 Deus,
816 481 925 516 cognito
954 488 1002 507 ne-

215 525 373 553 fandissimi
396 526 509 562 spiritus
538 525 672 560 consilio,
699 528 744 555 dat
769 527 875 562 signum
904 526 1000 561 angelo

214 572 355 606 praedicto,
371 572 465 601 dicens
481 582 489 601 :
506 574 583 601 Tolle
601 578 628 602 et
645 574 763 601 amicum
790 574 893 608 pariter
907 578 933 600 et
949 573 1001 600 ini—

214 618 316 645 micum
335 626 343 651 ;
361 619 388 646 id
417 623 482 653 est,
508 619 730 654 quandoquidem
764 619 835 654 apud
864 619 1000 646 hominem

212 664 314 698 justum
330 664 382 692 sibi
399 665 503 699 asylum
520 666 656 700 quaesierit
671 665 856 700 nequissimus
868 686 876 698 ,
898 669 1002 691 utrum-

213 718 267 744 que
280 718 370 738 crema
385 719 392 738 :
410 711 543 739 famulum
563 719 614 746 ego
631 719 722 739 meum
739 711 801 738 dein
815 710 1001 738 consolatione

213 756 347 792 dignabor
370 759 535 796 copiosiore.
574 758 696 794 Denique
722 758 878 793 ubicunque
906 757 1002 791 depre-

212 804 336 832 henderit
350 803 495 832 draconem
518 806 697 840 angelus,seu
730 805 757 832 in
785 804 893 837 arbOre,
913 803 969 831 sive
988 803 1015 830 in
1042 809 1151 838 campo,
1181 802 1208 829 in
1226 802 1328 833 domo,

1052 297 1154 324 σκοπδν
1170 296 1218 322 τοῦ
1231 295 1358 329 ματαίου,
1371 295 1456 320 ἔδωκε
1478 293 1593 327 σημεῖον
1605 291 1643 326 τῷ
1655 291 1765 326 ἀγγέλῳ
1789 292 1839 326 τῆς

1051 342 1196 378 ἀστραπῆς
1212 342 1301 377 φήσας
1318 349 1325 356 ·
1340 338 1426 375 ’Δρον
1447 339 1524 373 φίλον
1549 339 1599 364 σὺν
1621 337 1710 373 ἐχυρῷ
1724 346 1731 353 ·
1761 337 1840 363 τοὺτ-

1053 390 1137 421 ἐστιν,
1158 390 1200 415 ὅτι
1222 388 1274 415 κᾶν
1296 388 1337 419 εἰς
1359 387 1435 421 ἆγιον
1463 384 1619 420 προσφύγῃ,
1640 384 1744 411 καῦσον
1760 383 1842 409 αὐτὸν

1055 437 1104 462 σὺν
1116 434 1201 469 αὐτῷ,
1218 434 1265 460 καὶ
1280 432 1335 468 ἐγὼ
1346 433 1392 459 τὸν
1405 431 1497 458 δοῦλόν
1511 440 1562 464 μου
1576 431 1699 461 πλείονος
1713 439 1845 464 παραμυ-

1054 480 1114 510 θίοις
1129 479 1294 514 ἀξιώσομαι.
1309 478 1410 505 Λοιπὸν
1431 478 1499 504 ὅπου
1522 476 1666 512 καταλάϐῃ
1682 476 1773 506 αὐτὸν,
1791 475 1844 501 κᾶν

1054 526 1103 552 ἐπὶ
1114 526 1233 561 δένδρον,
1250 525 1304 552 κᾶν
1322 524 1369 550 ἐπὶ
1385 523 1509 558 κάμπου,
1534 522 1585 549 κᾶν
1600 523 1629 548 ἐν
1644 521 1729 557 οἰκίᾳ,
1744 521 1796 547 κᾶν
1815 522 1843 547 ὲν

1053 572 1148 607 πλοίῳ,
1165 572 1218 598 κᾶν
1240 572 1286 598 ἐπὶ
1312 569 1450 605 ἀνθρώπῳ
1473 569 1648 604 προσφεύγῃ,
1671 569 1731 595 ἐκεῖ
1759 567 1841 594 αὐτόν

1054 617 1190 643 πατάσσει
1208 617 1255 642 καὶ
1280 615 1419 651 τεφρόνει,
1435 613 1482 641 καὶ
1505 613 1555 649 τὴν
1575 614 1655 648 φύσιν
1677 612 1760 639 αὑτοῦ
1787 613 1844 639 δια-

1055 662 1173 697 φθείρει·
1186 662 1231 689 τόν
1245 661 1273 688 δὲ
1285 661 1408 688 Σατανᾶν
1422 660 1532 694 δεσμοῖς
1549 659 1656 690 ἀλύτοις
1672 658 1841 690 ὑποϐάλλων,

1053 710 1086 744 τῇ
1112 709 1239 743 ἀστραπῇ
1262 707 1409 734 κατακαίει
1435 706 1516 741 μέχρι
1540 705 1591 740 τῆς
1611 704 1765 737 συντελείας
1791 704 1842 737 τῆς

1055 755 1248 791 πληρεστάτης
1263 754 1478 785 ἀνταποδόσεως.

1373 802 1401 828 in
1432 802 1549 837 navigio,
1578 802 1604 828 iu
1627 801 1752 830 homine;
1779 798 1842 824 istic

212 853 301 887 ipsum
316 852 444 887 percutit,
461 853 488 880 in
504 847 609 881 cineres
628 853 744 888 redigit,
767 857 794 880 ct
820 856 948 879 naturam
966 851 1075 886 penitus
1111 849 1260 884 disperdit;
1298 848 1429 876 Satanam
1470 856 1534 876 vero
1566 848 1669 876 catenis
1706 845 1773 874 solvi
1797 852 1843 871 ue-

212 901 277 929 sciis
292 901 468 929 constrictum
481 921 489 934 ,
505 901 536 935 ad
555 907 707 929 extremum
725 909 811 936 usque
823 900 918 936 judicii
937 900 1007 927 diem
1027 899 1089 934 igne
1110 897 1242 925 fulmineo
1264 897 1412 932 torquebit.

250 949 313 976 l7l.
333 949 523 984 Interloqucus
544 951 642 978 iterum
657 949 826 984 Epiphanius
842 957 849 976 :
867 948 929 981 Nix,
952 948 1000 979 ait,
1019 950 1038 978 Β

213 1001 294 1029 quam
320 995 437 1023 subinde
462 1003 477 1023 e
502 997 572 1024 coelo
596 996 684 1024 delabi
701 996 903 1031 conspicimus,
931 994 1002 1022 unde

214 1040 338 1072 albescit,
355 1045 402 1068 aut
417 1041 489 1068 unde
500 1042 654 1069 concrescit
666 1041 692 1069 in
707 1041 827 1069 ﬂoccos?
846 1040 1003 1076 Respondet

214 1085 339 1114 Andreas
355 1095 362 1113 :
380 1086 407 1114 ln
427 1092 566 1122 comperto
581 1091 622 1115 est
634 1108 640 1120 .
664 1095 735 1121 aqua
750 1087 776 1114 in
793 1087 912 1114 nubibus
935 1086 1002 1114 resi-

213 1133 312 1166 dente,
336 1133 414 1167 jussu
432 1132 478 1160 Dei
504 1141 519 1161 e
542 1134 715 1161 ﬁrmamento
737 1133 847 1168 prodire
864 1133 1001 1167 spiritum,

213 1179 321 1206 laneum
348 1179 494 1206 candorem
522 1187 578 1214 prm
602 1171 632 1206 se
657 1179 808 1212 terentem;
833 1186 949 1213 eumque
974 1178 1001 1205 in

216 1224 303 1251 nubes
326 1231 396 1258 aqua
419 1223 537 1251 refertas
556 1224 697 1259 delapsum
711 1243 719 1255 ,
745 1223 897 1251 albedinem
924 1230 1001 1250 suam

215 1275 278 1295 cum
305 1268 350 1294 illa
375 1268 580 1296 communicare
600 1276 607 1295 :
629 1276 661 1295 eo
688 1268 743 1295 fere
765 1268 856 1300 modo,
880 1275 934 1302 quo
957 1275 1002 1294 ros

215 1321 306 1340 ceram
327 1313 448 1340 dealbat.
464 1313 523 1340 Jam
544 1321 609 1341 vero
624 1322 695 1349 aqua
713 1315 757 1341 illa
781 1321 828 1349 per
848 1321 938 1341 aerem
959 1314 1003 1341 de-

215 1359 331 1392 labens‘,
355 1367 407 1387 non
424 1360 514 1387 tenuis
527 1366 553 1387 et
570 1360 679 1387 minutae
696 1360 818 1395 guttulaa,
836 1360 923 1394 qualis
942 1363 1003 1395 post

216 1412 296 1431 suum
316 1412 349 1431 ex
371 1404 503 1431 immensa
528 1404 589 1431 caeli
616 1404 758 1432 altitudine
782 1405 944 1432 descensum
976 1405 1002 1432 in

217 1456 287 1477 terra
306 1450 489 1484 conspicitur,
506 1451 554 1477 sed
570 1450 680 1485 copiosa
695 1451 897 1485 coniunctaque
913 1458 1003 1477 massa

215 1501 274 1527 est;
306 1503 367 1531 quae
397 1496 467 1522 inter
492 1495 643 1523 cadendum
673 1497 772 1523 multas
802 1497 828 1523 in
856 1497 1002 1531 particulas

215 1541 318 1573 divisa,
345 1541 454 1568 tandem
480 1541 513 1569 ad
543 1549 592 1569 nos
622 1542 756 1576 pervenit.
782 1542 930 1570 Considera
960 1543 1003 1569 hic

216 1591 307 1614 autem
324 1587 513 1614 admirandam
528 1587 574 1614 Dei
588 1588 737 1622 potentiam
751 1597 758 1620 ;
778 1588 923 1620 ultomodo,
942 1595 1002 1614 cum

217 1632 268 1667 ipsi
300 1633 423 1664 libuerit,
445 1632 526 1660 faciat
547 1633 663 1667 pluviam
683 1634 708 1660 in
729 1634 844 1660 rotunda
861 1633 1001 1661 densatum

217 1685 313 1711 grana,
327 1685 388 1712 qum
403 1678 563 1712 grandinem
585 1679 721 1713 appellare
736 1679 939 1709 consuevimus,
957 1679 1003 1705 do-

218 1723 335 1750 cidere:
365 1724 521 1757 quomodo,
547 1732 607 1751 eum
641 1725 690 1759 ipsi
721 1725 850 1756 libuerit,
879 1724 1002 1751 eamdem

219 1768 338 1802 pluviam
364 1768 463 1795 formet
485 1769 511 1795 in
528 1769 635 1796 mollem
653 1769 761 1801 nivem,
779 1777 859 1803 quam
877 1769 945 1796 lanae
963 1769 1003 1796 si-

218 1814 310 1841 milem
334 1814 503 1842 descendere
530 1815 556 1840 in
583 1819 682 1841 terram
709 1815 894 1849 conspicimus
912 1824 918 1842 :
934 1822 1003 1850 quo-

220 1859 301 1885 modo
314 1858 442 1894 denique,
457 1866 518 1886 cum
533 1859 654 1892 libuerit,
668 1860 761 1895 jubeat
774 1868 871 1895 aquam
888 1860 1004 1887 transire

218 1903 244 1930 in
261 1903 386 1939 glaciem.
415 1909 442 1931 et
470 1905 540 1932 hanc
565 1905 662 1933 iterum
689 1906 716 1933 in
734 1913 843 1941 aquam.
871 1905 1003 1934 Mirabilis

219 1958 336 1984 namque
354 1950 380 1977 in
397 1951 438 1977 his
453 1951 582 1978 omnibus
594 1956 635 1979 est
652 1951 792 1980 Dominus.

259 1997 316 2024 £19..
333 1996 364 2024 Et
381 1997 549 2032 Epiphanius
561 2018 568 2030 ,
592 2005 655 2024 mox
672 1998 752 2024 aliam
769 1998 915 2032 subjiciens
930 2005 1004 2033 qua:-

217 2042 332 2070 stionem
349 2051 356 2069 :
374 2041 525 2074 Quomodo.
543 2042 648 2077 inquit,
664 2042 896 2077 interpretandum
926 2048 1004 2078 putas

219 2090 291 2124 quod
309 2089 374 2116 dicit
399 2088 560 2123 Propheta:
579 2097 588 2114 ι
607 2088 677 2121 Quia
701 2089 771 2116 caiix
795 2089 821 2116 iu
844 2097 926 2116 manu
953 2089 1005 2116 Do-

221 2136 287 2163 mini
313 2135 366 2162 vini
394 2135 460 2162 meri
479 2135 576 2169 plenus
602 2136 692 2162 misto.
704 2135 735 2162 Et
750 2135 890 2162 inclinavit
904 2143 937 2162 ex
954 2135 1005 2163 hoc

221 2181 248 2208 in
273 2182 324 2209 hoc
337 2190 344 2208 :
358 2185 547 2209 verumtamen
570 2181 619 2208 faex
633 2181 693 2214 ejus
709 2189 762 2208 non
782 2185 824 2209 est
842 2181 980 2208 exinanita
995 2189 1005 2209 :

220 2229 315 2256 bibent
348 2236 445 2256 omnes
466 2234 621 2263 peccatores
639 2233 718 2256 terra:
742 2228 784 2255 "‘2
802 2237 811 2254 ι
837 2228 1004 2256 Solutionem

220 2281 285 2301 vero
302 2274 340 2300 ita
357 2273 449 2300 statim
471 2273 563 2301 subdit
588 2274 710 2300 Andreas
730 2281 738 2300 :
766 2274 896 2301 Dominus
914 2278 1006 2301 uoster

220 2319 286 2346 dixit
303 2329 310 2346 :
331 2329 340 2345 ι
361 2319 389 2346 Si
403 2319 465 2354 quis
488 2319 562 2351 sitit,
582 2320 672 2347 veniat
691 2319 723 2347 ad
741 2327 794 2351 me,
815 2326 842 2347 et
856 2320 932 2348 bibat
943 2321 975 2347 ³⁵.
993 2331 1002 2346 ι

220 2365 297 2393 Calix
325 2365 409 2400 igitur
432 2369 475 2392 est
498 2364 578 2392 Jesus
604 2364 749 2398 Christus,
771 2373 852 2393 verus
878 2365 950 2393 Deus
976 2370 1003 2393 et

222 2412 315 2439 homo.
331 2411 407 2438 Calix
435 2411 634 2438 humanitatem
655 2411 746 2444 illius,
770 2412 863 2438 vinum
888 2419 1005 2442 merum,

221 2458 336 2492 simplex
366 2457 481 2485 Deitatis
506 2457 624 2484 Verbum
650 2457 805 2484 adumbrat.
840 2457 910 2484 Nam
935 2458 1006 2485 sicut

220 2506 313 2532 vinum
334 2512 387 2532 non
405 2508 514 2531 tenetur
528 2504 580 2531 nisi
602 2505 628 2531 in
648 2511 728 2537 vase;
745 2504 785 2532 sic
805 2504 909 2538 absque
924 2512 1005 2531 carne

219 2559 271 2579 non
287 2556 381 2587 posset
399 2551 445 2579 Dei
460 2551 592 2586 sapientia
607 2550 754 2578 invi-sibilis
769 2558 830 2578 cum
850 2551 1006 2578 hominibus

217 2598 360 2625 visibilitcr
385 2597 552 2626 conversari.
574 2597 604 2624 In
631 2604 715 2624 manu
739 2597 830 2631 itaque
855 2596 942 2624 Patris
964 2603 1005 2625 est

252 2687 274 2702 “
295 2687 369 2715 l‘sztl.
388 2694 481 2719 Lxxw,
498 2686 526 2714 9.
564 2687 586 2703 “
605 2686 684 2716 Joan.
704 2694 751 2718 vn,
769 2687 812 2714 37.

253 2779 309 2814 (8|)
330 2779 368 2806 lla
395 2779 497 2807 mutavi
512 2798 519 2810 .
548 2779 610 2806 licet
626 2786 678 2805 ms.
696 2778 784 2806 Vatic.
805 2778 916 2813 καιρὸν,
937 2777 1004 2806 Maz.

219 2815 346 2848 σκληρῶν
361 2814 468 2842 habeat.

254 2848 310 2881 (8‘2)
331 2847 469 2883 Prolixius
486 2848 530 2875 hic
551 2855 600 2874 ms.
628 2847 719 2883 Yatic.
741 2847 846 2883 Nombv
871 2848 924 2883 γάρ
948 2850 1005 2875 ἐστι

218 2882 249 2908 τὸ
261 2883 366 2917 νόημα·
383 2882 512 2917 πυξήριόν
529 2883 610 2916 ἐστιν¹
618 2882 723 2914 Ἰησοῦς
736 2885 750 2909 ό
763 2882 864 2915 Κύριος
879 2886 892 2908 ό
905 2882 1006 2915 τέλειος

219 2915 378 2952 ᾶνθρώᾶτος,
400 2915 470 2947 οἶνος
499 2915 617 2950 ἄκρατος
641 2917 655 2941 ό
678 2917 763 2950 Λόγος
788 2918 836 2951 τῆς
863 2917 1003 2949 θεότητος·

1092 948 1157 981 ροα’.
1183 944 1345 979 Ἐπιφάνιος
1359 941 1436 971 εἴπεν
1453 952 1460 959 ·
1485 944 1513 971 '0
1529 942 1596 979 χιὼν
1609 943 1623 969 ὁ
1647 941 1794 977 φερόμενος
1811 941 1844 966 ἐκ

1052 991 1100 1018 τοῦ
1116 990 1233 1025 οὐρανοῦ
1263 989 1347 1016 πόθεν
1363 990 1547 1021 λευκαίνεται,
1563 989 1578 1024 ἢ
1600 989 1681 1015 πόθεν
1707 988 1843 1022 πήσσεται

1053 1038 1093 1069 είς
1108 1037 1184 1072 χιόνα
1203 1035 1449 1071 μεταπεμπόμενος
1463 1044 1470 1069 ;
1502 1035 1531 1062 '0
1547 1035 1643 1069 ’Ἄγιος
1657 1031 1734 1060 εἶπεν
1747 1042 1754 1049 ·
1774 1033 1844 1068 Πρό-

1052 1084 1130 1118 δηλόν
1155 1083 1242 1114 ἐστιν,
1269 1081 1310 1108 ὅτι
1332 1081 1372 1108 ἑτι
1398 1081 1445 1107 τοῦ
1470 1080 1567 1112 ὕδατος
1587 1081 1614 1107 ὲν
1631 1081 1692 1112 ταῖς
1717 1080 1844 1112 νεφέλαις

1055 1127 1286 1164 χρηματίζοντος,
1313 1128 1456 1163 ἐξέρχεται
1482 1127 1514 1153 ἐκ
1535 1126 1582 1153 τοῦ
1603 1125 1794 1160 στερεώματος
1813 1125 1843 1150 τὸ

1053 1174 1161 1208 πνεῦμα
1173 1174 1269 1201 λευκὸν
1281 1174 1348 1201 ὡσεὶ
1363 1174 1446 1210 ἔριον,
1459 1172 1609 1208 προστάξει
1622 1171 1702 1205 Θεοῦ,
1719 1170 1844 1198 uale-516

1057 1220 1270 1251 ὲπιπίπτειταῖς
1285 1219 1412 1255 νεφέλαις
1425 1218 1474 1246 τοῦ
1487 1218 1583 1250 ὓδατος
1597 1218 1761 1252 ἀναμέστοις
1776 1225 1844 1252 χρη-

1055 1265 1244 1300 ματιζούσαις,
1265 1266 1313 1292 καὶ
1327 1265 1463 1292 λευκαίνει
1480 1265 1510 1290 τὸ
1525 1264 1595 1299 ὕδωρ
1607 1264 1685 1297 ἄγαν,
1703 1263 1732 1288 ὃν
1744 1263 1844 1298 τρόπον

1055 1311 1104 1337 καὶ
1131 1310 1177 1336 τὸν
1204 1310 1289 1345 κηρὸν
1308 1309 1364 1345 (81)
1382 1311 1399 1344 ἠ
1412 1309 1519 1345 δρόσος.
1542 1308 1755 1343 Κατερχόμενον
1770 1308 1799 1334 δὲ
1813 1307 1843 1333 τὺ

1053 1355 1125 1391 ὕδωρ
1139 1355 1184 1382 διὰ
1203 1355 1250 1382 τοῦ
1266 1355 1357 1390 ἀέρος,
1375 1355 1425 1389 οὐχ
1441 1353 1496 1381 οἷον
1510 1355 1542 1389 δὴ
1558 1355 1604 1380 ἐπὶ
1620 1355 1670 1388 τῆς
1683 1354 1733 1389 γῆς
1747 1353 1844 1388 Θραύει

1052 1401 1229 1435 λεπτότατον,
1248 1402 1370 1428 τοιοῦτον
1386 1402 1418 1428 ἐκ
1436 1401 1483 1428 τοῦ
1505 1400 1590 1436 ὕψους
1605 1400 1711 1427 ἐκείνου
1730 1400 1777 1426 τοῦ
1795 1407 1844 1434 φο-

1054 1447 1134 1483 εεροῢ
1150 1448 1182 1474 ἐκ
1194 1447 1242 1474 τοῦ
1257 1448 1337 1482 ἀέρος
1354 1447 1530 1482 κατέρχεται,
1549 1446 1617 1473 ἀλλὰ
1634 1446 1841 1480 μεγεθέστερον·

1053 1494 1254 1528 κατερχόμενον
1270 1493 1297 1519 δὲ
1311 1494 1352 1524 εις
1365 1493 1449 1519 πολλὰ
1465 1493 1520 1527 τμή
1527 1501 1598 1527 ματα
1629 1491 1769 1527 μερίζεται
1784 1491 1844 1517 δια-

1054 1539 1195 1574 χεόμενον.
1212 1539 1285 1574 Ὅρα
1299 1539 1327 1565 δὲ
1339 1538 1408 1565 θεοῦ
1424 1538 1541 1573 φρικτὴν
1559 1537 1684 1572 δύναμιν,
1702 1537 1760 1568 πῶς
1779 1537 1842 1563 ὅταν

1054 1585 1118 1620 δόξῃ
1133 1585 1219 1620 αὐτῷ,
1234 1586 1307 1612 ποιεῖ
1329 1584 1378 1620 τὴν
1392 1584 1494 1620 βροχὴν
1510 1583 1605 1619 ὥσπερ
1622 1584 1722 1610 κόκκον
1748 1590 1845 1617 στρογ-

1054 1632 1178 1667 γυλοειδῆ
1197 1633 1243 1658 ἐπὶ
1261 1633 1310 1667 τῆς
1336 1631 1388 1666 γῆς
1407 1631 1600 1666 κατέρχεσθαι,
1624 1630 1637 1657 ὅ
1657 1630 1778 1665 χάλαζαν
1795 1638 1843 1655 κα-

1055 1679 1112 1705 λεῖν
1143 1678 1279 1714 εἰώθαμεν
1293 1686 1300 1693 ·
1317 1678 1361 1704 ὅτε
1378 1678 1406 1704 δὲ
1420 1678 1483 1714 δόξῃ
1500 1677 1587 1713 αὐτῷ,
1604 1678 1676 1703 ποιεῖ
1692 1676 1776 1711 αὐτὴν
1791 1675 1842 1710 φύ-

1055 1733 1097 1750 σιν
1126 1723 1235 1759 ἁπαλὴν
1263 1725 1341 1759 χιόνα
1371 1725 1465 1759 ὥσπερ
1485 1724 1569 1760 ἔριον,
1595 1722 1642 1749 καὶ
1670 1722 1756 1753 οὕτως
1777 1721 1844 1747 αὐτὸ

1056 1770 1208 1805 καταφέρει
1220 1770 1266 1796 ἐπὶ
1279 1770 1328 1804 τῆς
1340 1771 1402 1804 γῆς.
1418 1770 1502 1796 Πάλιν
1518 1769 1634 1802 κελεύει,
1650 1768 1697 1795 καὶ
1710 1767 1844 1802 μετατρέ-

1057 1824 1140 1841 πεται
1158 1815 1189 1841 τὸ
1205 1815 1276 1849 ὕδωρ
1292 1815 1332 1846 εἰς
1348 1815 1446 1848 πάγος,
1465 1814 1512 1841 καὶ
1535 1814 1616 1841 πάλιν
1640 1814 1670 1840 τὸ
1694 1814 1780 1847 πάγος
1803 1821 1844 1844 εις

1056 1860 1137 1895 ὕδωρ.
1153 1860 1315 1895 Θαυμαστὸς
1332 1860 1386 1895 γάρ
1400 1861 1473 1886 ἐστιν
1493 1861 1532 1891 είς
1548 1860 1633 1886 ταῦτα
1650 1861 1663 1886 ό
1678 1860 1788 1894 Κύριος.

1091 1997 1156 2034 ρο6’.
1166 1997 1326 2032 Ὲπιφὲινιος
1338 1995 1415 2023 εἶπεν
1429 2005 1436 2012 ·
1451 1998 1483 2024 Ti
1499 1997 1673 2033 ἐρμηνεύει,ι
1687 1998 1747 2024 Ὀτι
1763 1999 1844 2034 ποτή-

1059 2052 1117 2079 ριον
1130 2045 1159 2070 ὲν
1174 2043 1247 2078 χειρὶ
1268 2043 1384 2077 Κυρίου,
1403 2043 1475 2069 οἴνου
1491 2042 1612 2077 ἀκράτου
1634 2042 1736 2077 πλῆρες
1763 2043 1844 2077 κερὰ-

1057 2097 1160 2124 σματος
1180 2098 1189 2115 ι
1199 2089 1246 2116 καὶ
1257 2089 1361 2115 ἔκλινεν
1369 2089 1400 2115 ὲκ
1414 2087 1510 2114 τούτου
1526 2089 1566 2119 εἰς
1579 2087 1742 2122 τοῦτο,πλὴν
1755 2089 1767 2113 ὀ
1778 2096 1844 2123 τρυ-

1055 2135 1119 2169 γίας
1148 2135 1230 2161 αὐτοῦ
1264 2136 1313 2162 οὐκ
1347 2134 1525 2169 ἐξεκενώοη·
1546 2133 1654 2160 πίονται
1688 2134 1788 2166 πάντες
1819 2135 1844 2160 οἱ

1059 2181 1216 2217 ἁμαρτωλοὶ
1232 2181 1282 2215 τῆς
1295 2181 1365 2215 γῆςς
1381 2190 1391 2206 ι
1415 2181 1444 2206 '0
1457 2181 1552 2214 Ἀγιος
1571 2178 1648 2206 εἶπεν
1664 2189 1672 2196 ·
1692 2180 1723 2206 '0
1743 2179 1844 2215 Κύριος

1058 2229 1136 2264 ἡμῶν
1155 2229 1267 2264 εἴρηκεν
1280 2236 1286 2243 ·
1305 2237 1316 2253 ι
1336 2228 1365 2254 ’0
1394 2228 1478 2263 διψῶν
1494 2228 1617 2263 ἐρχέσθω
1632 2228 1699 2262 πρός
1725 2237 1769 2262 με,
1797 2235 1844 2254 και

1024 2287 1044 2314 ι)
1060 2275 1184 2301 πινέτω.)
1198 2274 1343 2310 [Ποτήριον
1356 2273 1402 2300 οὖν
1419 2273 1627 2309 ὲστινἸησοῦςό
1644 2274 1761 2309 Χριστὸς
1777 2274 1843 2304 Θεὸς

1058 2321 1163 2351 τέλειος
1179 2321 1227 2346 καὶ
1241 2320 1394 2354 ἄνθρωπος.
1426 2320 1560 2356 Ποτήριον
1574 2321 1590 2355 ή
1605 2319 1783 2354 ἀνθρωπότης
1797 2319 1844 2345 αὐ-

1057 2365 1105 2393 τοῦ
1122 2374 1129 2381 ³
1156 2364 1227 2397 οἶνος
1265 2366 1383 2400 ἄκρατος
1407 2367 1420 2392 ό
1442 2367 1529 2401 Λόγος
1555 2367 1605 2401 τῆς
1632 2367 1758 2399 θεότητος
1782 2366 1844 2392 ἄδο-

1057 2413 1102 2444 λος
1115 2413 1184 2448 (8'2).
1200 2412 1210 2448 ]
1230 2413 1312 2439 Ι’Λνευ
1324 2413 1378 2448 γὰρ
1393 2413 1505 2447 ἀγγείου
1523 2414 1536 2439 ό
1548 2411 1621 2444 οἶνος
1634 2413 1664 2439 οὐ
1678 2413 1823 2447 κατέχεται
1837 2420 1844 2428 -

1058 2458 1144 2490 οὓτως
1157 2460 1204 2486 καὶ
1219 2459 1283 2486 ἄνευ
1303 2459 1404 2494 σαρκὸς
1415 2459 1432 2494 ἡ
1445 2458 1491 2486 τοῦ
1509 2458 1576 2485 Θεοῦ
1593 2459 1674 2492 σοφία
1689 2457 1844 2492 ἀνθρώποις

1059 2506 1259 2541 προσομιλῆσαι
1277 2506 1382 2538 όρατῶς
1404 2505 1459 2541 (85)
1477 2506 1526 2532 οὐκ
1541 2506 1678 2540 ἠνέσχετο.
1711 2504 1753 2530 Ἐν
1774 2506 1843 2538 χειρ·

1057 2549 1103 2578 οὖν
1119 2552 1224 2587 Πατρός
1238 2553 1251 2579 ό
1267 2552 1330 2583 Υἱὸς
1342 2552 1390 2579 τοῦ
1403 2551 1548 2587 ἀνθρώπου
1566 2559 1572 2566 ”
1589 2551 1669 2581 αὐτὸς
1679 2550 1733 2584 γὰρ
1748 2548 1823 2575 εἶπεν
1837 2557 1844 2564 ·

1061 2606 1070 2622 ι
1084 2597 1185 2633 Πάτερ,
1198 2598 1237 2628 εἰς
1252 2597 1344 2632 χεῖράς
1354 2606 1402 2624 σου
1415 2596 1586 2633 παρατίθημι
1596 2597 1626 2622 τὸ
1636 2595 1745 2629 πνεῦμά
1757 2604 1817 2629 μου.
1834 2604 1842 2619 ι

1060 2779 1171 2811 διπλοῦς
1186 2779 1240 2813 γὰρ
1250 2777 1284 2814 ἦν
1298 2781 1312 2806 ὀ
1327 2779 1420 2814 Λόγος,
1428 2779 1477 2813 τῆς
1491 2778 1617 2813 Bedente;
1628 2797 1634 2809 ,
1653 2779 1697 2804 καὶ
1706 2778 1780 2814 ῌΘεδς
1798 2778 1842 2803 καιὶ

1060 2814 1202 2849 ἅνθρωπος
1220 2811 1268 2841 καῖ
1291 2811 1394 2849 Κύριος
1415 2811 1536 2846 ἰηοοῡς’
1555 2811 1685 2849 ὴοτῄριον
1705 2811 1739 2848 ἦν
1761 2813 1840 2849 ήιόιν-

1060 2846 1204 2892 θρώτξότης
1225 2849 1308 2876 αὐτοῦ
1322 2846 1425 2882 ,ὀῖνος
1445 2849 1565 2884 ἄκρατος
1586 2846 1680 2880 ἄδολος
1747 2847 1841 2881 θεότης

1057 2893 1076 2946 ,α
1171 2917 1222 2948 Ms.
1236 2925 1317 2947 sensu
1332 2918 1471 2947 contrario
1485 2917 1565 2946 habet
1580 2918 1715 2950 ἀοράτως.
