2009 3088
172 220 225 252 821

762 223 851 254 νιΤΑ
872 223 903 253 5.
922 225 1090 255 ΑΝΟΕΕᾸΞ
1109 226 1207 256 SALI.‘

1745 223 1797 254 822

170 275 207 303 Τὸ
220 275 258 309 δὲ,
276 275 397 311 (Πλῆρες
407 276 604 312 κεράσματος,ι
617 277 664 312 ὂλη
679 277 695 312 ὴ
711 277 861 312 Θεότηςμδ
871 279 957 312 γλυκὺ

1019 279 1248 313 Filiusliomiuis;
1279 282 1337 315 ipso
1363 281 1492 309 dicente:
1513 289 1522 306 ι
1538 279 1628 310 Pater.
1649 279 1675 306 in
1701 286 1796 306 manus

170 322 310 356 κέρασμα,
332 322 362 348 τὸ
385 322 532 356 εὐφραῖνον
544 323 593 354 τὰς
611 323 726 358 καρδίας
739 324 819 358 ἡμῶν
834 323 888 350 τῶν
911 333 959 350 πι-

173 368 325 394 στενόντων
346 368 386 399 εἰς
406 367 488 396 αὑτὸν
503 376 509 383 ·
523 368 630 403 πλήρης
646 368 700 404 γὰρ
714 369 847 406 Θεότητος
870 370 958 405 ἀκράσ

171 421 230 445 του,
247 413 331 448 ἤγουν
345 413 438 440 ἀδόλου
458 414 474 448 ή
490 413 669 449 ἀνθρωπότης
683 414 778 442 αὐτοῦ.

208 557 274 588 ρογ⁴.
289 554 325 580 Τδ
335 553 373 584 δὲ,
392 563 401 580 ι
412 554 538 582 Ἐκλινεν
550 556 582 582 ὲκ
604 556 701 582 τούτου
713 557 753 588 εις
768 556 874 590 toﬁ-ro,»
894 555 960 593 ἦλθε

171 599 324 633 σαρκωθεὶς
343 601 383 631 εἰς
411 599 441 626 τὸ
460 600 537 632 ἔθνος
557 601 611 627 τῶν
633 601 779 634 Ἰουδαίων,
796 602 840 630 ῖνα
855 602 899 630 διὰ
912 603 962 638 τῆς

172 645 410 681 ὲνανθρωπήσεως
433 647 515 674 αὑτοῦ
537 647 662 683 γνωρίσῃ
678 648 728 684 τὴν
744 648 820 675 ἔνδον
841 649 962 686 ἄκρατον

172 692 288 727 θεότητα
315 691 406 730 [δι’ἧς
431 694 544 730 ἐποίησε
563 696 665 730 σημεῖα
683 695 730 721 καὶ
744 696 845 731 τέρατα
860 696 964 732 ἔμπρο-

175 739 238 765 σθεν
252 739 343 766 αὐτῶν
359 747 366 755 ·
385 741 485 767 ἐκεῖνοι
499 741 528 767 δὲ
547 741 638 776 φθόνῳ
655 741 827 777 βαλλόμενοι,
847 742 940 776 ελεγον
953 751 961 759 ·

179 784 226 810 Ἐκ
241 784 360 819 μαγείας
377 787 451 812 ποιεί
466 787 535 814 αὐτὰ
552 786 608 822 (84)
666 785 734 814 Εἶτα
759 787 822 814 ἰδὼν
837 789 850 814 ὁ
867 788 963 824 Πατὴρ

171 830 212 856 ὅτι
229 830 373 857 ἀπιστοῦσι
389 832 427 867 τῷ
445 833 586 867 μονογενεῐ
598 832 682 859 αὑτοῦ
696 833 764 868 Υἱῴ,
780 833 827 861 καὶ
841 833 882 860 ὅτι
900 834 963 861 €04;-

173 875 300 901 νάτωςαν
312 875 409 902 αὐτόν’
425 876 507 908 αὐτὸς
523 878 536 903 ὁ
552 877 581 903 ὲν
592 878 624 912 τῇ
637 878 709 913 χειρὶ
728 877 811 904 αὑτοῦ
825 878 856 904 τὺ
872 879 962 914 ποτή-

174 928 232 955 ριον
248 921 370 954 κρατῶν,
386 922 471 956 ἤγουν
486 921 536 957 τὴν
549 923 630 958 χάριν
645 923 739 956 αὲτοῦ,
753 924 785 949 ἐκ
806 924 854 950 τοῦ
870 923 964 956 ἔθνους
977 939 1001 970 Β

173 965 228 992 τῶν
259 967 396 994 Ἰουδαίων
432 965 505 1004 ἦρε,
533 970 580 995 καί
618 969 765 1004 Ῥωμαίοις
794 971 963 1005 παρέδωκεν.

175 1012 266 1047 ιίΠὴν
294 1013 307 1038 ὁ
331 1013 445 1048 τρυγίας
474 1012 570 1049 [ἤγουν
598 1014 628 1041 τὸ
654 1014 769 1050 ἔσχατον
794 1017 844 1051 τῆς
868 1015 964 1051 ὀργῆς]

172 1057 256 1085 αὑτοῦ
271 1058 321 1084 οὐκ
335 1057 514 1095 ὲξεκενώθη.»
533 1059 643 1087 Ἐκλινε
660 1061 690 1088 τὸ
701 1061 868 1096 Εὐαγγέλιον
883 1062 966 1089 αὑτοῦ

173 1103 206 1129 ὲκ
229 1103 284 1129 τῶν
314 1102 450 1130 Ἰουδαίων
469 1105 508 1135 εἰς
534 1105 567 1131 τὰ
593 1104 750 1140 θεοφόρητα
772 1104 848 1140 ἔθνη,
866 1105 966 1140 ὁμοίως

173 1150 238 1180 τοὺς
250 1149 419 1181 ἀποστόλους
434 1150 481 1178 καὶ
493 1150 524 1177 τὸ
540 1151 675 1185 πανάγιον
686 1151 801 1186 Πνεῦμα
815 1160 822 1168 ·
835 1153 882 1179 καὶ
894 1152 966 1179 ἃπα-

177 1202 228 1221 σαν
242 1195 292 1230 τὴν
306 1195 385 1230 χάριν
399 1195 445 1222 καὶ
462 1196 563 1230 γνῶσιν
581 1197 636 1223 τῶν
650 1196 839 1224 θεοπνεύστων
851 1197 968 1232 Γραφῶν

175 1240 312 1267 ἐκένωσεν
326 1242 367 1273 εἰς
385 1242 468 1277 ἡμᾶς.
491 1242 564 1278 Πλὴν
580 1244 593 1270 ό
608 1243 725 1280 τρυγίας
738 1243 823 1271 αὐτοῦ
841 1244 891 1271 οὐκ
910 1243 968 1277 ἐξε-

176 1287 306 1322 κενώϐη·
324 1287 419 1323 ὥσπερ
443 1289 459 1324 ὴ
487 1289 589 1324 τρυγία
616 1289 664 1317 τοῦ
687 1291 759 1317 οῐνου
776 1291 805 1318 ἐν
830 1290 901 1326 πιθῖρ
917 1291 968 1317 οὐκ

175 1333 348 1367 ἐκκενοῦται,
362 1334 434 1362 οὕτω
447 1335 477 1362 τὸ
495 1336 613 1372 γράμμα
629 1337 660 1363 τδ
676 1337 791 1372 νομικὸν
822 1337 968 1373 ἁνενέργη-

175 1378 223 1405 Ιτόν
239 1379 298 1405 ἑστι
327 1380 374 1406 καὶ
391 1379 578 1416 ἀνωφέλητον.
596 1381 703 1417 Τρυγία
720 1382 774 1418 γὰρ
791 1383 807 1416 ἡ
826 1382 905 1414 ἐλπὶς
913 1383 968 1409 τῶν

183 1425 318 1453 Ἰουδαίων
331 1425 404 1452 ἐστίν
417 1434 426 1442 ·
442 1426 482 1453 ἔτι
494 1427 548 1461 γὰρ
559 1427 634 1463 πασῃ
653 1429 686 1463 τῇ
697 1429 731 1463 γῇ
746 1428 968 1463 σκορπισοέντες,

177 1472 303 1498 πίνουσιν
317 1473 347 1498 ἐν
361 1473 395 1508 τῇ
408 1473 509 1508 τρυγίᾳ
524 1473 573 1510 τὴν
586 1473 703 1510 πλάνην,
712 1474 916 1510 προσδοκῶντες
923 1474 969 1501 τὸν

175 1517 376 1553 ’Λντίχριστον.

216 1658 280 1694 ροδῖ
306 1659 468 1694 Ἐπιφάνιος
479 1659 555 1694 λέγει
567 1667 574 1676 '
587 1660 656 1688 Επιπὲ
671 1669 728 1696 μοι,
740 1661 902 1697 παρακαλῶ,
921 1669 969 1688 τιο-

178 1705 270 1742 ταπὴν
278 1704 426 1741 ἑρμηνείαν
436 1706 548 1742 βεσαιαν
556 1705 613 1741 ἔχει
627 1706 675 1733 καὶ
690 1706 782 1740 τοῦτο,
795 1716 805 1733 ι
821 1706 969 1743 Κτηνὼδης

177 1751 315 1787 ιγενήθην
331 1751 407 1787 παρὰ
422 1751 473 1783 σοι,
483 1751 561 1786 κάγὼ
575 1751 620 1779 διὰ
636 1751 737 1783 παντὸς
753 1751 823 1786 μετά
835 1760 901 1786 σους
919 1753 968 1779 »⁷0

178 1798 327 1833 Μακάριος
340 1796 419 1826 εἶπεν
432 1805 440 1814 ⁸
461 1797 508 1825 Ἐκ
529 1797 678 1832 προσώπου
696 1797 743 1824 τοῦ
758 1797 878 1833 Χριστοῦ
895 1798 970 1832 λέγει.

175 1845 192 1871 ὸ
208 1844 365 1880 Προφήτης,
386 1843 430 1871 διὰ
445 1843 476 1871 τδ
496 1843 624 1879 γενέσθαι
640 1843 783 1879 ἄνθρωπον
797 1844 843 1872 τὸν
853 1844 902 1872 σὺν
917 1845 987 1872 lla-—

175 1891 225 1926 τρὶ
235 1891 300 1917 ὄντα
313 1891 398 1917 ἀΐδιον
408 1890 496 1924 Λόγον
513 1890 561 1917 καὶ
574 1890 641 1918 Θεόν
652 1897 662 1906 ⁸
672 1890 823 1926 ἄνθρωπος
838 1892 894 1927 γὰρ
909 1892 970 1919 ὀνο-

177 1937 298 1974 μάζεται
315 1937 414 1971 κτῆνος
429 1937 498 1963 θεοῦ
514 1936 634 1971 λογικόν.
656 1937 733 1964 Ἐπεὶ
746 1937 792 1964 οὖν
811 1938 825 1965 ὁ
842 1938 906 1970 Υῑδς
923 1937 970 1965 τοῦ

175 1983 250 2010 Θεοῦ
275 1983 383 2017 ἐγένετο
409 1983 556 2018 ἄνθρωπος
583 1982 707 2017 τέλειος,
731 1983 806 2018 λέγει
830 1985 900 2020 πρὸς
925 1984 971 2011 τὸν

177 2032 302 2066 Πατέρα,
312 2031 342 2058 El
359 2030 407 2058 καὶ
420 2030 575 2066 ἄνθρωπος,
585 2031 680 2066 φησιν,
693 2030 828 2067 ἐγενήθην
844 2031 920 2067 παρὰ
930 2031 973 2058 σοὶ

178 2078 228 2106 ἔπ’
242 2079 366 2113 ἐσχάτων
388 2077 448 2105 τῶν
460 2076 573 2113 ἡμερῶν
594 2076 714 2110 τούτων,
736 2076 804 2104 ἀλλὰ
816 2077 849 2112 τῇ
864 2076 972 2112 θεότητι

177 2126 242 2160 ειμι
265 2123 411 2154 διαπαντὸς
432 2123 503 2158 μετὰ
521 2122 580 2149 σοῦ.
605 2122 765 2157 Ἐπιφάνιος
790 2120 888 2150 εἶπεν·
903 2122 972 2150 Τίνα

177 2171 330 2207 ἑρμηνείαν
345 2170 401 2205 ἔχει
411 2170 440 2196 τὸ
457 2169 540 2205 ῥηθὲν
555 2169 607 2196 ὑπὸ
617 2169 665 2196 τοῦ
680 2169 786 2205 Κυρεου
797 2189 807 2202 ,
819 2177 829 2195 ι
843 2169 889 2204 Μὴ
907 2168 973 2204 βατ-

178 2216 351 2251 τολογήσητε
375 2216 406 2242 ὲν
419 2217 480 2246 ταῖς
505 2215 672 2250 προσευχαῖς
689 2215 776 2250 ὑμῶν,
801 2214 906 2247 ἀλλ’ὡς
917 2215 973 2242 ἔδι-

176 2263 310 2297 δάχϐητε,
330 2261 402 2289 οὕτω
421 2261 643 2297 προσεύχεσθεςιη
658 2261 688 2288 '0
702 2261 846 2297 Μακάριος
872 2261 947 2297 λέγει
963 2270 971 2278 ·

178 2309 346 2343 Βαττολογία
361 2309 443 2342 ἐστὶν,
456 2310 519 2336 ὅταν
529 2318 572 2341 τις
588 2309 674 2341 ἑστὼς
690 2309 718 2335 ὲν
735 2310 768 2344 τῇ
784 2311 924 2346 προσευχῇ
939 2309 971 2337 οὺ

177 2356 267 2390 λέγει·
283 2356 381 2390 Κύριε.
400 2356 536 2390 ἥμαρτον,
553 2354 732 2391 συγχώρησόν
753 2364 811 2390 μοι,
825 2356 872 2382 καὶ¹
896 2355 974 2392 ὲλὲη-

180 2403 231 2429 σόν
257 2411 301 2437 με,
331 2401 378 2428 καὶ
403 2402 438 2428 τὰ
461 2402 568 2433 τούτοις
593 2401 696 2436 ὅμοια·
711 2401 771 2428 ἀλλ’
786 2402 847 2429 ἀντὶ
867 2401 972 2429 τούτων

178 2448 259 2482 λέγει
280 2447 319 2483 τῷ
342 2447 418 2483 Θεῷ*
437 2447 533 2482 Κύριε,
551 2448 720 2483 μερίμνησόν
744 2456 790 2483 μοι
805 2449 903 2482 φαγεῖν
923 2447 972 2474 καὶ

178 2496 258 2521 πιεῖν
276 2495 322 2520 καὶ
347 2494 483 2526 πλουτεῖν,
511 2494 556 2520 ἴνα
584 2494 726 2529 χαίρωμαι
756 2495 796 2525 εἰς
824 2494 900 2520 τόνδε
925 2494 983 2521 τδν,

177 2541 297 2575 κόσμον,
316 2540 478 2576 σωματικῶς
493 2539 637 2566 ἀπολαύων
651 2539 701 2573 τῆς
714 2539 846 2574 σαρκικῆς
863 2539 971 2575 ἡδονῆς.

175 2586 269 2614 Τοῦτό
288 2588 348 2613 ἐστι
365 2586 537 2621 βαττολογια,
554 2586 601 2612 καὶ
616 2585 650 2612 τὰ
663 2585 767 2617 τούτοις
784 2586 874 2620 ὅμοια.
895 2585 924 2612 '0
940 2585 970 2612 δὲ

175 2631 249 2663 Θεὸς
272 2633 323 2658 οὐκ
351 2631 447 2666 ἀγαπᾷ
462 2631 548 2662 οὕτως
564 2631 638 2665 ἡμᾶς
656 2630 859 2666 προσεύχεσθαι
875 2651 882 2664 ,
903 2630 971 2656 ἀλλὰ

173 2680 276 2713 ζητεῖν
302 2678 415 2712 πρῶτον
436 2677 484 2711 τὴν
510 2676 649 2710 βασιλείαν
674 2677 722 2702 τοῦ
745 2675 824 2709 Θεοῦ,
850 2676 898 2702 καὶ¹
919 2676 971 2711 τὴν

173 2723 361 2758 δικαιοσύνην
379 2722 474 2755 αὐτοῦ,
488 2723 535 2748 καὶ
549 2722 634 2749 ταῦτα
647 2723 737 2750 πάντα
753 2722 972 2756 προστιὲὐσεται

173 2772 192 2806 ἡ
199 2770 261 2804 μῖν.

217 2860 244 2878 ³⁸
265 2859 331 2887 Luc.
349 2867 429 2891 xxtu,
446 2860 489 2887 46.
530 2858 551 2873 ⁵⁵
572 2858 644 2886 Psal.
659 2864 747 2891 utut,
760 2857 805 2884 ‘25.

1011 332 1072 356 luas
1088 330 1250 356 commendo
1265 329 1389 363 spiritum
1413 336 1503 356 meum
1519 328 1552 355 ".
1575 337 1585 353 ι
1604 327 1680 360 Quod
1706 331 1796 353 autem

1009 373 1110 401 dicitur
1125 383 1131 401 :
1151 374 1241 401 «Calix
1255 375 1351 409 plenus
1363 374 1444 401 misto
1454 383 1476 406 ,t
1497 373 1618 408 intellige
1631 375 1713 399 totam
1733 371 1796 398 Dei«

1010 423 1115 452 tatem,
1142 428 1203 455 qua:
1226 428 1310 447 suave
1336 420 1448 448 mistum
1475 425 1540 451 est.
1561 418 1634 454 quod
1662 418 1797 445 exhilarat

1011 465 1246 493 corda~hominum
1266 466 1293 492 in
1310 465 1394 493 Deum
1412 465 1580 492 credentium
1599 473 1606 492 :
1624 464 1702 498 plena
1720 470 1798 489 nam-

1011 519 1064 547 que
1081 519 1163 539 merae
1177 520 1209 539 ac
1226 512 1360 547 simplicis
1378 512 1489 540 Deitatis
1502 511 1658 539 humanitas
1671 509 1731 544 ejus
1745 513 1796 535 cst.

1048 558 1110 585 I73.
1135 557 1212 590 Quod
1237 558 1336 586 deinde
1358 557 1533 592 subjungitur
1561 565 1568 583 :
1595 554 1796 583 (Inclinavilcx

1011 602 1064 630 hoc
1083 603 1111 631 in
1137 603 1226 635 huc.)
1246 605 1282 631 ita
1300 608 1380 632 sonat
1404 612 1412 631 ι
1430 603 1510 631 Venit
1522 610 1570 638 per
1582 601 1798 629 incarnationem

1013 649 1045 676 ad
1061 654 1167 684 gentem
1181 649 1342 684 Judaicam,
1359 654 1389 676 ut
1403 649 1443 677 sic
1462 649 1591 676 latentem
1604 648 1678 675 intus
1695 653 1799 673 merant

1012 695 1196 728 divinitatem,-
1217 704 1265 731 per
1280 704 1362 732 quam
1379 697 1505 731 patrahat
1522 696 1598 729 signa
1617 702 1649 722 ae
1665 693 1799 729 prodigia,

1013 749 1104 769 coram
1127 742 1196 777 ipsis
1217 748 1310 771 notam
1325 743 1437 771 laceret.
1456 743 1491 770 At
1509 742 1569 774 illi,
1586 741 1686 768 inridia
1702 740 1801 766 stimu—

1013 787 1073 822 lati,
1087 788 1137 815 arti
1150 790 1264 823 magica:
1279 789 1336 816 haec
1351 787 1678 816 attribuendadioebaut.
1705 785 1801 812 Postea

1014 838 1077 858 cum
1093 832 1327 861 animadverteret
1341 833 1435 867 Pater,
1451 833 1480 860 iu
1492 832 1652 860 inﬁdelitate
1666 831 1725 858 illos
1741 837 1798 864 per-

1016 877 1114 905 sistere
1125 898 1132 910 ,
1156 878 1281 906 nolentes
1296 879 1351 907 ullo
1364 880 1445 906 modo
1459 879 1539 906 fidem
1555 878 1684 905 adhibere
1705 875 1802 911 unige-

1015 923 1073 951 nito
1087 923 1156 951 Filio
1169 931 1231 958 suo,
1246 924 1301 952 imo
1315 929 1343 952 et
1359 929 1474 952 mortem
1493 924 1517 952 ei
1535 923 1707 951 machinatos
1722 929 1802 954 esse;

1017 975 1097 1002 quem
1126 976 1209 995 manu
1227 970 1338 997 tenebat
1365 969 1477 997 calicem
1491 989 1498 1002 ,
1517 969 1645 1004 gratiam,
1677 968 1802 1001 inquam,

1016 1020 1104 1045 suam,
1120 1021 1135 1041 a
1144 1018 1225 1049 gente
1236 1014 1348 1042 Judaica
1361 1015 1480 1042 ablatam
1489 1034 1496 1047 ,
1511 1013 1689 1042 transtulitad
1704 1013 1809 1040 Romam.

1017 1065 1079 1086 nos.
1094 1067 1103 1084 ι
1118 1059 1314 1088 Verumtamen
1327 1060 1405 1094 [ειη
1419 1060 1477 1088 sive
1490 1065 1643 1088 extremum
1660 1059 1707 1086 irre
1720 1058 1803 1090 illius,

1020 1112 1089 1132 «non
1101 1109 1142 1132 est
1155 1105 1319 1133 exinanita»
1333 1105 1509 1140 Evangelium
1525 1105 1635 1140 quidem
1656 1111 1748 1136 suum,
1764 1103 1803 1130 uti

1017 1155 1044 1178 ct
1069 1151 1211 1187 apostolos
1235 1157 1263 1180 et
1288 1152 1419 1188 Spiritum
1444 1157 1570 1180 sanctum
1600 1159 1615 1178 a
1641 1149 1742 1178 Judmis
1771 1149 1804 1176 ad

1018 1201 1113 1231 gentes
1126 1217 1134 1230 ,
1157 1197 1203 1224 illa
1217 1198 1345 1232 accipere
1362 1202 1473 1233 paratas
1485 1219 1493 1232 ,
1516 1197 1615 1226 deferri
1631 1196 1731 1229 Voluit;
1747 1203 1810 1224 οπο-ι

1020 1250 1137 1277 nemque
1149 1244 1266 1278 gratiam
1282 1248 1309 1271 et
1323 1244 1517 1279 inspiratarum
1532 1243 1663 1270 divinitus
1681 1241 1809 1277 Scriptu-,

1019 1297 1110 1317 rarum
1129 1290 1337 1326 intelligentiam
1351 1291 1378 1317 in
1404 1297 1454 1318 nos
1473 1290 1571 1317 cﬂ'udit
1587 1298 1594 1317 :
1618 1293 1805 1316 verumtamen

1018 1335 1070 1364 faex
1093 1336 1153 1372 ejus
1174 1344 1229 1364 non
1251 1341 1293 1365 est
1307 1336 1458 1364 exinanita.
1474 1335 1710 1370 Quemadmodum
1732 1335 1823 1362 enim.

1019 1382 1069 1410 [tu
1096 1391 1156 1418 quae
1179 1384 1206 1410 in
1230 1383 1299 1411 cado
1324 1387 1366 1411 est
1390 1391 1447 1411 non
1461 1382 1639 1416 exhauritur,
1657 1382 1696 1410 sic
1721 1382 1806 1417 legal:

1020 1429 1132 1457 verbum
1146 1429 1241 1457 inutile
1255 1429 1324 1465 ipsis
1336 1434 1363 1457 et
1378 1429 1501 1458 incilicax
1517 1433 1620 1457 manet.
1633 1429 1695 1456 Faex
1708 1429 1818 1464 quippe.

1020 1482 1091 1509 spes.
1110 1479 1153 1503 est
1177 1474 1336 1503 Iudaeorum
1366 1485 1373 1504 :
1399 1483 1462 1503 nam
1480 1477 1508 1503 in
1530 1475 1677 1511 pra-sentia
1699 1483 1817 1510 quoque

1020 1528 1069 1555 per
1082 1521 1176 1548 orbem
1193 1521 1350 1548 universum
1367 1521 1506 1556 dispersi,
1525 1529 1558 1549 ex
1581 1520 1647 1548 face
1667 1521 1712 1548 illa
1729 1529 1806 1548 erro-

1022 1574 1079 1593 rem
1107 1567 1475 1601 hauriuntcrassissimum,
1497 1575 1553 1603 quo
1570 1568 1714 1595 adventum
1730 1568 1811 1596 Auti-.

980 1612 1004 1643 ει
1019 1613 1114 1641 christi
1133 1614 1214 1641 anxie
1231 1618 1403 1649 exspectant.

1058 1659 1120 1687 m.
1149 1659 1219 1693 Quis
1247 1664 1354 1692 autem,
1381 1659 1481 1695 quierit
1510 1666 1593 1694 porro
1616 1659 1807 1694 Epiphanius.

1021 1703 1101 1732 istius
1127 1705 1178 1732 loci
1204 1704 1341 1740 genuinus
1361 1711 1460 1732 sensus
1482 1708 1524 1732 est
1541 1713 1548 1732 :
1568 1714 1578 1731 ι
1599 1703 1633 1732 Ut
1655 1704 1808 1738 iumentum

1022 1750 1109 1779 lactus
1127 1758 1188 1779 sum
1212 1751 1348 1786 apud-te,
1372 1755 1400 1779 et
1422 1757 1472 1786 ego
1494 1754 1715 1786 sempertecutn
1733 1751 1776 1777 “‘2
1796 1760 1821 1777 ι,

1022 1797 1149 1825 Personae
1170 1797 1290 1830 Christi,
1315 1797 1354 1825 ait
1370 1802 1483 1826 sanctus
1498 1797 1621 1826 Andreas
1634 1815 1644 1830 ,
1671 1797 1735 1825 istic
1756 1797 1809 1824 loci

1023 1844 1280 1872 meulionemiacit
1300 1844 1457 1881 Propheta:
1471 1845 1536 1880 quia
1557 1851 1655 1879 nempe
1677 1844 1738 1876 ille.
1761 1846 1809 1879 qui

1023 1891 1207 1925 sempiternus
1225 1898 1288 1919 eum
1306 1891 1387 1919 Patre
1403 1890 1475 1918 Deus
1495 1890 1674 1926 divinumque
1688 1889 1808 1918 Verbum

1022 1940 1080 1969 est,
1099 1936 1247 1964 humanam
1273 1936 1362 1964 induit
1385 1940 1510 1964 naturam
1535 1936 1808 1971 :lhommsiquident

1020 1981 1176 2017 jumentum
1195 1981 1254 2014 Dei,
1269 1981 1374 2008 ratione
1388 1981 1544 2016 praeditum.
1560 1980 1721 2015 appellatur.
1740 1981 1808 2008 Cum

1023 2028 1107 2064 igitur
1133 2027 1219 2055 Filius
1244 2027 1293 2055 Dei
1318 2027 1455 2063 perlectus
1479 2027 1562 2054 homo
1586 2027 1674 2054 lactus
1692 2027 1747 2058 sit,
1771 2027 1825 2054 ita.

1023 2073 1224 2110 quodammodo
1242 2073 1350 2101 Patrem
1365 2073 1516 2108 alloquitur
1541 2081 1548 2100 :
1574 2071 1696 2100 Tametsi
1719 2076 1810 2100 extre-

1023 2120 1076 2148 mis
1093 2120 1170 2148 hisce
1187 2119 1357 2155 temporibus
1376 2119 1460 2146 homo
1477 2119 1565 2146 laetus
1584 2126 1644 2145 sum
1661 2125 1752 2145 coram
1772 2122 1808 2150 te,

1024 2166 1204 2194 nihilominus
1219 2166 1325 2193 ratione
1339 2165 1489 2193 divinitatis
1505 2172 1612 2199 semper
1625 2169 1716 2191 tecum
1735 2171 1806 2192 sum.

1024 2213 1125 2240 lterum
1146 2212 1314 2248 Epiphanius
1332 2221 1339 2239 :
1361 2212 1414 2245 Qui
1439 2211 1571 2246 explicas,
1598 2210 1706 2245 inquit.
1728 2210 1807 2238 istam

1025 2258 1132 2286 Domini
1149 2258 1311 2286 sententiam
1335 2266 1343 2285 :
1364 2267 1373 2283 ι
1395 2257 1510 2285 Orontes
1532 2261 1622 2284 autem
1640 2257 1723 2283 nolite
1740 2256 1809 2282 mul-

1024 2309 1080 2332 tum
1096 2305 1186 2340 loqui;
1211 2305 1259 2333 sed
1275 2304 1313 2331 uti
1331 2303 1404 2331 docti
1418 2304 1495 2335 estis,
1514 2303 1552 2330 ita
1567 2307 1643 2330 orate
1658 2302 1702 2328 ’τι
1715 2311 1723 2326 ι
1740 2302 1810 2328 Mul-

1023 2351 1166 2386 tiloquium
1196 2356 1259 2384 est,
1287 2350 1395 2386 reponit
1422 2349 1566 2382 Andreas,
1592 2356 1654 2376 cum
1683 2347 1746 2382 quis
1774 2347 1808 2374 ad

1022 2398 1158 2425 orandum
1174 2401 1284 2432 paratus
1297 2416 1305 2429 ,
1333 2403 1387 2423 non
1404 2395 1470 2422 dicit
1489 2404 1495 2422 :
1519 2394 1632 2422 Domine
1645 2414 1652 2427 ,
1676 2393 1785 2429 peccavi
1800 2401 1807 2425 ;

1023 2443 1129 2471 dimitte
1143 2442 1241 2470 delicta
1258 2449 1333 2474 mea,
1360 2446 1386 2468 et
1405 2441 1537 2468 miserere
1558 2439 1630 2472 mei,
1653 2443 1734 2474 atque
1755 2437 1807 2464 alia

1024 2490 1068 2517 Itis
1081 2489 1201 2522 similia;
1219 2488 1266 2516 sed
1284 2491 1379 2516 contra
1403 2487 1444 2514 sic
1459 2486 1544 2513 Deum
1563 2485 1731 2519 aIIOquitur:
1754 2483 1808 2509 Do-

1024 2536 1115 2569 mine,
1141 2543 1235 2564 curam
1260 2542 1323 2570 gere
1342 2533 1414 2567 mei,
1438 2537 1468 2560 ut
1489 2532 1570 2564 cibo.
1595 2535 1682 2565 potu,
1708 2528 1809 2557 divitiis

1024 2581 1172 2614 abundem,
1188 2585 1217 2608 ut
1233 2581 1317 2608 vitam
1338 2580 1366 2607 in
1382 2580 1433 2607 hoc
1448 2578 1552 2606 mundo
1570 2578 1630 2604 laete
1647 2575 1806 2610 transigam,

1025 2634 1054 2656 ut
1079 2628 1172 2655 carnis
1198 2626 1383 2661 voluptatibus
1409 2625 1527 2653 allluam.
1558 2623 1611 2650 Ista
1637 2627 1665 2649 et
1691 2622 1807 2648 istorum

1025 2674 1124 2702 similia
1141 2673 1344 2708 multiloquium
1361 2677 1435 2700 sunt.
1449 2672 1522 2699 Deus
1539 2677 1604 2697 sane
1620 2676 1674 2696 non
1690 2667 1743 2694 isto
1757 2673 1808 2693 nos

1026 2719 1108 2747 modo
1122 2720 1265 2746 instituere
1279 2717 1429 2745 orationem
1443 2716 1512 2748 vult,
1526 2715 1572 2742 sed
1591 2714 1708 2749 primum
1723 2711 1807 2746 quaeri

1027 2773 1138 2800 regnum
1157 2765 1204 2792 Dei
1220 2769 1246 2792 et
1266 2763 1399 2799 justitiam
1415 2763 1487 2797 ejus,
1504 2766 1531 2790 ct
1554 2761 1610 2790 haec
1633 2759 1725 2787 omnia
1740 2757 1810 2792 adii.

1024 2812 1131 2838 cientur
1147 2811 1238 2838 nobis.

846 2858 868 2873 "
889 2857 984 2884 Matth.
997 2865 1035 2890 vr,
1049 2859 1076 2886 7.

217 2922 277 2955 (Si)
299 2922 397 2950 Iterum
415 2928 466 2948 tus.
485 2919 583 2949 Vatia,
607 2920 706 2946 ἐκεῖνοι
731 2917 907 2955 ὴπίστηοςαν,
930 2918 969 2944 ἐπε

1019 2928 1040 2946 τε
1059 2920 1158 2954 σημεῖα
1195 2919 1240 2945 καὶ
1256 2917 1358 2952 τέρατα
1391 2914 1547 2951 ἔμπροσθεν
1582 2913 1690 2941 αὐτῶν·
1707 2911 1808 2939 ἐκεῖνοι

176 2953 320 2986 ὑπέλαϐον
335 2959 366 2984 ἐκ
386 2955 501 2991 μαγείας
519 2955 598 2982 αὐτὸν
614 2955 700 2983 ταῦτα
720 2953 910 2988 πεποιηκέναι.
