2009 3088
212 166 264 196 827

735 170 946 202 NICEPHORI
966 172 1201 206 PRESBYTER!
1223 177 1277 207 CP.

1782 179 1847 212 823

211 220 275 249 Jesu
293 223 398 251 salvum
416 231 458 252 me
476 224 528 258 fac,
543 230 570 252 et
595 226 621 253 in
643 231 737 254 sancto
756 227 859 262 Spiritu
877 233 924 256 tuo
947 229 1000 257 lar-

1058 233 1140 259 :rtboév
1156 243 1200 268 με,
1221 236 1268 261 καὶ
1284 235 1322 271 τῷ
1338 235 1477 270 Πνεύματί
1502 244 1548 262 σου
1562 235 1601 272 τῷ
1622 235 1693 272 ἁγίῳ
1707 236 1843 272 διάκρισιν

211 268 270 302 gire
296 269 362 296 mihi
383 270 588 298 discretionem.
616 271 752 299 Discretio
780 281 900 309 namque
925 283 1003 303 cont-

211 320 346 343 monstrat
361 316 461 343 homini
479 324 587 344 omnem
606 318 677 345 viam
699 321 797 346 bonam
809 342 816 353 ,
833 329 884 349 nec
899 322 1003 356 patitur

211 359 299 394 ipsum
319 369 332 388 a
358 366 430 388 recto
454 362 504 389 viae
530 364 640 391 tramite
662 364 799 393 aberrare.
830 366 877 394 llla
902 368 1004 402 princi-

210 414 269 440 pem
294 407 364 433 inter
378 412 493 435 caeteras
515 409 632 438 virtutes
657 410 748 438 locum
765 412 886 447 obtinet;
909 419 1003 449 utpote

208 459 240 478 cx
257 460 309 486 qua
335 453 477 486 eharitas,
504 462 536 482 ex
560 457 696 485 charitate
723 466 790 486 vero
813 460 1002 489 misericordia

209 499 342 526 εποδε-ηυγ.
382 499 428 526 illa
457 501 574 536 denique
599 511 680 531 omne
707 512 776 538 opus
806 506 907 533 bonum
941 516 1003 542 pro-

209 543 294 576 dut-it,
310 552 342 572 ac
357 546 384 572 in
397 547 492 581 primis
509 548 618 582 quidem
636 549 828 584 benignitatem
843 560 906 587 erga
922 554 1001 586 alios,

207 595 267 618 tum
283 593 454 620 aversiouem
473 602 504 621 ac
520 596 732 624 detestationem
745 599 891 633 scelerum,
912 600 1004 627 humi-

207 637 312 664 litatem
331 646 441 674 quoque
464 648 530 668 suos
555 642 741 677 exaltantem,
766 651 860 678 pacem
885 645 1003 680 denique

207 689 234 711 et
265 686 517 714 mansuetudinem.
546 687 593 714 llla
621 689 679 723 ipsa
716 689 846 717 discretio
885 689 1003 724 Spiritus

207 731 294 758 sancti
314 733 392 766 quasi
421 741 498 761 mens
515 739 573 767 est;
591 743 651 769 quae
669 744 730 763 cum
750 737 833 764 semel
856 738 883 764 in
907 738 1000 765 animo

209 777 330 804 hominis
354 784 473 812 recepta,
495 780 557 807 istic
570 781 622 808 sibi
639 782 730 809 sedem
747 782 865 817 delegit,
891 784 1002 811 suavis-

209 824 277 851 sime
293 825 375 852 afﬁcit
398 826 543 855 facultates
560 827 634 855 illius
649 829 816 863 spirituales.
832 829 902 862 Quid
922 837 1003 861 porro

207 875 249 896 est
265 870 395 898 discretio
415 872 483 899 illa?
502 874 663 901 attentlesis.
683 874 817 908 Expendit
829 883 907 910 requa
925 875 1003 902 lance

207 917 357 951 cogitatum
387 926 469 945 omne

207 967 236 989 et
255 963 374 990 residere
390 964 417 991 in
439 965 531 992 animo
552 969 579 992 et
594 967 762 993 exsecutioni
788 966 920 1000 mandari
936 974 1000 1001 per-

1056 288 1100 313 μοι
1112 279 1243 315 δώρησαι.
1262 281 1293 307 ’11
1308 281 1361 316 γὰρ
1376 281 1511 316 διάκρισις
1524 281 1640 308 δεικνύει
1653 281 1693 316 τῷ
1708 282 1844 318 ἀνθρώπῳ

1055 326 1145 351 πᾶσαν
1161 325 1220 352 ὁδὸν
1238 326 1355 361 ἀγαθὴν,
1375 329 1421 354 καὶ
1444 328 1494 354 οὐχ
1507 328 1539 363 ἑᾷ
1559 328 1641 354 αὐτὸν
1657 329 1686 355 ὲν
1701 328 1753 363 ὀδῷ
1776 329 1843 356 ὑπο-

1055 371 1246 401 σκελίζεσθαιι
1275 373 1412 408 πρωτεύει
1437 373 1492 409 γὰρ
1520 374 1629 401 πάντων
1659 375 1714 401 τῶν
1739 375 1844 409 ἀρετῶν

1054 417 1141 452 αὕτηο
1157 419 1188 444 ἐκ
1202 418 1303 454 ταύτης
1323 419 1379 453 γὰρ
1391 421 1521 452 γεννᾶται
1542 420 1559 453 ἡ
1578 420 1684 454 ἀγάπη,
1707 421 1738 446 ἐκ
1751 420 1780 446 δὲ
1795 421 1844 454 τῆς

1054 464 1164 498 ἀγάπης
1188 465 1204 499 ὴ
1230 465 1420 501 ἐλεημοσύνη·
1437 466 1507 492 ὥστε
1532 466 1548 501 ἡ
1573 465 1710 500 διάκρισις
1733 465 1842 499 φυτεύει

1054 511 1146 536 πᾶσαν
1173 511 1367 546 ἀγαθοεργίαν,
1383 512 1536 546 προχέουσα
1551 512 1659 546 πρῶτον
1673 512 1779 546 καρπὸν
1795 511 1844 546 τὴν

1054 556 1189 589 εὐποιίαν,
1216 557 1312 584 ἔπειτα
1335 559 1384 592 τὴν
1409 558 1539 591 ἀκακίαν,
1561 558 1610 585 καὶ
1636 556 1685 593 τὴν
1716 557 1844 592 ὑψοποιδν

1053 603 1228 635 ταπείνωσιν,
1242 604 1293 638 τὴν
1307 604 1430 638 εἰρήνην,
1446 604 1494 638 τὴν
1513 603 1665 640 πραότητα.
1687 604 1719 630 ῚΙ
1739 604 1845 638 διάκρι-

1054 657 1096 680 σις
1110 648 1166 683 γὰρ
1191 649 1252 679 νοῦς
1285 650 1342 676 ἔστι
1358 649 1403 675 τοῦ
1429 649 1506 683 ἁγίου
1525 649 1696 684 Πνεύματος,
1712 649 1758 675 καὶ
1779 650 1844 676 ὅταν

1054 694 1166 729 χωρηθῇ
1180 694 1219 725 είς
1233 694 1352 721 διάνοιαν
1366 695 1512 730 ἀνθρώπου
1526 695 1572 721 τοῦ
1591 695 1692 729 μένειν,
1707 695 1845 729 ἠδυτὲρως

1054 739 1137 766 αὐτοῦ
1156 741 1229 766 ποιεῖ
1248 741 1303 769 τοῖς
1326 741 1517 776 αἰσθητηρίοις
1539 742 1595 773 τοῖς
1612 742 1716 776 νοητοῖς
1740 741 1846 767 διακεῖ-

1055 785 1127 812 σθαι.
1159 785 1192 812 Τί
1216 786 1244 812 δέ
1269 787 1326 812 ἐστι
1353 787 1508 822 διάκριτις;
1534 787 1683 823 [ἄκουσον
1705 787 1844 821 Διάκρι-ςίς

1054 830 1141 867 ἐστιν]
1155 833 1171 866 ἡ
1194 831 1265 858 ἅπαν
1284 832 1374 867 νόημα
1391 832 1608 866 ζυξόστατοῦσα,
1626 833 1673 859 καὶ
1692 833 1754 859 ὅσον
1770 833 1845 866 ὑγιὲς

1054 876 1132 913 εὕρῃ.
1148 877 1256 904 δίδωσιν
1270 879 1395 914 κατέχειν
1409 879 1458 914 τὴν
1474 879 1593 906 διάνοιαν
1606 879 1652 905 καὶ
1669 880 1755 905 ποιεῖν
1764 886 1772 895 ο
1785 879 1846 905 ὅσον

500 928 506 946 :
536 920 665 955 quodque
699 922 810 948 salubre
854 908 1000 956 comperit,

1058 908 1205 957 ἳὲοαθρδν,
1224 908 1352 957 ἐκτρέπει
1372 924 1420 958 τῆς
1437 908 1561 955 ’διανοίας
1583 924 1631 950 καὶ
1649 923 1793 958 σφενδόνης
1807 923 1847 949 δί-

1055 975 1107 1002 κην
1126 968 1235 1002 μακρὰν
1252 968 1429 1004 ἀπορρίπτει.

209 1010 292 1038 mittit
307 1019 314 1037 :
329 1012 403 1047 quod
427 1020 493 1040 vero
518 1015 632 1042 noxium
661 1014 840 1050 putidumque
857 1019 921 1047 est,
950 1015 1063 1051 expellit
1095 1016 1254 1049 exanimo,
1275 1021 1302 1043 et
1339 1022 1468 1051 tanquam
1509 1017 1593 1046 funda
1624 1018 1729 1054 jactum
1752 1016 1846 1054 procul

208 1058 323 1086 excutit.

245 1108 307 1136 181.
337 1108 507 1144 Epiphanius
536 1115 626 1138 autem
658 1112 828 1148 interrogare
843 1112 996 1148 'pergens:

209 1152 298 1185 Quid,
326 1153 435 1188 inquit,
461 1160 573 1183 sanctus
596 1155 698 1184 Paulus
713 1161 850 1185 assertutn
870 1158 928 1185 vult
953 1165 1001 1193 per

210 1198 275 1225 illud
299 1207 306 1226 :
333 1207 343 1224 ι
372 1198 458 1227 Omne
485 1205 623 1234 peccatum
639 1207 715 1230 extra
741 1210 840 1237 corpus
866 1209 907 1230 est
925 1211 933 1236 ;
954 1203 1001 1237 qui

209 1248 301 1271 autem
326 1243 480 1272 fornicatur
491 1265 498 1279 ,
522 1246 550 1273 in
566 1254 667 1282 corpus
682 1256 761 1274 suum
778 1248 925 1283 peccat“?
943 1258 952 1275 ι
969 1249 1004 1276 Et

210 1291 378 1324 respondens
400 1293 523 1320 Andreas
541 1302 547 1320 :
564 1292 651 1321 Omne
683 1294 755 1321 aliud
772 1301 914 1329 peccatum
930 1315 936 1326 ,
955 1295 1003 1328 ait,

209 1335 237 1362 in
252 1337 345 1364 anima
365 1343 509 1370 versatur.
531 1345 644 1374 excepta
668 1340 870 1373 fornicatione,
896 1349 957 1376 qua
972 1341 1006 1369 ad

209 1390 312 1417 corpus
328 1385 426 1411 attinet
443 1393 450 1411 :
475 1393 508 1412 cx
524 1385 608 1412 latere
624 1386 697 1413 enim
714 1386 810 1414 Adami
829 1387 945 1415 formata
960 1391 1002 1415 est

210 1430 320 1464 mulier,
343 1437 372 1458 ut
387 1433 441 1459 duo
458 1440 543 1459 unum
566 1439 668 1467 corptts
691 1432 791 1461 forent.
809 1433 897 1462 Omne
921 1435 1002 1469 igitur

209 1481 351 1511 peceatum
367 1481 444 1505 extra
462 1485 563 1513 corpus
580 1484 621 1506 est
637 1487 646 1505 :
667 1487 726 1511 seu,
743 1480 782 1507 uti
804 1480 860 1515 jam
877 1480 1001 1513 utemini,

210 1531 264 1550 non
283 1530 408 1558 corpore,
425 1525 472 1552 sed
495 1526 605 1559 anima,
634 1526 680 1553 sed
701 1531 792 1555 mente
805 1546 812 1558 ,
833 1527 880 1555 sed
905 1526 1001 1562 spiritu

210 1570 402 1598 committitur.
424 1571 530 1599 Etenim
553 1576 582 1600 et
607 1573 742 1605 mendax,
768 1579 796 1602 et
819 1573 957 1608 pcrjurus,
978 1577 1040 1611 etc

209 1615 290 1644 fama:
312 1617 407 1644 alienae
420 1617 465 1652 qui
490 1618 619 1652 detrahit,
646 1624 693 1647 aut
711 1619 783 1647 aliud
801 1619 940 1654 quidpiam
957 1627 1005 1654 pa-

211 1665 265 1688 trat
285 1661 399 1690 sceleris
412 1682 420 1694 ,
446 1670 480 1690 ex
502 1663 594 1691 verbis
618 1664 678 1691 suis
700 1664 820 1700 aliquam
839 1665 911 1700 capit
927 1665 1006 1692 volu-

209 1711 312 1740 ptatem
334 1714 340 1732 :
368 1706 444 1734 solus
471 1706 620 1734 fornicator
645 1716 761 1743 corpore
785 1716 838 1736 suo
863 1714 1004 1744 peccatum

212 1750 329 1786 perlicit.
347 1750 585 1784 Quemadmodum
605 1758 695 1780 autem
718 1762 776 1786 sus,
790 1754 838 1789 qui
863 1755 1004 1783 volutatur

212 1799 239 1824 in
260 1805 357 1830 emno,
382 1805 437 1825 non
453 1799 614 1833 coinquinat
629 1799 748 1828 interius
771 1807 881 1828 carnem
903 1808 1001 1834 suam,

211 1843 259 1869 sed
274 1843 397 1874 exterius.
415 1843 547 1871 duntaxat
572 1844 668 1879 pellem
696 1845 824 1874 sordibus
852 1853 885 1874 ac
910 1846 1008 1874 foetore

213 1888 300 1916 inficit
316 1899 322 1916 :
339 1889 377 1916 ita
396 1893 424 1917 et
447 1890 597 1918 fornicator
611 1911 621 1924 ,
644 1892 692 1927 qui
713 1893 740 1920 in
761 1893 898 1920 cubilibus
923 1897 1006 1927 atque

212 1936 394 1970 impudicitiis
417 1941 548 1972 perpetuo
564 1943 710 1972 versatur,
734 1946 835 1974 corpus
857 1939 959 1973 pariter
981 1943 1009 1966 et

212 1982 334 2009 animam
351 1981 424 2010 foede
441 1985 624 2012 commaculat
638 1993 644 2010 :
662 1985 758 2020 sicque
777 1984 920 2012 daemoniis
936 1985 1007 2012 invi-

210 2028 339 2056 sibilibus
357 2029 506 2057 ludibrium
524 2038 555 2058 ac
574 2031 646 2059 risus
672 2031 711 2059 fit.
739 2032 874 2058 Caeterum
893 2031 1003 2066 quando

212 2073 244 2100 in
270 2081 370 2108 corpus
387 2082 467 2102 suum
492 2080 605 2110 peccat,
632 2084 688 2104 non
712 2085 793 2104 suum
818 2077 1009 2104 tantummodo

212 2127 318 2154 corpus
333 2141 340 2153 ,
364 2121 411 2148 sed
438 2121 563 2149 mulieris
578 2122 661 2149 etiam
680 2130 799 2156 quacutn
821 2127 934 2158 peccat,
953 2128 1011 2150 tur-

213 2165 286 2198 piter
313 2171 489 2201 conspurcat.
522 2167 588 2195 Viro
610 2168 656 2202 qui
690 2176 824 2201 uxorem,
850 2174 878 2195 et
902 2169 1011 2196 mulieri

211 2219 278 2246 qua:
292 2213 421 2240 maritum
438 2213 540 2241 habent
554 2233 562 2246 ,
584 2214 723 2249 propriunt
746 2222 847 2249 corpus
868 2222 923 2242 non
945 2220 987 2242 est
1002 2223 1009 2242 :

1096 1114 1172 1147 ρπα’.
1194 1111 1352 1145 Ἐπιφάνιος
1364 1109 1457 1138 εἶπεν·
1474 1112 1506 1138 τί
1520 1112 1594 1146 λέγει
1613 1114 1627 1139 ὁ
1641 1113 1718 1147 ἇγιος
1729 1113 1848 1147 Παῦλος,

1055 1158 1098 1185 ὅτι
1119 1167 1128 1184 ι
1149 1159 1228 1184 Πᾶσα
1248 1158 1369 1193 ἁμαρτία
1385 1158 1462 1190 ὲκτὺς
1477 1158 1523 1185 τοῦ
1536 1159 1660 1194 σώματός
1675 1160 1748 1186 ἐστιν
1758 1169 1765 1176 '
1791 1162 1805 1188 ὁ
1819 1161 1848 1188 at

1058 1205 1199 1240 πορνεύων
1219 1206 1260 1236 είς
1274 1205 1305 1231 τδ
1328 1205 1394 1232 ῐδιον
1411 1206 1491 1240 σῶμα
1514 1207 1683 1241 ἀμαρτάνει;
1704 1217 1713 1233 ›
1733 1209 1805 1244 Ἔφη
1834 1210 1851 1235 ὁ
1894 1209 1901 1214 '

1059 1251 1162 1282 'Ostoc'
1179 1251 1256 1278 Πᾶσα
1272 1251 1338 1286 ἄλλη
1352 1252 1474 1286 ἁμαρτία
1489 1251 1592 1288 ψυχική
1608 1253 1694 1279 ἐστιν·
1708 1255 1724 1288 ὴ
1738 1254 1765 1280 δὲ
1779 1263 1850 1289 mp.

1054 1296 1114 1323 νεία
1146 1296 1291 1331 σωματικὴ
1324 1297 1416 1323 ἐστιν·
1446 1297 1478 1323 ἐκ
1505 1298 1558 1333 γὰρ
1580 1298 1630 1333 τῆς
1656 1298 1777 1334 πλευρᾶς
1800 1299 1848 1326 τοῦ

1063 1339 1152 1374 Ἀδὰμ
1170 1339 1333 1375 ᾠκοδομήθη
1349 1341 1366 1375 ἠ
1385 1342 1464 1376 γυνὴ,
1481 1341 1551 1368 ὥστε
1566 1343 1590 1368 οἶ
1605 1342 1651 1369 δύο
1669 1343 1698 1369 ἓν
1715 1344 1794 1378 σῶμά
1811 1346 1849 1371 εἰ-

1057 1393 1109 1413 σιν.
1130 1385 1208 1412 Πᾶσα
1233 1385 1279 1412 οὖν
1299 1387 1420 1422 ἁμαρτία
1447 1388 1526 1420 ἐκτὸς
1554 1388 1601 1414 τοῦ
1629 1389 1756 1424 σώματος
1778 1392 1847 1422 ἐστι,

1054 1431 1194 1458 τουτέστιν
1217 1431 1247 1458 οὐ
1276 1432 1316 1467 τῷ
1345 1432 1452 1468 σώματι
1478 1433 1605 1469 πράττει,
1632 1434 1700 1461 ἀλλὰ
1715 1437 1748 1470 τῇ
1763 1436 1857 1471 ψυχῇ,

1056 1477 1103 1503 κοιλ¹
1119 1476 1157 1510 τῷ
1172 1475 1221 1508 νοῒ,
1241 1477 1288 1503 καὶ
1304 1476 1342 1511 τῷ
1357 1476 1504 1512 πνεύματι,
1519 1477 1556 1509 ὡς
1573 1479 1708 1514 προέφην.
1726 1480 1780 1506 Καὶ
1793 1480 1849 1515 γὰρ

1056 1521 1089 1547 ὲκ
1106 1520 1241 1556 στόματος
1261 1521 1311 1556 τὴν
1326 1521 1424 1556 ἡδονὴν
1448 1521 1603 1558 καρποῦται
1619 1524 1633 1550 ὁ
1654 1523 1785 1559 ψεύστης,
1801 1525 1817 1560 ἢ
1834 1526 1850 1551 ό

1057 1566 1199 1602 ἐπίορκος,
1217 1566 1233 1602 ἢ
1250 1567 1265 1594 ό
1291 1567 1453 1600 κατάλαλος,
1467 1567 1484 1603 ἢ
1502 1568 1516 1594 ὸ
1544 1568 1644 1603 ἑτέραν
1661 1569 1722 1595 τινὰ
1737 1569 1849 1605 ἀνομίαν

1058 1613 1243 1648 ἐργαζόμενος
1253 1621 1261 1628 ⁸
1280 1612 1362 1648 μόνον
1377 1612 1406 1640 δὲ
1425 1613 1439 1640 ὀ
1454 1613 1595 1648 πορνεύων
1612 1614 1653 1649 τῷ
1670 1615 1727 1650 ἰδίῳ
1742 1615 1849 1650 σώματι

1057 1658 1179 1685 συντελεῖ
1200 1658 1250 1694 τὴν
1274 1658 1424 1694 ἁμαρτίαν.
1444 1659 1549 1695 Ὠσπερ
1573 1661 1784 1695 ό,χοίρος,ὂταν
1801 1669 1850 1688 κυ-

1056 1703 1134 1739 λισθῇ
1152 1706 1180 1731 ὲν
1197 1703 1330 1740 βορϐόρῳ,
1346 1705 1378 1731 οὐ
1391 1705 1425 1732 τὰ
1439 1705 1513 1732 ἔνδον
1535 1705 1618 1733 αὑτοῦ
1633 1706 1754 1741 μολύνει,
1780 1706 1853 1734 ἀλλὰ

1055 1750 1105 1785 τὴν
1124 1749 1177 1783 ἔξω
1187 1750 1271 1777 αὐτοῦ
1288 1751 1379 1778 πᾶσαν
1395 1751 1476 1786 δορὰν
1490 1752 1637 1787 σικχαντὴν
1649 1752 1698 1779 καὶ
1713 1752 1849 1788 βρωμώδη

1057 1796 1245 1832 ἀπεργάζεται
1259 1804 1266 1812 ’
1284 1796 1356 1824 οὕτω
1393 1797 1442 1824 καὶ
1463 1799 1478 1824 ὁ
1499 1797 1652 1833 πορνεύων,
1675 1799 1778 1830 κοίταις
1802 1800 1851 1826 καὶ

1057 1843 1211 1877 ἀσελγείαις
1227 1843 1323 1870 ἑαυτὸν
1352 1843 1540 1879 ἀναμιγνύων,
1555 1844 1702 1880 σικχαντὺν
1722 1844 1804 1872 αὐτοῦ
1820 1845 1852 1871 τὸ

1059 1889 1139 1924 σῶμα.
1168 1890 1216 1916 καὶ
1237 1889 1287 1925 τὴν
1315 1889 1405 1926 ψυχὴν
1433 1890 1669 1926 ἀπεργαζόμενος,
1695 1887 1773 1922 οὗτος
1802 1899 1852 1917 πο-

1060 1936 1168 1971 ρεύεται
1195 1937 1300 1970 γέλοιον
1325 1937 1381 1968 τοῖς
1403 1937 1531 1973 ἀοράτοις
1554 1937 1680 1973 δαίμοσιν
1705 1937 1852 1972 ἀναφαινό-

1060 1990 1150 2017 μενος.
1169 1982 1270 2009 Δοιπὸν
1292 1982 1332 2014 εἰς
1349 1982 1380 2008 τὸ
1399 1982 1463 2009 εδιον
1484 1982 1566 2018 σῶμα.
1589 1983 1754 2017 ἁμαρτάνει,
1775 1983 1853 2017 μιαί-

1058 2036 1111 2054 νων
1136 2028 1203 2055 αὺτό
1215 2036 1222 2043 ·
1239 2029 1289 2055 οὐκ
1304 2029 1371 2055 αὐτὸ
1386 2028 1413 2056 δὲ
1439 2030 1529 2064 μόνον,
1555 2028 1624 2056 ἀλλά
1637 2037 1670 2062 γε
1696 2028 1744 2055 καὶ
1759 2029 1790 2054 τὺ
1803 2029 1853 2063 τῆς

1059 2074 1189 2108 γυναικὸς
1211 2076 1252 2106 εἰς
1269 2075 1283 2101 ὃ
1300 2075 1508 2111 περιπλέκεται.
1531 2074 1614 2110 Ἀνὴρ
1629 2075 1746 2109 γυναῖκα
1771 2074 1852 2110 ἔχων,

1059 2121 1106 2147 καὶ
1121 2124 1191 2157 γυνὴ
1205 2122 1320 2156 νόμιμον
1334 2122 1418 2157 ἀνδρα
1436 2122 1545 2157 ἔχουσα,
1569 2123 1619 2148 οὐκ
1634 2121 1726 2156 ἔχουσι
1739 2122 1774 2149 τὰ
1790 2123 1853 2148 ἑαυ-

1060 2168 1115 2195 τῶν
1128 2169 1242 2204 σώματα
1256 2169 1310 2196 ίδια
1319 2176 1328 2183 ⁸
1340 2168 1389 2195 τοῦ
1403 2169 1499 2204 ἀνδρὸς
1512 2169 1566 2205 γὰρ
1579 2169 1610 2196 τὸ
1624 2168 1704 2204 σῶμα
1734 2169 1792 2196 ἐστι
1803 2169 1854 2203 τῆς

1061 2213 1189 2246 γυναικὸς
1204 2213 1297 2246 αὐτοῦ,
1319 2214 1367 2240 καὶ
1388 2214 1439 2247 τῆς
1467 2214 1598 2247 γυναικός
1615 2215 1672 2241 ἐστι
1689 2214 1737 2241 τοῦ
1757 2214 1854 2248 ἀνδρὸς

216 2257 266 2284 viri
280 2258 380 2293 quippe
395 2266 498 2294 corpus
514 2260 629 2288 arbitrio
648 2260 744 2288 uxoris
761 2261 872 2293 subest;
888 2265 915 2288 et
928 2261 1004 2288 simi-

1058 2258 1152 2293 αὐτῆς,
1177 2258 1246 2285 ὥστε
1261 2259 1353 2285 οὐκέτι
1382 2259 1436 2286 εἰσὶ
1469 2259 1527 2292 δύο,
1542 2260 1610 2286 ἀλλά
1627 2259 1696 2295 σὰρξ
1709 2260 1766 2295 μία.
1791 2259 1854 2286 Ἐὰν

212 2303 280 2330 liter
298 2304 424 2332 mulieris
437 2312 538 2340 corpus
556 2305 582 2332 in
597 2310 731 2341 potestate
747 2306 835 2333 ntariti
849 2311 900 2338 est,
911 2312 938 2333 ut
953 2315 1006 2335 non

215 2349 337 2385 amplius
359 2350 414 2378 dtto
434 2351 488 2378 sint
500 2371 508 2383 ,
535 2351 581 2378 sed
598 2359 653 2379 una
669 2359 743 2379 caro.
760 2352 788 2379 Si
806 2351 904 2379 mulier
917 2352 1008 2387 itaque

215 2395 378 2427 fornicatur,
396 2396 422 2422 in
440 2403 541 2431 corptts
558 2397 648 2423 tttariti
665 2402 760 2432 peccat
775 2406 782 2425 :
801 2398 823 2426 si
841 2405 906 2425 vero
923 2397 1009 2424 mari-

215 2446 280 2474 tus,
299 2446 393 2477 peccat
414 2442 440 2470 itt
464 2450 564 2478 corpus
584 2451 664 2471 suutn
678 2464 685 2476 ,
701 2444 775 2479 quod
798 2449 841 2472 est
862 2452 949 2478 uxor;
971 2445 1011 2472 sic

213 2491 244 2515 et
260 2487 330 2515 alter
353 2488 381 2515 in
408 2489 520 2516 alterius
542 2494 657 2524 peccant
678 2498 803 2524 corpora,
826 2490 936 2525 quando
956 2498 1011 2517 non

215 2541 248 2561 se
264 2534 351 2569 ipsos,
375 2535 423 2562 sed
448 2536 553 2563 alienos
577 2537 722 2569 adamant;
745 2541 838 2571 utpote
861 2537 907 2571 qui
930 2537 1011 2564 ambo

214 2581 369 2608 maritalem
390 2585 478 2609 torunt
503 2583 577 2617 turpi
618 2583 722 2618 ﬂagitio
744 2583 938 2610 dehonestant.
953 2583 1012 2611 Hac

217 2627 301 2661 igitur
321 2628 355 2655 de
377 2635 462 2656 causa
477 2649 485 2662 ,
513 2639 522 2656 ι
539 2629 627 2658 Omne
645 2634 786 2665 peccatum
806 2635 883 2658 extra
910 2638 1011 2665 corpus

217 2678 259 2700 est
282 2681 289 2700 :
315 2673 362 2709 qui
387 2679 477 2703 autem
500 2676 664 2710 fornicatur,
681 2677 707 2704 in
729 2685 829 2712 corpus
852 2684 932 2705 suum
949 2685 1012 2712 pec«

215 2722 278 2751 cat;
301 2729 310 2745 ι
339 2727 372 2747 ac
397 2721 532 2750 sordescit
555 2730 655 2758 corpus
678 2724 758 2758 ejus,
784 2724 870 2751 instar
895 2724 953 2751 suis
984 2725 1011 2751 in

217 2767 341 2792 stercore
357 2766 471 2795 volutati
484 2788 492 2802 ,
514 2773 542 2795 et
559 2770 650 2796 anima
669 2770 756 2797 instar
769 2770 900 2798 dtemonis
916 2769 1012 2798 fmtcre

218 2810 314 2844 incipit
331 2820 338 2838 :
361 2819 482 2848 cumque
507 2819 605 2843 cratera
623 2820 736 2850 peccata
763 2816 883 2844 tenebris
899 2816 1013 2852 quihus-

1062 2303 1110 2331 οὖν
1127 2305 1142 2336 ή
1159 2304 1229 2340 γυνὴ
1242 2304 1390 2340 πορνεύσῃ,
1407 2305 1446 2337 εἰς
1460 2305 1490 2332 τὺ
1503 2305 1583 2340 σῶμα
1595 2305 1642 2332 τοῦ
1660 2305 1755 2341 ἀνδρὸς
1766 2306 1856 2340 ἀμαρ-

1063 2351 1139 2378 τάνει
1151 2359 1158 2365 ·
1177 2351 1224 2377 ἐὰν
1239 2350 1268 2377 δὲ
1286 2351 1300 2377 ό
1317 2351 1387 2387 ἀνὴρ
1405 2352 1566 2387 ἁμαρτήσῃ,
1583 2352 1623 2383 εἰς
1642 2352 1672 2378 τὺ
1692 2352 1756 2378 ἴδιον
1774 2351 1854 2386 σῶμα
1866 2346 1874 2352 ’

1062 2397 1113 2432 τῆς
1131 2397 1263 2430 γυναικὸς
1281 2398 1452 2432 ἁμαρτάνει·
1470 2397 1556 2430 οὕτως
1572 2397 1619 2425 οὖν
1640 2399 1681 2430 είς
1698 2398 1732 2424 τὰ
1749 2397 1854 2424 ἑαυτῶν

1064 2442 1181 2478 σώματα
1194 2444 1408 2479 ἁμαρτάνουσιν,
1417 2444 1536 2479 ὁπηνίκα
1548 2445 1597 2480 οὺχ
1607 2444 1711 2471 ἑαυτῶν
1727 2444 1853 2480 ἐρῶνται,

1063 2489 1132 2516 ἀλλὰ
1146 2489 1200 2516 τῶν
1214 2489 1373 2524 ἀλλοτρίων,
1391 2491 1428 2522 ὡς
1441 2491 1591 2526 ἀμφότεροι
1608 2491 1658 2526 τὴν
1680 2490 1747 2517 ἰδίαν
1761 2490 1855 2525 κοίτην

1065 2537 1228 2572 μιαίνοντες.
1247 2537 1297 2564 Διὰ
1313 2538 1393 2564 τοῦτο
1410 2538 1466 2573 γὰρ
1489 2538 1563 2564 πᾶσα
1577 2537 1698 2574 ἁμαρτία
1711 2536 1789 2568 me;
1806 2536 1854 2563 τοῦ

1064 2582 1191 2618 σώματός
1217 2584 1312 2610 ἐστιν’
1329 2584 1344 2611 6
1365 2583 1394 2610 δὲ
1421 2584 1561 2619 πορνεύων
1576 2584 1615 2616 εἰς
1630 2584 1660 2610 τὸ
1687 2583 1752 2611 ῐδιον
1774 2582 1856 2618 σῶμα

1063 2631 1226 2666 ἁμαρτάνει,
1253 2630 1348 2666 ὥσπερ
1363 2631 1454 2666 χοῖρος
1477 2631 1507 2657 ὲν
1521 2631 1618 2666 κόπρῳ
1635 2629 1856 2663 κυλινδούμενος,

1066 2677 1112 2703 καὶ
1126 2676 1231 2712 γίνεται
1254 2676 1338 2704 αὑτοῦ
1365 2677 1396 2703 τὸ
1412 2676 1494 2711 σῶμα
1510 2675 1665 2711 σικχαντδν,
1678 2675 1726 2702 καὶ
1737 2674 1854 2710 ἀζομένη

1064 2722 1138 2758 ψυχὴ
1169 2723 1262 2755 αὐτοῦ,
1284 2723 1380 2757 ὥσπερ
1395 2723 1539 2758 δαίμονος·
1553 2723 1601 2749 καὶ
1615 2723 1692 2749 πᾶσα
1705 2722 1754 2757 μὲν
1767 2722 1859 2756 ἁμαρ-

1065 2769 1112 2796 τία
1127 2769 1222 2800 δεινῶς
1237 2769 1287 2804 τὴν
1299 2769 1389 2804 ψυχὴν
1415 2768 1533 2804 ζοφώδη,
1552 2769 1568 2804 ἠ
1585 2768 1614 2795 δὲ
1635 2767 1749 2803 πορνεία
1767 2766 1857 2794 δυσῶ-

1065 2815 1108 2847 δες
1121 2815 1168 2842 καὶ
1187 2815 1300 2850 αἰσχρὸν
1312 2815 1342 2841 τὸ
1356 2815 1438 2850 σῶμα
1450 2814 1649 2850 ἀπεργάζεται.

216 2854 280 2882 dam
305 2855 449 2885 involvunt
469 2860 589 2888 animam
603 2881 610 2895 ,
631 2861 776 2890 fornicatio
801 2862 912 2898 insuper
936 2867 1013 2897 turpe
1034 2862 1212 2897 fuatidumque
1233 2861 1313 2890 cilicii-
1333 2869 1441 2897 οοῐρυδο

261 2900 282 2916 ⁸¹
301 2900 311 2928 ι
329 2901 393 2929 Cor.
410 2909 455 2935 γι.
475 2904 518 2939 1-8.
