2009 3088
149 195 200 224 829

732 194 821 226 VITA
842 195 873 225 S.
895 195 1060 226 ANDRErE
1078 196 1172 227 ΒΑΗ.

1717 199 1770 231 830

181 248 252 284 ρπβ’.
277 249 436 284 Ἐπιφάνιος
447 247 537 276 εἶπενξ
555 251 621 277 Τίνα
635 251 709 284 λέγει
722 251 751 278 τὸ
766 252 886 285 Εὖαγγέλ
893 261 931 278 ιον

1020 253 1082 280 182,
1099 252 1267 287 Epiphanio,
1285 258 1345 288 post
1363 254 1418 280 haec
1441 253 1635 289 interroganti,
1667 255 1727 288 quis
1743 256 1768 281 in

148 297 300 332 μαμωνᾶν;
326 296 354 323 '0
380 296 475 331 ’Ἄγιος
498 295 592 323 εἶπεν·
609 298 750 332 Μαμωνᾶς
769 299 842 325 ἐστιν
856 299 869 325 ὁ
894 298 931 324 ὢν

147 341 273 376 τελώνης,
291 343 340 368 καὶ
362 342 464 377 ἅρπαξ,
486 343 532 369 καὶ
551 343 727 378 πλεονέκτης,
751 345 765 370 ὁ
781 344 931 370 κατεσθίων

146 387 194 418 τὰς
211 388 301 419 οἰκίας
323 387 378 414 τῶν
403 389 495 424 χηρῶν
513 389 559 415 καὶ
583 389 707 424 ὀρφανῶν
732 390 843 422 ἀδίκως,
862 390 932 416 κατὰ

146 433 305 460 δυναστείαν
322 434 427 464 τούτοις
452 434 624 469 ὲπεμὸαίνων
638 443 644 449 ·
662 436 708 461 καὶ
734 436 867 470 μαμωνᾶς
890 435 934 461 λέ-

147 487 224 512 γεται
242 481 255 506 ὁ
269 481 319 514 τῆς
333 481 487 513 πλεονεξίας
500 481 615 516 δαίμων,
631 482 643 507 ὁ
658 482 697 512 εἰς
712 481 741 507 τὸ
755 481 841 513 πάθος
854 481 933 508 τοῦτο

146 525 234 552 ὠθῶν.
253 525 283 553 Ὀ
305 526 463 560 Ἐπιφάνιος
477 527 551 561 λέγει
564 535 570 542 ι
588 527 621 553 Τί
636 527 710 560 λέγει
724 527 753 553 τὺ
767 527 932 562 εἰρημένον*

148 581 158 597 ι
177 573 208 599 Οί
225 572 276 598 υἰοί
294 581 340 599 σου
361 573 398 604 ὡς
415 574 530 607 νεόφυτα
546 573 644 599 ἐλαιῶν
656 573 749 608 κύκλῳ
763 574 811 608 τῆς
827 573 932 608 τραπὲν·

147 617 196 652 ζης
214 627 280 651 σους
305 628 314 645 ι
337 619 366 645 '0
383 619 524 654 Μακάριος
547 616 642 645 εἶπεν·
662 619 774 653 Βλέψον,
806 619 933 653 ἀγαπητέ

148 673 209 700 μου,
225 665 265 695 εἰς
281 665 315 692 τὰ
336 666 403 700 ἅγια
419 666 596 701 θυσιαστήρια
615 667 644 691 ὲν
658 667 691 701 τῇ
720 666 779 701 ὥρᾳ
800 666 848 700 τῆς
869 675 933 700 φρι-

146 709 212 744 κτῆς
235 709 416 745 λειτουργίας,
440 711 488 737 καὶ
506 710 601 738 θέασαι
616 711 709 745 κύκλῳ
722 711 772 745 τῆς
792 711 933 746 τραπέζης

146 753 207 786 τοὺς
223 756 296 786 υἰοὺς
312 756 359 782 τοῦ
384 756 452 782 Θεοῦ
471 756 540 790 μετὰ
568 757 716 792 λαμπάδων
740 757 870 788 ἑστῶτας,
895 756 933 788 ὡς

146 800 262 834 νεόφυτα
291 801 389 828 ἐλαιῶν
404 802 438 827 ὲν.
462 801 624 836 ἀμπελῶνι·
647 803 711 832 τοὺς
738 802 933 836 νεοφωτίστους

145 845 217 880 λέγω
235 847 263 872 ἐν
278 848 311 881 τῇ
327 847 386 882 ὥρᾳ
401 848 450 881 τῆς
467 848 633 882 ἱερουργίας,
652 848 745 882 ὥσπερ
759 849 847 883 ὡραῖα
863 848 933 882 φυτὰ

146 892 383 926 μεταιρυτευθέντα
399 894 453 920 ἀπὸ
467 894 579 925 σκότους
597 895 638 925 εἰς
659 895 727 928 φῶς.
746 894 863 926 Τούτους
877 895 932 930 γὰρ

144 938 212 972 ἔχων
226 939 239 965 ό
252 939 397 974 Προφήτης
413 940 483 966 κατὰ
497 940 570 971 νοῦν,
590 940 677 967 ταῦτα
693 941 816 976 εἴρηκεν.

985 297 1130 332 Evangelio
1153 299 1259 325 dicatur
1283 306 1331 333 per
1357 307 1529 331 mammona,
1546 300 1691 334 respondet
1713 300 1771 327 An-

983 344 1063 372 dreas
1073 366 1081 378 ,
1106 351 1138 372 eo
1153 345 1261 371 nomine
1274 345 1366 372 Venire
1378 345 1549 380 publicanos,
1565 353 1689 380 rapaces,
1705 353 1770 372 ava-

984 399 1047 422 ros,
1070 399 1173 426 eosque
1188 399 1294 423 omnes,
1312 393 1358 426 qttl
1376 392 1519 418 viduarum
1535 400 1567 419 ac
1583 392 1770 426 orphanorutn

984 437 1127 464 facultates
1144 437 1243 472 injuste
1261 438 1388 464 auferunt
1403 442 1429 464 et
1445 438 1602 467 absumunt,
1617 438 1706 472 iisque
1720 439 1771 465 sibi

984 482 1129 517 dignitates
1151 488 1232 517 atque
1255 483 1368 516 imperia
1390 488 1559 518 comparant.
1586 482 1665 510 Venit
1689 484 1771 510 etiam

984 532 1078 556 eodem
1100 530 1211 557 nomine
1229 530 1333 556 dit-mon
1361 530 1501 558 avaritiae.
1528 529 1574 563 qui
1601 529 1709 555 sordida
1729 529 1772 555 di-

984 575 1112 602 vitiarum
1140 575 1290 610 cupiditate
1316 576 1441 602 homines
1467 575 1630 602 inﬂammat.
1654 575 1771 600 Rursum

984 622 1116 654 quzerenti
1134 621 1294 655 Epiphanio,
1317 622 1365 656 qui
1384 626 1456 648 esset
1474 620 1680 655 intelligendum
1702 620 1773 646 istud

983 666 1135 695 Psahni‘stze
1154 668 1294 694 oraculum
1313 674 1320 693 :
1341 676 1350 693 ι
1372 666 1430 693 Filii
1448 667 1486 693 tui
1504 667 1573 693 sicut
1595 666 1707 692 novella:
1724 665 1774 690 oli-

983 720 1079 740 varum
1107 713 1132 740 in
1160 713 1276 740 circuitu
1299 720 1401 739 mensa:
1429 717 1480 739 tuae
1497 712 1531 743 “,
1552 721 1560 738 ι
1583 719 1693 738 rursum
1722 711 1774 737 tale

984 766 1146 793 responsum
1165 759 1239 786 dedit
1259 759 1353 786 beatus
1377 759 1498 786 Andreas
1520 767 1527 785 :
1549 758 1636 784 Flecte
1659 757 1772 787 oeulos,

984 805 1163 838 charissime,
1188 813 1249 833 cum
1272 810 1477 833 sacrosanctum
1495 805 1585 832 missae
1608 803 1773 831 sacriﬁcium

984 851 1124 886 peragitur
1135 871 1142 881 .
1157 851 1191 878 ad
1208 859 1316 878 sacrum
1332 851 1433 882 altare;
1451 855 1476 877 et
1495 850 1600 884 respice
1614 849 1639 876 in
1655 847 1775 876 circuitu

985 905 1088 924 mensae
1109 897 1180 924 ﬁlios
1202 897 1247 924 Dei
1261 917 1269 929 ,
1287 897 1461 932 lampadibus
1482 896 1644 927 instructos,
1670 893 1709 920 uti
1725 900 1775 919 no-

984 942 1069 969 vellas
1092 942 1226 969 olivarum
1251 942 1278 969 in
1306 943 1384 969 vinea
1409 942 1610 972 consistentes;
1637 946 1704 971 eos,
1730 939 1774 964 in-

144 993 243 1018 quam,
260 985 307 1020 qui
326 990 449 1013 recenter
462 994 510 1021 per
526 995 636 1014 sacrum
655 988 790 1022 baptisma
812 992 933 1022 tempore
953 989 1081 1016 sacriﬁcii
1097 989 1193 1021 divini,
1212 989 1299 1016 instar
1330 989 1484 1023 plantarum
1515 987 1761 1023 pulcherrimarum

145 1033 268 1059 translati
297 1032 408 1060 {uerunt
430 1041 444 1060 a
473 1034 593 1062 tenebris
619 1034 651 1061 ad
677 1035 777 1061 lucem.
798 1034 838 1061 illi
863 1034 935 1062 enim
953 1040 1027 1068 sunt,
1044 1043 1114 1070 quos
1146 1035 1239 1063 animo
1253 1035 1382 1063 versabat
1403 1034 1560 1070 Propheta,
1583 1042 1645 1061 cuin
1676 1039 1774 1059 oracu-

144 1079 198 1106 lum
216 1080 288 1106 istud
309 1080 431 1114 protulit.

180 1130 254 1162 ρπγ’.
277 1128 436 1162 Ἐπιφάνιος
459 1125 536 1154 εἶπεν
548 1136 556 1144 ·
573 1129 640 1155 Τίνα
662 1129 810 1164 ἑρμηνείαν
836 1129 890 1164 ἔχει
904 1129 934 1155 τὸ
951 1131 972 1160 Β

143 1173 196 1199 ὑπὸ
216 1172 262 1199 τοῦ
289 1173 400 1200 Ἡσαΐου
425 1174 588 1209 εἰρημένον*
610 1183 618 1200 ι
637 1175 668 1201 Ol.
691 1174 719 1200 δὲ
743 1174 837 1208 νεκροὶ
860 1173 933 1208 ζωὴν

144 1219 172 1245 οὐ
189 1219 225 1254 μὴ
244 1219 346 1251 ἴδωσιν,
370 1219 430 1246 οᾶδὲ
459 1220 548 1255 ἰατροὶ
579 1221 610 1246 οὐ
632 1221 669 1255 μὴ
688 1220 899 1254 ἀναστήσωσιν;
921 1228 929 1244 ι

147 1265 276 1300 Ὶσχυρῶς
293 1265 347 1300 γὰρ
365 1266 431 1300 ἡμῖν
449 1256 750 1300 πείθουσινάίρετικῶν
765 1265 871 1296 παῖδες,
886 1264 931 1291 λέι

143 1319 236 1344 γοντες
262 1310 298 1346 μὴ
322 1309 393 1337 εἶναι
430 1312 581 1338 ἀνάστασιν
605 1311 721 1345 νεκρῶν.
743 1312 771 1337 '0
787 1311 931 1345 Μακάριος

143 1356 214 1390 λέγει
229 1364 235 1372 ·
258 1356 286 1382 '0
303 1357 371 1388 Ζεὺς
385 1358 431 1383 καὶ
450 1357 597 1390 Ἀπόλλων,
614 1357 662 1384 καὶ
683 1358 696 1383 ὁ
716 1357 831 1392 Ἑρμῆς,
855 1357 901 1383 καὶ.
916 1358 930 1383 ὁ

143 1402 255 1437 Κρόνος,
275 1402 291 1437 ἡ
308 1403 382 1437 Ἦρα
397 1403 444 1429 καὶ
470 1404 486 1438 ἡ
504 1404 647 1438 Ἄρτεμις,
667 1403 715 1429 καὶ
739 1403 793 1434 πᾶς
808 1403 821 1428 ὁ
843 1402 930 1429 κατάο

142 1447 219 1480 λογςς
234 1448 288 1474 τῶν
301 1448 428 1479 εἰδώλων,
443 1448 535 1482 νεκροὶ
551 1448 730 1483 ὀνομάζονται
746 1448 794 1475 καὶ
814 1447 926 1482 τυφλοί·

142 1493 251 1525 τοίτους
265 1495 319 1528 γὰρ
344 1494 458 1529 νεκροὺς
485 1494 617 1521 ἀποκαλεῖ
637 1495 650 1520 ὁ
667 1494 814 1529 Προφήτης
827 1502 833 1509 ·
860 1493 928 1520 λίθοι

142 1539 194 1574 γὰρ
209 1541 255 1565 καὶ
271 1539 370 1574 χρυσὸς
386 1539 433 1566 καὶ
458 1539 576 1575 ἄργυρος
595 1540 657 1567 οὔτε
672 1540 784 1575 ἔζησαν,
806 1540 867 1566 οὔτε
882 1540 930 1575 ζή-

141 1593 234 1611 σονται
249 1586 278 1612 τ’)
294 1584 404 1612 σύνολον
414 1592 422 1601 ·
440 1586 531 1620 ἄψυχα
547 1587 601 1621 γὰρ
613 1586 699 1612 ταῦτα
719 1587 766 1613 καὶ
782 1587 866 1621 νεκρὰ
883 1595 932 1613 πε-

141 1630 276 1664 φύκασινι
303 1631 343 1657 διὸ
366 1632 413 1658 καὶ
428 1632 452 1658 οἰ
469 1631 599 1668 Ἕλληνες
625 1632 663 1663 ὼς
687 1632 790 1667 ἰατροῖς
813 1632 873 1659 οὖσι
901 1631 932 1658 τὸ

141 1676 239 1709 δοκεῖν,
251 1677 434 1712 πλανώμενοι,
448 1678 554 1709 τούτοις
565 1680 763 1713 προσήρχοντο,
777 1679 872 1710 θυσίας
885 1679 934 1705 αὑ-

141 1724 197 1754 τοῖς
217 1723 386 1754 σπένδοντες.
406 1724 503 1750 Αὐτῶν
521 1722 568 1751 οὖν
584 1724 690 1760 βλέπων
705 1725 719 1751 ὁ
740 1725 886 1759 Προφήτης
901 1725 933 1751 τὸ

141 1768 245 1804 ἄψυχόν
270 1778 340 1804 φημι
364 1770 410 1797 καὶ
427 1769 590 1805 ἀναίσθητον
615 1769 670 1796 τῶν
691 1768 818 1802 εἰδώλων,
836 1769 874 1801 ὡς
890 1770 933 1796 ἰα-

1024 1128 1086 1156 185.
1106 1127 1204 1154 lterutn
1220 1127 1317 1162 quatrit
1343 1126 1510 1161 Epiphanius
1536 1134 1542 1152 :
1567 1125 1636 1158 Quid
1665 1126 1772 1152 laudent

985 1174 1051 1201 illud
1070 1178 1128 1205 est,
1144 1173 1214 1208 quod
1234 1173 1319 1200 Isaias
1336 1172 1523 1206 pronuntiavit
1548 1179 1556 1198 :
1577 1180 1586 1196 ι
1608 1171 1705 1198 Morini
1727 1179 1776 1198 an-

985 1225 1037 1246 tem
1055 1220 1137 1245 vitam
1156 1216 1221 1245 non'
1239 1218 1386 1250 videbunt,
1415 1225 1503 1252 neque
1530 1217 1628 1243 medici
1659 1217 1776 1244 suscita-

983 1265 1137 1292 buntur“?
1153 1274 1162 1291 ›
1183 1264 1363 1292 Vehementer
1374 1264 1447 1291 enim
1464 1268 1599 1290 conantur
1612 1264 1775 1298 persiiadcre

982 1311 1061 1339 nobis
1080 1311 1270 1338 haereticorum
1288 1315 1438 1338 sectatores
1468 1310 1533 1342 {Ilion
1562 1309 1620 1336 fore
1654 1315 1776 1336 mortue-

987 1366 1047 1385 rum
1068 1357 1307 1385 resurrectionem.
1323 1356 1412 1390 Atque
1429 1356 1526 1383 iterum
1542 1355 1683 1390 respondit
1700 1363 1775 1389 quae-

980 1405 1051 1432 renti
1065 1404 1160 1431 beatus
1179 1404 1302 1431 Andreas
1319 1403 1458 1439 :Jupiter,
1476 1403 1591 1438 Apollo,
1613 1402 1775 1435 Mercurius,

981 1450 1126 1480 Saturnus,
1142 1449 1224 1482 Juno,
1240 1449 1334 1482 Diana,
1350 1453 1504 1483 caeteraque
1517 1449 1647 1476 falsorum
1660 1448 1775 1475 deorum

981 1495 1072 1526 turba,
1088 1495 1188 1522 mortui
1204 1496 1334 1529 ett-eique,
1350 1495 1388 1522 uti
1409 1499 1484 1527 sunt,
1499 1494 1539 1521 sic
1552 1499 1579 1520 et
1599 1495 1773 1529 appellantur

982 1550 996 1568 a
1013 1542 1163 1576 propheta;
1176 1541 1279 1576 lapides
1292 1540 1392 1575 quippe
1412 1544 1439 1567 et
1456 1547 1553 1567 aurum
1566 1545 1592 1566 ct
1612 1545 1771 1574 argentum,

982 1595 1071 1621 neque
1093 1587 1220 1614 vixerunt
1236 1594 1355 1621 unquam
1382 1593 1470 1621 neque
1495 1586 1600 1613 victura
1628 1590 1692 1613 sunt
1717 1593 1775 1612 om-

984 1632 1065 1663 nino,
1091 1639 1152 1658 cum
1181 1637 1207 1659 et
1225 1631 1373 1658 inanimata
1392 1635 1419 1658 ct
1438 1631 1492 1658 vita
1519 1638 1631 1665 prorsus
1644 1630 1775 1657 destituta

984 1678 1049 1706 sint.
1067 1677 1137 1705 Hinc
1163 1682 1190 1705 ct
1207 1677 1339 1713 gentiles,
1358 1677 1459 1711 quibus
1481 1676 1518 1703 dii
1536 1676 1580 1703 isti
1605 1676 1774 1703 medicorum

985 1725 1045 1752 loco
1063 1728 1156 1758 erant,
1176 1724 1292 1758 turpiter
1305 1723 1409 1759 decepti
1426 1727 1508 1755 sunt,
1530 1730 1592 1750 cum
1616 1723 1676 1750 illos
1691 1729 1773 1750 reue-

988 1771 1075 1798 raturi
1101 1775 1129 1797 et
1154 1770 1299 1798 sacriﬁciis
1330 1769 1492 1797 honoraturi
1519 1773 1709 1797 accesserunt.
1733 1768 1773 1795 Ad

141 1817 215 1851 τροῖς
231 1817 435 1851 προσεπέλαζον
454 1817 488 1842 τὰ
504 1816 669 1851 πλανώμενα
690 1816 765 1850 ἔθνη,
782 1816 853 1843 οὕτω
871 1825 930 1848 πως

984 1817 1068 1845 hosce
1082 1817 1164 1853 igitur
1179 1817 1234 1844 vita
1248 1823 1385 1851 sensuque
1401 1819 1526 1844 carentes
1541 1815 1606 1842 deos
1624 1822 1671 1842 seu
1689 1814 1774 1846 idola,

141 1863 208 1897 περὶ
230 1862 320 1888 αὐτῶν
337 1862 550 1898 τροπωσάμενος
571 1862 622 1898 ἔφη
638 1863 653 1888 ό
676 1863 838 1897 Προφήτην
857 1863 888 1888 Ol
903 1861 932 1888 δὲ

141 1909 233 1943 νεκροὶ
247 1908 319 1944 ζωὴν
341 1909 371 1935 οὗ
399 1909 436 1944 μὴ
467 1909 568 1941 ίδωσιν,
588 1909 736 1942 τουτέστιν,
753 1909 777 1935 οἰ
799 1908 855 1935 θεοὶ
877 1909 932 1935 τῶν

147 1954 293 1988 Ἑλλήνων,
308 1956 332 1981 οἰ
354 1954 448 1981 λίθινοι
469 1955 516 1982 καὶ
539 1955 650 1988 ξύλινοι,
667 1956 784 1990 ἀργυροῖ
802 1955 850 1982 καὶ
866 1963 936 1989 χρυ-,

142 2003 193 2032 osi,
219 2002 267 2027 καὶ
288 2001 445 2037 ὀστράκινοι
468 2002 516 2028 καὶ
532 2001 638 2036 χαλκοῖ,
655 2000 704 2037 ὕλη
728 2001 813 2036 νεκρὰ
836 2001 929 2032 ὄντες·

140 2048 202 2074 οἶτε
227 2048 326 2082 ἰατροὶ,
349 2048 374 2073 οἰ
404 2047 494 2074 αὐτῶν
512 2047 626 2079 ζώδονες
640 2047 709 2083 (88),
734 2048 786 2075 ὑπὸ
810 2047 929 2082 Χριστοῦ

142 2093 339 2127 συντριϐέντες,
354 2093 446 2120 οὐκέτι
460 2094 670 2129 ἀναστήσονται.

179 2237 249 2273 ρπδ’.
273 2236 430 2271 Ἐπιφάνιος
445 2233 521 2263 εἶπεν
531 2243 537 2250 ·
553 2235 585 2261 Τί
599 2233 756 2271 ἐρμηνεὺει,
776 2243 785 2260 ι
804 2233 886 2261 Λίθον
900 2234 930 2260 ὃν

140 2283 346 2318 ἀπεδοκίμασαν
365 2283 389 2309 οἰ
413 2281 631 2317 οἰκοδομοῦντες,
658 2279 734 2312 οὗτος
756 2282 872 2317 ἐγενήθη
889 2281 930 2312 εἰς

141 2331 261 2365 κεφαλὴν
276 2330 376 2363 γωνίας
389 2337 396 2361 ;
417 2338 426 2355 ι
455 2329 484 2355 '0
499 2328 593 2362 ’Ἄγιος
610 2326 686 2354 εἶπεν
696 2335 703 2343 ·
727 2327 755 2354 ’0
766 2327 839 2358 λίθος
854 2323 931 2357 οὗτος

141 2378 156 2404 ὁ
177 2378 292 2412 Χριστός
303 2379 377 2404 ἐστιν
389 2386 396 2392 ·
415 2376 621 2410 ἀπεδοκιμάσθη
637 2375 666 2402 δὲ
681 2374 732 2401 ὑπὸ
743 2374 931 2410 γραμματέων

141 2425 188 2451 καὶ
207 2424 400 2460 πρεσϐυτέρων
415 2424 462 2449 τοῦ
483 2422 547 2460 λαοῦ
564 2423 619 2449 τῶν
642 2422 788 2452 Ἰουδαίων,
807 2422 854 2447 καὶ
869 2421 930 2455 ὲγέ-

141 2480 202 2497 νετο
217 2459 322 2505 κεφαλὴ
338 2471 387 2504 τῆς
407 2459 571 2504 Ἐκκλησίας
589 2468 642 2494 τῶν
658 2468 751 2500 ἐθνῶν,
777 2469 837 2504 ἥτις
852 2467 931 2501 λέγει

140 2526 186 2544 τσι
211 2517 317 2551 γωνία·
339 2515 424 2550 γωνία
450 2515 478 2541 δὲ
502 2515 622 2548 λέγεται,
648 2514 689 2540 ὅτι
707 2514 737 2539 οὐ
761 2514 791 2539 τὸ
810 2514 865 2539 πᾶν
882 2512 928 2539 τοῦ

141 2564 245 2598 κόσμου
273 2564 312 2594 εἰς
338 2562 383 2589 τὸν
402 2560 520 2596 Χριστὸν
548 2561 738 2592 πεπίστευκεν,
757 2559 825 2586 ἀλλὰ
852 2559 928 2593 μόλις

141 2610 175 2636 τὰ
189 2609 310 2644 ἐπίσημα
322 2609 408 2643 γωνίᾳ
419 2608 610 2642 ἀπεικασμένα
619 2607 672 2633 τῶν
688 2606 819 2642 Ἑλλήνων
832 2605 928 2636 ἐθνῶν,

141 2654 240 2686 οἵτινές
261 2655 344 2688 ἐσμεν
357 2654 436 2688 ἡμεῖς
448 2655 471 2679 οἰ
483 2653 654 2687 Χριστιανοί.
674 2652 830 2686 Ἐπιφάνιος
840 2649 928 2677 εἶπεν⁸

140 2701 175 2726 Τί
191 2701 351 2735 ὲρμηνεύει,
369 2709 378 2726 ι
402 2700 476 2726 Ἐκεῖ
495 2698 649 2732 ἒξανατελῶ
674 2699 756 2733 κέρας
783 2698 822 2733 τῷ
837 2698 929 2730 nauta,

140 2747 279 2782 ἡτοίμασα
295 2745 392 2780 λύχνον
408 2746 447 2782 τῷ
461 2745 570 2782 Χριστῷ
588 2754 638 2780 μου
649 2754 656 2778 ;
667 2754 676 2770 ι
689 2743 718 2771 Ὀ
732 2744 874 2780 Μακάριος
886 2745 931 2771 λέ-

178 2838 200 2854 ⁸³
221 2837 291 2866 Psal.
309 2845 408 2869 cxxvn,
426 2837 452 2865 5.
493 2837 514 2853 ⁵³
533 2838 585 2865 lsa.
601 2845 682 2871 uvt,
707 2836 747 2864 ιι.

984 1871 1054 1899 quos
1081 1864 1200 1899 deceptas
1217 1871 1247 1891 ac
1263 1863 1362 1890 delusae
1390 1868 1485 1896 gentes
1510 1869 1572 1888 cum
1601 1862 1776 1888 veneratione

984 1911 1114 1944 adibant,
1141 1909 1295 1944 respiciens
1323 1911 1474 1944 propheta,
1504 1907 1541 1934 ita
1565 1907 1774 1942 pronuntiarit:

984 1957 1082 1984 Mortui
1100 1961 1202 1986 autem.
1218 1955 1245 1982 id
1267 1960 1321 1986 est,
1338 1955 1374 1989 dii
1392 1954 1530 1989 gentium,
1548 1954 1665 1988 lapidei,
1682 1953 1776 1988 lignei.

983 2003 1115 2038 argentei,
1135 2003 1222 2035 aurei,
1244 2001 1356 2030 testacei
1382 2006 1464 2036 atque
1477 2001 1544 2028 :enci
1557 2021 1565 2033 ,
1580 2008 1641 2027 cum
1662 2000 1776 2027 materia

983 2051 1096 2084 spiritus
1110 2055 1233 2084 expertes
1251 2049 1316 2082 sint,
1327 2049 1408 2075 vitam
1422 2055 1474 2074 non
1489 2047 1618 2074 videbunt
1632 2057 1638 2074 :
1654 2054 1703 2073 nec
1718 2054 1776 2073 me-

983 2096 1039 2124 dici
1052 2117 1060 2130 ,
1084 2096 1121 2123 dii
1136 2096 1243 2123 scilicet
1260 2095 1342 2122 iidem
1357 2115 1364 2126 ,
1387 2102 1457 2129 quos
1474 2099 1502 2120 ut
1519 2093 1578 2120 vine
1601 2094 1710 2120 datores
1728 2099 1775 2119 c.0-

983 2143 1058 2176 lunt,
1074 2149 1089 2169 a
1104 2142 1214 2169 Christe
1229 2141 1341 2169 contriti
1355 2160 1361 2172 ,
1381 2140 1437 2167 ullo
1456 2147 1575 2174 unquatn
1593 2143 1713 2173 tempore
1729 2146 1775 2166 re-

983 2191 1198 2218 suscitahuntur.

1019 2236 1082 2264 481.
1107 2236 1192 2263 Porro
1209 2243 1271 2263 cum
1286 2235 1389 2263 diceret
1412 2234 1591 2269 Epiphanius,
1611 2234 1692 2260 Istum
1707 2233 1775 2259 mihi

984 2285 1074 2312 locum
1099 2284 1276 2317 interpretare
1294 2291 1301 2309 :
1319 2282 1476 2316 «Lapidem,
1502 2273 1582 2315 quem
1612 2279 1774 2314 rcprobave-

984 2329 1236 2360 rutittedilicantes,
1254 2328 1298 2355 hic
1315 2328 1403 2354 factus
1420 2332 1461 2354 est
1476 2327 1501 2353 in
1519 2325 1701 2360 capulanguli
1716 2323 1767 2356 ",i

984 2376 1058 2403 illam
1077 2375 1153 2402 dedit
1170 2374 1422 2409 interpretationem
1442 2372 1538 2399 beatus
1554 2371 1676 2398 Andreas
1693 2379 1699 2396 :
1721 2369 1773 2396 La-

983 2423 1024 2458 pis
1041 2424 1091 2450 iste
1111 2422 1239 2449 Christus
1255 2425 1315 2452 est,
1341 2420 1387 2455 qui
1415 2420 1576 2454 reprobatus
1595 2427 1609 2444 a
1629 2418 1733 2444 Scribis
1745 2421 1774 2444 et

985 2468 1141 2496 senioribus
1155 2467 1246 2502 populi
1259 2466 1365 2493 Judaici
1377 2486 1384 2498 ,
1403 2465 1490 2492 {actus
1511 2464 1562 2490 fuit
1580 2468 1662 2498 caput
1682 2463 1774 2490 Eccle-

984 2515 1031 2542 siae
1050 2514 1193 2548 gentium:
1212 2521 1272 2547 qua:
1295 2512 1412 2547 angulus
1439 2510 1599 2545 appellatur,
1627 2515 1771 2544 propterea

982 2561 1054 2596 quod
1082 2568 1136 2586 non
1163 2559 1316 2590 universus,
1336 2566 1387 2590 qua
1413 2561 1496 2591 patet,
1525 2556 1599 2583 orbis
1619 2576 1627 2587 ,
1652 2556 1698 2582 sed
1726 2556 1769 2582 vix

982 2605 1131 2636 notabilis,
1162 2605 1185 2631 si
1215 2612 1276 2631 culti
1308 2608 1362 2630 tota
1394 2602 1546 2636 gentilitate
1573 2605 1769 2635 comparetur.

982 2659 1060 2686 pars,
1081 2659 1141 2687 qua:
1166 2658 1199 2677 ex
1227 2650 1306 2676 nobis
1324 2647 1490 2676 Christianis
1516 2647 1713 2677 constituitur,
1741 2645 1769 2672 iu

983 2699 1119 2726 Christum
1136 2696 1292 2724 crediderit.
1309 2696 1379 2723 Tum
1398 2695 1476 2723 istius
1495 2701 1602 2730 quoque
1619 2693 1670 2720 luci
1693 2691 1769 2718 Psal-

984 2752 1090 2771 IlIOI'lllll
1104 2753 1111 2771 :
1126 2753 1134 2769 ι
1154 2743 1191 2771 lbi
1210 2742 1351 2770 suscitabo
1363 2750 1447 2770 cornu
1465 2741 1560 2774 David,
1574 2739 1668 2776 paravi
1682 2739 1772 2766 lucer-

788 2835 810 2852 “
830 2835 900 2864 Psal.
916 2843 998 2869 Ctvtt,
1013 2836 1059 2864 25.

182 2917 238 2948 i88)
258 2917 393 2945 Similiter
409 2917 545 2950 Σώόονες,
565 2917 622 2946 eine
649 2917 772 2951 datores,
792 2918 845 2946 diei
870 2916 1006 2952 conjecto.
