2009 3088
183 121 234 153 833

768 117 860 148 VITA
877 117 912 149 'S.
933 116 1097 148 ANDREIE
1117 117 1210 148 SALI.

1753 120 1806 152 834

185 180 232 206 ἐπὶ
245 178 294 214 τὴν
313 177 417 212 λιθίνην
440 176 554 213 πόρταν,
575 174 741 202 ἐκπλεύσαντα
757 174 806 208 τῆς
831 173 973 209 δημοσίας.

1031 173 1096 201 riani
1111 173 1179 208 (89),
1201 177 1284 204 atque
1302 172 1363 201 inde
1377 172 1522 202 deﬂectens
1533 192 1541 206 ,
1556 173 1625 202 forte
1649 175 1754 204 devenit
1771 177 1805 204 ad

183 223 237 251 'llv
258 224 286 251 δὲ
307 224 324 259 ή
349 223 452 258 ἡμέρα,
469 221 531 250 καθ’
549 222 582 257 ἣν
609 220 656 247 τοῦ
683 219 800 255 μεγάλου
831 220 970 255 μάρτυρος

183 269 289 304 θύρσον
315 270 331 304 ἡ
353 269 399 295 διὰ
428 268 530 304 Κύριον
546 267 700 294 ἐπετελεῖτο
722 266 843 301 ἄθλησις.
865 266 908 297 Ὠς
923 263 970 292 οὖν

186 316 303 351 εἴρηται,
331 314 442 349 πλησίον
465 314 515 348 τῆς
529 313 632 346 λιθίνης
655 311 757 346 πόρτας
779 310 905 345 γενέσθαι
923 311 971 338 αὺ-

185 361 239 392 τὸν,
260 361 320 395 ὁρᾷ,
338 360 385 386 καὶ
409 359 463 386 ἰδοὺ
482 358 625 393 ἄνθρωπός
645 366 686 389 τις
699 359 731 384 ἐκ
746 357 794 384 τοῦ
820 356 971 392 μαρτυρὶου

183 405 230 432 τοῦ
251 405 344 439 Ἀγίου
374 403 562 438 ὑποστρέφων,
588 402 670 438 ἀπῄει
686 403 726 433 εἰς
745 403 793 434 τὴν
815 401 903 428 οἰκίαν
921 401 971 427 αὺ-

183 451 231 478 τοῦ
245 458 252 464 ·
266 448 300 485 ἦν
315 450 342 476 δὲ
356 449 415 481 ὅλος
431 449 514 484 μέλας
533 449 582 474 καὶ
597 448 719 483 ζοφώδης
733 455 740 461 ·
758 446 859 481 πλῆθός
873 455 902 473 τε
915 446 972 472 δαι-

186 496 275 531 μόνων
297 495 452 530 ἔμπροσθεν
470 494 552 520 αὑτοῦ
567 494 614 519 καὶ
637 493 748 520 ὗπισθεν
771 492 970 526 πορευομένων,

184 542 231 568 καὶ
254 541 407 574 κατεγέλων
423 539 579 575 τραγῳδίαν
594 539 654 565 τινὰ
678 538 743 573 περὶ
759 538 839 564 αὑτοῦ
853 546 859 553 ·
878 538 973 572 ὀρχού-

186 596 260 623 μενοι
280 587 308 614 δὲ
336 586 448 619 ἔλεγον·
478 583 562 616 Οὗτος
590 585 658 616 τέως
687 583 766 619 ἡμῶν
790 584 873 610 ἐστιν.
889 583 920 609 Οἱ
943 583 971 608 δὲ

184 634 274 660 λοιποὶ
292 632 552 667 ἁνταποκρινόμενοι
570 630 638 665 πρὸς
661 630 710 665 τὴν
733 629 894 663 κατάληξιν,
917 629 973 654 ἕλε-

185 687 232 713 γον
245 687 259 713 -_
276 678 340 704 Ἰδοὺ
365 677 530 712 κερδᾶνομεν
544 676 624 703 αὑτὸν
636 677 781 711 ὀμόσωμον
800 676 847 701 καὶ
861 675 972 709 ὁμότρο-

186 710 259 756 πον,.
269 725 316 752 καὶ
335 724 384 751 οὐκ
399 724 472 750 ἐστιν
486 723 644 758 ἀντίρρησις
658 722 720 756 περὶ
748 720 830 748 αὐτοῦ
846 720 951 751 οὐδενός
964 728 970 734 ·

186 770 244 801 ὅλος
255 770 307 804 γὰρ
323 769 402 804 ἡμῶν
416 771 499 795 ἐστιν.
516 767 609 794 Ταῦτα
624 767 671 802 μὲν
683 768 777 800 ἔλεγον
796 766 860 799 περὶ
878 765 970 798 αὑτοῦ,

185 817 232 843 καὶ
246 816 314 843 ἄλλα
329 815 424 846 πολλᾶι,
438 815 455 842 ἃ
474 815 522 841 οὐκ
539 813 597 845 ἐξὸν
618 814 745 848 γράφειν,
760 812 807 839 καὶ
822 809 913 838 εἷλκον
927 811 972 837 τὸν

1021 224 1127 253 portam
1158 218 1316 252 Lapideam.
1346 217 1495 253 Agebatur!
1519 224 1607 246 autem
1637 219 1717 253 dies,
1750 229 1806 256 quo

1023 272 1135 299 magnus
1145 264 1246 291 Christi
1261 268 1362 299 martyr
1372 264 1493 299 Thyrsus
1505 264 1559 299 (90)
1570 272 1806 294 consummavcrat

1022 315 1160 336 certamen
1181 310 1315 345 martyrii.
1340 310 1387 336 illo
1407 310 1488 345 igitur
1507 311 1550 338 die
1572 311 1603 338 ad
1618 317 1721 346 portam
1735 331 1742 344 ,
1763 312 1802 339 uti
1823 338 1826 341 .

1023 356 1123 382 dictum
1138 358 1189 387 est,
1206 355 1352 389 Lapideanr
1375 357 1507 382 accedens
1521 357 1652 388 Andreas,
1673 358 1806 391 conspicit

1024 399 1162 426 hominem
1178 399 1346 434 quemdam,
1365 408 1378 427 e
1401 401 1543 428 memorati
1567 403 1692 436 martyris
1709 403 1806 437 templo

1022 446 1218 480 egredientem,
1237 446 1346 474 domum
1367 454 1428 474 sese
1444 447 1578 479 conferre,
1595 448 1668 474 omni
1687 456 1718 475 ex
1734 454 1807 482 parte

1023 492 1130 526 nigrum
1155 500 1187 520 ac
1205 493 1406 520 tenebricosum
1425 501 1432 520 :
1453 493 1548 528 ingens
1572 494 1708 521 hominem
1726 497 1805 522 turba

1022 537 1175 563 d.cmonnm
1200 537 1387 570 praecedcbat,
1406 539 1571 573 sequebatur
1595 539 1704 573 ingens;
1722 547 1807 574 eaque

1023 582 1173 610 deridendo
1192 587 1218 610 et
1232 583 1377 611 saltitando
1391 592 1443 611 non
1464 580 1550 612 laetam
1566 593 1632 612 sane
1647 586 1806 620 tragmdiam

1023 635 1105 662 agens
1131 628 1304 655 exclamabat
1332 637 1340 655 :
1367 628 1415 655 llic
1444 634 1544 656 nostrae
1573 631 1652 657 modo
1682 631 1808 664 porestati

1023 673 1151 702 subditus
1168 678 1219 700 est.
1246 673 1351 706 Quibus
1375 675 1420 701 alii
1444 676 1536 702 statim
1574 677 1745 703 succinentes
1769 683 1810 702 rc-

1023 719 1194 753 spondebant
1222 724 1249 746 :'
1265 719 1334 747 Ecce
1358 721 1433 747 illum
1449 741 1456 753 ,
1487 721 1610 749 moribus
1625 729 1658 748 ac
1687 721 1809 748 fmditate

1024 764 1104 791 nobis
1128 764 1296 792 simillimum
1324 766 1510 793 lucril'ccimns
1534 775 1540 793 :
1565 775 1614 794 nec
1638 772 1678 794 est
1695 767 1740 802 qui
1758 774 1809 794 no-

1026 810 1131 839 biscum
1162 810 1196 844 de
1225 811 1277 838 uila
1307 812 1393 845 ipsius
1424 817 1499 846 parte
1523 813 1687 840 contendere
1712 813 1810 840 ausit:

187 862 302 888 ἐλεεινὸν
329 860 558 895 εὐφραινόμενοι·
584 858 739 892 γνώσαντες
764 858 817 891 γὰρ
843 854 913 892 ἦσαν
939 857 971 891 τῇ

1031 862 1097 883 .otus
1124 857 1233 891 quippe,
1265 863 1384 892 quantus
1411 863 1528 893 quantus
1558 863 1608 891 est,
1640 864 1730 886 noster
1760 864 1809 886 est.

187 906 280 941 αὔριον
308 906 435 940 ἐκδημεῖν
463 905 544 932 αὑτὸν
567 904 620 930 ἀπὸ
646 903 692 929 τοῦ
712 902 848 936 σώματος,
868 902 915 928 καὶ
929 902 973 928 διὰ

187 953 264 980 τοῦτο
282 952 462 987 ηὑςραίνῡντο
480 952 519 982 εἰς
535 951 583 986 τὴν
601 949 738 977 ἀπώλειαν
752 948 846 974 αὐτοῦ.

1026 902 1115 936 Atque
1135 903 1191 929 haec
1212 903 1337 936 quidem,
1356 908 1453 938 praeter
1468 904 1520 931 alia
1540 904 1666 939 plurima,
1685 912 1745 939 qua:
1768 905 1811 932 hic

1026 947 1181 975 describere
1194 949 1261 975 nihil
1278 949 1390 982 attinet,
1404 949 1544 984 jactabant
1559 951 1704 983 daemones,
1722 957 1813 986 rapta-

188 1001 306 1035 bantqne
334 1000 468 1027 misellum
501 1000 636 1026 hominem
667 997 871 1029 exsultabundi,
899 997 959 1031 quia
983 1002 1114 1024 noverant
1137 997 1196 1024 luce
1221 1002 1330 1032 postera
1367 1005 1382 1024 e
1400 1006 1514 1032 corpore
1535 999 1738 1033 migraturum;
1758 1000 1812 1027 sic-

187 1052 240 1079 quo
254 1045 380 1072 interitus
403 1044 484 1078 hujus
510 1043 617 1069 illorum
636 1042 764 1076 gaudium
787 1041 849 1068 fuit.

227 1119 299 1152 ρπη’.
323 1116 354 1142 '0
375 1116 402 1142 δὲ
428 1115 570 1149 Μακάριος
595 1113 690 1146 ἑστὼς,
706 1114 743 1146 ὡς
766 1111 818 1141 εἶδε
835 1114 932 1146 ταῦτα,
948 1116 977 1140 ἐν

189 1161 262 1197 λύπῃ
278 1161 396 1194 ἐγένετο·
414 1160 471 1195 ᾔδει
486 1161 539 1194 γάρ
554 1160 595 1185 ὃτι
614 1159 688 1191 ἅπαξ
702 1160 868 1194 κερδάνωσιν
883 1159 975 1191 αὑτὸν,

189 1207 226 1238 ὡς
253 1206 284 1238 ἑξ
302 1207 385 1240 αὐτῆς
410 1206 458 1240 τῆς
481 1206 544 1236 νέας
569 1205 676 1240 ἡλικίας
697 1205 905 1240 πορνοκάπηλος
932 1203 975 1241 ἦν,

190 1252 362 1287 αἰμομιξὶαις
377 1252 424 1277 καὶ
439 1250 594 1284 ἀσελγείαις
608 1249 746 1286 σχολάζων
756 1259 763 1267 ο
778 1251 808 1277 τὸ
822 1251 850 1277 δὲ
867 1251 976 1277 πάντων

190 1296 290 1334 χεῖρον,
303 1299 342 1325 ὅτι
363 1298 408 1324 καὶ
423 1298 461 1328 εἰς
475 1297 524 1331 τὴν
542 1297 674 1332 βδελυρὰν
696 1296 749 1323 τῶν
765 1296 917 1332 Σοδομιτῶν
931 1297 976 1323 αϊ-

192 1354 268 1381 ρισιν
287 1345 301 1371 ό
324 1343 414 1375 ἄθλιος
433 1343 608 1377 ἐπεμαίνετο,
632 1342 700 1368 ἀλλὰ
730 1343 797 1377 μήτε
828 1342 976 1377 ἐκκλησίαν

191 1391 343 1425 γνωρίζων,
361 1390 416 1415 εἴτε
442 1389 594 1421 κοινωνίαν,
614 1388 669 1414 εἴτε
688 1388 769 1422 εὐχὴν
785 1389 892 1415 πώποτε
906 1388 979 1422 δεξά-

193 1445 282 1471 μενος,
314 1436 371 1463 ἀλλ’
394 1435 455 1462 οὔτε
482 1444 507 1462 τι
532 1435 587 1462 τῶν
614 1434 809 1469 πνευματικῶν
834 1435 977 1469 ἠπίστατο,

191 1482 260 1509 ἀλλὰ
279 1482 366 1510 πάντα
381 1482 511 1517 σαρκικὰ,
531 1481 619 1507 πάντα
640 1481 786 1515 δαιμονικά
799 1489 807 1496 ·
821 1481 909 1507 πάντα
925 1481 979 1514 γὰρ

1064 1114 1126 1142 188.
1149 1114 1229 1142 Stans
1251 1115 1343 1150 itaque
1358 1116 1480 1143 Andreas
1496 1121 1523 1143 et
1539 1117 1740 1151 contemplatus
1766 1118 1813 1145 tri-

1029 1164 1070 1186 ste
1093 1161 1277 1195 speclaculum
1293 1181 1299 1192 ,
1323 1169 1449 1196 magnam
1465 1162 1557 1188 animo
1574 1163 1732 1190 nues-titiam
1746 1172 1813 1191 con-

1029 1205 1100 1239 cepit
1117 1213 1199 1233 :novr
1209 1210 1252 1232 rat
1270 1206 1355 1238 cnim,
1370 1207 1426 1241 jam
1445 1207 1551 1241 pridem
1574 1209 1700 1242 potestati
1714 1209 1814 1236 damno.

1029 1259 1093 1278 num
1121 1251 1249 1278 traditum
1277 1252 1372 1285 fuisse,
1395 1253 1466 1286 quod
1490 1253 1545 1288 jam
1576 1253 1638 1281 inde
1665 1262 1679 1281 a
1703 1254 1816 1289 juvenili

1029 1302 1107 1325 a‘tate
1134 1298 1160 1324 in
1185 1298 1311 1333 lupanari
1336 1307 1461 1331 versans,
1491 1298 1718 1327 fornicationibus
1733 1306 1816 1334 atque

1030 1344 1194 1371 incestuosis
1210 1344 1368 1371 libidinibus
1387 1345 1467 1371 tinent
1491 1344 1594 1371 nullum
1621 1345 1816 1380 imposuisset;

1030 1390 1157 1424 quodque
1173 1390 1361 1417 detestandum
1384 1391 1491 1425 magis;
1514 1391 1539 1417 in
1558 1392 1702 1418 nefandam
1728 1392 1816 1418 Sodo-

1032 1435 1159 1462 mitarum
1187 1436 1309 1463 haeresim
1336 1443 1368 1463 ac
1390 1437 1491 1463 rabiem
1519 1436 1611 1465 furore
1637 1442 1691 1464 tam
1719 1438 1817 1465 insano

1033 1481 1171 1507 ierebatur
1197 1481 1299 1512 miser,
1329 1486 1357 1508 ut
1387 1490 1473 1516 neque
1498 1483 1638 1510 eet-lesiam
1657 1491 1706 1510 nec
1723 1492 1817 1512 sacros

191 1528 226 1554 τὰ
243 1527 326 1554 αὐτοῦ
347 1528 452 1558 ἄσωτοι.
476 1529 523 1554 καὶ
537 1527 621 1558 δεινὰ,
640 1527 685 1553 καὶ
705 1526 838 1553 σατανικὰ
855 1526 978 1561 ἐχρημά-

1032 1530 1120 1552 matus
1133 1526 1297 1560 precationis
1313 1533 1395 1553 causa
1414 1535 1533 1562 unquam
1551 1529 1653 1560 adiret,
1672 1537 1721 1556 nec
1735 1531 1816 1556 ullam

192 1573 276 1606 τιξεν,
296 1574 383 1600 πάντα
400 1574 446 1600 τὸν
470 1573 526 1608 βίον
543 1573 624 1599 αὑτοῦ
642 1573 710 1607 μετὰ
729 1573 847 1607 πορνῶν,
871 1574 918 1598 καὶ
932 1581 980 1607 με-

192 1620 323 1652 θυόντων,
339 1619 386 1646 καὶ
409 1618 568 1654 κιθαρῳδῶν
584 1619 742 1653 ἀνήλισκεν,
760 1619 869 1650 τούτους
883 1618 982 1653 τερπό-

194 1674 284 1701 μενος.
311 1665 355 1696 Ὣς
370 1664 397 1691 δὲ
423 1664 569 1699 ἐπορεύετο
584 1664 598 1689 ὁ
622 1664 737 1695 ἐλεεινὸς
753 1664 798 1690 ἐπὶ
815 1663 864 1698 τὴν
893 1665 981 1690 οἰκίαν

193 1711 287 1742 αὐτοῦ,
302 1710 485 1745 ἠκολούθησεν
506 1711 519 1736 ὁ
541 1710 650 1741 Δίκαιος
666 1709 790 1742 amen,
811 1709 895 1736 θέλων
918 1710 980 1736 ἰδεῖν

193 1757 244 1783 ποῦ
261 1757 354 1792 μένει·
370 1756 417 1783 καὶ
433 1756 470 1786 ὡς
485 1754 582 1787 ἔμαθε,
597 1756 629 1789 τῇ
660 1754 791 1789 ἐπαύριον
813 1753 893 1790 ἦλθεν
909 1756 936 1780 ἐν
948 1756 980 1790 τῇ

194 1803 277 1839 οἰκίᾳ,
302 1802 442 1838 πόρρωθεν
466 1801 562 1833 ἑστὼς,
586 1800 748 1835 βουλόμενος
774 1801 838 1827 ἰδεῖν
862 1801 897 1826 τὰ
913 1809 981 1835 συμ-

196 1851 281 1878 ϐάντα
304 1849 386 1884 αὐτῷ.
402 1846 471 1884 Εὗρε
505 1849 532 1875 δὲ
555 1848 636 1875 αὑτὸν
659 1849 687 1874 ἐν
706 1849 738 1882 τῇ
759 1847 853 1880 παγίδι
871 1847 918 1873 τοῦ
932 1846 981 1872 θα-

196 1898 273 1925 νάτου
303 1897 483 1931 ζωγρηθέντα
505 1896 552 1922 καὶ
567 1894 706 1928 κείμενον,
727 1894 774 1919 καί
796 1902 857 1919 τινα
870 1893 982 1927 ἇσχημα

195 1943 242 1978 ἔθη
258 1943 465 1978 εἰσπράττοντα.
481 1939 571 1967 Ἦσαν
583 1940 611 1966 δὲ
623 1941 681 1966 ἐκεῖ
699 1938 818 1965 πλεῖστοι
833 1939 885 1964 τῶν
899 1939 982 1970 ἰδίων,

195 1989 275 2025 χάριν
300 1988 471 2022 ἐπισκέψεως
503 1987 674 2021 ἐληλυθότες,
703 1985 750 2011 καὶ
779 1985 867 2019 ἕτεροι
891 1984 984 2010 πολλοὶ

197 2037 347 2070 ἱστάμενοι,
376 2033 507 2069 ἐθρήνουν
538 2032 630 2058 αὐτόν.
665 2031 741 2058 Ἐπεὶ
767 2031 795 2056 δέ
823 2039 883 2056 τινα
909 2030 984 2056 δεινὰ

197 2082 342 2116 ἐκεκράγει
369 2081 415 2106 καὶ
438 2078 549 2113 αἰσχρὰ,
570 2079 619 2104 οὐκ
633 2077 725 2109 αὐτὸς,
747 2076 804 2102 ἀλλ’
818 2077 832 2103 ὁ
850 2077 984 2111 κερδήσας

197 2128 279 2154 αὐτὸν
297 2126 430 2157 διάσολος.
451 2124 577 2159 Ἐθεώρει
596 2123 626 2150 δὲ
646 2123 658 2149 ὁ
674 2123 781 2154 Δίκαιος
796 2123 841 2148 τὸν
864 2123 984 2148 Σατανᾶν

197 2173 293 2208 ὥσπερ
309 2172 371 2208 μῦς,
394 2172 459 2198 ποτὲ
473 2171 502 2197 δὲ
525 2171 562 2201 ὠς
581 2169 683 2205 damn
700 2169 736 2200 ὡς
755 2168 847 2203 ἔχιδνα
869 2169 982 2203 ἐκχέειν,

200 2221 247 2247 καὶ
263 2219 338 2254 ἐξῄει
357 2221 388 2245 ἐκ
404 2218 451 2244 τοῦ
479 2217 612 2251 στόματος
638 2216 731 2246 αὐτοῦ,
753 2216 800 2241 καὶ
815 2214 922 2250 κράζων
941 2213 985 2239 διὰ

174 2261 178 2265 ’
200 2265 255 2292 τῶν
267 2265 389 2299 ὀργάνων
407 2263 455 2290 τοῦ
471 2262 598 2295 ἐλεεινοῦ,
612 2261 677 2287 ποτε
694 2261 743 2295 μὲν
757 2261 794 2291 ὡς
806 2261 902 2294 γάττα,
919 2259 984 2286 ποτὲ

200 2312 228 2338 δὲ
245 2311 281 2343 ὡς
299 2312 381 2342 κύων,
407 2310 423 2345 ἢ
440 2309 477 2340 ὡς
493 2309 593 2343 χοῖρος.
617 2307 704 2341 Ἀφίει
725 2307 752 2333 δὲ
767 2306 816 2342 τὴν
840 2307 917 2341 χεῖρα
934 2305 985 2331 αὑ-

199 2357 247 2384 τοῦ
266 2357 294 2383 ἐν
308 2356 347 2390 τῷ
360 2355 496 2390 ἁφεδρῶνι
517 2353 609 2384 αὑτοῦ,
634 2354 682 2387 τῆς
697 2352 798 2386 κόπρου
820 2351 901 2377 αὑτοῦ
919 2351 985 2377 ἀπο-

200 2404 361 2439 γευόμενος’
379 2403 432 2429 ἀπὸ
447 2402 500 2436 γάρ
512 2400 558 2427 τοῦ
574 2399 672 2426 πολλοῦ
687 2399 782 2425 κλόνου
796 2399 895 2433 ἠρέμει
910 2399 938 2424 ἐν
951 2399 984 2432 τῇ

200 2450 248 2477 τοῦ
277 2449 391 2475 θανάτου
419 2446 608 2482 προσεγγίζων
626 2446 707 2480 τομῇ.
734 2444 827 2474 Οὕτως
843 2442 889 2470 οὖν
913 2444 926 2470 ό
941 2452 988 2470 τα-

203 2495 341 2530 λαίπωρος
364 2491 699 2528 παραδειγματιζόμενος,
725 2491 771 2515 καὶ
790 2489 905 2523 αἰσχύνη
931 2490 988 2520 τοῖς

207 2542 272 2568 πᾶσι
292 2539 396 2574 φανεὶς,
413 2538 511 2573 πικρὸν
524 2537 555 2564 τὸ
569 2536 643 2567 τέλος
658 2535 833 2569 ἀπηνέγκατο
847 2543 854 2550 ·
873 2534 920 2561 καὶ
935 2534 988 2568 γὰρ

205 2585 266 2614 οὒτε
281 2586 415 2618 ἐξέκλινεν
431 2585 447 2619 ἡ
469 2583 542 2618 ψυχὴ
561 2581 642 2609 αὺτοῦ
663 2579 784 2612 πώποτε,
799 2579 856 2606 ἀλλ’
875 2578 988 2614 6901.62:-

244 2688 299 2722 (89)
320 2688 368 2715 Ms.
383 2684 530 2722 Vatjc.,_-ra_t
541 2681 703 2722 Μαριανούε
718 2681 798 2722 male.
809 2680 987 2722 scribendum

207 2716 267 2751 erat
287 2716 648 2756 Mauptawﬁaegitnautetn
670 2718 704 2744 de
730 2717 782 2756 hoc
805 2717 880 2756 urbis
900 2721 987 2756 tractu

210 2766 258 2786 seu
270 2751 369 2791 palatio
384 2751 520 2790 Cangius',
541 2754 587 2781 lib.
603 2760 636 2786 ιι,
653 2759 713 2787 cap.
732 2752 782 2784 to,
803 2752 837 2780 de
861 2751 989 2779 Domibus

209 2793 420 2828 insignibusLn.
437 2791 480 2817 b‘i.
644 2823 660 2828 υ

245 2821 301 2859 (ιῖυ)
314 2828 342 2856 S.
361 2821 483 2859 Thyrsus
499 2830 602 2861 martyr
611 2823 709 2853 colitur
725 2822 755 2850 Η
765 2822 848 2850 vcl‘Zt
862 2821 988 2850 Decctnh.

1033 1580 1123 1599 rerum
1142 1572 1324 1606 spiritualium
1338 1593 1344 1604 ,
1365 1574 1514 1600 carnalium
1534 1581 1597 1601 vero
1620 1579 1647 1601 et
1669 1575 1818 1602 diabolica-

1033 1625 1093 1644 rum
1118 1618 1239 1644 omnium
1257 1618 1402 1645 maximam
1428 1619 1540 1646 haberet
1560 1620 1684 1646 notitiam
1702 1629 1709 1647 :
1727 1623 1817 1649 ontnia

1032 1663 1123 1694 enim,
1143 1671 1203 1697 qua:
1221 1663 1368 1695 actitabat,
1393 1664 1543 1696 libidinem,
1561 1666 1729 1699 nequitiam,
1755 1674 1818 1701 pec-

1032 1714 1121 1734 catum
1150 1709 1277 1741 olebant;
1314 1714 1396 1735 totam
1420 1709 1500 1736 vitam
1534 1718 1594 1737 cum
1620 1711 1737 1743 scortis,
1756 1719 1816 1738 cum

1034 1754 1199 1785 lcmttlcnlis,
1215 1762 1276 1782 cum
1289 1755 1462 1788 citharmdis,
1487 1763 1603 1790 quorum
1621 1758 1819 1784 consuetudine

1033 1798 1230 1831 delectabatur.
1255 1800 1444 1828 consumebat.
1458 1802 1607 1829 Abeuntem
1630 1803 1710 1837 igitur
1735 1803 1817 1830 mise-

1034 1852 1093 1871 rntn
1113 1845 1186 1871 hunc
1201 1845 1311 1872 domum
1327 1853 1404 1873 suam
1422 1854 1490 1880 pone
1509 1852 1618 1874 secutus
1630 1853 1671 1875 est
1684 1849 1817 1882 Andreas,

1034 1890 1232 1917 observaturus
1252 1899 1307 1925 quo
1327 1892 1354 1918 in
1376 1892 1436 1918 loco
1452 1892 1620 1920 domicilium
1641 1902 1720 1920 suum
1736 1895 1818 1922 habe-

1034 1941 1074 1962 ret
1088 1945 1094 1962 :
1110 1936 1182 1970 quod
1199 1936 1245 1963 ubi
1259 1936 1408 1968 didicisset,
1423 1937 1502 1964 rediit
1514 1939 1609 1965 codem
1623 1940 1746 1973 sequenti
1759 1941 1815 1972 die;

1034 1988 1115 2018 atque
1137 1983 1245 2010 eminus
1268 1983 1441 2016 consistens,
1465 1984 1529 2018 quid
1550 1985 1730 2012 obventurum
1747 1990 1819 2014 esset

1034 2029 1280 2063 contemplabatur.
1304 2028 1414 2064 Reperit
1440 2035 1529 2057 autem
1551 2031 1576 2057 in
1597 2031 1692 2066 primis
1717 2031 1818 2066 ipsum,

1035 2076 1131 2110 laqueo
1147 2075 1202 2109 jam
1227 2075 1323 2102 mortis
1352 2075 1543 2109 constrictum,
1574 2077 1663 2110 turpia
1694 2078 1819 2112 qnmdam

1035 2121 1134 2155 quibus
1150 2125 1307 2148 assueverat
1319 2121 1514 2156 exprimentem
1527 2131 1533 2148 :
1545 2123 1645 2157 reperit
1657 2128 1682 2150 et
1696 2123 1821 2158 frequen-

1036 2171 1088 2194 tem
1108 2171 1162 2193 tam
1179 2166 1415 2201 propinquorum,
1438 2167 1484 2201 qui
1502 2168 1604 2194 visendi
1620 2176 1701 2196 causa
1717 2169 1821 2196 conllu-

1039 2217 1152 2243 xerant,
1180 2220 1262 2247 quam
1283 2212 1399 2239 aliorum
1416 2213 1521 2240 turbam
1536 2233 1542 2245 ,
1564 2221 1658 2240 omnes
1679 2215 1821 2241 moribun-

1039 2258 1104 2284 dum
1121 2258 1248 2285 lamentis
1264 2262 1291 2285 et
1309 2258 1463 2292 planctibus
1484 2263 1680 2293 prosequentes
1696 2268 1703 2286 :
1722 2260 1823 2294 reperit

1039 2302 1155 2337 denique
1175 2308 1201 2330 et
1228 2302 1356 2330 Satanam
1370 2322 1377 2335 ,
1397 2303 1442 2337 qui
1462 2311 1510 2338 per
1523 2305 1614 2338 aegroti
1639 2311 1740 2339 organa
1766 2310 1822 2332 ter-

1038 2349 1143 2375 ribilem
1165 2352 1246 2382 atque
1267 2348 1415 2375 absurdum
1436 2349 1582 2376 clatnorem
1602 2350 1701 2382 ciebat,
1720 2351 1822 2386 quique

1038 2395 1118 2421 modo
1142 2395 1226 2421 muris
1240 2413 1248 2426 .
1268 2395 1349 2422 modo
1372 2396 1486 2430 exiguis,
1515 2395 1597 2422 modo
1615 2396 1713 2430 vipera:
1732 2398 1824 2431 specie

1039 2447 1086 2473 per
1101 2440 1257 2471 oscxibat,
1282 2447 1313 2466 ac
1334 2440 1449 2467 multum
1469 2440 1639 2474 vociferans,
1663 2449 1736 2468 nunc
1751 2442 1822 2474 telis,

1040 2493 1112 2512 nunc
1129 2489 1205 2512 canis
1218 2506 1225 2518 ,
1244 2493 1317 2512 nunc
1332 2486 1406 2520 porci
1427 2494 1520 2513 vocem
1539 2487 1726 2514 aemulabatur.
1749 2487 1823 2514 Non-

1040 2539 1180 2567 nunquam
1198 2539 1307 2559 manum
1324 2540 1401 2559 suam
1417 2534 1444 2560 in
1460 2537 1579 2561 secretas
1595 2534 1718 2568 corporis
1734 2540 1826 2569 partes

1042 2579 1203 2612 innuittens,
1220 2583 1342 2606 extracta
1364 2579 1426 2607 inde
1443 2585 1565 2608 stercora
1582 2588 1628 2608 ore
1643 2580 1822 2615 degustabat:

1043 2689 1058 2709 a
1072 2681 1184 2714 Grmcis,
1201 2690 1215 2709 a
1230 2681 1334 2710 Latinis
1351 2690 1414 2710 vero
1428 2682 1462 2709 28
1473 2681 1605 2714 Januarii,
1621 2683 1731 2717 quando
1747 2683 1780 2710 de
1794 2691 1826 2710 eo

1043 2718 1146 2751 egimus
1166 2725 1173 2743 :
1194 2720 1253 2752 ejus
1276 2723 1364 2745 autem
1388 2717 1544 2752 Martyrium
1571 2717 1670 2744 Menalca
1695 2719 1828 2745 collocant

1044 2754 1070 2779 in
1089 2752 1255 2788 ilelenianis,
1271 2761 1339 2788 quas
1352 2755 1440 2784 mdes,
1461 2753 1521 2779 vico
1537 2753 1585 2779 loti
1605 2760 1704 2780 nomen
1720 2753 1826 2785 dantes,

1045 2789 1071 2814 in
1089 2788 1145 2837 l'orro
1156 2787 1300 2837 Thepdosii
1316 2789 1382 2817 sitas
1399 2788 1481 2816 fuisse
1496 2788 1575 2816 docet
1588 2788 1717 2823 Cangius,
1732 2788 1778 2815 lit).
1797 2795 1826 2822 ιι,

1045 2831 1105 2857 ιλιι).
1124 2831 1148 2856 ι),
1165 2831 1190 2850 ιι.
1209 2831 1236 2850 υ.
