2009 3088
225 94 280 126 835
755 89 966 122 NICEPHORI
987 89 1223 120 PRESBYTERI
1242 89 1296 119 ΟΡ.
1795 85 1847 117 83G

223 150 280 185 jam
294 148 364 176 enim
382 155 437 183 pra:
454 147 626 175 vehementia
642 146 833 174 concessionis
848 149 930 172 tanta:
946 151 1011 171 eou-

1068 142 1146 169 ποῦσα
1169 143 1237 178 προς
1262 143 1306 168 τὸν
1323 142 1446 176 πυθμένα
1472 140 1518 167 τοῦ
1537 141 1600 176 ᾅδου
1621 140 1796 174 παρεγένετο,
1819 142 1848 166 ὲν

225 195 355 225 ticuerat,
371 192 505 228 angustiis
519 192 613 219 vicina:
629 191 724 218 mortis
741 197 897 224 oppressus.
915 190 1003 222 Atque

1068 188 1095 223 τῷ
1115 189 1216 223 αἰωνίῳ
1231 189 1320 214 σκότει
1334 188 1423 214 ἐκεῖσε
1439 187 1618 221 δεσμευθεῖσα
1629 186 1758 219 όξότατα.

225 242 277 270 hoc
299 242 380 268 modo
395 241 477 268 miser
494 240 558 271 ille,
588 238 774 274 prtesentibus
805 238 931 264 omnibus
948 237 1101 272 exemplum
1123 236 1293 264 confusionis
1335 235 1510 270 propositus,
1532 234 1630 262 acerbo
1669 233 1777 261 tandem
1796 233 1848 260 fine

220 290 307 315 vitam
327 287 500 319 terminavit,
529 286 618 313 anima
639 293 773 320 nusquam
799 285 835 312 ad
867 284 1027 311 diverticula
1045 283 1215 316 deﬂectente,
1234 284 1279 312 sed
1297 288 1369 311 recta
1403 286 1564 317 properante
1579 282 1611 308 ad
1630 281 1789 308 barathrum
1807 283 1848 308 in~

222 337 306 367 I.:rni,
322 336 366 363 ubi
378 337 412 364 .in
427 335 600 369 sempiternis
616 335 735 362 tenebris
749 338 776 361 et
791 333 905 360 vinculis
921 333 1158 361 indissolubilibus
1179 338 1360 368 percnuatura
1378 337 1446 359 erat.

264 383 326 410 189.
348 382 462 416 Sepulto
483 382 545 409 dein
573 381 724 413 cadavere,
748 384 936 408 convenerunt
957 380 1010 406 fre-

226 433 342 464 quentes
365 429 398 455 ad
423 435 536 455 uxorem
554 427 706 458 demortui,
732 426 891 453 consolandi
911 433 1011 458 causa;

226 482 343 509 cumque
356 474 488 502 incideret
503 481 595 501 sermo
612 473 647 500 de
662 472 775 508 perditis
795 473 867 499 illius
883 472 937 499 vita
956 479 1012 498 mo-

227 521 375 554 ribusque,
400 520 460 547 aliis
487 520 598 554 quidem
626 518 815 546 dictitantibus
842 523 895 545 tam
922 518 1014 545 effusa:

225 567 315 600 ipsum
337 565 496 600 petulantiae
514 564 616 596 fuisse,
637 569 666 590 ut
684 563 706 590 si
727 571 808 598 quam
826 563 895 590 forte
918 563 1015 589 mulie-

229 620 285 640 rem
296 631 303 643 ,
328 612 386 638 sive
399 612 541 645 innuptam
555 629 562 642 ,
577 617 624 637 seu
642 610 820 645 prostitutam
832 630 840 642 ,
857 616 905 636 seu
921 609 1015 636 matri-

229 658 321 685 monio
342 658 466 691 junctam
493 656 666 690 conspicatus
690 661 780 689 esset,
808 663 860 683 non
885 655 1014 689 effugeret

229 712 327 731 manus
348 703 467 730 hominis
481 702 640 734 libidinosi,
665 702 754 736 quoad
776 702 1013 736 intemperantiam

228 757 307 777 suam
324 748 489 776 diabolicam
504 750 657 782 explesset;
676 748 737 775 aliis
753 756 829 780 vero,
844 752 1014 782 nugatorem,

229 797 371 831 loquacem
397 801 423 823 ct
435 796 587 823 adulterum
603 795 736 829 insignem
751 794 837 822 fuisse
850 793 1016 820 contenden-

1100 380 1170 413 pne'.
1184 381 1321 413 ταφέντος
1340 376 1386 405 οὖν
1398 378 1443 405 τοῦ
1458 377 1582 411 σώματος
1598 377 1691 407 αὑτοῦ.
1708 377 1755 404 καί
1767 386 1848 404 τινων

1065 425 1298 459 παραγενομένων
1312 423 1380 456 πρὸς
1403 424 1452 458 τὴν
1467 424 1585 457 γυναῖκα
1600 423 1682 449 αὑτοῦ
1698 423 1778 457 χάριν
1795 432 1848 449 πα-

1067 470 1213 505 ραμυθίας,
1232 469 1409 503 καθεζόμενοι
1427 469 1533 495 ὲκίνουν
1556 469 1634 502 λόγον
1652 469 1717 503 ντερὶ
1731 468 1776 495 τοῦ
1791 469 1848 504 βὶσυ

1068 516 1161 548 αὑτοῦ,
1185 516 1277 546 ὁποῖος
1297 513 1331 545 ἦν
1355 515 1490 549 χαλεπός’
1507 516 1554 541 καὶ
1573 515 1596 541 οἶ
1618 514 1668 549 μὲν
1691 515 1793 550 ἔλεγον,
1808 515 1848 541 ὅτι

1063 562 1129 588 ὅπου
1145 563 1261 596 γυναῖκα
1286 561 1428 594 ἐθεάσατο,
1447 562 1504 588 εἴτε
1524 561 1641 595 ἄγαμον,
1664 562 1718 587 εἴτε
1745 561 1848 588 παλλα-

1065 607 1136 638 κίδα,
1149 608 1203 634 εἴτε
1221 606 1365 642 ὕπανδρον,
1381 607 1482 639 εὐθέως
1501 608 1532 634 οὔ
1548 608 1638 642 διέδρα
1660 608 1714 634 ἀπὸ
1728 608 1779 634 τῶν
1795 616 1843 643 χει-

1066 654 1121 689 ρῶν
1142 652 1236 686 αὐτοῦ,
1254 654 1350 689 μέχρις
1371 653 1405 680 ἂν
1423 653 1469 680 τοῦ
1492 654 1616 680 διαϐόλου
1641 654 1689 689 τὴν
1704 654 1848 688 ἐπιθυμίαν

1065 700 1211 734 εἰργάσατο
1225 707 1231 714 ”
1247 699 1321 726 ἄλλοι
1337 699 1438 734 ἔλεγον,
1454 701 1495 727 ὅτι
1511 700 1630 735 φλύαρος
1643 699 1686 736 ἦν,
1700 701 1746 727 καὶ
1761 701 1848 733 γλωσ-

1067 746 1164 780 σὼδης,
1188 745 1236 771 καὶ
1250 746 1344 781 μοιχὸς
1359 746 1471 780 σφόδρα.
1492 748 1524 773 Ἠ
1535 747 1563 773 δὲ
1578 748 1646 781 γυνὴ
1660 747 1739 773 αὐτοῦ
1755 747 1846 782 διηγή-

1068 802 1132 820 σατο
1147 794 1212 828 περὶ
1232 792 1327 825 αὑτοῦ,
1338 793 1379 819 ὃτι
1399 793 1445 826 ἀφ’
1462 789 1491 818 οὗ
1508 793 1672 827 συνεζεύχθη
1691 792 1763 827 αὐτῷ
1776 793 1847 818 odii-

229 844 322 877 tibus;
338 843 448 870 tandem
467 851 537 870 uxor
550 845 608 878 ipsa
624 850 737 870 narrare
755 843 884 875 instituit,
898 849 1014 876 quomo-

1068 848 1131 866 ποτε
1155 839 1303 874 ἐκκλησίαν
1327 839 1484 874 ἐγνώρισεν,
1500 839 1562 865 οὔτε
1583 839 1765 874 προσηύξατο,
1789 839 1849 866 οὔτε

229 891 264 916 do
281 898 296 917 a
314 890 480 916 matrimonii
492 891 534 916 sui
553 890 703 925 primordio
718 896 857 923 nunquam
876 889 970 923 pedetu
987 888 1013 914 in

229 935 373 963 ecclesiam
389 935 545 967 intulisset,
561 943 700 970 nunquam
718 935 868 962 orationem
888 934 1013 966 fudisset,

229 989 370 1016 nunquam
387 981 502 1009 frontem
524 989 605 1008 cruce
624 983 769 1016 signasset,
781 980 1015 1009 communicasset

229 1034 371 1062 nunquam
392 1036 400 1055 :
422 1028 558 1062 quomodo
578 1027 695 1062 denique
711 1028 781 1062 apud
801 1031 895 1054 scorta
914 1034 1015 1061 perno-

229 1077 303 1101 ctare
318 1074 506 1102 consuevisset
523 1083 530 1102 :
548 1074 575 1101 Si
594 1074 704 1109 quando
720 1078 815 1101 autem
843 1073 906 1100 inde
925 1080 1016 1099 rever-

227 1122 330 1147 tentem
347 1127 408 1154 ego,
427 1120 582 1154 inquiebat,
608 1120 650 1147 vel
672 1119 783 1147 verbulo
804 1119 1015 1153 interpellat‘em,

227 1164 372 1192 confestim
383 1165 513 1200 expedito
528 1165 554 1192 in
576 1170 657 1200 caput
673 1173 763 1192 meum
785 1164 880 1192 infelix
905 1164 1014 1196 baculo,

229 1209 389 1236 verberibus
411 1210 505 1237 saevire
527 1218 579 1237 non
595 1210 727 1236 desinens
739 1229 747 1242 ,
766 1209 897 1244 quidquid
914 1213 1017 1244 poterat

229 1255 361 1282 molestizc
383 1263 414 1282 ac
435 1255 537 1282 doloris
559 1255 701 1282 inferebat.
730 1255 797 1282 Cum
822 1255 932 1282 interim
957 1262 1016 1282 sera

231 1304 354 1327 actorum
370 1300 531 1334 pmnitentia
549 1300 624 1326 illum
641 1300 771 1327 subiissct
791 1301 890 1327 nudius
910 1301 1015 1332 tertius,

231 1346 405 1380 venissetque
419 1348 451 1373 ad
468 1354 510 1373 me
524 1346 665 1378 cubitum,
682 1347 794 1381 jamque
808 1354 860 1374 una
873 1347 1017 1374 dormituri

232 1393 468 1425 decumberemus,
487 1393 568 1419 solito
587 1392 799 1420 mansuctiorcm
822 1398 912 1424 nacta,
935 1392 1017 1419 variis

231 1438 302 1471 coepi
321 1437 517 1464 monitionibus
535 1445 652 1472 urgere:
670 1443 725 1464 tum
741 1438 934 1472 interroganti,
952 1438 1016 1472 quid

232 1483 283 1511 sibi
301 1483 454 1511 faciendum
471 1483 640 1515 mandarem,
657 1483 785 1518 respondi
803 1493 810 1511 :
834 1483 867 1511 Ut
879 1485 940 1512 luce
956 1492 1017 1512 cra-

1070 886 1184 920 σταυρὸν
1200 887 1240 916 εἰς
1255 886 1284 912 τὸ
1296 887 1440 920 πρόσωπον
1455 885 1538 911 αὐτοῦ
1554 886 1690 918 ἐποίησεν,
1706 885 1766 912 οὔτε
1780 885 1847 911 ὲκομ

1068 934 1197 968 νώνησεν,
1219 932 1276 959 ἀλλ’
1303 933 1346 959 ἀεὶ
1365 932 1578 967 διανυκτερεύων
1597 933 1636 963 εἰς
1659 932 1693 958 τὰ
1717 933 1829 967 πορνεῖα
1843 940 1849 946 ·

1069 981 1094 1007 εἰ
1108 980 1135 1006 δὲ
1159 979 1253 1006 ἐνθάδε
1279 979 1397 1012 ἐγένετο,
1416 979 1432 1014 ἦ
1449 978 1523 1010 ἅπαξ
1543 987 1569 1004 τι
1589 978 1718 1013 ἐλάλησα,
1738 978 1786 1013 τὴν
1802 978 1849 1013 ῥᾶ-

1069 1025 1130 1052 6δον
1142 1026 1174 1052 ἐκ
1186 1019 1233 1052 ίτοῦ
1246 1025 1428 1059 ἀτυχεστάτου
1444 1033 1495 1059 μου
1507 1024 1630 1059 σώματος
1645 1025 1759 1056 οὺδόλως
1775 1025 1850 1051 κατέ-

1069 1080 1163 1106 φερεν,
1181 1070 1248 1098 ἀλλὰ
1264 1072 1352 1097 πάντα
1367 1070 1440 1097 δεινά
1461 1078 1505 1105 μοι
1525 1070 1731 1105 κατειργάζετο.
1752 1071 1796 1097 Ἑν
1812 1068 1850 1102 οἷς

1069 1119 1101 1153 τῇ
1123 1117 1175 1151 πρὸ
1201 1117 1263 1152 χθὲς
1287 1117 1486 1150 κατανυγέντος
1511 1116 1593 1144 αὑτοῦ
1610 1117 1676 1151 (91),
1703 1117 1750 1143 καὶ
1775 1119 1804 1144 ἐν
1819 1119 1850 1152 τῇ

1071 1164 1147 1199 κλίνῃ
1178 1172 1228 1198 μου
1256 1164 1398 1197 γεγονότος
1424 1163 1491 1198 πρός
1516 1171 1560 1198 με,
1587 1163 1779 1198 ὴμερωθείσης
1803 1165 1851 1198 τῆς

1069 1209 1157 1243 ψυχῆς
1173 1207 1266 1239 αὐτοῦ,
1291 1207 1328 1238 ὼς
1349 1206 1543 1242 ὲκαθεύόομεν,
1566 1206 1692 1242 ἠρξάμην
1719 1207 1850 1233 νουθετείι

1070 1255 1161 1281 αὐτόν.
1186 1255 1319 1286 Κάκεῖνος
1335 1253 1388 1289 ἔφη
1415 1261 1471 1288 μοι,
1499 1253 1553 1280 Καὶ
1567 1253 1592 1279 τί
1617 1253 1704 1284 θέλεις
1731 1254 1852 1288 ποιήσω,

1070 1301 1130 1328 ειπέ
1149 1309 1203 1334 μοι.
1225 1301 1304 1334 Λέγω
1324 1300 1415 1333 αὐτῷ·
1439 1300 1514 1326 Θέλω
1539 1300 1582 1326 ἵνα
1604 1301 1637 1336 τῇ
1655 1299 1749 1336 αὔριον
1772 1300 1851 1326 ἀπέλ-

1071 1347 1161 1381 θωμεν
1175 1347 1215 1378 εις
1227 1347 1271 1373 τὸν
1285 1346 1362 1380 ἆγιον
1386 1346 1501 1381 Θύρσον,
1528 1347 1622 1373 καθότι
1646 1348 1718 1374 ἐστὶν
1728 1349 1746 1383 ὴ
1760 1348 1852 1382 μνὴμττ

1070 1393 1164 1425 αὐτοῦ,
1184 1394 1229 1420 καὶ
1244 1394 1286 1420 ἵνα
1304 1394 1439 1428 μείνωμεν
1450 1395 1539 1421 ἐκεῖσε
1555 1395 1588 1429 τῇ
1603 1395 1668 1429 ἁγίᾳ
1687 1394 1852 1429 λειτουργίᾳ,

1070 1440 1143 1472 ὅπως
1159 1441 1372 1476 κοινωνήσαντες
1386 1441 1440 1467 τῶν
1455 1439 1595 1472 ζωοποιῶν
1609 1440 1656 1466 τοῦ
1674 1440 1790 1477 Χριστοῦ
1806 1449 1852 1475 μυ-

1072 1485 1202 1520 στηρίων,
1217 1486 1264 1511 καὶ
1278 1484 1456 1519 φωτισθέντες
1470 1484 1656 1520 ἀγιασθῶμεν,
1673 1485 1790 1517 ταπεινὲ,
1808 1486 1852 1511 καὶ

231 1530 303 1556 siina
320 1530 504 1556 concedamus
519 1538 572 1556 una
588 1531 621 1556 ad
639 1530 725 1557 sancti
739 1530 835 1566 Tbyrsi
846 1549 854 1562 ,
868 1530 947 1566 cujus
961 1539 1015 1558 me-

1071 1530 1137 1566 γένῃ
1158 1531 1320 1566 Χριστιανὸς
1342 1530 1394 1558 κᾶν
1423 1530 1487 1565 μίαν
1508 1529 1632 1566 ἡμέραν*
1655 1531 1702 1558 καὶ
1720 1532 1783 1562 ἴσως
1799 1531 1852 1557 Κύ-

233 1575 319 1602 moria
337 1575 467 1602 solemnis
486 1575 588 1610 agitur,
608 1579 638 1603 ut
655 1576 716 1604 istic
733 1582 910 1604 sacrosancto
929 1577 1018 1604 missa:

232 1620 368 1647 sacrificio
385 1620 553 1654 intersimus,
573 1625 602 1648 ut
616 1621 755 1649 salutifera
769 1622 872 1650 Christi
891 1623 1018 1658 mysteria

231 1666 485 1699 communiecmus,
515 1672 540 1694 et
568 1668 654 1701 gratia
683 1669 774 1695 divina
805 1668 933 1696 illustrali
954 1678 1019 1696 san-

231 1712 305 1738 ctius
334 1712 465 1746 reliquam
499 1712 581 1738 \itam
609 1714 816 1747 transigamus,
845 1719 873 1741 ut
901 1715 1018 1749 denique

233 1757 343 1784 tandem
360 1758 505 1792 aliquando
519 1759 558 1784 vel
577 1759 658 1786 unico
675 1759 718 1786 die
733 1759 920 1788 Christianum
937 1767 1019 1795 agas:

233 1803 360 1831 fortaSsis
378 1805 510 1838 benignus
530 1804 659 1833 Dominus
673 1807 819 1833 salutarem
834 1807 876 1832 sui
890 1808 1014 1834 timorem

233 1851 378 1885 praeteritae
391 1851 489 1878 delicta
505 1852 623 1886 expiare,
643 1852 753 1887 insuper
769 1859 794 1880 et
806 1853 921 1887 justitiam
937 1862 1017 1888 opera

232 1902 362 1925 aeternam
380 1906 544 1926 mereamur.
559 1899 621 1926 Haec
639 1900 684 1926 illc
699 1908 756 1926 mea
771 1901 873 1927 monita
891 1909 920 1928 se
935 1909 1016 1935 opere

270 1944 331 1972 190.
363 1944 398 1972 Ut
421 1953 485 1980 ergo
509 1946 615 1979 illuxit,
647 1946 735 1973 sancti
764 1946 893 1981 martyris
919 1946 1017 1982 Tltyrsi

234 1991 365 2025 templum
381 1991 528 2024 adivimus,
547 1992 727 2027 ingressique,
742 2000 792 2027 ego
810 2000 870 2019 mox
885 2000 964 2020 orare
976 1993 1019 2019 in-

234 2036 322 2069 stitui,
339 2036 382 2063 ille
398 2037 488 2063 omnia
503 2037 631 2069 irridere;
647 2045 700 2064 nou
718 2038 894 2065 inclinatione
911 2039 1019 2073 capitis,

235 2081 314 2114 quasi
335 2087 481 2112 oraturus,
508 2086 632 2108 sanctum
655 2087 802 2117 martyrem
823 2083 943 2118 dignari:
967 2091 1020 2111 non

238 2125 386 2161 imaginem
409 2127 496 2154 sancti
510 2130 648 2161 salutare;
667 2129 713 2156 sed
728 2129 852 2156 remissis
873 2130 1023 2157 consistere

237 2171 384 2203 manibus,
405 2177 487 2208 atque
507 2174 642 2206 irridere,
663 2174 701 2201 uti
727 2174 829 2202 dictum
851 2179 912 2208 est,
933 2176 1021 2208 alios,

235 2225 330 2252 preces
347 2226 411 2245 suas
427 2218 483 2245 Deo
499 2219 656 2247 offerentes.
682 2220 717 2246 At
739 2226 807 2254 ego,
832 2220 907 2247 ﬁnita
929 2227 1024 2255 preca-

235 2264 310 2290 tione
336 2272 411 2296 mea,
431 2265 462 2291 ad
486 2264 577 2299 ipsum
599 2272 751 2292 conversa:
773 2265 842 2299 Quid
862 2266 907 2293 hic
932 2271 1022 2298 astas,
1055 2272 1058 2274 '

236 2310 365 2344 inquam,
386 2310 490 2343 infelix,
507 2319 560 2338 non
576 2311 656 2338 aliter
675 2319 756 2346 quam
778 2313 888 2339 brutum
903 2312 1024 2339 animal?

234 2362 285 2382 cur
315 2355 410 2382 saltem
441 2356 589 2384 Dominica:
614 2358 703 2384 crucis
729 2357 837 2392 signum
864 2358 946 2386 fronti
971 2363 1023 2386 tute

235 2409 290 2428 non
309 2402 461 2436 imprimis?
475 2402 546 2435 Quid
561 2404 598 2430 ita
615 2411 701 2431 vanus
720 2411 751 2431 ac
769 2404 900 2439 profanus
913 2404 1021 2432 Iudaeo-

234 2455 296 2474 rum
313 2453 340 2475 te
355 2456 429 2475 more
448 2449 476 2475 in
493 2449 554 2476 loco
571 2457 651 2477 sacro
669 2450 760 2484 geris?
778 2450 807 2477 Si
829 2451 920 2478 minus
937 2451 1022 2478 Deum

237 2495 329 2526 times,
345 2495 471 2523 homines
487 2495 584 2522 saltent
599 2503 739 2530 reverere;
754 2497 853 2524 accede
869 2497 962 2532 igitur,
985 2502 1022 2530 et,

237 2547 266 2568 ut
281 2548 305 2569 te
324 2542 434 2576 monui,
450 2542 546 2570 adora.
563 2541 633 2570 Tum
657 2543 721 2571 ille:
738 2542 874 2577 Ostende,
894 2545 942 2576 ait,
958 2545 1022 2580 quid

235 2588 358 2615 adorem.
380 2588 414 2615 Et
437 2589 540 2616 ostendi
560 2597 609 2624 ego
631 2591 813 2617 venerandam
836 2591 922 2617 sancti
951 2599 1023 2618 mar-

235 2634 303 2669 tyris
330 2635 435 2662 iconem
452 2655 460 2668 ,
488 2636 581 2663 dicens
600 2644 608 2663 ι
626 2635 702 2663 Hanc
724 2637 818 2663 adora.
844 2636 950 2669 Quibus
979 2638 1022 2665 ille

273 2727 329 2762 (9|)
343 2726 400 2755 Ms.
416 2726 504 2755 Vatic.
523 2727 692 2763 interponit:
708 2728 753 2763 Τῷ
769 2728 866 2761 δικαίῳ
879 2728 962 2756 αὑτοῦ
975 2730 1022 2756 καὶ

237 2763 323 2797 νοερῷ
343 2763 448 2797 ὄμματι
465 2763 628 2796 φαινόμενος
647 2772 654 2790 :
671 2771 731 2798 quae
750 2765 776 2791 1ιι
796 2773 847 2791 ms.
867 2764 934 2792 Mal.
951 2766 1022 2792 desi-

235 2798 367 2825 derantur
389 2805 395 2824 :
414 2798 458 2825 ubi
486 2802 575 2825 tamen
592 2806 655 2825 mox
671 2799 766 2832 ingens
790 2801 880 2827 biatus
903 2802 1022 2828 occurrit

1071 1583 1129 1609 ριος
1154 1577 1167 1601 ό
1188 1575 1252 1607 Θεὸς
1281 1575 1395 1610 ἐμϐαλεῖ
1419 1576 1458 1607 εἰς
1476 1576 1504 1602 σὲ
1529 1576 1575 1602 τὸν
1600 1576 1681 1611 φόὸον
1699 1576 1791 1608 αὐτοῦ,
1809 1577 1852 1602 καὶ

1071 1622 1224 1658 σπουδάσῃς
1242 1621 1432 1655 ἀπαλλαγῆναι
1447 1622 1500 1648 τῶν
1522 1624 1779 1658 προημαρτημένων
1795 1631 1853 1654 σου,

1071 1668 1214 1703 ἑπικτὶσῃς
1236 1668 1263 1694 δὲ
1280 1669 1326 1694 καὶ
1343 1668 1412 1703 ἔργα
1434 1668 1617 1703 δικαιοσύνης,
1641 1669 1687 1695 καὶ
1708 1668 1778 1695 ιῦτω
1808 1669 1853 1695 δυ.

1071 1715 1218 1749 νησώμεθα
1240 1714 1371 1742 εἰσελθεῖν
1393 1717 1433 1746 εἰς
1449 1716 1498 1750 τὴν
1520 1716 1601 1750 ζωήν.
1621 1716 1649 1741 ’0
1670 1715 1698 1742 δὲ
1727 1716 1852 1742 συνέθετέ

1074 1770 1118 1797 μοι
1136 1762 1207 1789 οὕτω
1220 1763 1339 1797 ποιῆσαι.

1036 1808 1127 1835 animo
1147 1813 1194 1836 tuo
1219 1809 1394 1837 immissurus
1409 1815 1466 1842 est,
1505 1818 1559 1846 quo
1593 1810 1768 1845 stimulalus,
1792 1812 1853 1840 vita:

1037 1863 1166 1884 exercere
1203 1858 1330 1891 studeas;
1355 1864 1385 1885 ut
1407 1859 1448 1886 sic
1466 1860 1547 1887 ambo
1585 1860 1617 1886 ad
1643 1861 1725 1887 vitam
1751 1859 1853 1895 ingredi

1038 1903 1235 1937 completurum
1254 1907 1367 1940 recepit.

1109 1952 1161 1983 pb].
1191 1951 1301 1985 Πρωῖας
1318 1951 1345 1978 δὲ
1369 1952 1528 1987 γενομένης,
1554 1953 1742 1989 ἐπορεύθημεν
1765 1955 1794 1981 ἐν
1819 1955 1854 1990 τῷ

1073 1994 1219 2029 πανσέπτῳ
1234 1995 1289 2030 ναῷ
1307 1995 1353 2022 τοῦ
1370 1996 1447 2030 ἁγίου
1464 1998 1602 2032 μάρτυρος
1623 1998 1739 2033 Θύρσου,
1756 2000 1804 2026 καὶ
1819 2001 1854 2032 ὡς

1073 2040 1233 2075 εἰσήλθομεν
1249 2041 1333 2073 ἔνδον,
1352 2042 1421 2075 ἐμοῦ
1437 2044 1669 2079 προσευχομένης,
1692 2045 1784 2072 ἵστατο
1801 2055 1854 2080 μω-

1074 2086 1168 2118 κίζων,
1195 2087 1242 2113 καὶ
1257 2087 1318 2113 οὔτε
1342 2089 1392 2122 τὴν
1419 2089 1540 2122 κεφαλὴν
1555 2089 1660 2117 ἔκλινεν
1674 2091 1714 2121 εἰς
1738 2091 1768 2117 τὸ
1792 2092 1854 2126 γόνυ

1039 2129 1061 2158 D
1076 2132 1121 2159 τοῦ
1145 2133 1333 2168 προσκυνῆσαι
1356 2133 1395 2168 τῷ
1416 2134 1486 2169 ἁγίῳ
1503 2135 1633 2171 μάρτυρι,
1649 2136 1707 2164 ἀλλ’
1726 2138 1787 2164 οὗτε
1807 2139 1855 2174 τὴν

1074 2179 1210 2213 σφραγῖδα
1226 2179 1272 2205 τοῦ
1301 2178 1391 2212 τιμίου
1407 2179 1453 2206 καὶ
1479 2180 1612 2212 ζωοποιοῦ
1636 2183 1751 2217 σταυροῦ
1776 2185 1806 2210 ὲν
1818 2185 1855 2219 τῷ

1073 2225 1213 2260 προσώπῳ
1228 2225 1364 2260 ἐποίησεν,
1380 2226 1396 2261 ἢ
1414 2225 1462 2261 τὴν
1477 2227 1568 2254 εἰκόνα
1591 2228 1637 2255 τοῦ
1660 2229 1750 2263 Ἀγίου
1765 2231 1854 2258 ἀσπά-

1074 2271 1182 2301 σασθαι,
1196 2271 1255 2297 ἀλλ’
1271 2272 1363 2298 ἵστατο
1377 2273 1585 2308 κεχαλασμένας
1601 2275 1669 2310 ἔχων
1682 2277 1732 2308 τὰς
1752 2279 1854 2312 χεῖρας,

1073 2317 1122 2342 καὶ
1149 2317 1276 2351 μωκίζων
1299 2318 1363 2350 τοὺς
1389 2321 1624 2356 προσευχομένους
1652 2322 1720 2357 Θεῷ.
1757 2324 1800 2356 Ὠς
1829 2325 1856 2352 δὲ

1073 2362 1185 2388 ἐτέλεσα
1200 2363 1249 2398 τὴν
1265 2363 1357 2398 εὐχὴν,
1375 2367 1526 2400 στραφεῖσα
1541 2367 1612 2401 λέγω
1626 2368 1694 2403 προς
1709 2369 1790 2396 αὐτόν
1800 2378 1806 2386 ·
1824 2371 1856 2398 Ti

1073 2407 1183 2435 ῖστασαι
1203 2407 1298 2444 ὥσπερ
1314 2409 1409 2441 ζὼδιον
1434 2411 1547 2447 ἄψυχον,
1573 2414 1741 2450 ταλαίπωρε,
1766 2416 1813 2442 καὶ
1827 2418 1856 2444 οὐ

1073 2456 1161 2487 ποιεῖς
1180 2455 1229 2482 κᾶν
1244 2457 1293 2491 τὴν
1313 2457 1450 2491 σφραγῖδα
1463 2459 1510 2485 τοῦ
1534 2461 1669 2487 Δεσπότου
1685 2463 1753 2490 Θεοῦ
1769 2464 1798 2490 ἐν
1818 2464 1857 2499 τῷ

1073 2501 1212 2537 προσώπῳ
1228 2511 1286 2535 σου,
1305 2502 1372 2530 ἀλλὰ
1393 2505 1532 2536 παντελῶς
1542 2506 1728 2542 ὲματαιώθης,
1745 2504 1857 2542 ἑλεεινὲ,

1074 2547 1121 2573 καὶ
1139 2546 1232 2573 ἵστασο
1249 2547 1344 2583 ὥσπερ
1368 2549 1511 2583 Ἰουδαῖος;
1527 2551 1558 2577 οὐ
1574 2551 1653 2585 φοϐεῖ
1671 2552 1703 2578 σὺ
1724 2553 1767 2579 τὸν
1779 2553 1855 2584 Θεὸν,

1074 2591 1124 2618 κᾶν
1135 2594 1198 2624 τοὺς
1209 2593 1368 2628 ἀνθρώπους
1383 2595 1553 2630 αἰσχύνθητι,
1563 2598 1610 2624 καὶ
1620 2599 1761 2634 πορευθεὶς
1773 2600 1856 2634 πρόσ-

1073 2638 1149 2670 ευξαι
1162 2638 1198 2670 ὠς
1213 2637 1291 2666 εἶπόν
1306 2648 1358 2668 σοι.
1378 2641 1463 2675 Λεγέι
1491 2643 1596 2674 ἐκεῖνος
1607 2652 1614 2659 ·
1631 2644 1689 2671 Τίνι
1707 2646 1856 2681 προσεύξο-

1075 2731 1201 2769 ροειέιιιιε
1217 2732 1376 2769 νοεοεηκαὶ
1391 2732 1502 2759 ὄπισθεν
1515 2734 1716 2769 πορευομένωνέ
1728 2741 1812 2768 usque
1822 2734 1855 2761 ad

1075 2767 1194 2805 medium
1220 2774 1294 2805 num.
1312 2767 1360 2794 191
1380 2772 1407 2805 et
1422 2769 1479 2805 base
1495 2767 1574 2797 verba
1590 2778 1597 2797 :
1619 2767 1667 2797 ’Ἑν
1689 2768 1729 2802 οἷς
1743 2767 1776 2805 τῇ
1792 2778 1856 2804 προ-

1069 2801 1136 2833 .)(Οὲς
1153 2803 1352 2832 κατανυγέντος
1368 2803 1462 2830 αὑτοῦ.
