2009 3088
239 164 291 194 Si!)

816 171 903 201 ΥΙΤΑ
924 173 951 201 S.
973 173 1136 204 ANDREJE
1153 175 1247 207 SALl".

1792 176 1848 207 850
1858 184 1861 187 ‘

227 220 370 267 tia-aperti};
394 222 526 267 ὑπάρχον,
549 223 595 249 καὶ
614 223 797 257 exercitiis“
824 227 853 259 ἐξ
875 226 958 261 αὐτῆς
976 229 1009 262 τῇ

1063 231 1163 263 velum,
1179 233 1251 267 quod
1274 232 1363 264 fulgur
1385 232 1530 265 splendore
1543 231 1676 262 anteibat.
1693 231 1843 258 detractum

226 265 316 300 ὠραίᾳ
337 266 482 300 σεμνότητι
505 268 564 298 ταῖς
589 270 788 304 παναχράντοις
810 271 902 305 χερσὶν
928 271 1011 305 αὐτῆς

227 309 358 341 >.αὓοῦσα,
375 311 446 345 μέγα
459 311 507 338 καὶ
519 312 634 348 φοϐερὸν
650 314 783 349 ὑπάρχον,
799 315 891 340 ἐπάνω
908 315 1011 346 παντὸς

227 354 273 380 τοῦ
286 355 374 381 ἐκεῖσε
387 355 504 387 ἑστῶτος
523 356 589 383 λαοῦ
607 358 766 384 διεπέτασεν
777 368 783 374 -
799 359 867 393 ὅπερ
883 358 929 385 ἐπὶ
951 359 997 385 [κα

226 401 274 430 νὰς
299 401 371 435 ὥρας
386 400 479 436 ἑώρων
504 402 528 428 οἱ
551 402 697 436 Θαυμάσιοι
726 404 853 439 ὑπεράνω
874 404 920 430 τοῦ
944 403 1009 430 λαοῦ

227 443 405 478 ἐκτεταμένον
417 445 463 471 καὶ
477 445 595 480 αὑγάζον
606 446 687 479 δόξαν
702 448 803 482 Κυρίου
815 447 851 478 ὡς
865 448 1007 483 ἧλεκτρον.

226 488 330 523 Μέχρις
346 487 393 516 οὖν
413 487 447 525 ἦν
460 490 519 516 tu!
532 492 549 525 ἡ
565 491 702 527 ὑπεραγια
717 492 858 523 Θεοτόκος,
881 492 1011 520 ὲῆλιπετο

225 534 337 560 κάκεῖνο
351 543 359 551 θ
378 535 446 569 μετὰ
463 535 491 562 δὲ
505 536 535 562 τδ
549 537 726 572 ἀναχωρῆσαι
740 538 835 572 αὐτὴν,
851 538 942 564 ούκέτι
963 547 1009 564 τε·

225 578 321 604 Θέαῖο·
348 579 455 611 πάντως
467 580 522 615 γὰρ
535 579 602 616 ἦρεν
621 582 687 608 αὐτὸ
707 582 767 616 μεθ’
784 582 896 616 ἑαυτῆς,
918 583 967 618 τὴν
980 583 1009 609 δὲ

225 623 304 658 χάριν
318 624 421 658 ἀφῆκεν
433 626 489 657 τοῖς
503 624 579 653 οὖσιν
593 627 659 653 ἐκεῖ.
676 627 768 653 Ταῦτα
785 626 835 661 μὲν
853 627 932 658 αὐτὸς
956 626 1008 654 εἶδε

226 669 270 694 xz‘;
284 669 391 704 ἑώρακε
407 671 558 704 μεσιτεῑαις
584 672 630 698 τοῦ
646 672 775 706 θεοφόρου
791 672 895 707 Πατρός
907 680 914 688 ·
928 673 1009 705 αὐτὸς

225 714 278 749 γὰρ
299 716 455 751 παρρησίαν
469 717 547 751 ἔχων,
565 717 614 752 τῆς
636 718 719 744 αὐτοῦ
737 718 852 752 θεωρίας
868 718 1009 753 ἐχαρίζετο

226 759 376 791 μεσιτεύων
389 760 473 794 αὐτῷ,
487 762 533 787 καὶ
549 762 686 796 πανταχοῦ
701 762 784 789 αὑτοῦ
799 763 1007 798 προϊστάμενος,

223 802 300 836 δᾶξιν
315 804 413 840 εὐκλεῆ
427 805 501 841 αὐτῷ
521 806 702 834 ὲναπετῑθετο.

1063 275 1113 302 sibi
1129 275 1235 304 decenti
1250 285 1310 304 eum
1329 277 1460 310 gravitate
1473 276 1621 311 explicuit;
1646 279 1845 308 extensumque

1062 320 1142 355 longe
1157 321 1263 355 lateque
1287 322 1458 349 nitidissimis
1474 322 1599 348 manibus
1624 326 1719 348 tenens
1733 341 1740 352 ,
1761 327 1844 353 supra

1063 371 1170 391 omnem
1181 366 1271 400 populi
1281 366 1341 394 istic
1356 366 1510 400 congregati
1526 369 1626 393 ctetum
1638 365 1768 400 expandit
1785 373 1791 391 :
1808 364 1845 390 id:

1062 416 1116 442 que
1132 409 1167 437 ita
1183 418 1348 444 expansum,
1363 411 1448 446 gloria
1466 410 1572 437 Domini
1587 410 1674 437 instar
1687 410 1780 436 electri
1794 417 1843 436 un-

1062 454 1145 488 dique
1170 455 1335 490 eﬂ‘ulgente,
1360 460 1560 490 conspexerunt
1592 455 1643 482 viri
1673 454 1845 482 admirabiles

1063 497 1230 533 Epiphanius
1247 504 1274 526 et
1288 499 1429 531 Andreas;
1445 503 1644 533 conspexerunt
1659 503 1752 525 autem
1765 499 1856 533 longo-

1053 543 1128 570 -satis
1148 549 1268 578 tempore
1281 564 1288 575 .
1311 544 1437 572 videlicet
1452 545 1573 579 quandiu
1596 544 1657 571 istic
1672 543 1844 571 sanctissima

1062 588 1110 616 Dei
1133 589 1255 616 chilrix
1281 589 1369 617 adfuit
1391 599 1399 617 :
1423 595 1485 624 post
1510 590 1588 623 cujus
1617 589 1769 616 discessum
1800 596 1847 616 ve-

1059 633 1115 660 lum
1137 642 1246 668 quoque
1264 635 1350 662 videri
1366 635 1448 662 desiit
1461 655 1468 667 ,
1487 634 1568 662 simul
1587 641 1649 660 cum
1677 634 1734 668 ipsa
1759 633 1847 660 subla-

1061 683 1118 705 tum
1128 699 1135 710 .
1150 679 1244 707 relicta
1261 680 1442 714 praesentibus
1459 679 1586 707 omnibus
1601 678 1685 714 gratia
1703 678 1845 713 singulari.

1060 723 1148 758 Atque
1165 725 1215 752 hac
1229 725 1357 759 dignatus
1373 729 1416 753 est
1439 725 1544 752 visione
1558 724 1743 758 Epiphanius,
1759 723 1842 750 inter-

1060 769 1229 797 venientibus
1253 770 1338 797 divini
1361 769 1448 797 Patris
1475 769 1591 796 Andrea:
1616 768 1742 803 precibus
1769 777 1775 794 ε
1802 768 1846 794 hic

1060 813 1133 840 enim
1146 821 1177 840 ea
1190 814 1260 848 apud
1277 821 1391 848 superos
1404 813 1522 848 pollebat
1541 813 1627 847 gratia
1643 817 1722 847 atque
1736 812 1845 844 fiducia,

225 853 296 895 utet
312 850 400 884 ipsum
412 858 458 884 per
473 851 695 879 intercessionem
708 859 783 879 suam
795 860 907 880 suarum
923 854 1057 883 visionum
1090 859 1248 893 participem
1284 860 1384 888 faceret
1399 880 1406 893 ,
1424 860 1504 895 cujus
1542 860 1643 895 ubique
1673 862 1732 886 crat
1753 858 1779 885 in
1795 866 1843 885 au-

226 894 319 921 xilium
343 901 504 930 promptus,
526 901 554 924 et
575 897 688 930 gloriam
713 897 840 932 inclytam
857 900 1004 933 plurimum
1026 903 1218 937 ampliﬁcahat.

261 949 308 978 σε’.
325 951 436 978 Ἀὶλοτε
452 952 479 978 δὲ
495 952 576 979 πάλιν
595 953 642 979 τοῦ
669 954 805 989 μακαρῖου
824 955 853 981 ὲν
867 955 905 990 τῷ
921 957 1010 983 Ἰππο-

1097 962 1160 989 205.
1185 963 1258 990 Alias
1280 971 1343 990 cum
1360 964 1402 990 vir
1423 963 1518 990 beatus
1534 962 1652 989 hominis
1669 970 1761 997 parum
1787 962 1844 989 sani

225 995 328 1030 δρομξῳ
352 997 493 1028 παίζοντος
507 998 577 1024 κατὰ
601 998 631 1024 τὸ
655 998 751 1030 εἰωθὸς
775 999 860 1035 αὐτῷ,
886 1001 931 1027 καί
952 1010 1011 1028 τινα

225 1042 331 1075 ἄθεσμα
344 1041 382 1073 ὡς
402 1041 481 1076 δῆοεν
496 1043 712 1078 εἰσπράττοντας,
728 1045 753 1070 οἱ
773 1044 834 1072 λαοὶ
855 1046 1010 1080 βλέποντες,

225 1087 249 1112 οἱ
264 1087 313 1121 μὲν
336 1086 481 1118 ἐθλίϐοντο,
494 1088 519 1113 οἰ
533 1088 561 1113 δὲ
583 1089 781 1122 μυσαττόμενοι
805 1090 1010 1124 ἀνεθεμάτιζον,

226 1132 273 1156 καὶ
305 1131 462 1166 κατηρῶντο
482 1131 555 1166 αὐτῷ
576 1133 614 1164 ὡς
639 1133 737 1168 πικρὸν
759 1133 874 1168 δαίμονα
903 1135 1009 1170 έχοντα.

229 1173 273 1206 Εἷς
287 1175 316 1202 δέ
337 1184 377 1207 τις
402 1176 455 1202 τῶν
478 1176 603 1210 μεγάλων
617 1177 800 1212 διερχόμενος,
825 1179 893 1208 ἰδὼν
920 1181 1011 1214 αὑτὸν,

226 1219 383 1252 ἐϐδελύξατο
397 1221 476 1247 αὑτὸν
489 1221 538 1247 καὶ
552 1222 710 1250 ἐνέπτυσεν.
732 1223 760 1250 '0
777 1225 804 1251 δὲ
821 1225 949 1260 θεράπων
962 1227 1010 1253 τοῦ

227 1266 344 1300 Χριστοῦ
360 1267 406 1292 ἐπὶ
423 1266 523 1302 πολλὴν
538 1266 614 1302 ὥραν
639 1269 780 1303 προσέχων
795 1269 887 1301 αὑτὸν,
905 1272 952 1298 καὶ
965 1281 1012 1298 κα-

225 1311 359 1344 τανοήσας
370 1312 403 1338 τὰ
418 1311 512 1342 αὑτοῦ,
524 1312 598 1346 λέγει
613 1313 679 1347 προς
700 1314 782 1340 αὐτόν
795 1323 802 1330 ·
816 1315 903 1348 Δόλιε,
921 1317 1010 1352 μοιχὲ.

227 1355 493 1390 ὲκκλησιεμπαῖκτα,
515 1358 529 1383 ὁ
543 1359 655 1395 ᾲφορμῇ
670 1359 719 1393 τῆς
734 1360 892 1395 ἐκκλησίας,
906 1362 945 1397 τῷ
959 1363 1011 1389 Σα-

227 1401 295 1436 τανᾷ.
315 1401 452 1436 ὀρθριζεις
474 1402 528 1428 ἀπὸ
550 1404 726 1437 μεσονυκτίου
746 1406 936 1441 ἐγειρόμενος·
963 1408 1012 1434 οὐκ

229 1445 282 1473 [δοῦ
296 1446 412 1481 ἔφθασεν
425 1448 441 1483 ἡ
454 1447 520 1483 ρόγι
534 1448 574 1484 (5)
586 1457 643 1482 σου,
657 1449 700 1475 ἵνα
711 1449 784 1485 λήψῃ
796 1451 865 1477 καθὰ
878 1452 1009 1486 ἔπραξας,

226 1491 317 1518 λαθεῖν
331 1492 449 1526 νομίζων
465 1493 504 1528 τῷ
519 1494 627 1530 φοϐερῷ
639 1492 771 1530 ὀφθαλμῴ
783 1495 830 1523 τοῦ
846 1495 988 1528 ὲτάζοντος
1002 1505 1010 1529 ;

228 1537 249 1561 'l‘
251 1535 319 1562 αὕτα
328 1537 429 1568 ἐκεῖνος
442 1538 571 1569 ἀκούσας,
586 1540 733 1575 πτερνίσας
746 1541 792 1567 τὸν
805 1541 900 1575 ἵππον,
914 1541 1013 1577 ἀνεχώ-

230 1590 329 1616 ρησεν⁸
345 1583 392 1608 καὶ
416 1583 470 1618 γὰρ
490 1584 685 1620 χαρτουλάριος
701 1586 755 1612 τῶν
779 1587 902 1621 πλοΐμων
927 1588 1010 1622 ὲχρη-

229 1627 351 1661 μάτιζεν,
367 1628 422 1655 ἀπὸ
444 1629 606 1664 Ἀμάπρων
628 1631 798 1665 ὁρμώμενος.
822 1632 891 1658 Μεθ’
905 1633 1010 1667 ἡμέρας
1023 1623 1046 1652 c

227 1671 273 1700 οὖν
298 1682 371 1705 τινας
395 1673 465 1708 νόσῳ
484 1674 624 1711 δεινοτάτῃ
646 1677 796 1710 συσχεθεὶς,
819 1677 890 1703 κατὰ
915 1678 1013 1712 μικρὸν

227 1719 327 1754 ἤρξατο
341 1720 572 1755 ταλαιπωρεῖσθαι
587 1720 625 1755 (8)
638 1728 644 1735 ·
659 1721 782 1755 ἀπῄεσαν
794 1720 841 1748 οὖν
852 1723 905 1749 ἀπὸ
915 1723 1014 1757 ἐκκλη-

229 1765 287 1796 σίας
302 1766 341 1796 εἰς
357 1765 516 1800 ἐκκλησίαν,
534 1767 581 1793 καὶ
594 1767 647 1793 ἀπὸ
674 1767 766 1802 ἰατροῦ
784 1768 824 1798 εις
844 1768 947 1802 ἰατρὸν,
964 1768 1013 1794 καὶ

227 1809 277 1834 οὺχ
288 1807 322 1843 ἦν
332 1809 362 1835 τὸ
379 1809 544 1844 ζητούμενον

1063 1010 1172 1038 partes,
1192 1011 1222 1034 ut
1239 1008 1334 1035 solitus
1353 1012 1429 1040 erat.
1448 1008 1474 1034 in
1492 1007 1678 1042 Hippodromo
1694 1011 1801 1041 ageret,
1820 1011 1846 1032 et

1062 1049 1152 1084 aliqua
1172 1051 1263 1078 minus
1279 1052 1377 1079 decora
1392 1052 1592 1084 committeret;
1611 1051 1784 1084 przesentiutn
1800 1049 1845 1075 alii

1061 1095 1288 1124 excruciabantur
1312 1097 1425 1129 animo,
1455 1097 1501 1123 alii
1529 1095 1740 1130 indignabantur
1764 1098 1847 1128 atque

1062 1142 1273 1169 exsecrabantur
1288 1143 1436 1174 hominem,
1452 1148 1478 1169 et
1494 1141 1645 1168 maledictis
1661 1140 1846 1169 incsssabant.

1062 1187 1145 1213 veluti
1162 1195 1177 1213 a
1195 1189 1313 1221 pessimo
1328 1187 1450 1214 damtone
1466 1187 1614 1214 incessum.
1633 1185 1753 1212 Transiit
1778 1185 1847 1212 forte

1062 1231 1143 1258 etiam
1159 1239 1229 1259 unus
1245 1231 1344 1264 aliquis
1358 1239 1374 1258 e
1391 1230 1574 1265 maguatibus,
1590 1229 1636 1264 qui
1651 1229 1787 1256 Andream
1803 1229 1845 1255 in-

1063 1276 1159 1308 tttitus,
1177 1276 1311 1303 conviciis
1329 1275 1469 1310 impetere,
1487 1280 1639 1308 conspuere
1655 1278 1682 1300 et
1708 1272 1844 1300 exsecrari

1062 1321 1154 1354 coepit.
1168 1320 1254 1353 Quem
1268 1320 1371 1347 Christi
1395 1319 1512 1346 famulus
1530 1318 1637 1345 diutino
1657 1321 1779 1351 tempore
1804 1322 1845 1344 at-

1063 1371 1136 1393 tente
1157 1365 1293 1401 aspiciens
1306 1385 1314 1397 ,
1329 1370 1356 1391 et
1370 1363 1687 1391 interiora-considerans
1698 1382 1706 1395 ,
1727 1363 1763 1389 ita
1780 1362 1846 1388 allo-

1062 1412 1156 1446 quitur
1172 1420 1179 1438 :
1196 1410 1379 1438 Fraudulente
1391 1430 1399 1441 .
1421 1409 1538 1442 adulter,
1551 1409 1673 1436 ecclesiae
1684 1408 1797 1442 profane
1814 1408 1846 1433 il-

1063 1457 1157 1489 lusor,
1179 1456 1225 1491 qui
1242 1460 1374 1490 pretextu
1391 1455 1464 1482 illam
1483 1454 1675 1488 frequentandi
1688 1473 1695 1485 ,
1712 1453 1766 1488 jam
1784 1452 1848 1483 inde

1064 1507 1078 1527 a
1094 1499 1182 1527 media
1200 1505 1278 1527 nocte
1292 1504 1468 1534 experrectus
1480 1519 1486 1529 .
1502 1498 1610 1526 Satanae
1624 1497 1739 1532 vigilas;
1757 1504 1846 1523 nontte

1063 1543 1155 1572 vides?
1177 1543 1278 1572 Verum
1294 1544 1445 1570 attendesis
1457 1563 1465 1575 ,
1490 1547 1611 1577 paratam
1630 1541 1782 1568 mercedem
1797 1541 1844 1567 tibi

1064 1594 1137 1617 tuatn
1151 1597 1230 1622 esse,
1247 1596 1328 1624 quam
1349 1594 1430 1624 prout
1451 1587 1587 1615 laborasti
1595 1587 1730 1621 accipies,
1748 1586 1846 1612 misere

1062 1635 1190 1668 deceptus
1219 1635 1347 1669 opinione
1375 1639 1420 1661 tua
1435 1653 1442 1666 ,
1469 1640 1582 1667 sperans
1600 1639 1680 1667 pesse
1700 1639 1781 1664 opera
1800 1634 1847 1656 tua

1066 1680 1236 1714 perspicaces
1249 1679 1354 1706 Jutlicis
1368 1678 1462 1706 oculos
1475 1678 1568 1704 latere.
1585 1676 1645 1704 llaec
1662 1676 1707 1703 ille
1721 1675 1853 1706 attdieus,’

1066 1724 1183 1752 Subditis
1194 1732 1265 1759 equo
1286 1723 1438 1751 calearibtts
1450 1744 1457 1755 ,
1480 1731 1495 1750 e
1509 1722 1621 1757 vestigio
1637 1729 1667 1749 se
1683 1721 1745 1747 inde
1760 1721 1847 1754 prori-

1066 1768 1137 1803 puit;
1167 1773 1222 1796 erat
1250 1772 1340 1795 autem
1370 1767 1553 1795 ehartularius
1580 1766 1618 1802 (6)
1649 1764 1845 1799 navigationis,

1066 1812 1198 1840 Amastris
1212 1812 1252 1847 (7)
1281 1811 1424 1840 oriundus.
1447 1811 1506 1839 Non
1526 1811 1604 1838 multi
1613 1810 1775 1838 elﬂuxerunt
1788 1807 1846 1835 dies

227 1863 289 1882 cum
316 1855 360 1883 hic
385 1856 443 1891 ipse
465 1857 492 1883 lu
515 1857 706 1891 gravissimum
731 1858 854 1886 incidens
868 1859 991 1886 morbum
1005 1879 1012 1891 ,
1030 1859 1103 1887 brevi
1135 1865 1257 1895 tempore
1281 1859 1348 1887 febri
1369 1863 1482 1887 exustus
1507 1859 1540 1886 ad
1582 1862 1703 1885 extrema
1722 1856 1846 1883 redactus

227 1905 269 1928 est
286 1910 292 1928 :
307 1902 430 1937 itumque
450 1904 541 1930 statim
561 1904 612 1931 fuit
625 1906 659 1931 ab
678 1905 791 1932 ecclesia
808 1906 835 1932 itt
851 1906 1006 1939 ecclesiamI
1027 1914 1042 1934 a
1066 1907 1170 1935 medico
1204 1908 1238 1934 ad
1271 1907 1425 1939 medicum;
1447 1913 1497 1933 nec
1516 1910 1605 1933 tamen
1633 1904 1751 1938 uspiam,
1774 1901 1846 1936 quod

228 1949 410 1981 quazrehalur,
425 1949 564 1976 inventum
585 1955 626 1977 est
641 1951 805 1982 remedium,

265 1991 319 2025 σε’.
335 1993 440 2024 Νυκτὸς
458 1994 486 2019 δὲ
501 1994 595 2029 ούσης,
610 1995 701 2030 βλέπει
726 1997 740 2022 ό
753 1996 824 2026 ὅσιος
840 1997 954 2032 πλησίον
965 1997 1011 2023 τοῦ

229 2039 301 2064 οἴκου
325 2039 406 2065 αὐτοῦ
423 2039 537 2072 ἄγγελον
561 2040 673 2074 Κυρίου,
691 2041 728 2072 ὡς
752 2041 806 2067 ἀπὸ
829 2041 940 2076 δυσμῶν
959 2050 1012 2068 πει-

231 2084 410 2118 ραγενόμενον
424 2085 468 2110 διὰ
494 2084 541 2111 τοῦ
555 2086 644 2120 ἀέρος,
660 2086 689 2117 ὃς
703 2084 737 2120 ἦν
759 2086 881 2120 πύρινος,
897 2087 1010 2122 ἀγρίους

229 2129 299 2164 έχων
308 2131 369 2160 τοὺς
388 2130 553 2164 ὀφθαλμοὺς,
569 2131 614 2157 καὶ
626 2132 642 2165 ἡ
658 2131 714 2158 ἰδέα
737 2131 784 2158 τοῦ
800 2131 945 2166 προσώπου
961 2133 1010 2158 αὖ·

230 2175 276 2202 τοῦ
291 2177 329 2205 ὡς
344 2176 409 2210 πῦρ,
424 2176 494 2202 καθὰ
517 2177 545 2202 έν
559 2176 654 2211 δρυμῷ
668 2177 767 2211 φλέγον
789 2178 837 2203 καὶ
853 2177 952 2212 βρύχον
965 2178 1010 2203 τ(ιύ

230 2221 380 2256 ἐξαλεῖψαι,
398 2222 507 2256 κρατῶν
529 2222 558 2248 ὲν
577 2223 609 2257 τῇ
624 2224 697 2257 χειρὶ
720 2223 801 2249 αὑτοῦ
820 2223 916 2258 ρἀδον
932 2222 1012 2257 πύρι-

1099 1996 1163 2023 ‘206.
1185 1994 1244 2022 Jam
1263 2002 1317 2022 nox
1332 1994 1489 2029 ingruerat,
1512 2000 1573 2020 cum
1590 1997 1701 2020 sanctus
1714 1992 1846 2025 Andreas,

1065 2049 1119 2069 non
1140 2029 1233 2075 procul
1248 2048 1262 2066 a
1278 2040 1360 2066 donto
1376 2038 1498 2073 praedicti
1515 2037 1584 2069 viri,
1609 2037 1742 2070 conspicit
1764 2045 1846 2072 tinge

1066 2088 1121 2114 lum
1146 2087 1251 2113 Domini
1268 2085 1301 2113 ab
1317 2085 1459 2113 occidente
1482 2092 1529 2119 per
1544 2091 1606 2111 aera
1627 2083 1773 2116 advolare;
1790 2089 1849 2110 erat

1065 2137 1155 2160 autem
1171 2132 1284 2166 angelus
1303 2131 1425 2165 undique
1437 2130 1631 2161 inflammatus.
1648 2133 1675 2157 et
1690 2133 1767 2156 torvo
1785 2136 1850 2156 ocu-

1064 2176 1151 2203 lorum
1170 2177 1266 2204 obtutu
1295 2184 1327 2204 ac
1349 2176 1420 2203 facie
1442 2175 1563 2202 referens
1581 2176 1688 2210 ignem,
1707 2174 1795 2209 qualis
1807 2174 1848 2200 vel

1064 2220 1159 2247 silvam
1172 2221 1326 2251 incendere.
1344 2226 1369 2248 et
1383 2228 1445 2247 cum
1460 2219 1562 2254 crepitu
1579 2220 1606 2246 in
1623 2219 1731 2247 cineres
1753 2223 1846 2253 posset

230 2273 284 2298 vov,
300 2266 348 2292 καὶ
369 2267 468 2301 ἠρχετο
487 2267 534 2292 ἐπὶ
555 2267 600 2293 τὸν
615 2265 688 2293 οἶκον
706 2267 752 2293 τοῦ
768 2267 887 2293 ὲλεεινοῦ
909 2266 1011 2293 ἐκείνου

1067 2267 1199 2302 redigere.
1227 2267 1358 2294 Gestabat
1375 2273 1439 2294 vero
1459 2273 1541 2293 manu
1564 2266 1666 2300 virgam
1691 2264 1844 2297 ardentem,

230 2311 424 2345 ἀπειλούμενος
440 2312 564 2347 ὲκριζοῦν
578 2312 623 2338 καὶ
636 2312 670 2338 τὰ
682 2312 804 2346 θεμέλια.
824 2313 887 2338 Ὅτε
903 2311 950 2338 οὖν
966 2314 1013 2338 ἐπὶ

231 2359 274 2383 τὸν
299 2358 461 2384 ἀσθενοῦντα
491 2358 610 2392 ἐγένετο,
634 2358 727 2384 ἀκούει
749 2360 840 2393 φωνῆς
864 2358 958 2392 ὥσπερ
984 2358 1014 2390 ἐξ

232 2404 314 2438 ὕψους
335 2403 465 2438 λεγούσης
479 2411 485 2418 ·
502 2404 568 2438 Δέρε
589 2404 634 2430 τὸν
653 2404 820 2438 ὲμπαίκτην,
840 2404 886 2430 τὸν
908 2403 1013 2437 σοδομί-

231 2457 290 2483 την,
314 2449 360 2474 τὸν
378 2448 482 2483 μοιχὸν,
507 2449 552 2474 τὸν
576 2449 686 2483 πόρνον,
712 2449 757 2474 τὸν
773 2449 858 2482 ἀσεὸἧ
876 2451 921 2475 καὶ
947 2449 1013 2476 ἀλά-

232 2501 330 2529 ατςριι*
365 2494 416 2525 ἕως
443 2490 473 2519 οὗ
503 2493 606 2528 τύπτῃς
631 2493 722 2526 αὐτὸν,
747 2493 819 2520 οὕτω
845 2494 918 2528 λέγε,
943 2495 1014 2529 Πορ-

231 2537 335 2570 νεύεις;
369 2537 522 2572 ’Δπήρξατο
545 2536 592 2563 οὖν
614 2537 725 2563 τύπτειν
749 2537 841 2570 αὑτὸν,
865 2538 913 2564 καὶ
941 2537 1014 2572 λέγει

231 2583 306 2617 αὐτῷ
316 2591 324 2598 ·
343 2583 498 2617 ΙΙορνεύεις,
518 2582 664 2617 μοιχεύεις,
677 2583 811 2617 ὀρθρίζεις
824 2583 862 2617 τῷ
877 2583 993 2618 διαῦόλῳ
1005 2591 1013 2615 ;

232 2629 286 2654 Καὶ
301 2626 336 2662 ἦν
356 2627 405 2662 μὲν
423 2627 516 2662 φωνὴν
536 2627 619 2654 αὑτοῦ
635 2627 794 2661 ἀκούεσθαι,
807 2628 852 2654 τὸν
868 2628 897 2655 δὲ
913 2627 1014 2664 ταύτην

269 2728 307 2764 (5)
324 2727 552 2764 'l‘dya,erogatio.
566 2728 735 2763 stipendium.
746 2728 844 2764 deiqua
855 2727 1016 2764 vocemulta

234 2762 368 2791 Meursius
390 2764 417 2790 in
433 2763 590 2795 Glossario;
618 2764 695 2798 origo
720 2763 792 2790 haud
817 2762 900 2790 dubie
922 2762 1016 2789 Latina

234 2803 306 2866 uili)
329 2833 364 2860 De
389 2832 564 2860 chartulariis
591 2833 682 2860 multa
702 2833 773 2860 idem
791 2833 891 2866 habet,
917 2838 944 2860 et
968 2833 1017 2859 tria

1067 2313 1161 2347 sicque
1184 2313 1216 2339 ad
1238 2312 1330 2340 miseri
1352 2312 1470 2338 hominis
1490 2311 1637 2338 deveniens
1661 2303 1848 2342 domicilium,

1067 2357 1243 2384 fundamenta
1271 2357 1331 2391 ejus
1360 2356 1516 2384 minabatur
1553 2355 1684 2383 subruere
1717 2355 1849 2382 funditus.

1067 2402 1213 2437 Postquam
1237 2408 1327 2429 autem
1352 2401 1385 2429 ad
1410 2401 1549 2428 infirmant
1577 2402 1666 2436 ipsum
1691 2406 1849 2436 perventum

1067 2452 1156 2479 esset,
1172 2447 1265 2474 audita
1283 2448 1338 2474 haec
1351 2455 1402 2474 vox
1422 2452 1484 2479 est,
1506 2446 1708 2481 quasi-cmlitus
1725 2447 1827 2480 allapsa
1841 2454 1849 2472 :

1069 2493 1184 2521 Excoria
1197 2493 1346 2522 derisorem
1369 2492 1464 2525 istum.
1480 2492 1642 2520 sodomitam
1655 2512 1665 2525 ,
1685 2492 1849 2522 adulterum,

1068 2543 1259 2571 seortatorem,
1273 2537 1413 2573 religionis
1426 2537 1572 2572 populique
1586 2538 1750 2572 perniciem;
1763 2544 1853 2571 quan-

1068 2585 1113 2611 diu
1133 2587 1224 2610 autem
1242 2583 1331 2618 ipsum
1348 2583 1528 2617 percusseris,
1544 2582 1588 2610 die
1602 2583 1747 2609 identidem
1763 2591 1769 2608 :
1785 2581 1852 2608 For-

1068 2629 1171 2657 uicaris
1181 2629 1329 2656 etiamnmn
1342 2629 1353 2655 ?
1367 2628 1400 2655 Et
1415 2628 1508 2656 statim
1522 2628 1638 2662 arreptis
1658 2626 1750 2662 ﬂagris
1769 2625 1853 2660 ccepit

1071 2735 1166 2755 eorum
1191 2727 1334 2762 distinguit
1351 2735 1449 2762 genera
1473 2736 1480 2757 :
1507 2729 1552 2755 hic
1578 2733 1669 2756 autem
1695 2727 1851 2762 designatur

1073 2762 1172 2796 aliquis
1188 2763 1358 2796 vectigalium
1376 2763 1530 2796 praefectus.

1109 2770 1172 2822 «linis
1188 2770 1358 2796 veengauum
1376 2770 1530 2796 prwtecttts.

1107 2801 1114 2828 (
1137 2797 1146 2830 )
1166 2797 1315 2828 Amastrae,
1332 2797 1397 2823 urbs
1414 2797 1613 2831 Paphlagonizc.

1109 2831 1147 2866 (8)
1169 2831 1218 2858 Ms.
1237 2831 1321 2858 Vatic.
1341 2831 1528 2864 πλανίζεοθαι.
