2015 3081
209 98 260 130 8ῖῖ

788 102 876 132 νιτΑ
896 103 926 133 S.
947 103 1110 134 ANDREE
1126 105 1221 136 SALI.

1769 105 1821 136 874

207 154 411 190 άρπαγήσονται
427 158 455 183 ἐν
469 157 591 190 νεφέλαις
604 157 645 188 εἰς
659 157 810 191 ἀπάντησιν
823 157 870 184 τοῦ
886 157 989 192 Κυρίου

1049 167 1084 185 iur
1099 166 1162 188 cum
1183 159 1234 185 illis
1255 158 1281 185 in
1310 158 1428 186 nubibus
1445 159 1552 187 obviam
1569 159 1681 187 Christo
1704 161 1731 187 In
1747 168 1823 190 aera.

206 200 245 230 εἰς
261 200 339 234 ἀέρα,
355 201 441 227 Ὅταν
458 201 503 228 οὖν
521 203 562 237 ἴδῃ
577 210 617 233 τις
633 202 666 228 τὰ
681 201 794 238 βδελυρὰ
809 202 873 235 ἔθνη
887 203 927 233 είς
943 203 989 228 τὸν

207 245 307 278 κόσμον
325 246 484 281 ἐληλυθότα,
504 247 610 279 τέκνον,
638 248 698 273 τότε
718 247 874 281 γινωσκέτω
888 247 928 273 ὅτι
942 248 989 273 ἐπὶ

206 291 302 325 θυραις
316 292 414 323 πάντα.
433 293 477 319 καὶ
493 293 562 328 μετὰ
582 293 678 327 μικρὸν
690 294 704 319 6
724 293 826 327 Κριτής
846 291 989 318 ἐπελεύσε-

205 344 258 362 ται.
276 337 367 364 Ταῦτα
393 338 524 372 ἐλάλησεν
540 339 554 364 6
570 339 712 373 Μακάριος
735 339 768 372 τῇ
793 337 871 364 νυκτὶ
897 337 990 372 ἐκείνῃ

205 381 243 415 τῷ
260 381 422 416 Ἐπιφανίιει,
444 382 653 418 ἀγρυπνούντων
670 382 759 409 αὐτῶν
775 383 822 409 καὶ
845 382 895 417 τῆς
919 382 990 417 ὲμῆς

206 427 406 462 ταπεινότητος.
420 428 473 454 Τοῦ
487 428 513 454 δὲ
527 428 606 461 ξύλου
618 428 668 463 τῆς
683 427 831 462 ἐκκλησίας
857 427 990 462 κρούσαν-

206 479 261 503 τος,
286 471 421 507 ἐπορεύθη
437 474 451 499 6
467 472 626 506 Ἐπιφάνιος
649 473 755 499 ἐκεῖσε·
771 473 785 499 6
798 473 827 499 δὲ
846 472 991 508 Μακάριος

207 517 235 543 ιν
251 517 290 552 τῷ
306 518 372 553 οἴκῳ
390 517 451 545 καθ’
467 518 562 546 ἑαυτὸν
574 519 756 554 προσηύχετο.

1042 203 1110 230 Cum
1125 204 1187 237 quis
1201 211 1263 238 ergo
1278 204 1376 231 viderit
1386 224 1394 235 ,
1414 204 1452 232 ﬁli
1467 204 1502 232 mi
1514 223 1522 236 ,
1536 204 1717 233 exsecrandas
1730 210 1826 239 gentes

1043 249 1104 276 illas
1121 249 1253 283 irrupisse
1267 250 1292 276 in
1308 249 1455 281 mundum,
1472 250 1540 277 sciat
1555 249 1578 277 is
1590 270 1597 282 ,
1618 256 1703 284 prope
1723 257 1784 277 esse
1798 250 1827 277 in

1042 292 1143 327 ianuis,
1157 301 1217 328 quae
1233 294 1300 326 dixi,
1315 295 1425 326 omnia;
1449 300 1475 322 et
1491 294 1564 322 brevi
1578 294 1700 322 Judicem
1716 295 1827 322 adiutu-

1045 346 1118 366 rum.
1141 339 1231 373 Atque
1252 339 1281 366 hi
1305 339 1381 367 fuere
1397 346 1556 373 sermones,
1571 347 1639 374 quos
1654 340 1689 366 ad
1710 334 1842 374 Epipha-i

1044 385 1119 412 nium
1137 384 1231 413 habuit
1254 384 1377 412 Andreas
1396 389 1476 411 nocte
1498 384 1543 411 illa
1556 403 1564 416 ,
1582 389 1639 411 tum
1663 384 1747 418 ipsis,
1770 387 1829 411 tum

1046 429 1111 455 mihi
1132 436 1241 463 quoque
1262 428 1321 455 sine
1338 435 1434 455 somno
1456 431 1608 460 transacta;
1633 428 1719 455 donec
1735 428 1828 454 datum

1045 473 1153 508 signum
1169 474 1202 500 ad
1217 473 1359 500 ecclesiam
1387 477 1559 504 convocaret.
1586 479 1640 506 quo
1659 471 1829 506 Epiphanius

1045 519 1153 553 quidem
1173 525 1232 545 sese
1246 517 1377 550 contulit,
1400 517 1523 545 Andreas
1542 524 1606 545 vero
1621 516 1696 545 domi
1714 517 1829 545 seorsim

1045 564 1160 592 orationi
1175 571 1204 591 se
1220 562 1305 591 dedit.

905 629 1020 658 CAPUT
1049 629 1154 658 XXVII.

208 695 350 723 Occasione
377 695 487 723 celestis
512 697 680 732 fragrantia,
708 697 755 725 sub
773 707 849 725 sacra
870 699 980 726 lectione
995 703 1133 769 percefpue,
1153 702 1290 739 .narratur
1311 698 1422 726 historia
1440 698 1571 727 Theodori
1589 698 1621 726 ab
1645 698 1746 734 angelis
1760 699 1829 727 iam

866 738 998 760 tormenta
1015 741 1062 760 con
1077 738 1168 760 οτιαίι.

866 738 998 760 tormenta
1015 738 1168 760 confundit.

243 795 290 822 σλ’.
305 795 414 829 Πρωτας
428 796 457 822 δὲ
471 796 631 832 γενομένης.
642 797 724 825 πάλιν
740 797 798 834 [ἐπὶ
810 799 840 825 τό
850 798 917 825 αὐτὸ
931 807 992 825 συν-

1078 798 1141 826 230.
1155 798 1331 827 lllucescente
1342 803 1451 834 postera
1463 799 1519 833 die,
1530 800 1624 827 eodem
1637 799 1829 828 convenientes

207 839 327 871 ελοόντες
340 840 398 876 καὶ]
415 841 593 873 καθεσθέντες
607 842 728 876 ὡμίλουν
743 844 778 870 τὰ
803 843 851 870 τοῦ
867 843 995 878 πνεύμα-

207 892 268 915 τος·
297 885 343 911 καὶ
369 885 400 920 δὴ
419 885 509 920 βίϐλου
537 887 626 913 ἐκεῖσε
654 887 785 923 κειμένης
810 887 858 914 τοῦ
876 889 994 922 μεγάλου

208 929 360 962 Ιίπσιλείου,
383 930 556 966 προτρέψατο
569 933 583 959 6
599 932 692 964 "Octo;
717 933 756 968 τῷ
776 933 925 968 Ἐπιςρανίῳ
947 933 994 960 τοῦ

207 974 299 1001 λῑῦεἷν
314 976 360 1002 καὶ
384 977 582 1010 ἀναγινώσκειν
593 985 600 992 ”
614 976 648 1013 ἦν
667 978 695 1004 δὲ
710 979 723 1004 6
735 978 812 1012 λόγος
828 987 996 1013 προτρεπτι-

207 1022 264 1053 κός,
281 1022 372 1056 ὁμιλία
389 1023 428 1054 εἰς
449 1023 479 1050 τὸ
505 1023 656 1058 βάπτισμα,
681 1024 709 1050 '0
735 1025 785 1059 μὲν
811 1025 892 1059 σοφὸς
915 1025 995 1051 Σςλο-

210 1065 277 1098 μών.
297 1065 398 1092 Τούτου
413 1066 440 1092 δὲ
462 1067 729 1102 ἀναγινωσκομένου,
747 1069 832 1103 ἡδέως
852 1070 995 1104 ἠκροᾶτοό

208 1110 361 1145 Μακάριος,
391 1111 501 1146 μειδιῶν
521 1112 560 1147 τῷ
577 1113 716 1148 προσώπῳ
743 1115 791 1140 καὶ
814 1114 996 1150 εὐφραινόμε-

209 1163 252 1186 νος
264 1164 269 1170 ·
282 1157 295 1182 6
310 1157 338 1182 δὲ
352 1156 510 1191 Ἐπιφάνιος
523 1157 581 1192 ἔχεε
595 1158 700 1192 δάκρυα
714 1160 746 1193 τῇ
764 1159 857 1194 βίϐλῳ,
874 1160 920 1185 καί⁸
933 1168 995 1186 στε-

209 1201 329 1234 ναγμοὺς
342 1201 374 1226 ὲκ
393 1201 496 1235 βαθέων
510 1202 680 1237 ἀνέπεμπεν.
694 1203 766 1238 Ἐ’ρη
785 1203 813 1229 δὲ
832 1204 900 1238 πρὸς
915 1203 995 1230 αὐτὴν

208 1244 222 1270 6
242 1245 382 1279 Μακάριος
396 1254 402 1261 ·
419 1246 519 1272 Τέκνον
538 1255 600 1281 μου,
623 1247 650 1273 τί
674 1248 823 1282 δακρύεις;
850 1247 995 1283 εὐφραίνου

209 1289 236 1316 δὲ
253 1291 352 1324 μᾶλλον
366 1293 435 1318 κατὰ
451 1291 496 1318 τὸν
519 1293 655 1327 μακάριον
675 1293 780 1320 Παῦλον
801 1293 846 1319 τὸν
863 1293 975 1327 λέγοντα
987 1301 994 1308 ·

213 1336 342 1376 «Χαίρετε
352 1337 380 1363 ὲν
391 1337 485 1372 Κυρίῳ
495 1338 619 1364 πάντοτε·
627 1347 637 1363 ι
649 1338 758 1365 καὶὸςοι
769 1338 804 1365 τὰ
816 1338 862 1365 τοῦ
873 1339 995 1374 [Ῑνεύμα⁴

210 1389 252 1412 τος
263 1383 420 1416 πράττουσι,
431 1384 483 1418 χρὴ
497 1383 593 1415 αὐτοὺς
606 1385 718 1419 σκιρτᾷν
730 1385 776 1411 καὶ
788 1384 995 1419 εὐφραίνεσθαι·

209 1427 266 1454 ὅσοι
281 1428 310 1454 δὲ
339 1428 420 1455 πάλιν
440 1428 546 1455 ποιοῦσι
561 1429 609 1455 τοῦ
637 1429 762 1456 διαϐόλου
787 1430 821 1456 τὰ
845 1430 996 1465 θελήματα,

1046 845 1136 872 denuo
1152 845 1342 880 sedentesque,
1353 846 1385 872 de
1403 846 1485 874 rebus
1503 845 1536 873 ad
1553 845 1677 881 spiritum
1690 845 1829 880 pertinen-

1047 890 1120 917 tibus
1147 890 1273 918 conferre
1296 895 1452 925 coeperunt,
1477 898 1597 925 cumque
1622 890 1690 918 forte
1713 891 1781 924 istic:
1794 890 1829 917 ad

1047 942 1158 961 manum
1177 939 1250 962 esset
1273 935 1364 970 magni
1392 935 1484 962 Basilii
1511 935 1636 962 volumen
1660 935 1829 970 quodpiam,

1047 981 1171 1008 hortatus
1186 985 1226 1008 est
1240 981 1420 1015 Epiphaniam
1439 980 1573 1013 Andreas,
1594 985 1624 1007 ut
1642 979 1709 1007 illud
1725 980 1832 1014 accipe-

1048 1029 1088 1051 ret
1100 1024 1264 1058 legeretque.
1278 1024 1342 1051 Erat
1356 1029 1445 1050 autem
1461 1024 1550 1050 oratio
1567 1024 1731 1058 protreptica
1747 1041 1754 1054 ,
1778 1023 1831 1049 ho-

1048 1068 1122 1096 inilia
1139 1069 1196 1104 (M)
1209 1069 1333 1096 videlicet
1351 1069 1385 1095 de
1402 1069 1548 1102 baptismo.
1571 1076 1632 1103 qua:
1647 1068 1687 1095 sic
1707 1068 1830 1097 orditur:

1049 1115 1163 1149 Sapiens
1183 1115 1293 1148 quidem
1316 1113 1456 1141 Salomon.
1475 1113 1592 1148 Legente
1612 1113 1695 1148 igitur
1715 1113 1831 1148 Epipha-

1048 1161 1092 1186 nio
1105 1179 1112 1192 ,
1139 1160 1215 1187 suavi
1240 1167 1302 1186 cum
1321 1159 1500 1186 delectatione
1517 1159 1687 1186 auscultabat
1708 1159 1750 1184 vir
1767 1165 1833 1185 san-

1047 1210 1107 1233 ctus
1119 1225 1126 1237 ,
1144 1205 1219 1232 Vultu
1241 1205 1274 1232 ad
1291 1205 1374 1232 risum
1396 1209 1422 1232 et
1442 1204 1560 1232 laetitiam
1575 1203 1727 1238 composito
1744 1211 1751 1230 :
1766 1203 1832 1237 Epi-

1048 1251 1164 1286 phanius
1180 1257 1256 1281 vero,
1266 1250 1392 1284 lacrymis
1407 1250 1505 1276 librum
1521 1249 1648 1283 irrigans,
1660 1248 1829 1275 continentes

1047 1303 1079 1322 ex
1104 1296 1158 1322 imo
1185 1301 1294 1329 pectore
1321 1295 1438 1329 suspiria
1466 1294 1592 1321 ducebat.
1618 1293 1667 1320 Cui
1691 1292 1831 1319 Sanctus:

1047 1340 1183 1374 Quorsum
1200 1340 1259 1367 ista:
1277 1340 1412 1374 lacrymaa,
1434 1339 1471 1366 liii
1491 1339 1550 1365 mi?
1569 1337 1635 1372 quin
1650 1337 1741 1371 potius
1756 1341 1784 1363 tu
1806 1339 1833 1363 te

1048 1386 1160 1413 hilarem
1183 1385 1291 1420 praebe,
1322 1392 1357 1412 ex
1388 1388 1477 1412 mente
1503 1383 1574 1411 beati
1596 1382 1672 1409 Pauli
1697 1380 1831 1409 dicentis:

1052 1441 1060 1456 ι
1079 1431 1201 1458 Gaudete
1228 1431 1255 1457 in
1278 1429 1393 1456 Domino
1422 1437 1528 1464 semper
1543 1428 1579 1454 ⁵³.
1597 1437 1608 1454 ι
1633 1427 1667 1454 Ει
1694 1434 1759 1455 sane
1785 1426 1832 1461 qui

211 1473 495 1507 σκυϐρωπαζέτωσαν,
511 1474 605 1501 καθότι
620 1475 650 1501 τὸ
670 1475 727 1509 φῶς
747 1475 795 1502 τοῦ
809 1475 877 1502 Θεοῦ
901 1475 996 1511 ἐλήλυ-

1049 1485 1107 1511 qua:
1133 1481 1197 1503 sunt
1224 1475 1345 1510 Spiritus
1371 1478 1471 1508 agunt,
1501 1473 1562 1500 illos
1583 1473 1682 1507 lgaudio
1695 1477 1723 1499 et
1740 1472 1833 1499 laetitia

210 1518 256 1544 θεν
271 1519 310 1549 είς
321 1518 367 1544 τὸν
385 1519 498 1552 κόσμον,
514 1520 561 1545 καὶ
578 1519 725 1554 ἠγάπησαν
738 1520 762 1546 οί
776 1519 914 1554 ἄνθρωποι
931 1520 999 1554 μᾶλ-

210 1564 255 1589 λον
271 1564 301 1590 τὸ
316 1565 411 1595 σκότος
427 1564 443 1596 ἢ
457 1564 486 1590 τὸ
504 1564 570 1598 φῶς.
594 1564 665 1599 Ἔοη
687 1565 845 1598 Ἐπιφάνιος
857 1573 864 1579 ·
881 1565 937 1592 Οὐκ
951 1565 999 1592 οὖν

211 1609 288 1642 κάγὼ
306 1609 478 1644 ἁμαρτωλὸς,
495 1610 542 1636 καὶ
563 1609 654 1644 θρηνῶ
672 1619 723 1644 μου
741 1611 789 1642 τὰς
814 1610 927 1645 πράξεις
949 1611 999 1643 τὰς

212 1656 341 1690 πονηρὰς,
355 1655 413 1686 πῶς
427 1655 624 1689 ἁπολογίζομαι
638 1664 645 1687 ;
657 1656 739 1689 Λέγει
752 1657 805 1691 γάρ
820 1665 865 1691 μοι
876 1658 889 1684 6
902 1657 998 1690 Ἄγιος

211 1697 298 1730 οὗτος·
316 1700 396 1732 Πότε,
411 1701 506 1734 φησὶν,
521 1700 686 1736 ιιίκειωθήσῃ
699 1701 738 1736 τῷ
751 1701 821 1736 Θεῷ,
831 1702 879 1728 καὶ
893 1702 957 1728 πότε
970 1702 1000 1728 οὲ

211 1745 382 1779 γνωρισομεν
397 1745 434 1776 ὡς
452 1746 598 1780 ὴμέτερον;
614 1745 706 1772 Ταῦτα
724 1746 832 1774 ἀκούων
847 1746 882 1773 τὰ
898 1746 998 1781 ὀνείδη,

214 1791 251 1826 μὴ
273 1791 401 1826 θρηνήσω
422 1791 470 1826 τὴν
492 1791 582 1827 δεινὴν
601 1791 750 1826 ἀπολογίαν
769 1800 839 1826 μου,
866 1791 924 1823 πῶς
935 1792 999 1818 ἀνέ-

213 1845 296 1871 χοιτο,
319 1836 382 1870 κέρι
398 1837 411 1863 6
431 1837 533 1871 μέγας;
551 1838 623 1872 Ἔφη
635 1838 649 1863 6
661 1837 753 1868 "Oa-to;
768 1846 774 1853 ·
788 1834 871 1868 Οὗτος
884 1837 899 1863 ὁ
911 1837 999 1870 λόγος,

212 1883 306 1910 τέκνον
322 1891 383 1917 μου,
398 1883 436 1918 μὴ
447 1884 500 1917 γὰρ
516 1881 600 1917 οἶδας,
614 1885 671 1916 τοῖς
684 1885 725 1910 ὅτι
738 1883 870 1918 ἀμυήτοις
881 1879 940 1908 οὖσι
952 1881 999 1908 τοῦ

213 1929 285 1955 θείου
313 1928 500 1963 βαπτίσματος
545 1930 682 1961 ὀνειδίζων
715 1929 818 1963 ἔλεγεν,
843 1927 1001 1961 Ἑπιφάνιος

213 1974 287 2007 λέγει
300 1982 306 1989 ·
321 1974 375 2000 Ναὶ
392 1975 467 2009 τίμιε
491 1974 593 2010 Πάτερ,
609 1975 686 2008 κάγὼ
701 1973 759 2001 οἴδα
773 1981 781 1989 ·
804 1973 874 2008 πλὴν
888 1974 901 1999 6
923 1972 1002 2006 λόγος

213 2017 301 2051 οὗτος,
316 2021 345 2047 ὅν
359 2028 440 2054 φασιν
451 2021 474 2046 ei.
490 2020 544 2046 τῶν
558 2019 694 2055 ἀγροίκων
717 2019 938 2054 αἰνιγματώδεις,
959 2017 1001 2043 ὅτι

214 2066 270 2098 Σοὶ,
283 2063 420 2102 ὥνύμφη,
438 2065 533 2100 ὀμιλῶ,
555 2066 597 2092 ἵνα
615 2066 663 2093 καὶ
674 2066 744 2101 αὐτὴ
761 2066 778 2100 ἡ
795 2065 913 2100 πενθερὰ
934 2065 1000 2090 ἑνω-

214 2113 287 2148 τίζῃ.

1050 1522 1186 1549 exsultare
1210 1521 1364 1548 convenit:
1386 1520 1424 1546 illi
1450 1524 1544 1546 contra
1560 1518 1665 1552 deiecto
1688 1518 1715 1544 in
1733 1523 1833 1545 terram

1051 1568 1175 1602 tristique
1191 1566 1319 1594 incedant
1332 1565 1419 1597 vultu,
1434 1565 1481 1600 qui
1495 1565 1664 1591 voluntatem
1679 1570 1834 1596 exsequun-

1051 1618 1093 1640 tur
1110 1613 1226 1644 diaboli;
1245 1611 1374 1646 quoniam
1390 1611 1436 1637 lux
1453 1610 1546 1638 divina
1561 1609 1635 1636 venit
1648 1609 1675 1635 in
1691 1608 1833 1640 mundum,

1050 1664 1076 1685 et
1089 1658 1245 1685 dilexerunt
1259 1656 1382 1684 homines
1398 1655 1523 1683 tenebras
1538 1655 1623 1689 magis
1637 1661 1718 1689 quam
1733 1652 1833 1680 lucem.

1051 1703 1119 1730 Tum
1139 1702 1307 1739 Epiphanius
1328 1711 1334 1728 :
1352 1701 1435 1736 Atqui
1455 1701 1512 1728 hac
1531 1700 1589 1734 ipsa
1606 1706 1689 1727 causa
1705 1703 1764 1732 est,
1785 1705 1834 1726 cur

1049 1757 1115 1784 ego,
1140 1749 1186 1784 qui
1203 1752 1328 1783 peccator
1345 1754 1405 1774 sum
1418 1766 1426 1779 ,
1445 1753 1586 1781 perperam
1606 1752 1621 1772 a
1646 1752 1689 1772 me
1704 1748 1779 1779 gesta
1797 1744 1834 1770 la-

1051 1798 1170 1825 menter,
1196 1801 1279 1825 cum,
1304 1799 1359 1827 quo
1386 1799 1429 1819 me
1453 1799 1586 1826 purgem,
1609 1790 1677 1817 nihil
1704 1790 1833 1825 supersit.

1051 1840 1122 1868 Dicit
1148 1847 1265 1873 namque
1295 1838 1361 1865 mihi
1391 1841 1504 1865 sanctus
1529 1837 1574 1864 hic
1600 1836 1715 1864 Basilius
1738 1844 1746 1864 :
1775 1835 1834 1862 Ali.

1051 1885 1161 1920 quando
1177 1884 1204 1910 in
1225 1883 1271 1910 Dei
1286 1883 1497 1909 familiaritatem
1512 1881 1673 1913 admitteris,
1690 1880 1835 1915 aliquando

1052 1936 1077 1959 te
1086 1932 1124 1958 uti
1140 1934 1262 1958 nostrum
1277 1935 1484 1963 cognoscemus.
1497 1927 1583 1960 Quam
1599 1934 1649 1961 ego
1663 1933 1724 1953 cum
1737 1933 1835 1960 expro-

1051 1977 1202 2004 brationem
1215 1975 1335 2007 audiam,
1350 1973 1488 2008 quomodo
1500 1980 1516 2000 a
1531 1972 1660 2007 lacrymis
1674 1976 1835 2006 temperem,

1051 2022 1160 2049 domine
1176 2021 1212 2047 mi
1227 2027 1324 2053 magne
1336 2038 1343 2051 ,
1359 2026 1414 2053 quo
1430 2019 1520 2046 minus
1534 2018 1669 2045 diﬁicilem
1687 2017 1755 2044 adeo
1769 2016 1834 2043 mihi

1052 2066 1237 2094 defensionem
1257 2065 1390 2092 deﬂeam?
1418 2064 1468 2091 Cui
1487 2067 1597 2091 sanctus
1620 2072 1628 2091 :
1651 2063 1745 2090 Oratio
1767 2062 1834 2094 illa,

1053 2114 1089 2140 lili
1107 2113 1159 2144 mi,
1182 2111 1255 2145 qqu
1271 2111 1398 2144 ignorare
1413 2110 1531 2141 videris,
1556 2109 1584 2136 in
1604 2109 1665 2137 illos
1688 2108 1836 2140 invehitur,

215 2160 354 2193 quisucra
389 2160 560 2194 baptismatis
589 2160 659 2186 unda
685 2159 768 2186 abluti
796 2159 914 2185 nondum
943 2163 1016 2186 sunt.
1057 2159 1085 2186 EI
1108 2158 1300 2193 Epiphanius:
1332 2156 1486 2188 Enimvero,
1512 2155 1592 2182 Pater
1617 2155 1780 2184 venerande.
1809 2153 1836 2179 id

219 2207 280 2234 novi
307 2207 409 2242 probe;
438 2211 625 2234 verumtamen
653 2206 741 2233 oratio
764 2206 809 2232 illa
836 2206 933 2233 similis
959 2211 1000 2233 est
1017 2205 1072 2238 isti,
1098 2213 1149 2239 qna
1175 2205 1342 2238 aanigmatice
1378 2204 1472 2231 dicunt
1509 2201 1628 2230 rustici:
1650 2199 1711 2228 Tibi
1727 2201 1835 2236 loquor.

216 2260 233 2280 ο
256 2261 374 2288 sponsa,
394 2256 424 2280 ut
443 2253 500 2287 ipsa
525 2259 634 2286 quoque
651 2258 746 2278 socrus
760 2250 863 2276 audiat.

253 2297 320 2324 σλα’.
337 2297 430 2324 Ταῦτα
443 2297 491 2322 τοῦ
513 2296 671 2330 Ἐπιφοινίου
695 2296 871 2330 λαλήσαντος,
886 2295 1002 2330 ὑπομει-
1018 2298 1040 2325 ι)

216 2345 310 2374 διᾶσας
332 2344 346 2369 ὁ
368 2344 521 2376 Μακάριος,
545 2342 712 2378 ἐπέστρεψεν
737 2342 818 2368 αὑτὸν
852 2341 932 2367 πάλιν
954 2340 1001 2367 τοῦ

217 2388 423 2423 ἀναγινώσκειν.
456 2388 699 2421 Ἀναγινώσκοντος
724 2387 753 2413 δὲ
781 2387 874 2418 αὑτοῦ,
903 2388 1002 2421 αἴφνης

218 2435 321 2468 διεδόθη
347 2435 408 2464 ταῖς
428 2434 524 2467 φρεσὶν
552 2433 640 2459 αὐτῶν
654 2431 754 2458 εὐωδία
777 2440 820 2462 τις
844 2432 882 2462 ὡς
904 2432 1003 2466 τιμίων

217 2481 382 2516 ἀρωμάτων,
402 2479 473 2506 ὥστε
490 2479 612 2514 φρίττειν
636 2479 681 2505 τὸν
702 2478 862 2512 Ἐπιφάνιον
879 2479 925 2505 ἐπὶ
941 2479 1004 2506 ίκα-

218 2527 266 2562 νὴν
279 2527 354 2561 ὥραν
371 2525 418 2552 καὶ
434 2524 597 2557 ξενίζεσθαι.
618 2523 707 2558 Ἐώρα
726 2524 754 2549 δὲ
773 2524 787 2549 ὁ
801 2523 942 2558 Μακάριος
958 2524 1003 2550 τὸν

218 2571 393 2607 τῇγέὺωδὶαν
412 2570 558 2604 κομίζοντα
579 2568 708 2599 ὰεννάωςζ
728 2568 793 2594 Ὅτε
817 2568 845 2594 δὲ
865 2568 910 2594 τὸν
927 2568 1003 2602 λόγον

221 2618 401 2648 κατέπαυσεν,
414 2615 514 2646 εὐθέως
527 2614 573 2641 καὶ
585 2615 602 2649 ὴ
617 2613 716 2640 εὐωδία
729 2614 845 2648 ἀπέστη.
854 2613 1002 2648 Θαυμὰςας

254 2708 276 2724 ¹¹¹
299 2706 414 2741 Philipp.
429 2712 466 2736 Iv,
481 2704 508 2731 ι.

1097 2295 1160 2322 251.
1190 2294 1286 2322 lsthme
1323 2296 1500 2327 reponentem
1537 2289 1715 2325 Epiphaniam
1746 2289 1837 2318 subri-

1055 2341 1122 2370 dens
1136 2340 1259 2367 Andreas
1278 2339 1404 2366 hortatus
1418 2341 1470 2369 est,
1488 2340 1518 2363 ut
1537 2336 1626 2362 denuo
1643 2335 1752 2368 legeret.
1777 2335 1838 2368 Quo

1055 2387 1258 2420 obtemperante
1270 2405 1277 2416 ,
1295 2384 1397 2417 allapsa
1410 2387 1450 2410 cst
1467 2381 1629 2408 suavissima
1647 2380 1761 2408 odorum
1782 2380 1837 2408 fra-

1057 2432 1173 2467 granlia,
1189 2430 1266 2465 quasi
1283 2429 1462 2462 pretiosorum
1479 2432 1643 2458 aromatum,
1665 2426 1698 2452 ad
1719 2426 1837 2453 animam

1057 2483 1142 2510 usque
1158 2478 1314 2509 penetrans,
1330 2473 1398 2499 adeo
1417 2476 1446 2499 ut
1462 2471 1603 2506 perculsus
1619 2469 1788 2504 Epiphanius
1804 2470 1838 2497 ad

1057 2522 1167 2555 l0ngum
1194 2524 1302 2553 tempus
1322 2525 1377 2552 pra
1402 2515 1513 2551 stupore
1530 2523 1574 2542 vn
1597 2519 1668 2542 esset
1689 2514 1762 2549 apud
1785 2521 1838 2543 se:

1056 2566 1164 2593 vidente
1192 2564 1295 2591 interea
1319 2563 1399 2590 beato
1422 2562 1531 2589 Andrea
1548 2560 1644 2591 illum,
1667 2559 1714 2594 qui
1735 2566 1837 2586 memo-

1056 2616 1143 2640 ratam
1159 2609 1337 2647 iragrantlam
1359 2608 1528 2636 incessanter
1545 2604 1699 2640 spargebat.
1716 2603 1768 2632 Ubi
1789 2610 1837 2631 au-

258 2786 313 2820 (ιιε)
329 2783 376 2811 Est
391 2783 448 2811 haec
463 2783 533 2810 inter
546 2781 634 2808 varias
648 2778 740 2807 Basilii
754 2778 910 2810 conciones,
926 2777 996 2812 apud
1016 2775 1189 2808 Cornarium,
1208 2774 1305 2803 concio
1324 2773 1367 2802 15.

371 2830 504 2859 Parant.
525 2833 582 2859 tia.
600 2827 680 2858 CXI.

1643 2816 1681 2850 28
