  <div class='ocr_page' id='page_1' title='image "/cluster/home/n/w/nwhite01/storage/ocr_20150623/111/njp.32101077772943/507.png"; bbox 0 0 2015 3081; ppageno 0'>
   <div class='ocr_carea' id='block_1_1' title="bbox 192 107 245 138">
    <p class='ocr_par' dir='ltr' id='par_1_1' title="bbox 192 107 245 138">
     <span class='ocr_line' id='line_1_1' title="bbox 192 107 245 138; baseline 0.019 -1"><span class='ocrx_word' id='word_1_1' title='bbox 192 107 245 138; x_wconf 85' lang='lat'><strong>875</strong></span> 
     </span>
    </p>
   </div>
   <div class='ocr_carea' id='block_1_2' title="bbox 721 100 1260 137">
    <p class='ocr_par' dir='ltr' id='par_1_2' title="bbox 721 100 1260 137">
     <span class='ocr_line' id='line_1_2' title="bbox 721 100 1260 137; baseline -0.011 1"><span class='ocrx_word' id='word_1_2' title='bbox 721 101 929 137; x_wconf 71' lang='lat' dir='ltr'><strong>NICEPHORI</strong></span> <span class='ocrx_word' id='word_1_3' title='bbox 949 101 1185 135; x_wconf 74' lang='lat' dir='ltr'><strong>PRESBYTER!</strong></span> <span class='ocrx_word' id='word_1_4' title='bbox 1207 100 1260 132; x_wconf 75' lang='grc' dir='ltr'><strong>ΟΡ.</strong></span> 
     </span>
    </p>
   </div>
   <div class='ocr_carea' id='block_1_3' title="bbox 1756 100 1808 129">
    <p class='ocr_par' dir='ltr' id='par_1_3' title="bbox 1756 100 1808 129">
     <span class='ocr_line' id='line_1_3' title="bbox 1756 100 1808 129; baseline 0 0"><span class='ocrx_word' id='word_1_5' title='bbox 1756 100 1808 129; x_wconf 81' lang='grc'><strong>876</strong></span> 
     </span>
    </p>
   </div>
   <div class='ocr_carea' id='block_1_4' title="bbox 192 155 980 199">
    <p class='ocr_par' dir='ltr' id='par_1_4' title="bbox 192 161 972 199">
     <span class='ocr_line' id='line_1_4' title="bbox 192 161 972 199; baseline -0.003 -9"><span class='ocrx_word' id='word_1_6' title='bbox 192 166 246 190; x_wconf 85' lang='lat' dir='ltr'><strong>tem</strong></span> <span class='ocrx_word' id='word_1_7' title='bbox 262 162 352 199; x_wconf 68' lang='lat' dir='ltr'><strong>legere</strong></span> <span class='ocrx_word' id='word_1_8' title='bbox 367 163 464 197; x_wconf 80' lang='lat' dir='ltr'><strong>desiit,</strong></span> <span class='ocrx_word' id='word_1_9' title='bbox 478 164 557 192; x_wconf 83' lang='lat' dir='ltr'><strong>desiit</strong></span> <span class='ocrx_word' id='word_1_10' title='bbox 571 169 596 190; x_wconf 84' lang='lat' dir='ltr'><strong>et</strong></span> <span class='ocrx_word' id='word_1_11' title='bbox 613 164 759 198; x_wconf 74' lang='lat' dir='ltr'><strong>fragrantia</strong></span> <span class='ocrx_word' id='word_1_12' title='bbox 777 162 882 190; x_wconf 87' lang='lat' dir='ltr'><strong>sentiri.</strong></span> <span class='ocrx_word' id='word_1_13' title='bbox 895 161 972 194; x_wconf 86' lang='lat' dir='ltr'><strong>Quod</strong></span> 
     </span>
    </p>
   </div>
   <div class='ocr_carea' id='block_1_5' title="bbox 1030 155 1809 199">
    <p class='ocr_par' dir='ltr' id='par_1_5' title="bbox 1030 155 1809 193">
     <span class='ocr_line' id='line_1_5' title="bbox 1030 155 1809 193; baseline -0.008 -6"><span class='ocrx_word' id='word_1_14' title='bbox 1030 160 1052 187; x_wconf 56' lang='lat' dir='ltr'><strong>se</strong></span> <span class='ocrx_word' id='word_1_15' title='bbox 1069 161 1082 187; x_wconf 80' lang='grc'>6</span> <span class='ocrx_word' id='word_1_16' title='bbox 1105 159 1262 193; x_wconf 79' lang='grc' dir='ltr'><strong>Ἐπιφάνιος</strong></span> <span class='ocrx_word' id='word_1_17' title='bbox 1285 158 1343 190; x_wconf 76' lang='grc' dir='ltr'><strong>πῶς</strong></span> <span class='ocrx_word' id='word_1_18' title='bbox 1361 159 1395 192; x_wconf 84' lang='grc' dir='ltr'><strong>τῇ</strong></span> <span class='ocrx_word' id='word_1_19' title='bbox 1414 158 1585 185; x_wconf 75' lang='grc' dir='ltr'><strong>καταπαύσει</strong></span> <span class='ocrx_word' id='word_1_20' title='bbox 1598 155 1644 183; x_wconf 83' lang='grc' dir='ltr'><strong>τοῦ</strong></span> <span class='ocrx_word' id='word_1_21' title='bbox 1667 156 1747 189; x_wconf 81' lang='grc' dir='ltr'><strong>λόγου</strong></span> <span class='ocrx_word' id='word_1_22' title='bbox 1763 157 1809 181; x_wconf 78' lang='grc' dir='ltr'><strong>καὶ</strong></span> 
     </span>
    </p>
   </div>
   <div class='ocr_carea' id='block_1_6' title="bbox 193 207 975 243">
    <p class='ocr_par' dir='ltr' id='par_1_6' title="bbox 193 207 975 243">
     <span class='ocr_line' id='line_1_6' title="bbox 193 207 975 243; baseline -0.001 -9"><span class='ocrx_word' id='word_1_23' title='bbox 193 207 308 235; x_wconf 80' lang='lat' dir='ltr'><strong>miratus</strong></span> <span class='ocrx_word' id='word_1_24' title='bbox 332 209 477 236; x_wconf 80' lang='lat' dir='ltr'><strong>admodum</strong></span> <span class='ocrx_word' id='word_1_25' title='bbox 505 208 692 243; x_wconf 87' lang='lat' dir='ltr'><strong>Epiphanius,</strong></span> <span class='ocrx_word' id='word_1_26' title='bbox 717 208 891 242; x_wconf 71' lang='lat' dir='ltr'><strong>interrogavit</strong></span> <span class='ocrx_word' id='word_1_27' title='bbox 912 214 975 233; x_wconf 79' lang='lat' dir='ltr'><strong>san—</strong></span> 
     </span>
    </p>
   </div>
   <div class='ocr_carea' id='block_1_7' title="bbox 192 251 973 285">
    <p class='ocr_par' dir='ltr' id='par_1_7' title="bbox 192 251 973 285">
     <span class='ocr_line' id='line_1_7' title="bbox 192 251 973 285; baseline -0.001 -7"><span class='ocrx_word' id='word_1_28' title='bbox 192 257 266 278; x_wconf 80' lang='lat' dir='ltr'><strong>ctum</strong></span> <span class='ocrx_word' id='word_1_29' title='bbox 293 251 440 284; x_wconf 80' lang='lat' dir='ltr'><strong>Andream,</strong></span> <span class='ocrx_word' id='word_1_30' title='bbox 456 251 549 279; x_wconf 88' lang='lat' dir='ltr'><strong>dicens</strong></span> <span class='ocrx_word' id='word_1_31' title='bbox 573 259 580 278; x_wconf 86' lang='lat'><strong>:</strong></span> <span class='ocrx_word' id='word_1_32' title='bbox 601 252 654 277; x_wconf 89' lang='lat' dir='ltr'><strong>Oro</strong></span> <span class='ocrx_word' id='word_1_33' title='bbox 677 255 702 278; x_wconf 84' lang='lat' dir='ltr'><strong>te</strong></span> <span class='ocrx_word' id='word_1_34' title='bbox 728 256 809 285; x_wconf 85' lang='lat' dir='ltr'><strong>alque</strong></span> <span class='ocrx_word' id='word_1_35' title='bbox 835 251 948 278; x_wconf 86' lang='lat' dir='ltr'><strong>obsecro</strong></span> <span class='ocrx_word' id='word_1_36' title='bbox 965 270 973 282; x_wconf 86' lang='lat'><strong><em>.</em></strong></span> 
     </span>
    </p>
   </div>
   <div class='ocr_carea' id='block_1_8' title="bbox 193 295 974 330">
    <p class='ocr_par' dir='ltr' id='par_1_8' title="bbox 193 295 974 330">
     <span class='ocr_line' id='line_1_8' title="bbox 193 295 974 330; baseline 0 -8"><span class='ocrx_word' id='word_1_37' title='bbox 193 302 290 329; x_wconf 73' lang='lat' dir='ltr'><strong>magne</strong></span> <span class='ocrx_word' id='word_1_38' title='bbox 303 295 414 323; x_wconf 85' lang='lat' dir='ltr'><strong>domine</strong></span> <span class='ocrx_word' id='word_1_39' title='bbox 424 314 432 327; x_wconf 90' lang='lat'><strong>,</strong></span> <span class='ocrx_word' id='word_1_40' title='bbox 456 303 517 329; x_wconf 70' lang='lat' dir='ltr'><strong>quae</strong></span> <span class='ocrx_word' id='word_1_41' title='bbox 531 295 576 322; x_wconf 89' lang='lat' dir='ltr'><strong>illa</strong></span> <span class='ocrx_word' id='word_1_42' title='bbox 589 316 596 327; x_wconf 85' lang='lat'><strong>,</strong></span> <span class='ocrx_word' id='word_1_43' title='bbox 615 302 695 329; x_wconf 88' lang='lat' dir='ltr'><strong>quam</strong></span> <span class='ocrx_word' id='word_1_44' title='bbox 721 295 801 322; x_wconf 90' lang='lat' dir='ltr'><strong>modo</strong></span> <span class='ocrx_word' id='word_1_45' title='bbox 815 295 974 330; x_wconf 67' lang='lat' dir='ltr'><strong>praelegente</strong></span> 
     </span>
    </p>
   </div>
   <div class='ocr_carea' id='block_1_9' title="bbox 194 339 973 375">
    <p class='ocr_par' dir='ltr' id='par_1_9' title="bbox 194 339 973 375">
     <span class='ocr_line' id='line_1_9' title="bbox 194 339 973 375; baseline -0.003 -7"><span class='ocrx_word' id='word_1_46' title='bbox 194 348 237 369; x_wconf 87' lang='lat' dir='ltr'><strong>me</strong></span> <span class='ocrx_word' id='word_1_47' title='bbox 263 341 453 375; x_wconf 84' lang='lat' dir='ltr'><strong>percepimus.</strong></span> <span class='ocrx_word' id='word_1_48' title='bbox 491 339 657 373; x_wconf 73' lang='lat' dir='ltr'><strong>fragrantia?</strong></span> <span class='ocrx_word' id='word_1_49' title='bbox 688 340 738 367; x_wconf 88' lang='lat' dir='ltr'><strong>Cui</strong></span> <span class='ocrx_word' id='word_1_50' title='bbox 766 342 809 368; x_wconf 87' lang='lat' dir='ltr'><strong>vir</strong></span> <span class='ocrx_word' id='word_1_51' title='bbox 839 345 973 368; x_wconf 82' lang='lat' dir='ltr'><strong>sanctus:</strong></span> 
     </span>
    </p>
   </div>
   <div class='ocr_carea' id='block_1_10' title="bbox 198 383 975 419">
    <p class='ocr_par' dir='ltr' id='par_1_10' title="bbox 198 383 975 419">
     <span class='ocr_line' id='line_1_10' title="bbox 198 383 975 419; baseline 0 -9"><span class='ocrx_word' id='word_1_52' title='bbox 198 393 207 410; x_wconf 75' lang='grc' dir='ltr'><strong>ι</strong></span> <span class='ocrx_word' id='word_1_53' title='bbox 229 383 314 416; x_wconf 81' lang='lat' dir='ltr'><strong>Quam</strong></span> <span class='ocrx_word' id='word_1_54' title='bbox 336 384 424 411; x_wconf 79' lang='lat' dir='ltr'><strong>dulcia</strong></span> <span class='ocrx_word' id='word_1_55' title='bbox 443 383 566 410; x_wconf 80' lang='lat' dir='ltr'><strong>faucibus</strong></span> <span class='ocrx_word' id='word_1_56' title='bbox 588 384 656 411; x_wconf 84' lang='lat' dir='ltr'><strong>meis</strong></span> <span class='ocrx_word' id='word_1_57' title='bbox 677 385 784 419; x_wconf 90' lang='lat' dir='ltr'><strong>eloquia</strong></span> <span class='ocrx_word' id='word_1_58' title='bbox 805 389 851 412; x_wconf 79' lang='lat' dir='ltr'><strong>tua</strong></span> <span class='ocrx_word' id='word_1_59' title='bbox 864 403 873 416; x_wconf 84' lang='lat'><strong>,</strong></span> <span class='ocrx_word' id='word_1_60' title='bbox 893 392 975 418; x_wconf 84' lang='lat' dir='ltr'><strong>super</strong></span> 
     </span>
    </p>
   </div>
   <div class='ocr_carea' id='block_1_11' title="bbox 194 428 974 464">
    <p class='ocr_par' dir='ltr' id='par_1_11' title="bbox 194 428 974 464">
     <span class='ocr_line' id='line_1_11' title="bbox 194 428 974 464; baseline -0.001 -8"><span class='ocrx_word' id='word_1_61' title='bbox 194 429 246 456; x_wconf 88' lang='lat' dir='ltr'><strong>mel</strong></span> <span class='ocrx_word' id='word_1_62' title='bbox 266 428 308 456; x_wconf 90' lang='lat' dir='ltr'><strong>ori</strong></span> <span class='ocrx_word' id='word_1_63' title='bbox 329 436 388 455; x_wconf 90' lang='lat' dir='ltr'><strong>meo</strong></span> <span class='ocrx_word' id='word_1_64' title='bbox 396 428 437 455; x_wconf 85' lang='lat' dir='ltr'><strong>&quot;l</strong></span> <span class='ocrx_word' id='word_1_65' title='bbox 457 437 466 454; x_wconf 78' lang='grc' dir='ltr'><strong>ι</strong></span> <span class='ocrx_word' id='word_1_66' title='bbox 485 428 534 455; x_wconf 89' lang='lat' dir='ltr'><strong>llic</strong></span> <span class='ocrx_word' id='word_1_67' title='bbox 548 435 611 455; x_wconf 79' lang='lat' dir='ltr'><strong>vero</strong></span> <span class='ocrx_word' id='word_1_68' title='bbox 632 436 685 455; x_wconf 89' lang='lat' dir='ltr'><strong>non</strong></span> <span class='ocrx_word' id='word_1_69' title='bbox 701 433 755 456; x_wconf 91' lang='lat' dir='ltr'><strong>tam</strong></span> <span class='ocrx_word' id='word_1_70' title='bbox 771 429 804 457; x_wconf 94' lang='lat' dir='ltr'><strong>de</strong></span> <span class='ocrx_word' id='word_1_71' title='bbox 823 430 974 464; x_wconf 70' lang='lat' dir='ltr'><strong>corporali,</strong></span> 
     </span>
    </p>
   </div>
   <div class='ocr_carea' id='block_1_12' title="bbox 194 473 974 509">
    <p class='ocr_par' dir='ltr' id='par_1_12' title="bbox 194 473 974 509">
     <span class='ocr_line' id='line_1_12' title="bbox 194 473 974 509; baseline -0.001 -8"><span class='ocrx_word' id='word_1_72' title='bbox 194 481 276 509; x_wconf 90' lang='lat' dir='ltr'><strong>quam</strong></span> <span class='ocrx_word' id='word_1_73' title='bbox 302 474 335 500; x_wconf 89' lang='lat' dir='ltr'><strong>de</strong></span> <span class='ocrx_word' id='word_1_74' title='bbox 351 473 486 507; x_wconf 81' lang='lat' dir='ltr'><strong>spirituali</strong></span> <span class='ocrx_word' id='word_1_75' title='bbox 508 481 556 501; x_wconf 89' lang='lat' dir='ltr'><strong>ore</strong></span> <span class='ocrx_word' id='word_1_76' title='bbox 574 478 656 508; x_wconf 88' lang='lat' dir='ltr'><strong>atque</strong></span> <span class='ocrx_word' id='word_1_77' title='bbox 682 474 807 501; x_wconf 80' lang='lat' dir='ltr'><strong>faucibus</strong></span> <span class='ocrx_word' id='word_1_78' title='bbox 822 481 974 501; x_wconf 81' lang='lat' dir='ltr'><strong>sermonem</strong></span> 
     </span>
    </p>
   </div>
   <div class='ocr_carea' id='block_1_13' title="bbox 194 517 975 552">
    <p class='ocr_par' dir='ltr' id='par_1_13' title="bbox 194 517 975 552">
     <span class='ocr_line' id='line_1_13' title="bbox 194 517 975 552; baseline 0 -6"><span class='ocrx_word' id='word_1_79' title='bbox 194 518 252 546; x_wconf 87' lang='lat' dir='ltr'><strong>tlerl</strong></span> <span class='ocrx_word' id='word_1_80' title='bbox 277 517 481 552; x_wconf 75' lang='lat' dir='ltr'><strong>intelligendum</strong></span> <span class='ocrx_word' id='word_1_81' title='bbox 506 523 557 545; x_wconf 87' lang='lat' dir='ltr'><strong>est.</strong></span> <span class='ocrx_word' id='word_1_82' title='bbox 588 518 652 546; x_wconf 87' lang='lat' dir='ltr'><strong>Post</strong></span> <span class='ocrx_word' id='word_1_83' title='bbox 680 519 736 545; x_wconf 67' lang='lat' dir='ltr'><strong>haec</strong></span> <span class='ocrx_word' id='word_1_84' title='bbox 751 519 851 546; x_wconf 87' lang='lat' dir='ltr'><strong>dicenti</strong></span> <span class='ocrx_word' id='word_1_85' title='bbox 879 526 975 546; x_wconf 89' lang='lat' dir='ltr'><strong>rursus</strong></span> 
     </span>
    </p>
   </div>
   <div class='ocr_carea' id='block_1_14' title="bbox 195 561 974 596">
    <p class='ocr_par' dir='ltr' id='par_1_14' title="bbox 195 561 974 596">
     <span class='ocr_line' id='line_1_14' title="bbox 195 561 974 596; baseline 0.003 -9"><span class='ocrx_word' id='word_1_86' title='bbox 195 561 343 596; x_wconf 81' lang='lat' dir='ltr'><strong>Epiphanio</strong></span> <span class='ocrx_word' id='word_1_87' title='bbox 357 570 364 588; x_wconf 93' lang='lat'>:</span> <span class='ocrx_word' id='word_1_88' title='bbox 381 561 461 588; x_wconf 80' lang='lat' dir='ltr'><strong>Missa</strong></span> <span class='ocrx_word' id='word_1_89' title='bbox 477 562 518 589; x_wconf 89' lang='lat' dir='ltr'><strong>fac</strong></span> <span class='ocrx_word' id='word_1_90' title='bbox 533 563 594 594; x_wconf 89' lang='lat' dir='ltr'><strong>ista,</strong></span> <span class='ocrx_word' id='word_1_91' title='bbox 609 567 636 589; x_wconf 84' lang='lat' dir='ltr'><strong>et</strong></span> <span class='ocrx_word' id='word_1_92' title='bbox 651 562 672 589; x_wconf 88' lang='lat' dir='ltr'><strong>si</strong></span> <span class='ocrx_word' id='word_1_93' title='bbox 689 562 752 596; x_wconf 90' lang='lat' dir='ltr'><strong>quid</strong></span> <span class='ocrx_word' id='word_1_94' title='bbox 771 562 884 590; x_wconf 87' lang='lat' dir='ltr'><strong>visionis</strong></span> <span class='ocrx_word' id='word_1_95' title='bbox 899 563 974 589; x_wconf 85' lang='lat' dir='ltr'><strong>obla-</strong></span> 
     </span>
    </p>
   </div>
   <div class='ocr_carea' id='block_1_15' title="bbox 195 606 976 642">
    <p class='ocr_par' dir='ltr' id='par_1_15' title="bbox 195 606 976 642">
     <span class='ocr_line' id='line_1_15' title="bbox 195 606 976 642; baseline 0.001 -9"><span class='ocrx_word' id='word_1_96' title='bbox 195 612 252 634; x_wconf 90' lang='lat' dir='ltr'><strong>tum</strong></span> <span class='ocrx_word' id='word_1_97' title='bbox 267 606 316 634; x_wconf 91' lang='lat' dir='ltr'><strong>tibi</strong></span> <span class='ocrx_word' id='word_1_98' title='bbox 331 608 377 639; x_wconf 84' lang='lat' dir='ltr'><strong>sit,</strong></span> <span class='ocrx_word' id='word_1_99' title='bbox 391 607 529 639; x_wconf 80' lang='lat' dir='ltr'><strong>edissere;</strong></span> <span class='ocrx_word' id='word_1_100' title='bbox 547 607 655 634; x_wconf 89' lang='lat' dir='ltr'><strong>illorum</strong></span> <span class='ocrx_word' id='word_1_101' title='bbox 676 609 775 642; x_wconf 88' lang='lat' dir='ltr'><strong>quippe</strong></span> <span class='ocrx_word' id='word_1_102' title='bbox 788 608 912 634; x_wconf 87' lang='lat' dir='ltr'><strong>notitiam</strong></span> <span class='ocrx_word' id='word_1_103' title='bbox 929 615 976 642; x_wconf 91' lang='lat' dir='ltr'><strong>per</strong></span> 
     </span>
    </p>
   </div>
   <div class='ocr_carea' id='block_1_16' title="bbox 195 653 974 688">
    <p class='ocr_par' dir='ltr' id='par_1_16' title="bbox 195 653 974 688">
     <span class='ocr_line' id='line_1_16' title="bbox 195 653 974 688; baseline 0.001 -9"><span class='ocrx_word' id='word_1_104' title='bbox 195 659 290 688; x_wconf 81' lang='lat' dir='ltr'><strong>preces</strong></span> <span class='ocrx_word' id='word_1_105' title='bbox 311 656 372 680; x_wconf 84' lang='lat' dir='ltr'><strong>tuas</strong></span> <span class='ocrx_word' id='word_1_106' title='bbox 389 657 533 680; x_wconf 76' lang='lat' dir='ltr'><strong>assecutus</strong></span> <span class='ocrx_word' id='word_1_107' title='bbox 555 660 614 680; x_wconf 89' lang='lat' dir='ltr'><strong>sum</strong></span> <span class='ocrx_word' id='word_1_108' title='bbox 636 661 643 679; x_wconf 92' lang='lat'><strong>:</strong></span> <span class='ocrx_word' id='word_1_109' title='bbox 674 653 812 687; x_wconf 82' lang='lat' dir='ltr'><strong>respondit</strong></span> <span class='ocrx_word' id='word_1_110' title='bbox 831 653 974 681; x_wconf 81' lang='lat' dir='ltr'><strong>Andreas:</strong></span> 
     </span>
    </p>
   </div>
   <div class='ocr_carea' id='block_1_17' title="bbox 195 697 975 733">
    <p class='ocr_par' dir='ltr' id='par_1_17' title="bbox 195 697 975 733">
     <span class='ocr_line' id='line_1_17' title="bbox 195 697 975 733; baseline 0.003 -9"><span class='ocrx_word' id='word_1_111' title='bbox 195 697 266 730; x_wconf 83' lang='lat' dir='ltr'><strong>Quid</strong></span> <span class='ocrx_word' id='word_1_112' title='bbox 280 697 441 730; x_wconf 82' lang='lat' dir='ltr'><strong>edisseram,</strong></span> <span class='ocrx_word' id='word_1_113' title='bbox 454 698 633 725; x_wconf 81' lang='lat' dir='ltr'><strong>charissime?</strong></span> <span class='ocrx_word' id='word_1_114' title='bbox 654 697 787 730; x_wconf 84' lang='lat' dir='ltr'><strong>Quamdiu</strong></span> <span class='ocrx_word' id='word_1_115' title='bbox 805 699 904 733; x_wconf 72' lang='lat' dir='ltr'><strong>legisti,</strong></span> <span class='ocrx_word' id='word_1_116' title='bbox 923 698 975 726; x_wconf 85' lang='lat' dir='ltr'><strong>frc-</strong></span> 
     </span>
    </p>
   </div>
   <div class='ocr_carea' id='block_1_18' title="bbox 196 743 975 778">
    <p class='ocr_par' dir='ltr' id='par_1_18' title="bbox 196 743 975 778">
     <span class='ocr_line' id='line_1_18' title="bbox 196 743 975 778; baseline 0.001 -8"><span class='ocrx_word' id='word_1_117' title='bbox 196 748 310 778; x_wconf 84' lang='lat' dir='ltr'><strong>quentes</strong></span> <span class='ocrx_word' id='word_1_118' title='bbox 328 743 372 771; x_wconf 93' lang='lat' dir='ltr'><strong>hic</strong></span> <span class='ocrx_word' id='word_1_119' title='bbox 387 743 499 770; x_wconf 82' lang='lat' dir='ltr'><strong>adfuere</strong></span> <span class='ocrx_word' id='word_1_120' title='bbox 519 744 623 778; x_wconf 71' lang='lat' dir='ltr'><strong>angeli,</strong></span> <span class='ocrx_word' id='word_1_121' title='bbox 647 751 762 778; x_wconf 88' lang='lat' dir='ltr'><strong>quorum</strong></span> <span class='ocrx_word' id='word_1_122' title='bbox 788 752 868 777; x_wconf 84' lang='lat' dir='ltr'><strong>Imus,</strong></span> <span class='ocrx_word' id='word_1_123' title='bbox 888 745 975 772; x_wconf 86' lang='lat' dir='ltr'><strong>sancti</strong></span> 
     </span>
    </p>
   </div>
   <div class='ocr_carea' id='block_1_19' title="bbox 197 789 977 824">
    <p class='ocr_par' dir='ltr' id='par_1_19' title="bbox 197 789 977 824">
     <span class='ocr_line' id='line_1_19' title="bbox 197 789 977 824; baseline 0.001 -8"><span class='ocrx_word' id='word_1_124' title='bbox 197 789 314 824; x_wconf 76' lang='lat' dir='ltr'><strong>Spiritus</strong></span> <span class='ocrx_word' id='word_1_125' title='bbox 329 790 420 821; x_wconf 85' lang='lat' dir='ltr'><strong>verba,</strong></span> <span class='ocrx_word' id='word_1_126' title='bbox 436 789 499 823; x_wconf 90' lang='lat' dir='ltr'><strong>quia</strong></span> <span class='ocrx_word' id='word_1_127' title='bbox 514 790 633 816; x_wconf 81' lang='lat' dir='ltr'><strong>suavitas</strong></span> <span class='ocrx_word' id='word_1_128' title='bbox 647 794 674 816; x_wconf 90' lang='lat' dir='ltr'><strong>et</strong></span> <span class='ocrx_word' id='word_1_129' title='bbox 690 790 781 816; x_wconf 74' lang='lat' dir='ltr'><strong>laetitia</strong></span> <span class='ocrx_word' id='word_1_130' title='bbox 797 793 872 821; x_wconf 83' lang='lat' dir='ltr'><strong>sunt,</strong></span> <span class='ocrx_word' id='word_1_131' title='bbox 891 789 977 817; x_wconf 90' lang='lat' dir='ltr'><strong>hono-</strong></span> 
     </span>
    </p>
   </div>
   <div class='ocr_carea' id='block_1_20' title="bbox 1025 200 1809 240">
    <p class='ocr_par' dir='ltr' id='par_1_20' title="bbox 1025 200 1809 240">
     <span class='ocr_line' id='line_1_20' title="bbox 1025 200 1809 240; baseline -0.008 -10"><span class='ocrx_word' id='word_1_132' title='bbox 1025 206 1042 240; x_wconf 78' lang='grc' dir='ltr'>η</span> <span class='ocrx_word' id='word_1_133' title='bbox 1061 204 1208 239; x_wconf 78' lang='grc' dir='ltr'><strong>μυρίπνοος</strong></span> <span class='ocrx_word' id='word_1_134' title='bbox 1227 202 1326 230; x_wconf 72' lang='grc' dir='ltr'><strong>ιῦωεία</strong></span> <span class='ocrx_word' id='word_1_135' title='bbox 1344 201 1460 237; x_wconf 82' lang='grc' dir='ltr'><strong>ἀπέστη,</strong></span> <span class='ocrx_word' id='word_1_136' title='bbox 1484 200 1611 236; x_wconf 72' lang='grc' dir='ltr'><strong>ἠρώτησα</strong></span> <span class='ocrx_word' id='word_1_137' title='bbox 1634 200 1679 226; x_wconf 66' lang='grc' dir='ltr'><strong>τὸν</strong></span> <span class='ocrx_word' id='word_1_138' title='bbox 1700 200 1809 226; x_wconf 75' lang='grc' dir='ltr'><strong>Δίκαιον</strong></span> 
     </span>
    </p>
   </div>
   <div class='ocr_carea' id='block_1_21' title="bbox 1027 242 1809 283">
    <p class='ocr_par' dir='ltr' id='par_1_21' title="bbox 1027 242 1809 283">
     <span class='ocr_line' id='line_1_21' title="bbox 1027 242 1809 283; baseline -0.009 -7"><span class='ocrx_word' id='word_1_139' title='bbox 1027 250 1131 283; x_wconf 77' lang='grc' dir='ltr'><strong>λέγων’</strong></span> <span class='ocrx_word' id='word_1_140' title='bbox 1147 247 1248 282; x_wconf 76' lang='grc' dir='ltr'><strong>Δέομαί</strong></span> <span class='ocrx_word' id='word_1_141' title='bbox 1265 256 1321 279; x_wconf 74' lang='grc' dir='ltr'><strong>σου,</strong></span> <span class='ocrx_word' id='word_1_142' title='bbox 1334 247 1398 282; x_wconf 87' lang='grc' dir='ltr'><strong>κύρι</strong></span> <span class='ocrx_word' id='word_1_143' title='bbox 1412 247 1427 273; x_wconf 81' lang='grc' dir='ltr'><strong>ό</strong></span> <span class='ocrx_word' id='word_1_144' title='bbox 1454 246 1551 281; x_wconf 80' lang='grc' dir='ltr'><strong>μέγας,</strong></span> <span class='ocrx_word' id='word_1_145' title='bbox 1572 245 1615 276; x_wconf 81' lang='grc' dir='ltr'><strong>τίς</strong></span> <span class='ocrx_word' id='word_1_146' title='bbox 1628 242 1662 280; x_wconf 78' lang='grc' dir='ltr'><strong>ἦν</strong></span> <span class='ocrx_word' id='word_1_147' title='bbox 1679 245 1696 280; x_wconf 76' lang='grc' dir='ltr'><strong>ἡ</strong></span> <span class='ocrx_word' id='word_1_148' title='bbox 1711 244 1809 271; x_wconf 74' lang='grc' dir='ltr'><strong>εὐωδία</strong></span> 
     </span>
    </p>
   </div>
   <div class='ocr_carea' id='block_1_22' title="bbox 1026 290 1810 330">
    <p class='ocr_par' dir='ltr' id='par_1_22' title="bbox 1026 290 1810 330">
     <span class='ocr_line' id='line_1_22' title="bbox 1026 290 1810 330; baseline -0.008 -9"><span class='ocrx_word' id='word_1_149' title='bbox 1026 296 1042 329; x_wconf 84' lang='grc' dir='ltr'>ἡ</span> <span class='ocrx_word' id='word_1_150' title='bbox 1059 294 1111 330; x_wconf 71' lang='grc' dir='ltr'>πρὸ</span> <span class='ocrx_word' id='word_1_151' title='bbox 1125 295 1174 329; x_wconf 87' lang='grc' dir='ltr'><strong>τῆς</strong></span> <span class='ocrx_word' id='word_1_152' title='bbox 1191 294 1264 328; x_wconf 78' lang='grc' dir='ltr'><strong>ὧρας</strong></span> <span class='ocrx_word' id='word_1_153' title='bbox 1278 293 1344 328; x_wconf 78' lang='grc' dir='ltr'><strong>ἡμῖν</strong></span> <span class='ocrx_word' id='word_1_154' title='bbox 1370 293 1514 327; x_wconf 79' lang='grc' dir='ltr'><strong>γενομένη,</strong></span> <span class='ocrx_word' id='word_1_155' title='bbox 1531 291 1648 325; x_wconf 72' lang='grc' dir='ltr'><strong>ὁπηνίκα</strong></span> <span class='ocrx_word' id='word_1_156' title='bbox 1666 290 1712 316; x_wconf 75' lang='grc' dir='ltr'><strong>τὸν</strong></span> <span class='ocrx_word' id='word_1_157' title='bbox 1731 291 1810 323; x_wconf 80' lang='grc' dir='ltr'><strong>λόγον</strong></span> 
     </span>
    </p>
   </div>
   <div class='ocr_carea' id='block_1_23' title="bbox 1025 334 1810 375">
    <p class='ocr_par' dir='ltr' id='par_1_23' title="bbox 1025 334 1810 375">
     <span class='ocr_line' id='line_1_23' title="bbox 1025 334 1810 375; baseline -0.009 -8"><span class='ocrx_word' id='word_1_158' title='bbox 1025 340 1225 375; x_wconf 77' lang='grc' dir='ltr'><strong>διεξηρχόμην;</strong></span> <span class='ocrx_word' id='word_1_159' title='bbox 1245 339 1315 373; x_wconf 85' lang='grc' dir='ltr'><strong>Ἔφη</strong></span> <span class='ocrx_word' id='word_1_160' title='bbox 1338 340 1352 364; x_wconf 83' lang='grc' dir='ltr'>ὀ</span> <span class='ocrx_word' id='word_1_161' title='bbox 1376 339 1528 372; x_wconf 77' lang='grc' dir='ltr'><strong>Μακάριος.</strong></span> <span class='ocrx_word' id='word_1_162' title='bbox 1544 337 1610 368; x_wconf 74' lang='grc' dir='ltr'><strong>(Ὣς</strong></span> <span class='ocrx_word' id='word_1_163' title='bbox 1633 336 1747 369; x_wconf 85' lang='grc' dir='ltr'><strong>γλυκεῖα</strong></span> <span class='ocrx_word' id='word_1_164' title='bbox 1771 334 1810 368; x_wconf 87' lang='grc' dir='ltr'><strong>τῷ</strong></span> 
     </span>
    </p>
   </div>
   <div class='ocr_carea' id='block_1_24' title="bbox 1025 380 1811 420">
    <p class='ocr_par' dir='ltr' id='par_1_24' title="bbox 1025 380 1811 420">
     <span class='ocr_line' id='line_1_24' title="bbox 1025 380 1811 420; baseline -0.009 -8"><span class='ocrx_word' id='word_1_165' title='bbox 1025 385 1144 420; x_wconf 79' lang='grc' dir='ltr'><strong>λάρυγγί</strong></span> <span class='ocrx_word' id='word_1_166' title='bbox 1169 393 1220 419; x_wconf 85' lang='grc' dir='ltr'><strong>μου</strong></span> <span class='ocrx_word' id='word_1_167' title='bbox 1236 385 1269 410; x_wconf 81' lang='grc' dir='ltr'><strong>τὰ</strong></span> <span class='ocrx_word' id='word_1_168' title='bbox 1297 383 1375 416; x_wconf 74' lang='grc' dir='ltr'><strong>λόγιά</strong></span> <span class='ocrx_word' id='word_1_169' title='bbox 1391 382 1528 416; x_wconf 75' lang='grc' dir='ltr'><strong>σου,ὑπὲρ</strong></span> <span class='ocrx_word' id='word_1_170' title='bbox 1555 381 1615 416; x_wconf 84' lang='grc' dir='ltr'><strong>μέλι</strong></span> <span class='ocrx_word' id='word_1_171' title='bbox 1629 381 1669 415; x_wconf 84' lang='grc' dir='ltr'><strong>τῷ</strong></span> <span class='ocrx_word' id='word_1_172' title='bbox 1697 380 1811 414; x_wconf 73' lang='grc' dir='ltr'><strong>στόματί</strong></span> 
     </span>
    </p>
   </div>
   <div class='ocr_carea' id='block_1_25' title="bbox 1027 423 1813 464">
    <p class='ocr_par' dir='ltr' id='par_1_25' title="bbox 1027 423 1813 464">
     <span class='ocr_line' id='line_1_25' title="bbox 1027 423 1813 464; baseline -0.009 -8"><span class='ocrx_word' id='word_1_173' title='bbox 1027 430 1095 464; x_wconf 82' lang='grc' dir='ltr'><strong>μουί</strong></span> <span class='ocrx_word' id='word_1_174' title='bbox 1116 438 1125 455; x_wconf 76' lang='grc' dir='ltr'><strong>ι</strong></span> <span class='ocrx_word' id='word_1_175' title='bbox 1142 429 1247 462; x_wconf 68' lang='lat' dir='ltr'><strong>Nor;th</strong></span> <span class='ocrx_word' id='word_1_176' title='bbox 1261 428 1289 454; x_wconf 76' lang='grc' dir='ltr'><strong>δὲ</strong></span> <span class='ocrx_word' id='word_1_177' title='bbox 1302 428 1354 463; x_wconf 84' lang='grc' dir='ltr'><strong>χρὴ</strong></span> <span class='ocrx_word' id='word_1_178' title='bbox 1371 427 1516 459; x_wconf 82' lang='grc' dir='ltr'><strong>γινώσκειν</strong></span> <span class='ocrx_word' id='word_1_179' title='bbox 1529 426 1559 451; x_wconf 73' lang='grc' dir='ltr'><strong>τὸ</strong></span> <span class='ocrx_word' id='word_1_180' title='bbox 1575 426 1687 459; x_wconf 78' lang='grc' dir='ltr'><strong>στόματι</strong></span> <span class='ocrx_word' id='word_1_181' title='bbox 1711 424 1769 455; x_wconf 75' lang='grc' dir='ltr'><strong>καὶ,</strong></span> <span class='ocrx_word' id='word_1_182' title='bbox 1782 423 1813 449; x_wconf 56' lang='lat' dir='ltr'><strong>at</strong></span> 
     </span>
    </p>
   </div>
   <div class='ocr_carea' id='block_1_26' title="bbox 1026 469 1811 510">
    <p class='ocr_par' dir='ltr' id='par_1_26' title="bbox 1026 469 1811 510">
     <span class='ocr_line' id='line_1_26' title="bbox 1026 469 1811 510; baseline -0.009 -9"><span class='ocrx_word' id='word_1_183' title='bbox 1026 475 1155 510; x_wconf 85' lang='grc' dir='ltr'><strong>λάρυγγι,</strong></span> <span class='ocrx_word' id='word_1_184' title='bbox 1182 473 1248 508; x_wconf 76' lang='grc' dir='ltr'><strong>περὶ</strong></span> <span class='ocrx_word' id='word_1_185' title='bbox 1270 473 1317 499; x_wconf 82' lang='grc' dir='ltr'><strong>τοῦ</strong></span> <span class='ocrx_word' id='word_1_186' title='bbox 1334 471 1448 507; x_wconf 69' lang='grc' dir='ltr'><strong>ψυχικοῦ</strong></span> <span class='ocrx_word' id='word_1_187' title='bbox 1461 472 1598 505; x_wconf 79' lang='grc' dir='ltr'><strong>λάρυγγος</strong></span> <span class='ocrx_word' id='word_1_188' title='bbox 1615 472 1663 496; x_wconf 80' lang='grc' dir='ltr'><strong>καὶ</strong></span> <span class='ocrx_word' id='word_1_189' title='bbox 1678 469 1811 503; x_wconf 79' lang='grc' dir='ltr'><strong>στόματος</strong></span> 
     </span>
    </p>
   </div>
   <div class='ocr_carea' id='block_1_27' title="bbox 1027 513 1810 555">
    <p class='ocr_par' dir='ltr' id='par_1_27' title="bbox 1027 513 1810 555">
     <span class='ocr_line' id='line_1_27' title="bbox 1027 513 1810 555; baseline -0.009 -8"><span class='ocrx_word' id='word_1_190' title='bbox 1027 522 1148 555; x_wconf 76' lang='grc' dir='ltr'><strong>εἴρηκεν.</strong></span> <span class='ocrx_word' id='word_1_191' title='bbox 1174 519 1330 553; x_wconf 80' lang='grc' dir='ltr'><strong>Ἑπιφάνιος</strong></span> <span class='ocrx_word' id='word_1_192' title='bbox 1347 516 1443 544; x_wconf 80' lang='grc' dir='ltr'><strong>εἶπεν·</strong></span> <span class='ocrx_word' id='word_1_193' title='bbox 1463 518 1547 549; x_wconf 62' lang='grc' dir='ltr'><strong>Ἀφες</strong></span> <span class='ocrx_word' id='word_1_194' title='bbox 1569 516 1666 547; x_wconf 82' lang='grc' dir='ltr'><strong>ταῦτα,</strong></span> <span class='ocrx_word' id='word_1_195' title='bbox 1689 516 1735 541; x_wconf 80' lang='grc' dir='ltr'><strong>καὶ</strong></span> <span class='ocrx_word' id='word_1_196' title='bbox 1749 513 1810 540; x_wconf 55' lang='lat' dir='ltr'><strong>sine</strong></span> 
     </span>
    </p>
   </div>
   <div class='ocr_carea' id='block_1_28' title="bbox 1029 559 1810 601">
    <p class='ocr_par' dir='ltr' id='par_1_28' title="bbox 1029 559 1810 601">
     <span class='ocr_line' id='line_1_28' title="bbox 1029 559 1810 601; baseline -0.01 -9"><span class='ocrx_word' id='word_1_197' title='bbox 1029 574 1074 601; x_wconf 86' lang='grc' dir='ltr'><strong>μοι</strong></span> <span class='ocrx_word' id='word_1_198' title='bbox 1087 566 1110 591; x_wconf 87' lang='grc' dir='ltr'><strong>εί</strong></span> <span class='ocrx_word' id='word_1_199' title='bbox 1125 565 1198 599; x_wconf 70' lang='grc' dir='ltr'><strong>ἔχεις</strong></span> <span class='ocrx_word' id='word_1_200' title='bbox 1215 573 1239 590; x_wconf 84' lang='grc' dir='ltr'><strong>τι</strong></span> <span class='ocrx_word' id='word_1_201' title='bbox 1257 564 1311 591; x_wconf 77' lang='grc' dir='ltr'><strong>ἀπὸ</strong></span> <span class='ocrx_word' id='word_1_202' title='bbox 1325 563 1442 598; x_wconf 79' lang='grc' dir='ltr'><strong>θεωρίας</strong></span> <span class='ocrx_word' id='word_1_203' title='bbox 1453 570 1460 577; x_wconf 89' lang='grc'><strong>·</strong></span> <span class='ocrx_word' id='word_1_204' title='bbox 1477 559 1534 588; x_wconf 78' lang='grc' dir='ltr'><strong>οἶδα</strong></span> <span class='ocrx_word' id='word_1_205' title='bbox 1546 560 1600 596; x_wconf 85' lang='grc' dir='ltr'><strong>γὰρ</strong></span> <span class='ocrx_word' id='word_1_206' title='bbox 1613 559 1690 594; x_wconf 80' lang='grc' dir='ltr'><strong>κάγὼ</strong></span> <span class='ocrx_word' id='word_1_207' title='bbox 1702 559 1746 586; x_wconf 79' lang='grc' dir='ltr'><strong>διὰ</strong></span> <span class='ocrx_word' id='word_1_208' title='bbox 1756 559 1810 585; x_wconf 79' lang='grc' dir='ltr'><strong>τῶν</strong></span> 
     </span>
    </p>
   </div>
   <div class='ocr_carea' id='block_1_29' title="bbox 1025 604 1811 646">
    <p class='ocr_par' dir='ltr' id='par_1_29' title="bbox 1025 604 1811 646">
     <span class='ocr_line' id='line_1_29' title="bbox 1025 604 1811 646; baseline -0.009 -9"><span class='ocrx_word' id='word_1_209' title='bbox 1025 612 1124 646; x_wconf 78' lang='grc' dir='ltr'><strong>τιμίων</strong></span> <span class='ocrx_word' id='word_1_210' title='bbox 1141 619 1188 636; x_wconf 89' lang='grc' dir='ltr'><strong>σου</strong></span> <span class='ocrx_word' id='word_1_211' title='bbox 1210 610 1330 644; x_wconf 77' lang='grc' dir='ltr'><strong>δεήσεων</strong></span> <span class='ocrx_word' id='word_1_212' title='bbox 1353 609 1450 636; x_wconf 80' lang='grc' dir='ltr'><strong>ταῦτα.</strong></span> <span class='ocrx_word' id='word_1_213' title='bbox 1472 608 1500 634; x_wconf 91' lang='lat'><strong>&#39;0</strong></span> <span class='ocrx_word' id='word_1_214' title='bbox 1526 606 1669 641; x_wconf 74' lang='grc' dir='ltr'><strong>Μακάριος</strong></span> <span class='ocrx_word' id='word_1_215' title='bbox 1685 606 1737 640; x_wconf 75' lang='grc' dir='ltr'><strong>ἔφη</strong></span> <span class='ocrx_word' id='word_1_216' title='bbox 1750 613 1757 620; x_wconf 94' lang='grc'><strong>·</strong></span> <span class='ocrx_word' id='word_1_217' title='bbox 1778 604 1811 630; x_wconf 88' lang='grc' dir='ltr'><strong>Τί</strong></span> 
     </span>
    </p>
   </div>
   <div class='ocr_carea' id='block_1_30' title="bbox 1028 649 1811 688">
    <p class='ocr_par' dir='ltr' id='par_1_30' title="bbox 1028 649 1811 688">
     <span class='ocr_line' id='line_1_30' title="bbox 1028 649 1811 688; baseline -0.009 -7"><span class='ocrx_word' id='word_1_218' title='bbox 1028 663 1068 681; x_wconf 80' lang='grc' dir='ltr'><strong>,τοι</strong></span> <span class='ocrx_word' id='word_1_219' title='bbox 1084 655 1152 681; x_wconf 82' lang='grc' dir='ltr'><strong>θέλω</strong></span> <span class='ocrx_word' id='word_1_220' title='bbox 1168 655 1266 686; x_wconf 73' lang='grc' dir='ltr'><strong>εἰπεῖν,</strong></span> <span class='ocrx_word' id='word_1_221' title='bbox 1280 653 1390 688; x_wconf 80' lang='grc' dir='ltr'><strong>φίλτατέ</strong></span> <span class='ocrx_word' id='word_1_222' title='bbox 1407 660 1472 687; x_wconf 70' lang='grc' dir='ltr'><strong>μους</strong></span> <span class='ocrx_word' id='word_1_223' title='bbox 1490 651 1620 685; x_wconf 76' lang='grc' dir='ltr'><strong>Ἄγγελοι</strong></span> <span class='ocrx_word' id='word_1_224' title='bbox 1636 651 1690 685; x_wconf 79' lang='grc' dir='ltr'><strong>γὰρ</strong></span> <span class='ocrx_word' id='word_1_225' title='bbox 1707 649 1811 683; x_wconf 82' lang='grc' dir='ltr'><strong>Κυρίου</strong></span> 
     </span>
    </p>
   </div>
   <div class='ocr_carea' id='block_1_31' title="bbox 1025 692 1811 734">
    <p class='ocr_par' dir='ltr' id='par_1_31' title="bbox 1025 692 1811 734">
     <span class='ocr_line' id='line_1_31' title="bbox 1025 692 1811 734; baseline -0.006 -9"><span class='ocrx_word' id='word_1_226' title='bbox 1025 697 1096 734; x_wconf 78' lang='grc' dir='ltr'><strong>ἦσαν</strong></span> <span class='ocrx_word' id='word_1_227' title='bbox 1120 699 1208 725; x_wconf 78' lang='grc' dir='ltr'><strong>ἱκανοὶ</strong></span> <span class='ocrx_word' id='word_1_228' title='bbox 1227 698 1272 724; x_wconf 71' lang='grc' dir='ltr'><strong>ἐπὶ</strong></span> <span class='ocrx_word' id='word_1_229' title='bbox 1297 698 1327 724; x_wconf 77' lang='grc' dir='ltr'><strong>τὸ</strong></span> <span class='ocrx_word' id='word_1_230' title='bbox 1349 698 1414 724; x_wconf 84' lang='grc' dir='ltr'><strong>αὐτὸ</strong></span> <span class='ocrx_word' id='word_1_231' title='bbox 1431 697 1467 729; x_wconf 81' lang='grc' dir='ltr'><strong>ὡς</strong></span> <span class='ocrx_word' id='word_1_232' title='bbox 1491 696 1672 730; x_wconf 81' lang='grc' dir='ltr'><strong>ἁνεγίνωσκες</strong></span> <span class='ocrx_word' id='word_1_233' title='bbox 1686 703 1694 710; x_wconf 81' lang='lat'><strong>&#39;</strong></span> <span class='ocrx_word' id='word_1_234' title='bbox 1721 692 1762 726; x_wconf 81' lang='grc' dir='ltr'><strong>εἷς</strong></span> <span class='ocrx_word' id='word_1_235' title='bbox 1783 694 1811 720; x_wconf 78' lang='grc' dir='ltr'><strong>δὲ</strong></span> 
     </span>
    </p>
   </div>
   <div class='ocr_carea' id='block_1_32' title="bbox 1026 740 1810 779">
    <p class='ocr_par' dir='ltr' id='par_1_32' title="bbox 1026 740 1810 779">
     <span class='ocr_line' id='line_1_32' title="bbox 1026 740 1810 779; baseline -0.006 -8"><span class='ocrx_word' id='word_1_236' title='bbox 1026 745 1056 778; x_wconf 77' lang='grc' dir='ltr'><strong>ἐξ</strong></span> <span class='ocrx_word' id='word_1_237' title='bbox 1068 744 1167 776; x_wconf 72' lang='grc' dir='ltr'><strong>αὐτῶν,</strong></span> <span class='ocrx_word' id='word_1_238' title='bbox 1182 744 1299 776; x_wconf 80' lang='grc' dir='ltr'><strong>δοξάζων</strong></span> <span class='ocrx_word' id='word_1_239' title='bbox 1314 744 1348 770; x_wconf 74' lang='grc' dir='ltr'><strong>τὰ</strong></span> <span class='ocrx_word' id='word_1_240' title='bbox 1360 744 1470 779; x_wconf 80' lang='grc' dir='ltr'><strong>ῥήματα</strong></span> <span class='ocrx_word' id='word_1_241' title='bbox 1485 742 1532 769; x_wconf 84' lang='grc' dir='ltr'><strong>τοῦ</strong></span> <span class='ocrx_word' id='word_1_242' title='bbox 1544 743 1623 775; x_wconf 80' lang='grc' dir='ltr'><strong>ἁγίου</strong></span> <span class='ocrx_word' id='word_1_243' title='bbox 1640 740 1810 774; x_wconf 82' lang='grc' dir='ltr'><strong>Πνεύματος,</strong></span> 
     </span>
    </p>
   </div>
   <div class='ocr_carea' id='block_1_33' title="bbox 1027 785 1814 824">
    <p class='ocr_par' dir='ltr' id='par_1_33' title="bbox 1027 785 1814 824">
     <span class='ocr_line' id='line_1_33' title="bbox 1027 785 1814 824; baseline -0.008 -8"><span class='ocrx_word' id='word_1_244' title='bbox 1027 790 1120 816; x_wconf 77' lang='grc' dir='ltr'><strong>καθότι</strong></span> <span class='ocrx_word' id='word_1_245' title='bbox 1135 789 1270 824; x_wconf 77' lang='grc' dir='ltr'><strong>εἰφρασία</strong></span> <span class='ocrx_word' id='word_1_246' title='bbox 1287 789 1360 816; x_wconf 76' lang='grc' dir='ltr'><strong>ἐστὶν</strong></span> <span class='ocrx_word' id='word_1_247' title='bbox 1373 788 1520 823; x_wconf 75' lang='grc' dir='ltr'><strong>ἡδύνουσα.</strong></span> <span class='ocrx_word' id='word_1_248' title='bbox 1537 786 1667 821; x_wconf 74' lang='grc' dir='ltr'><strong>ὲθυμίαξε</strong></span> <span class='ocrx_word' id='word_1_249' title='bbox 1699 785 1814 820; x_wconf 82' lang='grc' dir='ltr'><strong>θεοπρε-</strong></span> 
     </span>
    </p>
   </div>
   <div class='ocr_carea' id='block_1_34' title="bbox 197 826 980 869">
    <p class='ocr_par' dir='ltr' id='par_1_34' title="bbox 197 835 978 868">
     <span class='ocr_line' id='line_1_34' title="bbox 197 835 978 868; baseline 0.001 -6"><span class='ocrx_word' id='word_1_250' title='bbox 197 843 259 862; x_wconf 80' lang='lat' dir='ltr'><strong>rare</strong></span> <span class='ocrx_word' id='word_1_251' title='bbox 273 835 377 868; x_wconf 82' lang='lat' dir='ltr'><strong>volens,</strong></span> <span class='ocrx_word' id='word_1_252' title='bbox 392 835 517 862; x_wconf 77' lang='lat' dir='ltr'><strong>adolebat</strong></span> <span class='ocrx_word' id='word_1_253' title='bbox 530 835 610 863; x_wconf 85' lang='lat' dir='ltr'><strong>hilari</strong></span> <span class='ocrx_word' id='word_1_254' title='bbox 623 843 684 863; x_wconf 91' lang='lat' dir='ltr'><strong>cum</strong></span> <span class='ocrx_word' id='word_1_255' title='bbox 699 836 773 863; x_wconf 85' lang='lat' dir='ltr'><strong>vultu</strong></span> <span class='ocrx_word' id='word_1_256' title='bbox 787 835 905 864; x_wconf 83' lang='lat' dir='ltr'><strong>sufﬁtum</strong></span> <span class='ocrx_word' id='word_1_257' title='bbox 922 835 978 864; x_wconf 89' lang='lat' dir='ltr'><strong>Deo</strong></span> 
     </span>
    </p>
   </div>
   <div class='ocr_carea' id='block_1_35' title="bbox 1030 826 1296 869">
    <p class='ocr_par' dir='ltr' id='par_1_35' title="bbox 1031 833 1296 869">
     <span class='ocr_line' id='line_1_35' title="bbox 1031 833 1296 869; baseline 0.004 -8"><span class='ocrx_word' id='word_1_258' title='bbox 1031 836 1088 867; x_wconf 78' lang='grc' dir='ltr'><strong>πῶς</strong></span> <span class='ocrx_word' id='word_1_259' title='bbox 1095 833 1203 869; x_wconf 69' lang='grc' dir='ltr'><strong>’ἀγαλλό</strong></span> <span class='ocrx_word' id='word_1_260' title='bbox 1206 843 1296 869; x_wconf 81' lang='grc' dir='ltr'><strong>μενος.</strong></span> 
     </span>
    </p>
   </div>
   <div class='ocr_carea' id='block_1_36' title="bbox 197 880 319 915">
    <p class='ocr_par' dir='ltr' id='par_1_36' title="bbox 197 880 319 915">
     <span class='ocr_line' id='line_1_36' title="bbox 197 880 319 915; baseline 0.025 -9"><span class='ocrx_word' id='word_1_261' title='bbox 197 880 319 915; x_wconf 69' lang='lat' dir='ltr'><strong>dignum.</strong></span> 
     </span>
    </p>
   </div>
   <div class='ocr_carea' id='block_1_37' title="bbox 232 925 978 961">
    <p class='ocr_par' dir='ltr' id='par_1_37' title="bbox 232 925 978 961">
     <span class='ocr_line' id='line_1_37' title="bbox 232 925 978 961; baseline 0.003 -10"><span class='ocrx_word' id='word_1_262' title='bbox 232 925 296 952; x_wconf 57' lang='grc' dir='ltr'><strong>ξω.</strong></span> <span class='ocrx_word' id='word_1_263' title='bbox 323 925 375 957; x_wconf 79' lang='lat' dir='ltr'><strong>At.</strong></span> <span class='ocrx_word' id='word_1_264' title='bbox 403 925 535 954; x_wconf 86' lang='lat' dir='ltr'><strong>inferente</strong></span> <span class='ocrx_word' id='word_1_265' title='bbox 577 926 746 961; x_wconf 88' lang='lat' dir='ltr'><strong>Epiphanio,</strong></span> <span class='ocrx_word' id='word_1_266' title='bbox 788 925 863 954; x_wconf 83' lang='lat' dir='ltr'><strong>Unde</strong></span> <span class='ocrx_word' id='word_1_267' title='bbox 891 926 978 961; x_wconf 68' lang='lat' dir='ltr'><strong>angeli</strong></span> 
     </span>
    </p>
   </div>
   <div class='ocr_carea' id='block_1_38' title="bbox 198 970 980 1003">
    <p class='ocr_par' dir='ltr' id='par_1_38' title="bbox 198 970 980 1003">
     <span class='ocr_line' id='line_1_38' title="bbox 198 970 980 1003; baseline -0.001 -5"><span class='ocrx_word' id='word_1_268' title='bbox 198 970 317 998; x_wconf 81' lang='lat' dir='ltr'><strong>sullltutn</strong></span> <span class='ocrx_word' id='word_1_269' title='bbox 337 971 389 998; x_wconf 87' lang='lat' dir='ltr'><strong>sibi</strong></span> <span class='ocrx_word' id='word_1_270' title='bbox 403 991 412 1003; x_wconf 88' lang='lat'><strong>,</strong></span> <span class='ocrx_word' id='word_1_271' title='bbox 441 971 513 998; x_wconf 90' lang='lat' dir='ltr'><strong>unde</strong></span> <span class='ocrx_word' id='word_1_272' title='bbox 539 972 706 998; x_wconf 89' lang='lat' dir='ltr'><strong>thurihulum</strong></span> <span class='ocrx_word' id='word_1_273' title='bbox 720 991 728 1003; x_wconf 90' lang='lat'><strong>,</strong></span> <span class='ocrx_word' id='word_1_274' title='bbox 755 971 827 998; x_wconf 84' lang='lat' dir='ltr'><strong>unde</strong></span> <span class='ocrx_word' id='word_1_275' title='bbox 849 972 980 999; x_wconf 83' lang='lat' dir='ltr'><strong>carbones</strong></span> 
     </span>
    </p>
   </div>
   <div class='ocr_carea' id='block_1_39' title="bbox 198 1016 980 1051">
    <p class='ocr_par' dir='ltr' id='par_1_39' title="bbox 198 1016 980 1051">
     <span class='ocr_line' id='line_1_39' title="bbox 198 1016 980 1051; baseline 0.001 -8"><span class='ocrx_word' id='word_1_276' title='bbox 198 1021 383 1050; x_wconf 87' lang='lat' dir='ltr'><strong>comparant,</strong></span> <span class='ocrx_word' id='word_1_277' title='bbox 414 1016 634 1051; x_wconf 76' lang='lat' dir='ltr'><strong>quandoquidem</strong></span> <span class='ocrx_word' id='word_1_278' title='bbox 663 1017 729 1050; x_wconf 72' lang='lat' dir='ltr'><strong>ipsis</strong></span> <span class='ocrx_word' id='word_1_279' title='bbox 756 1017 980 1044; x_wconf 83' lang='lat' dir='ltr'><strong>immaterialibus</strong></span> 
     </span>
    </p>
   </div>
   <div class='ocr_carea' id='block_1_40' title="bbox 199 1061 980 1096">
    <p class='ocr_par' dir='ltr' id='par_1_40' title="bbox 199 1061 980 1096">
     <span class='ocr_line' id='line_1_40' title="bbox 199 1061 980 1096; baseline -0.001 -7"><span class='ocrx_word' id='word_1_280' title='bbox 199 1061 273 1089; x_wconf 85' lang='lat' dir='ltr'><strong>nulla</strong></span> <span class='ocrx_word' id='word_1_281' title='bbox 297 1068 357 1088; x_wconf 89' lang='lat' dir='ltr'><strong>cum</strong></span> <span class='ocrx_word' id='word_1_282' title='bbox 376 1061 457 1089; x_wconf 83' lang='lat' dir='ltr'><strong>rebus</strong></span> <span class='ocrx_word' id='word_1_283' title='bbox 481 1061 631 1089; x_wconf 76' lang='lat' dir='ltr'><strong>materiatis</strong></span> <span class='ocrx_word' id='word_1_284' title='bbox 647 1061 802 1096; x_wconf 69' lang='lat' dir='ltr'><strong>coniunctio</strong></span> <span class='ocrx_word' id='word_1_285' title='bbox 836 1061 892 1088; x_wconf 81' lang='lat' dir='ltr'><strong>sit?</strong></span> <span class='ocrx_word' id='word_1_286' title='bbox 916 1066 980 1088; x_wconf 88' lang='lat' dir='ltr'><strong>tttnc</strong></span> 
     </span>
    </p>
   </div>
   <div class='ocr_carea' id='block_1_41' title="bbox 199 1107 977 1139">
    <p class='ocr_par' dir='ltr' id='par_1_41' title="bbox 199 1107 977 1139">
     <span class='ocr_line' id='line_1_41' title="bbox 199 1107 977 1139; baseline -0.001 -4"><span class='ocrx_word' id='word_1_287' title='bbox 199 1108 308 1135; x_wconf 87' lang='lat' dir='ltr'><strong>intuens</strong></span> <span class='ocrx_word' id='word_1_288' title='bbox 327 1107 353 1134; x_wconf 94' lang='lat' dir='ltr'><strong>in</strong></span> <span class='ocrx_word' id='word_1_289' title='bbox 367 1115 428 1135; x_wconf 90' lang='lat' dir='ltr'><strong>eum</strong></span> <span class='ocrx_word' id='word_1_290' title='bbox 450 1107 492 1134; x_wconf 86' lang='lat' dir='ltr'><strong>vir</strong></span> <span class='ocrx_word' id='word_1_291' title='bbox 512 1107 622 1139; x_wconf 83' lang='lat' dir='ltr'><strong>beatus,</strong></span> <span class='ocrx_word' id='word_1_292' title='bbox 640 1112 666 1134; x_wconf 91' lang='lat' dir='ltr'><strong>et</strong></span> <span class='ocrx_word' id='word_1_293' title='bbox 682 1114 792 1134; x_wconf 84' lang='lat' dir='ltr'><strong>manum</strong></span> <span class='ocrx_word' id='word_1_294' title='bbox 809 1107 957 1134; x_wconf 78' lang='lat' dir='ltr'><strong>extendens</strong></span> <span class='ocrx_word' id='word_1_295' title='bbox 971 1116 977 1133; x_wconf 91' lang='lat'><strong>:</strong></span> 
     </span>
    </p>
   </div>
   <div class='ocr_carea' id='block_1_42' title="bbox 200 1152 978 1188">
    <p class='ocr_par' dir='ltr' id='par_1_42' title="bbox 200 1152 978 1188">
     <span class='ocr_line' id='line_1_42' title="bbox 200 1152 978 1188; baseline -0.001 -9"><span class='ocrx_word' id='word_1_296' title='bbox 200 1153 339 1186; x_wconf 74' lang='lat' dir='ltr'><strong>Miranda,</strong></span> <span class='ocrx_word' id='word_1_297' title='bbox 365 1153 471 1188; x_wconf 84' lang='lat' dir='ltr'><strong>inquit,</strong></span> <span class='ocrx_word' id='word_1_298' title='bbox 496 1153 523 1179; x_wconf 94' lang='lat' dir='ltr'><strong>in</strong></span> <span class='ocrx_word' id='word_1_299' title='bbox 550 1152 668 1179; x_wconf 89' lang='lat' dir='ltr'><strong>medium</strong></span> <span class='ocrx_word' id='word_1_300' title='bbox 696 1153 794 1185; x_wconf 42' lang='grc' dir='ltr'><strong>ωιτη,</strong></span> <span class='ocrx_word' id='word_1_301' title='bbox 825 1153 860 1179; x_wconf 92' lang='lat' dir='ltr'><strong>mi</strong></span> <span class='ocrx_word' id='word_1_302' title='bbox 887 1153 978 1179; x_wconf 82' lang='lat' dir='ltr'><strong>homo.</strong></span> 
     </span>
    </p>
   </div>
   <div class='ocr_carea' id='block_1_43' title="bbox 201 1197 980 1233">
    <p class='ocr_par' dir='ltr' id='par_1_43' title="bbox 201 1197 980 1233">
     <span class='ocr_line' id='line_1_43' title="bbox 201 1197 980 1233; baseline 0.001 -9"><span class='ocrx_word' id='word_1_303' title='bbox 201 1197 301 1225; x_wconf 84' lang='lat' dir='ltr'><strong>Verum</strong></span> <span class='ocrx_word' id='word_1_304' title='bbox 327 1198 388 1232; x_wconf 89' lang='lat' dir='ltr'><strong>quis</strong></span> <span class='ocrx_word' id='word_1_305' title='bbox 418 1199 485 1230; x_wconf 86' lang='lat' dir='ltr'><strong>tibi,</strong></span> <span class='ocrx_word' id='word_1_306' title='bbox 513 1198 622 1233; x_wconf 75' lang='lat' dir='ltr'><strong>angelos</strong></span> <span class='ocrx_word' id='word_1_307' title='bbox 648 1199 833 1232; x_wconf 84' lang='lat' dir='ltr'><strong>perceptibilia</strong></span> <span class='ocrx_word' id='word_1_308' title='bbox 855 1198 980 1226; x_wconf 70' lang='lat' dir='ltr'><strong>sensibus</strong></span> 
     </span>
    </p>
   </div>
   <div class='ocr_carea' id='block_1_44' title="bbox 201 1243 980 1277">
    <p class='ocr_par' dir='ltr' id='par_1_44' title="bbox 201 1243 980 1277">
     <span class='ocr_line' id='line_1_44' title="bbox 201 1243 980 1277; baseline 0 -7"><span class='ocrx_word' id='word_1_309' title='bbox 201 1243 352 1276; x_wconf 86' lang='lat' dir='ltr'><strong>thuribula,</strong></span> <span class='ocrx_word' id='word_1_310' title='bbox 366 1243 428 1276; x_wconf 86' lang='lat' dir='ltr'><strong>quis</strong></span> <span class='ocrx_word' id='word_1_311' title='bbox 439 1243 533 1270; x_wconf 89' lang='lat' dir='ltr'><strong>mundi</strong></span> <span class='ocrx_word' id='word_1_312' title='bbox 549 1243 631 1277; x_wconf 86' lang='lat' dir='ltr'><strong>hujus</strong></span> <span class='ocrx_word' id='word_1_313' title='bbox 644 1243 772 1274; x_wconf 82' lang='lat' dir='ltr'><strong>suﬂitum.</strong></span> <span class='ocrx_word' id='word_1_314' title='bbox 788 1247 835 1269; x_wconf 89' lang='lat' dir='ltr'><strong>aut</strong></span> <span class='ocrx_word' id='word_1_315' title='bbox 849 1243 980 1270; x_wconf 79' lang='lat' dir='ltr'><strong>carbones</strong></span> 
     </span>
    </p>
   </div>
   <div class='ocr_carea' id='block_1_45' title="bbox 200 1286 981 1322">
    <p class='ocr_par' dir='ltr' id='par_1_45' title="bbox 200 1286 981 1322">
     <span class='ocr_line' id='line_1_45' title="bbox 200 1286 981 1322; baseline -0.001 -8"><span class='ocrx_word' id='word_1_316' title='bbox 200 1287 330 1314; x_wconf 77' lang='lat' dir='ltr'><strong>adhibere</strong></span> <span class='ocrx_word' id='word_1_317' title='bbox 355 1288 439 1314; x_wconf 72' lang='lat' dir='ltr'><strong>dixit?</strong></span> <span class='ocrx_word' id='word_1_318' title='bbox 458 1286 513 1320; x_wconf 86' lang='lat' dir='ltr'><strong>Qui</strong></span> <span class='ocrx_word' id='word_1_319' title='bbox 537 1288 634 1322; x_wconf 81' lang='lat' dir='ltr'><strong>spiritu</strong></span> <span class='ocrx_word' id='word_1_320' title='bbox 653 1287 711 1314; x_wconf 84' lang='lat' dir='ltr'><strong>solo</strong></span> <span class='ocrx_word' id='word_1_321' title='bbox 738 1292 873 1319; x_wconf 82' lang='lat' dir='ltr'><strong>constant,</strong></span> <span class='ocrx_word' id='word_1_322' title='bbox 902 1288 981 1322; x_wconf 88' lang='lat' dir='ltr'><strong>spiri-</strong></span> 
     </span>
    </p>
   </div>
   <div class='ocr_carea' id='block_1_46' title="bbox 201 1331 981 1365">
    <p class='ocr_par' dir='ltr' id='par_1_46' title="bbox 201 1331 981 1365">
     <span class='ocr_line' id='line_1_46' title="bbox 201 1331 981 1365; baseline -0.001 -7"><span class='ocrx_word' id='word_1_323' title='bbox 201 1332 305 1363; x_wconf 85' lang='lat' dir='ltr'><strong>tualia,</strong></span> <span class='ocrx_word' id='word_1_324' title='bbox 331 1331 378 1365; x_wconf 92' lang='lat' dir='ltr'><strong>qui</strong></span> <span class='ocrx_word' id='word_1_325' title='bbox 397 1338 428 1358; x_wconf 77' lang='lat' dir='ltr'><strong>ex</strong></span> <span class='ocrx_word' id='word_1_326' title='bbox 452 1331 564 1358; x_wconf 86' lang='lat' dir='ltr'><strong>materia</strong></span> <span class='ocrx_word' id='word_1_327' title='bbox 583 1331 737 1364; x_wconf 85' lang='lat' dir='ltr'><strong>compacti,</strong></span> <span class='ocrx_word' id='word_1_328' title='bbox 760 1332 901 1358; x_wconf 81' lang='lat' dir='ltr'><strong>nateriata</strong></span> <span class='ocrx_word' id='word_1_329' title='bbox 926 1336 981 1358; x_wconf 86' lang='lat' dir='ltr'><strong>tra-</strong></span> 
     </span>
    </p>
   </div>
   <div class='ocr_carea' id='block_1_47' title="bbox 201 1375 980 1410">
    <p class='ocr_par' dir='ltr' id='par_1_47' title="bbox 201 1375 980 1410">
     <span class='ocr_line' id='line_1_47' title="bbox 201 1375 980 1410; baseline 0.001 -8"><span class='ocrx_word' id='word_1_330' title='bbox 201 1379 286 1403; x_wconf 84' lang='lat' dir='ltr'><strong>ctant.</strong></span> <span class='ocrx_word' id='word_1_331' title='bbox 303 1375 399 1410; x_wconf 71' lang='lat' dir='ltr'><strong>Angeli</strong></span> <span class='ocrx_word' id='word_1_332' title='bbox 428 1383 492 1403; x_wconf 75' lang='lat' dir='ltr'><strong>vero</strong></span> <span class='ocrx_word' id='word_1_333' title='bbox 518 1383 581 1402; x_wconf 90' lang='lat' dir='ltr'><strong>cunt</strong></span> <span class='ocrx_word' id='word_1_334' title='bbox 609 1376 749 1403; x_wconf 84' lang='lat' dir='ltr'><strong>incensum</strong></span> <span class='ocrx_word' id='word_1_335' title='bbox 775 1376 891 1403; x_wconf 79' lang='lat' dir='ltr'><strong>oblaturi</strong></span> <span class='ocrx_word' id='word_1_336' title='bbox 917 1381 980 1403; x_wconf 88' lang='lat' dir='ltr'><strong>sunt</strong></span> 
     </span>
    </p>
   </div>
   <div class='ocr_carea' id='block_1_48' title="bbox 200 1419 980 1454">
    <p class='ocr_par' dir='ltr' id='par_1_48' title="bbox 200 1419 980 1454">
     <span class='ocr_line' id='line_1_48' title="bbox 200 1419 980 1454; baseline -0.003 -6"><span class='ocrx_word' id='word_1_337' title='bbox 200 1421 364 1452; x_wconf 78' lang='lat' dir='ltr'><strong>Altissimo,</strong></span> <span class='ocrx_word' id='word_1_338' title='bbox 395 1420 470 1447; x_wconf 85' lang='lat' dir='ltr'><strong>aliud</strong></span> <span class='ocrx_word' id='word_1_339' title='bbox 502 1428 556 1447; x_wconf 91' lang='lat' dir='ltr'><strong>non</strong></span> <span class='ocrx_word' id='word_1_340' title='bbox 582 1419 710 1452; x_wconf 85' lang='lat' dir='ltr'><strong>sulliunt,</strong></span> <span class='ocrx_word' id='word_1_341' title='bbox 741 1428 823 1454; x_wconf 77' lang='lat' dir='ltr'><strong>quam</strong></span> <span class='ocrx_word' id='word_1_342' title='bbox 853 1420 980 1447; x_wconf 85' lang='lat' dir='ltr'><strong>thronum</strong></span> 
     </span>
    </p>
   </div>
   <div class='ocr_carea' id='block_1_49' title="bbox 201 1466 979 1500">
    <p class='ocr_par' dir='ltr' id='par_1_49' title="bbox 201 1466 979 1500">
     <span class='ocr_line' id='line_1_49' title="bbox 201 1466 979 1500; baseline 0 -7"><span class='ocrx_word' id='word_1_343' title='bbox 201 1467 288 1499; x_wconf 82' lang='lat' dir='ltr'><strong>illum,</strong></span> <span class='ocrx_word' id='word_1_344' title='bbox 300 1473 406 1497; x_wconf 82' lang='lat' dir='ltr'><strong>omnem</strong></span> <span class='ocrx_word' id='word_1_345' title='bbox 428 1466 593 1500; x_wconf 75' lang='lat' dir='ltr'><strong>intelligendi</strong></span> <span class='ocrx_word' id='word_1_346' title='bbox 611 1469 663 1492; x_wconf 83' lang='lat' dir='ltr'><strong>vim</strong></span> <span class='ocrx_word' id='word_1_347' title='bbox 679 1470 852 1500; x_wconf 82' lang='lat' dir='ltr'><strong>superantem</strong></span> <span class='ocrx_word' id='word_1_348' title='bbox 871 1475 878 1492; x_wconf 87' lang='lat'>:</span> <span class='ocrx_word' id='word_1_349' title='bbox 895 1467 979 1498; x_wconf 84' lang='lat' dir='ltr'><strong>illam,</strong></span> 
     </span>
    </p>
   </div>
   <div class='ocr_carea' id='block_1_50' title="bbox 201 1511 980 1546">
    <p class='ocr_par' dir='ltr' id='par_1_50' title="bbox 201 1511 980 1546">
     <span class='ocr_line' id='line_1_50' title="bbox 201 1511 980 1546; baseline 0.001 -7"><span class='ocrx_word' id='word_1_350' title='bbox 201 1513 263 1545; x_wconf 83' lang='lat' dir='ltr'><strong>aio,</strong></span> <span class='ocrx_word' id='word_1_351' title='bbox 280 1512 469 1539; x_wconf 70' lang='lat' dir='ltr'><strong>suaviSsimam</strong></span> <span class='ocrx_word' id='word_1_352' title='bbox 488 1511 661 1546; x_wconf 82' lang='lat' dir='ltr'><strong>fragrantiam</strong></span> <span class='ocrx_word' id='word_1_353' title='bbox 674 1529 682 1544; x_wconf 90' lang='lat'><strong>,</strong></span> <span class='ocrx_word' id='word_1_354' title='bbox 702 1519 761 1546; x_wconf 66' lang='lat' dir='ltr'><strong>quae</strong></span> <span class='ocrx_word' id='word_1_355' title='bbox 784 1519 816 1538; x_wconf 79' lang='lat' dir='ltr'><strong>cs</strong></span> <span class='ocrx_word' id='word_1_356' title='bbox 841 1512 980 1540; x_wconf 87' lang='lat' dir='ltr'><strong>tremenda</strong></span> 
     </span>
    </p>
   </div>
   <div class='ocr_carea' id='block_1_51' title="bbox 200 1556 982 1591">
    <p class='ocr_par' dir='ltr' id='par_1_51' title="bbox 200 1556 982 1591">
     <span class='ocr_line' id='line_1_51' title="bbox 200 1556 982 1591; baseline 0.001 -6"><span class='ocrx_word' id='word_1_357' title='bbox 200 1564 226 1585; x_wconf 85' lang='lat' dir='ltr'><strong>et</strong></span> <span class='ocrx_word' id='word_1_358' title='bbox 254 1557 437 1585; x_wconf 85' lang='lat' dir='ltr'><strong>inaccessibili</strong></span> <span class='ocrx_word' id='word_1_359' title='bbox 472 1557 576 1584; x_wconf 88' lang='lat' dir='ltr'><strong>Deitate</strong></span> <span class='ocrx_word' id='word_1_360' title='bbox 602 1557 734 1591; x_wconf 78' lang='lat' dir='ltr'><strong>prouedit.</strong></span> <span class='ocrx_word' id='word_1_361' title='bbox 765 1556 832 1584; x_wconf 88' lang='lat' dir='ltr'><strong>Nam</strong></span> <span class='ocrx_word' id='word_1_362' title='bbox 862 1563 982 1586; x_wconf 80' lang='lat' dir='ltr'><strong>astantes</strong></span> 
     </span>
    </p>
   </div>
   <div class='ocr_carea' id='block_1_52' title="bbox 201 1602 982 1638">
    <p class='ocr_par' dir='ltr' id='par_1_52' title="bbox 201 1602 982 1638">
     <span class='ocr_line' id='line_1_52' title="bbox 201 1602 982 1638; baseline 0 -8"><span class='ocrx_word' id='word_1_363' title='bbox 201 1603 316 1631; x_wconf 85' lang='lat' dir='ltr'><strong>terribili</strong></span> <span class='ocrx_word' id='word_1_364' title='bbox 335 1602 535 1637; x_wconf 84' lang='lat' dir='ltr'><strong>Omnipotentis</strong></span> <span class='ocrx_word' id='word_1_365' title='bbox 550 1603 664 1635; x_wconf 87' lang='lat' dir='ltr'><strong>throno,</strong></span> <span class='ocrx_word' id='word_1_366' title='bbox 678 1602 828 1637; x_wconf 78' lang='lat' dir='ltr'><strong>excipiunt,</strong></span> <span class='ocrx_word' id='word_1_367' title='bbox 844 1610 905 1638; x_wconf 65' lang='lat' dir='ltr'><strong>quae</strong></span> <span class='ocrx_word' id='word_1_368' title='bbox 921 1604 982 1631; x_wconf 86' lang='lat' dir='ltr'><strong>inde</strong></span> 
     </span>
    </p>
   </div>
   <div class='ocr_carea' id='block_1_53' title="bbox 201 1647 980 1684">
    <p class='ocr_par' dir='ltr' id='par_1_53' title="bbox 201 1647 980 1684">
     <span class='ocr_line' id='line_1_53' title="bbox 201 1647 980 1684; baseline 0 -9"><span class='ocrx_word' id='word_1_369' title='bbox 201 1649 287 1675; x_wconf 89' lang='lat' dir='ltr'><strong>multo</strong></span> <span class='ocrx_word' id='word_1_370' title='bbox 302 1656 363 1675; x_wconf 88' lang='lat' dir='ltr'><strong>eum</strong></span> <span class='ocrx_word' id='word_1_371' title='bbox 381 1647 487 1682; x_wconf 76' lang='lat' dir='ltr'><strong>fulgore</strong></span> <span class='ocrx_word' id='word_1_372' title='bbox 507 1648 635 1679; x_wconf 84' lang='lat' dir='ltr'><strong>absistit,</strong></span> <span class='ocrx_word' id='word_1_373' title='bbox 652 1648 766 1675; x_wconf 89' lang='lat' dir='ltr'><strong>odorum</strong></span> <span class='ocrx_word' id='word_1_374' title='bbox 788 1649 980 1684; x_wconf 70' lang='lat' dir='ltr'><strong>fragrantiarn,</strong></span> 
     </span>
    </p>
   </div>
   <div class='ocr_carea' id='block_1_54' title="bbox 203 1692 982 1729">
    <p class='ocr_par' dir='ltr' id='par_1_54' title="bbox 203 1692 982 1729">
     <span class='ocr_line' id='line_1_54' title="bbox 203 1692 982 1729; baseline 0.004 -10"><span class='ocrx_word' id='word_1_375' title='bbox 203 1694 322 1720; x_wconf 86' lang='lat' dir='ltr'><strong>humano</strong></span> <span class='ocrx_word' id='word_1_376' title='bbox 341 1699 466 1719; x_wconf 88' lang='lat' dir='ltr'><strong>sermone</strong></span> <span class='ocrx_word' id='word_1_377' title='bbox 488 1692 722 1726; x_wconf 75' lang='lat' dir='ltr'><strong>inexplicabilem,</strong></span> <span class='ocrx_word' id='word_1_378' title='bbox 745 1701 858 1728; x_wconf 87' lang='lat' dir='ltr'><strong>eamque</strong></span> <span class='ocrx_word' id='word_1_379' title='bbox 880 1694 982 1729; x_wconf 69' lang='lat' dir='ltr'><strong>jugiter</strong></span> 
     </span>
    </p>
   </div>
   <div class='ocr_carea' id='block_1_55' title="bbox 201 1736 983 1771">
    <p class='ocr_par' dir='ltr' id='par_1_55' title="bbox 201 1736 983 1771">
     <span class='ocr_line' id='line_1_55' title="bbox 201 1736 983 1771; baseline 0.004 -7"><span class='ocrx_word' id='word_1_380' title='bbox 201 1737 324 1764; x_wconf 75' lang='lat' dir='ltr'><strong>sumunt.</strong></span> <span class='ocrx_word' id='word_1_381' title='bbox 341 1736 455 1769; x_wconf 85' lang='lat' dir='ltr'><strong>Quando</strong></span> <span class='ocrx_word' id='word_1_382' title='bbox 477 1737 560 1771; x_wconf 74' lang='lat' dir='ltr'><strong>igitur</strong></span> <span class='ocrx_word' id='word_1_383' title='bbox 575 1738 687 1769; x_wconf 71' lang='lat' dir='ltr'><strong>volunt,</strong></span> <span class='ocrx_word' id='word_1_384' title='bbox 708 1739 900 1766; x_wconf 81' lang='lat' dir='ltr'><strong>suavissimum</strong></span> <span class='ocrx_word' id='word_1_385' title='bbox 921 1740 983 1767; x_wconf 87' lang='lat' dir='ltr'><strong>Dei-</strong></span> 
     </span>
    </p>
   </div>
   <div class='ocr_carea' id='block_1_56' title="bbox 202 1780 983 1815">
    <p class='ocr_par' dir='ltr' id='par_1_56' title="bbox 202 1780 983 1815">
     <span class='ocr_line' id='line_1_56' title="bbox 202 1780 983 1815; baseline 0.003 -8"><span class='ocrx_word' id='word_1_386' title='bbox 202 1781 265 1808; x_wconf 73' lang='lat' dir='ltr'><strong>tatis</strong></span> <span class='ocrx_word' id='word_1_387' title='bbox 289 1780 362 1807; x_wconf 85' lang='lat' dir='ltr'><strong>illius</strong></span> <span class='ocrx_word' id='word_1_388' title='bbox 379 1780 489 1808; x_wconf 84' lang='lat' dir='ltr'><strong>odorem</strong></span> <span class='ocrx_word' id='word_1_389' title='bbox 515 1788 577 1807; x_wconf 89' lang='lat' dir='ltr'><strong>cum</strong></span> <span class='ocrx_word' id='word_1_390' title='bbox 600 1780 690 1814; x_wconf 90' lang='lat' dir='ltr'><strong>aliquo</strong></span> <span class='ocrx_word' id='word_1_391' title='bbox 714 1781 894 1815; x_wconf 86' lang='lat' dir='ltr'><strong>participare,</strong></span> <span class='ocrx_word' id='word_1_392' title='bbox 913 1790 983 1809; x_wconf 87' lang='lat' dir='ltr'><strong>con-</strong></span> 
     </span>
    </p>
   </div>
   <div class='ocr_carea' id='block_1_57' title="bbox 202 1825 983 1860">
    <p class='ocr_par' dir='ltr' id='par_1_57' title="bbox 202 1825 983 1860">
     <span class='ocr_line' id='line_1_57' title="bbox 202 1825 983 1860; baseline 0.001 -7"><span class='ocrx_word' id='word_1_393' title='bbox 202 1826 332 1854; x_wconf 87' lang='lat' dir='ltr'><strong>sistentes</strong></span> <span class='ocrx_word' id='word_1_394' title='bbox 352 1830 415 1853; x_wconf 89' lang='lat' dir='ltr'><strong>ante</strong></span> <span class='ocrx_word' id='word_1_395' title='bbox 438 1825 547 1860; x_wconf 83' lang='lat' dir='ltr'><strong>ipsum,</strong></span> <span class='ocrx_word' id='word_1_396' title='bbox 569 1831 700 1860; x_wconf 89' lang='lat' dir='ltr'><strong>quantum</strong></span> <span class='ocrx_word' id='word_1_397' title='bbox 720 1826 815 1852; x_wconf 85' lang='lat' dir='ltr'><strong>volunt</strong></span> <span class='ocrx_word' id='word_1_398' title='bbox 838 1827 930 1854; x_wconf 88' lang='lat' dir='ltr'><strong>odoris</strong></span> <span class='ocrx_word' id='word_1_399' title='bbox 956 1828 983 1854; x_wconf 93' lang='lat' dir='ltr'><strong>in</strong></span> 
     </span>
    </p>
   </div>
   <div class='ocr_carea' id='block_1_58' title="bbox 202 1870 984 1907">
    <p class='ocr_par' dir='ltr' id='par_1_58' title="bbox 202 1870 984 1907">
     <span class='ocr_line' id='line_1_58' title="bbox 202 1870 984 1907; baseline 0.003 -9"><span class='ocrx_word' id='word_1_400' title='bbox 202 1870 299 1898; x_wconf 88' lang='lat' dir='ltr'><strong>faciem</strong></span> <span class='ocrx_word' id='word_1_401' title='bbox 324 1871 383 1904; x_wconf 80' lang='lat' dir='ltr'><strong>ejus</strong></span> <span class='ocrx_word' id='word_1_402' title='bbox 402 1870 562 1904; x_wconf 72' lang='lat' dir='ltr'><strong>etlundunt;</strong></span> <span class='ocrx_word' id='word_1_403' title='bbox 581 1878 662 1906; x_wconf 88' lang='lat' dir='ltr'><strong>quem</strong></span> <span class='ocrx_word' id='word_1_404' title='bbox 685 1871 729 1898; x_wconf 92' lang='lat' dir='ltr'><strong>ille</strong></span> <span class='ocrx_word' id='word_1_405' title='bbox 751 1871 881 1899; x_wconf 86' lang='lat' dir='ltr'><strong>continuo</strong></span> <span class='ocrx_word' id='word_1_406' title='bbox 899 1873 984 1907; x_wconf 89' lang='lat' dir='ltr'><strong>perci-</strong></span> 
     </span>
    </p>
   </div>
   <div class='ocr_carea' id='block_1_59' title="bbox 202 1915 984 1953">
    <p class='ocr_par' dir='ltr' id='par_1_59' title="bbox 202 1915 984 1953">
     <span class='ocr_line' id='line_1_59' title="bbox 202 1915 984 1953; baseline 0.003 -10"><span class='ocrx_word' id='word_1_407' title='bbox 202 1917 279 1952; x_wconf 84' lang='lat' dir='ltr'><strong>piens</strong></span> <span class='ocrx_word' id='word_1_408' title='bbox 292 1916 392 1943; x_wconf 88' lang='lat' dir='ltr'><strong>olfactu</strong></span> <span class='ocrx_word' id='word_1_409' title='bbox 403 1936 411 1948; x_wconf 93' lang='lat'><strong>,</strong></span> <span class='ocrx_word' id='word_1_410' title='bbox 429 1915 528 1944; x_wconf 84' lang='lat' dir='ltr'><strong>dubius</strong></span> <span class='ocrx_word' id='word_1_411' title='bbox 545 1916 628 1943; x_wconf 75' lang='lat' dir='ltr'><strong>lueret</strong></span> <span class='ocrx_word' id='word_1_412' title='bbox 650 1917 721 1944; x_wconf 85' lang='lat' dir='ltr'><strong>unde</strong></span> <span class='ocrx_word' id='word_1_413' title='bbox 737 1922 811 1943; x_wconf 87' lang='lat' dir='ltr'><strong>tanta</strong></span> <span class='ocrx_word' id='word_1_414' title='bbox 835 1917 984 1953; x_wconf 68' lang='lat' dir='ltr'><strong>fragrantia</strong></span> 
     </span>
    </p>
   </div>
   <div class='ocr_carea' id='block_1_60' title="bbox 202 1962 985 1998">
    <p class='ocr_par' dir='ltr' id='par_1_60' title="bbox 202 1962 985 1998">
     <span class='ocr_line' id='line_1_60' title="bbox 202 1962 985 1998; baseline 0.001 -9"><span class='ocrx_word' id='word_1_415' title='bbox 202 1962 318 1990; x_wconf 84' lang='lat' dir='ltr'><strong>allletur.</strong></span> <span class='ocrx_word' id='word_1_416' title='bbox 338 1962 413 1989; x_wconf 87' lang='lat' dir='ltr'><strong>Alias</strong></span> <span class='ocrx_word' id='word_1_417' title='bbox 427 1970 537 1997; x_wconf 83' lang='lat' dir='ltr'><strong>quoque</strong></span> <span class='ocrx_word' id='word_1_418' title='bbox 556 1963 636 1989; x_wconf 89' lang='lat' dir='ltr'><strong>iidem</strong></span> <span class='ocrx_word' id='word_1_419' title='bbox 649 1962 740 1997; x_wconf 69' lang='lat' dir='ltr'><strong>angeli</strong></span> <span class='ocrx_word' id='word_1_420' title='bbox 762 1963 858 1990; x_wconf 83' lang='lat' dir='ltr'><strong>allatos</strong></span> <span class='ocrx_word' id='word_1_421' title='bbox 874 1971 888 1990; x_wconf 92' lang='lat' dir='ltr'><strong>e</strong></span> <span class='ocrx_word' id='word_1_422' title='bbox 905 1971 985 1998; x_wconf 84' lang='lat' dir='ltr'><strong>para-</strong></span> 
     </span>
    </p>
   </div>
   <div class='ocr_carea' id='block_1_61' title="bbox 201 2007 984 2035">
    <p class='ocr_par' dir='ltr' id='par_1_61' title="bbox 201 2007 984 2035">
     <span class='ocr_line' id='line_1_61' title="bbox 201 2007 984 2035; baseline 0.001 -1"><span class='ocrx_word' id='word_1_423' title='bbox 201 2008 262 2035; x_wconf 82' lang='lat' dir='ltr'><strong>diso</strong></span> <span class='ocrx_word' id='word_1_424' title='bbox 281 2007 361 2034; x_wconf 83' lang='lat' dir='ltr'><strong>ﬂores</strong></span> <span class='ocrx_word' id='word_1_425' title='bbox 377 2007 506 2035; x_wconf 83' lang='lat' dir='ltr'><strong>invisibili</strong></span> <span class='ocrx_word' id='word_1_426' title='bbox 521 2008 602 2034; x_wconf 91' lang='lat' dir='ltr'><strong>modo</strong></span> <span class='ocrx_word' id='word_1_427' title='bbox 627 2007 745 2035; x_wconf 87' lang='lat' dir='ltr'><strong>hominis</strong></span> <span class='ocrx_word' id='word_1_428' title='bbox 772 2008 914 2035; x_wconf 85' lang='lat' dir='ltr'><strong>admovent</strong></span> <span class='ocrx_word' id='word_1_429' title='bbox 938 2015 984 2035; x_wconf 86' lang='lat' dir='ltr'><strong>na-</strong></span> 
     </span>
    </p>
   </div>
   <div class='ocr_carea' id='block_1_62' title="bbox 201 2053 985 2089">
    <p class='ocr_par' dir='ltr' id='par_1_62' title="bbox 201 2053 985 2089">
     <span class='ocr_line' id='line_1_62' title="bbox 201 2053 985 2089; baseline 0.001 -8"><span class='ocrx_word' id='word_1_430' title='bbox 201 2054 287 2086; x_wconf 80' lang='lat' dir='ltr'><strong>ribus,</strong></span> <span class='ocrx_word' id='word_1_431' title='bbox 301 2061 402 2088; x_wconf 84' lang='lat' dir='ltr'><strong>easque</strong></span> <span class='ocrx_word' id='word_1_432' title='bbox 423 2053 500 2081; x_wconf 76' lang='lat' dir='ltr'><strong>suavi</strong></span> <span class='ocrx_word' id='word_1_433' title='bbox 515 2054 598 2081; x_wconf 85' lang='lat' dir='ltr'><strong>odore</strong></span> <span class='ocrx_word' id='word_1_434' title='bbox 613 2053 758 2088; x_wconf 85' lang='lat' dir='ltr'><strong>complent.</strong></span> <span class='ocrx_word' id='word_1_435' title='bbox 775 2053 884 2089; x_wconf 87' lang='lat' dir='ltr'><strong>Triplici</strong></span> <span class='ocrx_word' id='word_1_436' title='bbox 906 2062 985 2082; x_wconf 89' lang='lat' dir='ltr'><strong>nam-</strong></span> 
     </span>
    </p>
   </div>
   <div class='ocr_carea' id='block_1_63' title="bbox 201 2098 983 2135">
    <p class='ocr_par' dir='ltr' id='par_1_63' title="bbox 201 2098 983 2135">
     <span class='ocr_line' id='line_1_63' title="bbox 201 2098 983 2135; baseline 0.001 -9"><span class='ocrx_word' id='word_1_437' title='bbox 201 2107 256 2135; x_wconf 90' lang='lat' dir='ltr'><strong>que</strong></span> <span class='ocrx_word' id='word_1_438' title='bbox 271 2100 378 2127; x_wconf 86' lang='lat' dir='ltr'><strong>ratione</strong></span> <span class='ocrx_word' id='word_1_439' title='bbox 390 2103 506 2134; x_wconf 82' lang='lat' dir='ltr'><strong>possunt</strong></span> <span class='ocrx_word' id='word_1_440' title='bbox 524 2099 611 2127; x_wconf 75' lang='lat' dir='ltr'><strong>sancti</strong></span> <span class='ocrx_word' id='word_1_441' title='bbox 625 2100 714 2134; x_wconf 76' lang='lat' dir='ltr'><strong>angeli</strong></span> <span class='ocrx_word' id='word_1_442' title='bbox 734 2098 806 2131; x_wconf 87' lang='lat' dir='ltr'><strong>illos,</strong></span> <span class='ocrx_word' id='word_1_443' title='bbox 821 2100 983 2134; x_wconf 88' lang='lat' dir='ltr'><strong>quibuscum</strong></span> 
     </span>
    </p>
   </div>
   <div class='ocr_carea' id='block_1_64' title="bbox 994 1489 1016 1517">
    <p class='ocr_par' dir='ltr' id='par_1_64' title="bbox 994 1489 1016 1517">
     <span class='ocr_line' id='line_1_64' title="bbox 994 1489 1016 1517; baseline 0 0"><span class='ocrx_word' id='word_1_444' title='bbox 994 1489 1016 1517; x_wconf 89' lang='lat' dir='ltr'><strong><em>C</em></strong></span> 
     </span>
    </p>
   </div>
   <div class='ocr_carea' id='block_1_65' title="bbox 1068 922 1812 962">
    <p class='ocr_par' dir='ltr' id='par_1_65' title="bbox 1068 922 1812 962">
     <span class='ocr_line' id='line_1_65' title="bbox 1068 922 1812 962; baseline -0.007 -9"><span class='ocrx_word' id='word_1_445' title='bbox 1068 928 1092 954; x_wconf 71' lang='lat'><strong>3}</strong></span> <span class='ocrx_word' id='word_1_446' title='bbox 1100 926 1131 962; x_wconf 80' lang='grc' dir='ltr'><strong>β’.</strong></span> <span class='ocrx_word' id='word_1_447' title='bbox 1153 926 1312 961; x_wconf 70' lang='grc' dir='ltr'><strong>Ἐπιφάνιος</strong></span> <span class='ocrx_word' id='word_1_448' title='bbox 1328 923 1404 952; x_wconf 69' lang='grc' dir='ltr'><strong>εἶπεν</strong></span> <span class='ocrx_word' id='word_1_449' title='bbox 1415 933 1421 940; x_wconf 94' lang='grc'><strong>·</strong></span> <span class='ocrx_word' id='word_1_450' title='bbox 1443 925 1497 951; x_wconf 78' lang='grc' dir='ltr'><strong>Καὶ</strong></span> <span class='ocrx_word' id='word_1_451' title='bbox 1512 923 1563 950; x_wconf 76' lang='grc' dir='ltr'><strong>ποῦ</strong></span> <span class='ocrx_word' id='word_1_452' title='bbox 1578 924 1603 949; x_wconf 74' lang='grc' dir='ltr'><strong>οἱ</strong></span> <span class='ocrx_word' id='word_1_453' title='bbox 1619 922 1666 950; x_wconf 75' lang='grc' dir='ltr'><strong>τοῦ</strong></span> <span class='ocrx_word' id='word_1_454' title='bbox 1686 922 1812 957; x_wconf 71' lang='grc' dir='ltr'><strong>Σωτῆρος</strong></span> 
     </span>
    </p>
   </div>
   <div class='ocr_carea' id='block_1_66' title="bbox 1030 967 1813 1007">
    <p class='ocr_par' dir='ltr' id='par_1_66' title="bbox 1030 967 1813 1007">
     <span class='ocr_line' id='line_1_66' title="bbox 1030 967 1813 1007; baseline -0.008 -8"><span class='ocrx_word' id='word_1_455' title='bbox 1030 973 1150 1007; x_wconf 79' lang='grc' dir='ltr'><strong>ἄγγελοι,</strong></span> <span class='ocrx_word' id='word_1_456' title='bbox 1168 972 1198 998; x_wconf 84' lang='grc' dir='ltr'><strong>τό</strong></span> <span class='ocrx_word' id='word_1_457' title='bbox 1210 980 1239 998; x_wconf 90' lang='grc' dir='ltr'><strong>τε</strong></span> <span class='ocrx_word' id='word_1_458' title='bbox 1255 972 1391 1006; x_wconf 84' lang='grc' dir='ltr'><strong>θυμίαμα,</strong></span> <span class='ocrx_word' id='word_1_459' title='bbox 1404 970 1452 997; x_wconf 71' lang='grc' dir='ltr'><strong>καὶ</strong></span> <span class='ocrx_word' id='word_1_460' title='bbox 1462 970 1492 996; x_wconf 61' lang='lat' dir='ltr'><strong>sb</strong></span> <span class='ocrx_word' id='word_1_461' title='bbox 1506 969 1696 1004; x_wconf 79' lang='grc' dir='ltr'><strong>θυμιατήριον,</strong></span> <span class='ocrx_word' id='word_1_462' title='bbox 1708 967 1771 999; x_wconf 82' lang='grc' dir='ltr'><strong>τούς</strong></span> <span class='ocrx_word' id='word_1_463' title='bbox 1784 977 1813 994; x_wconf 84' lang='grc' dir='ltr'><strong>τε</strong></span> 
     </span>
    </p>
   </div>
   <div class='ocr_carea' id='block_1_67' title="bbox 1030 1011 1813 1052">
    <p class='ocr_par' dir='ltr' id='par_1_67' title="bbox 1030 1011 1813 1052">
     <span class='ocr_line' id='line_1_67' title="bbox 1030 1011 1813 1052; baseline -0.008 -9"><span class='ocrx_word' id='word_1_464' title='bbox 1030 1018 1169 1052; x_wconf 73' lang='grc' dir='ltr'><strong>ἄνθρακας</strong></span> <span class='ocrx_word' id='word_1_465' title='bbox 1186 1015 1369 1050; x_wconf 77' lang='grc' dir='ltr'><strong>εὑρίσκουσιν,</strong></span> <span class='ocrx_word' id='word_1_466' title='bbox 1397 1015 1472 1042; x_wconf 80' lang='grc' dir='ltr'><strong>ᾶῠλοι</strong></span> <span class='ocrx_word' id='word_1_467' title='bbox 1488 1014 1575 1045; x_wconf 73' lang='grc' dir='ltr'><strong>ὅντες,</strong></span> <span class='ocrx_word' id='word_1_468' title='bbox 1593 1014 1639 1040; x_wconf 76' lang='grc' dir='ltr'><strong>καὶ</strong></span> <span class='ocrx_word' id='word_1_469' title='bbox 1655 1013 1756 1043; x_wconf 53' lang='lat' dir='ltr'><strong>mum;</strong></span> <span class='ocrx_word' id='word_1_470' title='bbox 1776 1011 1813 1047; x_wconf 80' lang='grc' dir='ltr'><strong>μὴ</strong></span> 
     </span>
    </p>
   </div>
   <div class='ocr_carea' id='block_1_68' title="bbox 1031 1058 1810 1097">
    <p class='ocr_par' dir='ltr' id='par_1_68' title="bbox 1031 1058 1810 1097">
     <span class='ocr_line' id='line_1_68' title="bbox 1031 1058 1810 1097; baseline -0.008 -9"><span class='ocrx_word' id='word_1_471' title='bbox 1031 1062 1220 1097; x_wconf 81' lang='grc' dir='ltr'><strong>συγχρώμενοι</strong></span> <span class='ocrx_word' id='word_1_472' title='bbox 1235 1069 1243 1093; x_wconf 80' lang='lat'><strong>;</strong></span> <span class='ocrx_word' id='word_1_473' title='bbox 1264 1061 1294 1086; x_wconf 82' lang='lat'>&#39;0</span> <span class='ocrx_word' id='word_1_474' title='bbox 1315 1061 1343 1087; x_wconf 73' lang='grc' dir='ltr'><strong>δὲ</strong></span> <span class='ocrx_word' id='word_1_475' title='bbox 1357 1061 1501 1095; x_wconf 80' lang='grc' dir='ltr'>Μακάριος</span> <span class='ocrx_word' id='word_1_476' title='bbox 1523 1059 1649 1089; x_wconf 79' lang='grc' dir='ltr'><strong>ἀτενίσας</strong></span> <span class='ocrx_word' id='word_1_477' title='bbox 1662 1058 1702 1089; x_wconf 77' lang='grc' dir='ltr'><strong>είς</strong></span> <span class='ocrx_word' id='word_1_478' title='bbox 1717 1058 1810 1086; x_wconf 71' lang='grc' dir='ltr'><strong>αὐτὸν,</strong></span> 
     </span>
    </p>
   </div>
   <div class='ocr_carea' id='block_1_69' title="bbox 1031 1103 1813 1140">
    <p class='ocr_par' dir='ltr' id='par_1_69' title="bbox 1031 1103 1813 1140">
     <span class='ocr_line' id='line_1_69' title="bbox 1031 1103 1813 1140; baseline -0.005 -8"><span class='ocrx_word' id='word_1_479' title='bbox 1031 1108 1076 1132; x_wconf 68' lang='grc' dir='ltr'><strong>καὶ</strong></span> <span class='ocrx_word' id='word_1_480' title='bbox 1093 1106 1142 1140; x_wconf 82' lang='grc' dir='ltr'><strong>τὴν</strong></span> <span class='ocrx_word' id='word_1_481' title='bbox 1161 1107 1240 1140; x_wconf 85' lang='grc' dir='ltr'><strong>χεῖρα</strong></span> <span class='ocrx_word' id='word_1_482' title='bbox 1254 1105 1335 1131; x_wconf 81' lang='grc' dir='ltr'><strong>αὑτοῦ</strong></span> <span class='ocrx_word' id='word_1_483' title='bbox 1358 1105 1426 1139; x_wconf 79' lang='grc' dir='ltr'><strong>πρὸς</strong></span> <span class='ocrx_word' id='word_1_484' title='bbox 1448 1104 1529 1130; x_wconf 72' lang='grc' dir='ltr'><strong>αὑτὸν</strong></span> <span class='ocrx_word' id='word_1_485' title='bbox 1547 1103 1698 1134; x_wconf 70' lang='grc' dir='ltr'>ἀνατείνας,</span> <span class='ocrx_word' id='word_1_486' title='bbox 1719 1103 1792 1136; x_wconf 73' lang='grc' dir='ltr'><strong>λῦγει</strong></span> <span class='ocrx_word' id='word_1_487' title='bbox 1805 1110 1813 1118; x_wconf 78' lang='lat'><strong>&#39;</strong></span> 
     </span>
    </p>
   </div>
   <div class='ocr_carea' id='block_1_70' title="bbox 1030 1145 1812 1185">
    <p class='ocr_par' dir='ltr' id='par_1_70' title="bbox 1030 1145 1812 1185">
     <span class='ocr_line' id='line_1_70' title="bbox 1030 1145 1812 1185; baseline -0.006 -7"><span class='ocrx_word' id='word_1_488' title='bbox 1030 1151 1182 1185; x_wconf 80' lang='grc' dir='ltr'><strong>Θαυμαστὰ</strong></span> <span class='ocrx_word' id='word_1_489' title='bbox 1204 1150 1357 1185; x_wconf 80' lang='grc' dir='ltr'><strong>ώμίλησας,</strong></span> <span class='ocrx_word' id='word_1_490' title='bbox 1373 1149 1509 1183; x_wconf 73' lang='grc' dir='ltr'><strong>ἄνθρωπε.</strong></span> <span class='ocrx_word' id='word_1_491' title='bbox 1523 1149 1571 1179; x_wconf 82' lang='grc' dir='ltr'><strong>Τίς</strong></span> <span class='ocrx_word' id='word_1_492' title='bbox 1594 1149 1647 1182; x_wconf 76' lang='grc' dir='ltr'><strong>γάρ</strong></span> <span class='ocrx_word' id='word_1_493' title='bbox 1662 1156 1702 1174; x_wconf 86' lang='grc' dir='ltr'><strong>σοι</strong></span> <span class='ocrx_word' id='word_1_494' title='bbox 1725 1145 1812 1178; x_wconf 77' lang='grc' dir='ltr'><strong>εἶπεν,</strong></span> 
     </span>
    </p>
   </div>
   <div class='ocr_carea' id='block_1_71' title="bbox 1031 1193 1812 1231">
    <p class='ocr_par' dir='ltr' id='par_1_71' title="bbox 1031 1193 1812 1231">
     <span class='ocr_line' id='line_1_71' title="bbox 1031 1193 1812 1231; baseline -0.006 -8"><span class='ocrx_word' id='word_1_495' title='bbox 1031 1198 1071 1224; x_wconf 78' lang='grc' dir='ltr'><strong>ὅτι</strong></span> <span class='ocrx_word' id='word_1_496' title='bbox 1091 1196 1207 1230; x_wconf 75' lang='grc' dir='ltr'><strong>αἰσθητὰ</strong></span> <span class='ocrx_word' id='word_1_497' title='bbox 1231 1196 1400 1231; x_wconf 82' lang='grc' dir='ltr'><strong>θυμιατήρια</strong></span> <span class='ocrx_word' id='word_1_498' title='bbox 1427 1196 1451 1221; x_wconf 82' lang='lat' dir='ltr'><strong>oi</strong></span> <span class='ocrx_word' id='word_1_499' title='bbox 1481 1194 1590 1228; x_wconf 77' lang='grc' dir='ltr'><strong>ἄγγελοι</strong></span> <span class='ocrx_word' id='word_1_500' title='bbox 1609 1193 1767 1228; x_wconf 78' lang='grc' dir='ltr'><strong>κέκτηνται,</strong></span> <span class='ocrx_word' id='word_1_501' title='bbox 1796 1194 1812 1229; x_wconf 82' lang='grc' dir='ltr'>ἢ</span> 
     </span>
    </p>
   </div>
   <div class='ocr_carea' id='block_1_72' title="bbox 1030 1239 1815 1276">
    <p class='ocr_par' dir='ltr' id='par_1_72' title="bbox 1030 1239 1815 1276">
     <span class='ocr_line' id='line_1_72' title="bbox 1030 1239 1815 1276; baseline -0.004 -7"><span class='ocrx_word' id='word_1_502' title='bbox 1030 1243 1150 1276; x_wconf 67' lang='grc' dir='ltr'><strong>κοσμικὰ</strong></span> <span class='ocrx_word' id='word_1_503' title='bbox 1173 1242 1333 1276; x_wconf 81' lang='grc' dir='ltr'><strong>θυμιάματα</strong></span> <span class='ocrx_word' id='word_1_504' title='bbox 1354 1241 1470 1276; x_wconf 71' lang='grc' dir='ltr'><strong>ἔχουσιν,</strong></span> <span class='ocrx_word' id='word_1_505' title='bbox 1484 1240 1500 1275; x_wconf 78' lang='grc' dir='ltr'><strong>ἢ</strong></span> <span class='ocrx_word' id='word_1_506' title='bbox 1516 1240 1562 1266; x_wconf 75' lang='grc' dir='ltr'><strong>τὸν</strong></span> <span class='ocrx_word' id='word_1_507' title='bbox 1581 1239 1627 1266; x_wconf 77' lang='grc' dir='ltr'><strong>τοῦ</strong></span> <span class='ocrx_word' id='word_1_508' title='bbox 1650 1239 1753 1273; x_wconf 73' lang='grc' dir='ltr'><strong>κόσμου</strong></span> <span class='ocrx_word' id='word_1_509' title='bbox 1767 1240 1815 1266; x_wconf 74' lang='grc' dir='ltr'><strong>ἄν·</strong></span> 
     </span>
    </p>
   </div>
   <div class='ocr_carea' id='block_1_73' title="bbox 1031 1286 1813 1322">
    <p class='ocr_par' dir='ltr' id='par_1_73' title="bbox 1031 1286 1813 1322">
     <span class='ocr_line' id='line_1_73' title="bbox 1031 1286 1813 1322; baseline -0.004 -8"><span class='ocrx_word' id='word_1_510' title='bbox 1031 1288 1120 1322; x_wconf 80' lang='grc' dir='ltr'><strong>θρακα</strong></span> <span class='ocrx_word' id='word_1_511' title='bbox 1136 1287 1286 1313; x_wconf 72' lang='grc' dir='ltr'><strong>ὲπιδέονται</strong></span> <span class='ocrx_word' id='word_1_512' title='bbox 1300 1296 1306 1320; x_wconf 89' lang='lat'><strong>;</strong></span> <span class='ocrx_word' id='word_1_513' title='bbox 1319 1287 1351 1313; x_wconf 88' lang='grc' dir='ltr'>Οί</span> <span class='ocrx_word' id='word_1_514' title='bbox 1365 1287 1418 1321; x_wconf 80' lang='grc' dir='ltr'><strong>γὰρ</strong></span> <span class='ocrx_word' id='word_1_515' title='bbox 1438 1286 1612 1320; x_wconf 71' lang='grc' dir='ltr'><strong>πνευματικοὶ</strong></span> <span class='ocrx_word' id='word_1_516' title='bbox 1629 1287 1813 1320; x_wconf 71' lang='grc' dir='ltr'><strong>πνευματικὶ,</strong></span> 
     </span>
    </p>
   </div>
   <div class='ocr_carea' id='block_1_74' title="bbox 1031 1331 1812 1366">
    <p class='ocr_par' dir='ltr' id='par_1_74' title="bbox 1031 1331 1812 1366">
     <span class='ocr_line' id='line_1_74' title="bbox 1031 1331 1812 1366; baseline -0.003 -6"><span class='ocrx_word' id='word_1_517' title='bbox 1031 1333 1079 1360; x_wconf 70' lang='grc' dir='ltr'><strong>καὶ</strong></span> <span class='ocrx_word' id='word_1_518' title='bbox 1102 1333 1126 1359; x_wconf 80' lang='lat' dir='ltr'><strong>cl</strong></span> <span class='ocrx_word' id='word_1_519' title='bbox 1143 1333 1231 1359; x_wconf 76' lang='grc' dir='ltr'><strong>ἔνυλοι</strong></span> <span class='ocrx_word' id='word_1_520' title='bbox 1258 1332 1339 1360; x_wconf 79' lang='grc' dir='ltr'><strong>ἐνυλα</strong></span> <span class='ocrx_word' id='word_1_521' title='bbox 1357 1333 1512 1366; x_wconf 81' lang='grc' dir='ltr'><strong>κέκτηνται.</strong></span> <span class='ocrx_word' id='word_1_522' title='bbox 1528 1331 1656 1365; x_wconf 79' lang='grc' dir='ltr'><strong>’Δγγελοι</strong></span> <span class='ocrx_word' id='word_1_523' title='bbox 1681 1332 1710 1358; x_wconf 74' lang='grc' dir='ltr'><strong>δι</strong></span> <span class='ocrx_word' id='word_1_524' title='bbox 1732 1332 1812 1366; x_wconf 63' lang='grc' dir='ltr'>ἡνίκα</span> 
     </span>
    </p>
   </div>
   <div class='ocr_carea' id='block_1_75' title="bbox 1032 1376 1814 1412">
    <p class='ocr_par' dir='ltr' id='par_1_75' title="bbox 1032 1376 1814 1412">
     <span class='ocr_line' id='line_1_75' title="bbox 1032 1376 1814 1412; baseline -0.003 -8"><span class='ocrx_word' id='word_1_525' title='bbox 1032 1378 1164 1412; x_wconf 81' lang='grc' dir='ltr'><strong>θυμιᾶσαι</strong></span> <span class='ocrx_word' id='word_1_526' title='bbox 1179 1377 1328 1412; x_wconf 78' lang='grc' dir='ltr'><strong>βούλονται,</strong></span> <span class='ocrx_word' id='word_1_527' title='bbox 1340 1377 1414 1404; x_wconf 69' lang='grc' dir='ltr'><strong>οὐδὲν</strong></span> <span class='ocrx_word' id='word_1_528' title='bbox 1436 1377 1500 1403; x_wconf 84' lang='grc' dir='ltr'><strong>ἄλλο</strong></span> <span class='ocrx_word' id='word_1_529' title='bbox 1513 1376 1644 1412; x_wconf 81' lang='grc' dir='ltr'><strong>θυμιῶσιν</strong></span> <span class='ocrx_word' id='word_1_530' title='bbox 1659 1376 1814 1412; x_wconf 75' lang='grc' dir='ltr'><strong>ἔμπροσθεν</strong></span> 
     </span>
    </p>
   </div>
   <div class='ocr_carea' id='block_1_76' title="bbox 1030 1421 1814 1458">
    <p class='ocr_par' dir='ltr' id='par_1_76' title="bbox 1030 1421 1814 1458">
     <span class='ocr_line' id='line_1_76' title="bbox 1030 1421 1814 1458; baseline -0.001 -10"><span class='ocrx_word' id='word_1_531' title='bbox 1030 1423 1077 1449; x_wconf 78' lang='grc' dir='ltr'><strong>τοῦ</strong></span> <span class='ocrx_word' id='word_1_532' title='bbox 1098 1422 1238 1457; x_wconf 76' lang='grc' dir='ltr'><strong>Ὑψίστου,</strong></span> <span class='ocrx_word' id='word_1_533' title='bbox 1257 1423 1273 1458; x_wconf 80' lang='grc' dir='ltr'>ἧ</span> <span class='ocrx_word' id='word_1_534' title='bbox 1290 1423 1335 1449; x_wconf 73' lang='grc' dir='ltr'><strong>τὸν</strong></span> <span class='ocrx_word' id='word_1_535' title='bbox 1351 1423 1444 1457; x_wconf 74' lang='grc' dir='ltr'><strong>Θρὸνον</strong></span> <span class='ocrx_word' id='word_1_536' title='bbox 1459 1423 1564 1448; x_wconf 70' lang='grc' dir='ltr'><strong>ἐκεῖνον</strong></span> <span class='ocrx_word' id='word_1_537' title='bbox 1583 1422 1628 1448; x_wconf 80' lang='grc' dir='ltr'><strong>τὸν</strong></span> <span class='ocrx_word' id='word_1_538' title='bbox 1645 1423 1732 1448; x_wconf 73' lang='grc' dir='ltr'><strong>πάντα</strong></span> <span class='ocrx_word' id='word_1_539' title='bbox 1752 1421 1814 1447; x_wconf 71' lang='grc' dir='ltr'><strong>νοῦν</strong></span> 
     </span>
    </p>
   </div>
   <div class='ocr_carea' id='block_1_77' title="bbox 1032 1467 1814 1504">
    <p class='ocr_par' dir='ltr' id='par_1_77' title="bbox 1032 1467 1814 1504">
     <span class='ocr_line' id='line_1_77' title="bbox 1032 1467 1814 1504; baseline -0.003 -10"><span class='ocrx_word' id='word_1_540' title='bbox 1032 1468 1240 1504; x_wconf 72' lang='grc' dir='ltr'><strong>ὑπερὸαίνοντα,</strong></span> <span class='ocrx_word' id='word_1_541' title='bbox 1258 1469 1329 1503; x_wconf 78' lang='grc' dir='ltr'><strong>φημὶ</strong></span> <span class='ocrx_word' id='word_1_542' title='bbox 1343 1468 1391 1503; x_wconf 83' lang='grc' dir='ltr'><strong>τὴν</strong></span> <span class='ocrx_word' id='word_1_543' title='bbox 1402 1467 1526 1499; x_wconf 73' lang='grc' dir='ltr'><strong>εὐωδίαν,</strong></span> <span class='ocrx_word' id='word_1_544' title='bbox 1539 1468 1589 1502; x_wconf 82' lang='grc' dir='ltr'><strong>τὴν</strong></span> <span class='ocrx_word' id='word_1_545' title='bbox 1598 1468 1732 1503; x_wconf 72' lang='grc' dir='ltr'><strong>ήδυτάτην</strong></span> <span class='ocrx_word' id='word_1_546' title='bbox 1746 1467 1814 1493; x_wconf 65' lang='lat' dir='ltr'><strong>Exsi-</strong></span> 
     </span>
    </p>
   </div>
   <div class='ocr_carea' id='block_1_78' title="bbox 1031 1513 1813 1549">
    <p class='ocr_par' dir='ltr' id='par_1_78' title="bbox 1031 1513 1813 1549">
     <span class='ocr_line' id='line_1_78' title="bbox 1031 1513 1813 1549; baseline -0.001 -9"><span class='ocrx_word' id='word_1_547' title='bbox 1031 1523 1080 1549; x_wconf 86' lang='grc' dir='ltr'><strong>νην</strong></span> <span class='ocrx_word' id='word_1_548' title='bbox 1097 1515 1146 1549; x_wconf 83' lang='grc' dir='ltr'><strong>τὴν</strong></span> <span class='ocrx_word' id='word_1_549' title='bbox 1157 1514 1337 1549; x_wconf 73' lang='grc' dir='ltr'><strong>ἑξερχομένην</strong></span> <span class='ocrx_word' id='word_1_550' title='bbox 1352 1514 1383 1540; x_wconf 76' lang='grc' dir='ltr'><strong>ὲκ</strong></span> <span class='ocrx_word' id='word_1_551' title='bbox 1397 1513 1445 1548; x_wconf 76' lang='grc' dir='ltr'><strong>τῆς</strong></span> <span class='ocrx_word' id='word_1_552' title='bbox 1468 1513 1588 1548; x_wconf 72' lang='grc' dir='ltr'><strong>φοϐερᾶς</strong></span> <span class='ocrx_word' id='word_1_553' title='bbox 1604 1514 1650 1540; x_wconf 82' lang='grc' dir='ltr'><strong>καὶ</strong></span> <span class='ocrx_word' id='word_1_554' title='bbox 1666 1513 1813 1548; x_wconf 63' lang='grc' dir='ltr'><strong>ἀπροσίτου</strong></span> 
     </span>
    </p>
   </div>
   <div class='ocr_carea' id='block_1_79' title="bbox 1032 1557 1814 1594">
    <p class='ocr_par' dir='ltr' id='par_1_79' title="bbox 1032 1557 1814 1594">
     <span class='ocr_line' id='line_1_79' title="bbox 1032 1557 1814 1594; baseline -0.003 -9"><span class='ocrx_word' id='word_1_555' title='bbox 1032 1559 1167 1594; x_wconf 68' lang='grc' dir='ltr'><strong>θεότητος.</strong></span> <span class='ocrx_word' id='word_1_556' title='bbox 1185 1559 1229 1589; x_wconf 72' lang='grc' dir='ltr'><strong>Ὠς</strong></span> <span class='ocrx_word' id='word_1_557' title='bbox 1243 1559 1296 1593; x_wconf 81' lang='grc' dir='ltr'><strong>γὰρ</strong></span> <span class='ocrx_word' id='word_1_558' title='bbox 1309 1557 1488 1594; x_wconf 76' lang='grc' dir='ltr'><strong>παρίστανται</strong></span> <span class='ocrx_word' id='word_1_559' title='bbox 1499 1557 1540 1593; x_wconf 83' lang='grc' dir='ltr'><strong>τῷ</strong></span> <span class='ocrx_word' id='word_1_560' title='bbox 1552 1557 1658 1593; x_wconf 78' lang='grc' dir='ltr'><strong>φοὸερῷ</strong></span> <span class='ocrx_word' id='word_1_561' title='bbox 1671 1558 1758 1592; x_wconf 77' lang='grc' dir='ltr'>θρόνῳ</span> <span class='ocrx_word' id='word_1_562' title='bbox 1767 1557 1814 1583; x_wconf 82' lang='grc' dir='ltr'><strong>τοῦ</strong></span> 
     </span>
    </p>
   </div>
   <div class='ocr_carea' id='block_1_80' title="bbox 1032 1603 1815 1639">
    <p class='ocr_par' dir='ltr' id='par_1_80' title="bbox 1032 1603 1815 1639">
     <span class='ocr_line' id='line_1_80' title="bbox 1032 1603 1815 1639; baseline -0.001 -9"><span class='ocrx_word' id='word_1_563' title='bbox 1032 1604 1266 1639; x_wconf 74' lang='grc' dir='ltr'><strong>Παντοκράτορος,</strong></span> <span class='ocrx_word' id='word_1_564' title='bbox 1298 1604 1419 1638; x_wconf 81' lang='grc' dir='ltr'><strong>δέχονται</strong></span> <span class='ocrx_word' id='word_1_565' title='bbox 1448 1604 1497 1637; x_wconf 82' lang='grc' dir='ltr'><strong>τῆς</strong></span> <span class='ocrx_word' id='word_1_566' title='bbox 1523 1603 1629 1629; x_wconf 72' lang='grc' dir='ltr'><strong>ἐκεῖθεν</strong></span> <span class='ocrx_word' id='word_1_567' title='bbox 1653 1603 1815 1637; x_wconf 45' lang='lat' dir='ltr'><strong>tunam“</strong></span> 
     </span>
    </p>
   </div>
   <div class='ocr_carea' id='block_1_81' title="bbox 1031 1647 1818 1682">
    <p class='ocr_par' dir='ltr' id='par_1_81' title="bbox 1031 1647 1818 1682">
     <span class='ocr_line' id='line_1_81' title="bbox 1031 1647 1818 1682; baseline -0.001 -7"><span class='ocrx_word' id='word_1_568' title='bbox 1031 1649 1175 1682; x_wconf 80' lang='grc' dir='ltr'><strong>ἀστραπῆς</strong></span> <span class='ocrx_word' id='word_1_569' title='bbox 1187 1648 1236 1682; x_wconf 72' lang='grc' dir='ltr'><strong>τὴν</strong></span> <span class='ocrx_word' id='word_1_570' title='bbox 1252 1648 1392 1682; x_wconf 78' lang='grc' dir='ltr'>εὐοσμίαν,</span> <span class='ocrx_word' id='word_1_571' title='bbox 1403 1647 1450 1674; x_wconf 75' lang='grc' dir='ltr'><strong>κα)⁵</strong></span> <span class='ocrx_word' id='word_1_572' title='bbox 1466 1647 1645 1679; x_wconf 78' lang='grc' dir='ltr'><strong>ἀδιαλείπτως</strong></span> <span class='ocrx_word' id='word_1_573' title='bbox 1655 1648 1746 1674; x_wconf 73' lang='grc' dir='ltr'><strong>ἔκτοτε</strong></span> <span class='ocrx_word' id='word_1_574' title='bbox 1764 1657 1818 1682; x_wconf 81' lang='grc' dir='ltr'><strong>μυ-</strong></span> 
     </span>
    </p>
   </div>
   <div class='ocr_carea' id='block_1_82' title="bbox 1034 1693 1812 1729">
    <p class='ocr_par' dir='ltr' id='par_1_82' title="bbox 1034 1693 1812 1729">
     <span class='ocr_line' id='line_1_82' title="bbox 1034 1693 1812 1729; baseline -0.001 -9"><span class='ocrx_word' id='word_1_575' title='bbox 1034 1693 1154 1728; x_wconf 75' lang='grc' dir='ltr'><strong>ρίζουσιν</strong></span> <span class='ocrx_word' id='word_1_576' title='bbox 1168 1693 1318 1729; x_wconf 73' lang='grc' dir='ltr'><strong>ἀπορρήτῳ</strong></span> <span class='ocrx_word' id='word_1_577' title='bbox 1339 1693 1436 1727; x_wconf 72' lang='grc' dir='ltr'><strong>εὐωδίᾳ</strong></span> <span class='ocrx_word' id='word_1_578' title='bbox 1447 1693 1497 1727; x_wconf 81' lang='grc' dir='ltr'><strong>τῆς</strong></span> <span class='ocrx_word' id='word_1_579' title='bbox 1512 1693 1647 1728; x_wconf 78' lang='grc' dir='ltr'><strong>θεότητος.</strong></span> <span class='ocrx_word' id='word_1_580' title='bbox 1668 1693 1751 1719; x_wconf 79' lang='grc' dir='ltr'><strong>Ὀταν</strong></span> <span class='ocrx_word' id='word_1_581' title='bbox 1765 1693 1812 1719; x_wconf 71' lang='grc' dir='ltr'><strong>οὖν</strong></span> 
     </span>
    </p>
   </div>
   <div class='ocr_carea' id='block_1_83' title="bbox 1032 1738 1814 1774">
    <p class='ocr_par' dir='ltr' id='par_1_83' title="bbox 1032 1738 1814 1774">
     <span class='ocr_line' id='line_1_83' title="bbox 1032 1738 1814 1774; baseline 0 -9"><span class='ocrx_word' id='word_1_582' title='bbox 1032 1739 1176 1773; x_wconf 75' lang='grc' dir='ltr'><strong>ὀφείλωσιν</strong></span> <span class='ocrx_word' id='word_1_583' title='bbox 1189 1739 1256 1772; x_wconf 70' lang='grc'><strong>(45),</strong></span> <span class='ocrx_word' id='word_1_584' title='bbox 1272 1738 1410 1773; x_wconf 84' lang='grc' dir='ltr'><strong>βούλονται</strong></span> <span class='ocrx_word' id='word_1_585' title='bbox 1423 1739 1498 1770; x_wconf 73' lang='grc' dir='ltr'><strong>ὅπως</strong></span> <span class='ocrx_word' id='word_1_586' title='bbox 1514 1739 1639 1774; x_wconf 76' lang='grc' dir='ltr'><strong>μετάσχῃ</strong></span> <span class='ocrx_word' id='word_1_587' title='bbox 1652 1739 1702 1773; x_wconf 81' lang='grc' dir='ltr'><strong>τῆς</strong></span> <span class='ocrx_word' id='word_1_588' title='bbox 1714 1739 1814 1774; x_wconf 55' lang='lat' dir='ltr'><strong>qam-</strong></span> 
     </span>
    </p>
   </div>
   <div class='ocr_carea' id='block_1_84' title="bbox 1033 1783 1814 1819">
    <p class='ocr_par' dir='ltr' id='par_1_84' title="bbox 1033 1783 1814 1819">
     <span class='ocr_line' id='line_1_84' title="bbox 1033 1783 1814 1819; baseline -0.001 -8"><span class='ocrx_word' id='word_1_589' title='bbox 1033 1793 1077 1817; x_wconf 80' lang='grc' dir='ltr'><strong>τος</strong></span> <span class='ocrx_word' id='word_1_590' title='bbox 1094 1785 1192 1819; x_wconf 80' lang='grc' dir='ltr'><strong>αὐτῆς,</strong></span> <span class='ocrx_word' id='word_1_591' title='bbox 1209 1784 1257 1810; x_wconf 75' lang='grc' dir='ltr'><strong>καὶ</strong></span> <span class='ocrx_word' id='word_1_592' title='bbox 1273 1784 1350 1810; x_wconf 78' lang='grc' dir='ltr'><strong>αὐτοὶ</strong></span> <span class='ocrx_word' id='word_1_593' title='bbox 1363 1785 1387 1810; x_wconf 78' lang='grc' dir='ltr'><strong>οἱ</strong></span> <span class='ocrx_word' id='word_1_594' title='bbox 1401 1784 1537 1818; x_wconf 79' lang='grc' dir='ltr'><strong>ίστάμενοι</strong></span> <span class='ocrx_word' id='word_1_595' title='bbox 1552 1783 1706 1819; x_wconf 67' lang='grc' dir='ltr'><strong>ἔμπροσθεν</strong></span> <span class='ocrx_word' id='word_1_596' title='bbox 1720 1784 1814 1816; x_wconf 67' lang='grc' dir='ltr'><strong>αὐτοῦ,</strong></span> 
     </span>
    </p>
   </div>
   <div class='ocr_carea' id='block_1_85' title="bbox 1032 1828 1816 1865">
    <p class='ocr_par' dir='ltr' id='par_1_85' title="bbox 1032 1828 1816 1865">
     <span class='ocr_line' id='line_1_85' title="bbox 1032 1828 1816 1865; baseline -0.001 -8"><span class='ocrx_word' id='word_1_597' title='bbox 1032 1830 1180 1857; x_wconf 78' lang='grc' dir='ltr'><strong>τύπτουσιν</strong></span> <span class='ocrx_word' id='word_1_598' title='bbox 1197 1828 1281 1855; x_wconf 74' lang='grc' dir='ltr'><strong>αὑτοῦ</strong></span> <span class='ocrx_word' id='word_1_599' title='bbox 1295 1828 1325 1855; x_wconf 84' lang='grc' dir='ltr'><strong>τὸ</strong></span> <span class='ocrx_word' id='word_1_600' title='bbox 1347 1829 1494 1864; x_wconf 84' lang='grc' dir='ltr'><strong>πρόσωπον</strong></span> <span class='ocrx_word' id='word_1_601' title='bbox 1513 1830 1546 1864; x_wconf 84' lang='grc' dir='ltr'><strong>τῇ</strong></span> <span class='ocrx_word' id='word_1_602' title='bbox 1561 1829 1676 1865; x_wconf 81' lang='grc' dir='ltr'><strong>εὐοσμίᾳ</strong></span> <span class='ocrx_word' id='word_1_603' title='bbox 1690 1831 1721 1864; x_wconf 76' lang='grc' dir='ltr'><strong>τῇ</strong></span> <span class='ocrx_word' id='word_1_604' title='bbox 1739 1829 1816 1865; x_wconf 77' lang='grc' dir='ltr'><strong>θεῖκῇ</strong></span> 
     </span>
    </p>
   </div>
   <div class='ocr_carea' id='block_1_86' title="bbox 1032 1874 1818 1910">
    <p class='ocr_par' dir='ltr' id='par_1_86' title="bbox 1032 1874 1818 1910">
     <span class='ocr_line' id='line_1_86' title="bbox 1032 1874 1818 1910; baseline -0.003 -8"><span class='ocrx_word' id='word_1_605' title='bbox 1032 1876 1087 1910; x_wconf 86' lang='grc' dir='ltr'><strong>ὅσῳ</strong></span> <span class='ocrx_word' id='word_1_606' title='bbox 1112 1875 1204 1910; x_wconf 80' lang='grc' dir='ltr'><strong>μέτρῳ</strong></span> <span class='ocrx_word' id='word_1_607' title='bbox 1230 1874 1388 1909; x_wconf 79' lang='grc' dir='ltr'><strong>βούλονται·</strong></span> <span class='ocrx_word' id='word_1_608' title='bbox 1417 1874 1464 1900; x_wconf 80' lang='grc' dir='ltr'><strong>καὶ</strong></span> <span class='ocrx_word' id='word_1_609' title='bbox 1491 1875 1585 1900; x_wconf 74' lang='grc' dir='ltr'><strong>λοιπὸν</strong></span> <span class='ocrx_word' id='word_1_610' title='bbox 1603 1874 1818 1909; x_wconf 80' lang='grc' dir='ltr'><strong>ὀσφραινόμενος</strong></span> 
     </span>
    </p>
   </div>
   <div class='ocr_carea' id='block_1_87' title="bbox 1033 1919 1818 1955">
    <p class='ocr_par' dir='ltr' id='par_1_87' title="bbox 1033 1919 1818 1955">
     <span class='ocr_line' id='line_1_87' title="bbox 1033 1919 1818 1955; baseline -0.001 -8"><span class='ocrx_word' id='word_1_611' title='bbox 1033 1921 1136 1951; x_wconf 73' lang='grc' dir='ltr'><strong>ἐκεῖνος</strong></span> <span class='ocrx_word' id='word_1_612' title='bbox 1159 1920 1296 1954; x_wconf 71' lang='grc' dir='ltr'><strong>ιπαπορεῖ</strong></span> <span class='ocrx_word' id='word_1_613' title='bbox 1315 1921 1347 1954; x_wconf 82' lang='grc' dir='ltr'><strong>τῇ</strong></span> <span class='ocrx_word' id='word_1_614' title='bbox 1365 1919 1484 1954; x_wconf 66' lang='grc' dir='ltr'><strong>ἡδυτάτη</strong></span> <span class='ocrx_word' id='word_1_615' title='bbox 1507 1919 1655 1954; x_wconf 81' lang='grc' dir='ltr'><strong>γλυκύτητι</strong></span> <span class='ocrx_word' id='word_1_616' title='bbox 1674 1919 1818 1955; x_wconf 65' lang='grc' dir='ltr'><strong>ιὺψραινό-</strong></span> 
     </span>
    </p>
   </div>
   <div class='ocr_carea' id='block_1_88' title="bbox 1034 1964 1817 2000">
    <p class='ocr_par' dir='ltr' id='par_1_88' title="bbox 1034 1964 1817 2000">
     <span class='ocr_line' id='line_1_88' title="bbox 1034 1964 1817 2000; baseline 0 -9"><span class='ocrx_word' id='word_1_617' title='bbox 1034 1973 1124 2000; x_wconf 87' lang='grc' dir='ltr'><strong>μενο;.</strong></span> <span class='ocrx_word' id='word_1_618' title='bbox 1140 1964 1321 1996; x_wconf 72' lang='grc' dir='ltr'><strong>Εὑωδιάζουσι</strong></span> <span class='ocrx_word' id='word_1_619' title='bbox 1335 1964 1363 1990; x_wconf 65' lang='grc' dir='ltr'><strong>δὲ</strong></span> <span class='ocrx_word' id='word_1_620' title='bbox 1378 1964 1425 1991; x_wconf 78' lang='grc' dir='ltr'><strong>καὶ</strong></span> <span class='ocrx_word' id='word_1_621' title='bbox 1441 1965 1513 1999; x_wconf 75' lang='grc' dir='ltr'><strong>ἄλλῳ</strong></span> <span class='ocrx_word' id='word_1_622' title='bbox 1533 1964 1592 1995; x_wconf 81' lang='grc' dir='ltr'><strong>πῶς</strong></span> <span class='ocrx_word' id='word_1_623' title='bbox 1605 1966 1638 1990; x_wconf 84' lang='grc' dir='ltr'><strong>ὲκ</strong></span> <span class='ocrx_word' id='word_1_624' title='bbox 1649 1964 1702 1990; x_wconf 85' lang='grc' dir='ltr'><strong>τῶν</strong></span> <span class='ocrx_word' id='word_1_625' title='bbox 1715 1964 1817 1991; x_wconf 77' lang='grc' dir='ltr'><strong>ἀνθέων</strong></span> 
     </span>
    </p>
   </div>
   <div class='ocr_carea' id='block_1_89' title="bbox 1032 2008 1818 2044">
    <p class='ocr_par' dir='ltr' id='par_1_89' title="bbox 1032 2008 1818 2044">
     <span class='ocr_line' id='line_1_89' title="bbox 1032 2008 1818 2044; baseline 0.001 -10"><span class='ocrx_word' id='word_1_626' title='bbox 1032 2008 1080 2034; x_wconf 77' lang='grc' dir='ltr'><strong>τοῦ</strong></span> <span class='ocrx_word' id='word_1_627' title='bbox 1101 2008 1265 2038; x_wconf 71' lang='grc' dir='ltr'><strong>παραδείσου</strong></span> <span class='ocrx_word' id='word_1_628' title='bbox 1282 2008 1466 2042; x_wconf 78' lang='grc' dir='ltr'><strong>κομιζόμενοι,</strong></span> <span class='ocrx_word' id='word_1_629' title='bbox 1487 2009 1533 2034; x_wconf 74' lang='grc' dir='ltr'><strong>καὶ</strong></span> <span class='ocrx_word' id='word_1_630' title='bbox 1554 2009 1661 2044; x_wconf 80' lang='grc' dir='ltr'><strong>ἀοράτῳ</strong></span> <span class='ocrx_word' id='word_1_631' title='bbox 1677 2010 1818 2044; x_wconf 80' lang='grc' dir='ltr'><strong>παραστά-</strong></span> 
     </span>
    </p>
   </div>
   <div class='ocr_carea' id='block_1_90' title="bbox 1035 2052 1818 2089">
    <p class='ocr_par' dir='ltr' id='par_1_90' title="bbox 1035 2052 1818 2089">
     <span class='ocr_line' id='line_1_90' title="bbox 1035 2052 1818 2089; baseline 0.001 -11"><span class='ocrx_word' id='word_1_632' title='bbox 1035 2060 1077 2079; x_wconf 85' lang='grc' dir='ltr'><strong>σει</strong></span> <span class='ocrx_word' id='word_1_633' title='bbox 1092 2053 1142 2087; x_wconf 82' lang='grc' dir='ltr'><strong>τὴν</strong></span> <span class='ocrx_word' id='word_1_634' title='bbox 1158 2052 1293 2087; x_wconf 69' lang='grc' dir='ltr'><strong>ὄσφρησιν</strong></span> <span class='ocrx_word' id='word_1_635' title='bbox 1308 2052 1354 2079; x_wconf 77' lang='grc' dir='ltr'><strong>τοῦ</strong></span> <span class='ocrx_word' id='word_1_636' title='bbox 1370 2052 1514 2089; x_wconf 86' lang='grc' dir='ltr'><strong>ἀνθρώπου</strong></span> <span class='ocrx_word' id='word_1_637' title='bbox 1530 2053 1716 2087; x_wconf 79' lang='grc' dir='ltr'><strong>ὲμπιπλῶσιν.</strong></span> <span class='ocrx_word' id='word_1_638' title='bbox 1740 2054 1818 2080; x_wconf 65' lang='grc' dir='ltr'><strong>Κατὰ</strong></span> 
     </span>
    </p>
   </div>
   <div class='ocr_carea' id='block_1_91' title="bbox 1033 2100 1816 2136">
    <p class='ocr_par' dir='ltr' id='par_1_91' title="bbox 1033 2100 1816 2136">
     <span class='ocr_line' id='line_1_91' title="bbox 1033 2100 1816 2136; baseline 0 -10"><span class='ocrx_word' id='word_1_639' title='bbox 1033 2100 1087 2135; x_wconf 80' lang='grc' dir='ltr'><strong>γὰρ</strong></span> <span class='ocrx_word' id='word_1_640' title='bbox 1099 2101 1173 2135; x_wconf 81' lang='grc' dir='ltr'><strong>τρεῖς</strong></span> <span class='ocrx_word' id='word_1_641' title='bbox 1183 2101 1301 2135; x_wconf 72' lang='grc' dir='ltr'><strong>τρόπους</strong></span> <span class='ocrx_word' id='word_1_642' title='bbox 1313 2100 1421 2134; x_wconf 65' lang='grc' dir='ltr'><strong>ἔχουσιν</strong></span> <span class='ocrx_word' id='word_1_643' title='bbox 1444 2100 1568 2132; x_wconf 79' lang='grc' dir='ltr'><strong>ἐξουσίαν</strong></span> <span class='ocrx_word' id='word_1_644' title='bbox 1583 2101 1683 2136; x_wconf 78' lang='grc' dir='ltr'><strong>θυμιᾷν</strong></span> <span class='ocrx_word' id='word_1_645' title='bbox 1705 2101 1729 2127; x_wconf 80' lang='grc' dir='ltr'><strong>οἱ</strong></span> <span class='ocrx_word' id='word_1_646' title='bbox 1744 2100 1816 2134; x_wconf 70' lang='grc' dir='ltr'><strong>ἅγιοι</strong></span> 
     </span>
    </p>
   </div>
   <div class='ocr_carea' id='block_1_92' title="bbox 202 2144 980 2185">
    <p class='ocr_par' dir='ltr' id='par_1_92' title="bbox 202 2144 980 2179">
     <span class='ocr_line' id='line_1_92' title="bbox 202 2144 980 2179; baseline 0.001 -7"><span class='ocrx_word' id='word_1_647' title='bbox 202 2145 254 2173; x_wconf 78' lang='lat' dir='ltr'><strong>sibi</strong></span> <span class='ocrx_word' id='word_1_648' title='bbox 280 2144 451 2172; x_wconf 81' lang='lat' dir='ltr'><strong>familiaritas</strong></span> <span class='ocrx_word' id='word_1_649' title='bbox 470 2149 498 2172; x_wconf 88' lang='lat' dir='ltr'><strong>et</strong></span> <span class='ocrx_word' id='word_1_650' title='bbox 520 2151 626 2171; x_wconf 91' lang='lat' dir='ltr'><strong>morum</strong></span> <span class='ocrx_word' id='word_1_651' title='bbox 650 2144 807 2179; x_wconf 86' lang='lat' dir='ltr'><strong>conjunctio</strong></span> <span class='ocrx_word' id='word_1_652' title='bbox 829 2145 980 2179; x_wconf 80' lang='lat' dir='ltr'><strong>intercedit,</strong></span> 
     </span>
    </p>
   </div>
   <div class='ocr_carea' id='block_1_93' title="bbox 1030 2144 1816 2185">
    <p class='ocr_par' dir='ltr' id='par_1_93' title="bbox 1034 2144 1816 2185">
     <span class='ocr_line' id='line_1_93' title="bbox 1034 2144 1816 2185; baseline 0.001 -14"><span class='ocrx_word' id='word_1_653' title='bbox 1034 2144 1145 2178; x_wconf 79' lang='grc' dir='ltr'><strong>ἄγγελοι</strong></span> <span class='ocrx_word' id='word_1_654' title='bbox 1160 2145 1215 2176; x_wconf 76' lang='grc' dir='ltr'><strong>τοῖς</strong></span> <span class='ocrx_word' id='word_1_655' title='bbox 1238 2145 1377 2185; x_wconf 69' lang='grc' dir='ltr'><strong>ἐχομένοις</strong></span> <span class='ocrx_word' id='word_1_656' title='bbox 1393 2145 1485 2176; x_wconf 76' lang='grc' dir='ltr'><strong>αὐτοῖς</strong></span> <span class='ocrx_word' id='word_1_657' title='bbox 1500 2145 1575 2180; x_wconf 75' lang='grc' dir='ltr'><strong>φιλίᾳ</strong></span> <span class='ocrx_word' id='word_1_658' title='bbox 1595 2147 1643 2172; x_wconf 80' lang='grc' dir='ltr'><strong>καὶ</strong></span> <span class='ocrx_word' id='word_1_659' title='bbox 1661 2146 1816 2181; x_wconf 73' lang='grc' dir='ltr'><strong>σεμνότητι.</strong></span> 
     </span>
    </p>
   </div>
   <div class='ocr_carea' id='block_1_94' title="bbox 202 2188 985 2224">
    <p class='ocr_par' dir='ltr' id='par_1_94' title="bbox 202 2188 985 2224">
     <span class='ocr_line' id='line_1_94' title="bbox 202 2188 985 2224; baseline -0.001 -6"><span class='ocrx_word' id='word_1_660' title='bbox 202 2191 288 2218; x_wconf 89' lang='lat' dir='ltr'><strong>odore</strong></span> <span class='ocrx_word' id='word_1_661' title='bbox 304 2189 476 2224; x_wconf 88' lang='lat' dir='ltr'><strong>perfundere.</strong></span> <span class='ocrx_word' id='word_1_662' title='bbox 493 2188 527 2216; x_wconf 85' lang='lat' dir='ltr'><strong>Et</strong></span> <span class='ocrx_word' id='word_1_663' title='bbox 545 2188 662 2223; x_wconf 86' lang='lat' dir='ltr'><strong>primum</strong></span> <span class='ocrx_word' id='word_1_664' title='bbox 676 2189 785 2224; x_wconf 82' lang='lat' dir='ltr'><strong>quidem</strong></span> <span class='ocrx_word' id='word_1_665' title='bbox 804 2189 829 2216; x_wconf 88' lang='lat' dir='ltr'><strong>id</strong></span> <span class='ocrx_word' id='word_1_666' title='bbox 847 2195 985 2224; x_wconf 64' lang='lat' dir='ltr'><strong>praestant,</strong></span> 
     </span>
    </p>
   </div>
   <div class='ocr_carea' id='block_1_95' title="bbox 201 2234 984 2268">
    <p class='ocr_par' dir='ltr' id='par_1_95' title="bbox 201 2234 984 2268">
     <span class='ocr_line' id='line_1_95' title="bbox 201 2234 984 2268; baseline -0.001 -5"><span class='ocrx_word' id='word_1_667' title='bbox 201 2243 264 2263; x_wconf 84' lang='lat' dir='ltr'><strong>cum</strong></span> <span class='ocrx_word' id='word_1_668' title='bbox 280 2234 410 2262; x_wconf 90' lang='lat' dir='ltr'><strong>librorum</strong></span> <span class='ocrx_word' id='word_1_669' title='bbox 430 2242 571 2262; x_wconf 88' lang='lat' dir='ltr'><strong>sacrorum</strong></span> <span class='ocrx_word' id='word_1_670' title='bbox 587 2234 696 2261; x_wconf 91' lang='lat' dir='ltr'><strong>lectioni</strong></span> <span class='ocrx_word' id='word_1_671' title='bbox 713 2241 794 2268; x_wconf 84' lang='lat' dir='ltr'><strong>opera</strong></span> <span class='ocrx_word' id='word_1_672' title='bbox 813 2235 892 2262; x_wconf 87' lang='lat' dir='ltr'><strong>datur</strong></span> <span class='ocrx_word' id='word_1_673' title='bbox 908 2244 914 2261; x_wconf 87' lang='lat'><strong><em>:</em></strong></span> <span class='ocrx_word' id='word_1_674' title='bbox 929 2236 984 2262; x_wconf 87' lang='lat' dir='ltr'><strong>cir-</strong></span> 
     </span>
    </p>
   </div>
   <div class='ocr_carea' id='block_1_96' title="bbox 202 2279 984 2315">
    <p class='ocr_par' dir='ltr' id='par_1_96' title="bbox 202 2279 984 2315">
     <span class='ocr_line' id='line_1_96' title="bbox 202 2279 984 2315; baseline -0.001 -6"><span class='ocrx_word' id='word_1_675' title='bbox 202 2284 340 2309; x_wconf 78' lang='lat' dir='ltr'><strong>cumstant</strong></span> <span class='ocrx_word' id='word_1_676' title='bbox 353 2280 451 2315; x_wconf 84' lang='lat' dir='ltr'><strong>quippe</strong></span> <span class='ocrx_word' id='word_1_677' title='bbox 461 2284 517 2307; x_wconf 88' lang='lat' dir='ltr'><strong>tum</strong></span> <span class='ocrx_word' id='word_1_678' title='bbox 531 2299 540 2313; x_wconf 93' lang='lat'><strong>,</strong></span> <span class='ocrx_word' id='word_1_679' title='bbox 559 2280 685 2315; x_wconf 82' lang='lat' dir='ltr'><strong>quamvis</strong></span> <span class='ocrx_word' id='word_1_680' title='bbox 702 2279 787 2307; x_wconf 85' lang='lat' dir='ltr'><strong>aciem</strong></span> <span class='ocrx_word' id='word_1_681' title='bbox 801 2285 922 2307; x_wconf 84' lang='lat' dir='ltr'><strong>nostram</strong></span> <span class='ocrx_word' id='word_1_682' title='bbox 939 2281 984 2308; x_wconf 88' lang='lat' dir='ltr'><strong>fu-</strong></span> 
     </span>
    </p>
   </div>
   <div class='ocr_carea' id='block_1_97' title="bbox 202 2324 984 2361">
    <p class='ocr_par' dir='ltr' id='par_1_97' title="bbox 202 2324 984 2361">
     <span class='ocr_line' id='line_1_97' title="bbox 202 2324 984 2361; baseline 0.003 -9"><span class='ocrx_word' id='word_1_683' title='bbox 202 2327 291 2361; x_wconf 72' lang='lat' dir='ltr'><strong>giant,</strong></span> <span class='ocrx_word' id='word_1_684' title='bbox 316 2325 410 2353; x_wconf 88' lang='lat' dir='ltr'><strong>audire</strong></span> <span class='ocrx_word' id='word_1_685' title='bbox 433 2325 524 2360; x_wconf 86' lang='lat' dir='ltr'><strong>cupidi</strong></span> <span class='ocrx_word' id='word_1_686' title='bbox 544 2324 741 2360; x_wconf 73' lang='lat' dir='ltr'><strong>iucundissima</strong></span> <span class='ocrx_word' id='word_1_687' title='bbox 756 2326 843 2352; x_wconf 82' lang='lat' dir='ltr'><strong>sancti</strong></span> <span class='ocrx_word' id='word_1_688' title='bbox 867 2324 984 2359; x_wconf 76' lang='lat' dir='ltr'><strong>Spiritus</strong></span> 
     </span>
    </p>
   </div>
   <div class='ocr_carea' id='block_1_98' title="bbox 189 2370 983 2405">
    <p class='ocr_par' dir='ltr' id='par_1_98' title="bbox 189 2370 983 2405">
     <span class='ocr_line' id='line_1_98' title="bbox 189 2370 983 2405; baseline -0.003 -5"><span class='ocrx_word' id='word_1_689' title='bbox 189 2373 293 2401; x_wconf 64' lang='grc' dir='ltr'><strong>νισι-ιη.</strong></span> <span class='ocrx_word' id='word_1_690' title='bbox 321 2370 439 2398; x_wconf 74' lang='lat' dir='ltr'><strong>ltursutn</strong></span> <span class='ocrx_word' id='word_1_691' title='bbox 464 2370 492 2398; x_wconf 90' lang='lat' dir='ltr'><strong>id</strong></span> <span class='ocrx_word' id='word_1_692' title='bbox 517 2374 667 2405; x_wconf 66' lang='lat' dir='ltr'><strong>prastant,</strong></span> <span class='ocrx_word' id='word_1_693' title='bbox 694 2378 756 2398; x_wconf 81' lang='lat' dir='ltr'><strong>cum</strong></span> <span class='ocrx_word' id='word_1_694' title='bbox 781 2371 843 2405; x_wconf 90' lang='lat' dir='ltr'><strong>quis</strong></span> <span class='ocrx_word' id='word_1_695' title='bbox 867 2371 983 2398; x_wconf 90' lang='lat' dir='ltr'><strong>orationi</strong></span> 
     </span>
    </p>
   </div>
   <div class='ocr_carea' id='block_1_99' title="bbox 203 2415 984 2450">
    <p class='ocr_par' dir='ltr' id='par_1_99' title="bbox 203 2415 984 2450">
     <span class='ocr_line' id='line_1_99' title="bbox 203 2415 984 2450; baseline 0.001 -8"><span class='ocrx_word' id='word_1_696' title='bbox 203 2423 302 2444; x_wconf 80' lang='lat' dir='ltr'><strong>vacans</strong></span> <span class='ocrx_word' id='word_1_697' title='bbox 320 2422 383 2443; x_wconf 89' lang='lat' dir='ltr'><strong>cum</strong></span> <span class='ocrx_word' id='word_1_698' title='bbox 403 2415 459 2443; x_wconf 88' lang='lat' dir='ltr'><strong>Deo</strong></span> <span class='ocrx_word' id='word_1_699' title='bbox 482 2415 648 2450; x_wconf 88' lang='lat' dir='ltr'><strong>colloquitur</strong></span> <span class='ocrx_word' id='word_1_700' title='bbox 667 2423 674 2441; x_wconf 88' lang='lat'><strong>:</strong></span> <span class='ocrx_word' id='word_1_701' title='bbox 696 2415 813 2450; x_wconf 90' lang='lat' dir='ltr'><strong>denique</strong></span> <span class='ocrx_word' id='word_1_702' title='bbox 826 2423 888 2443; x_wconf 90' lang='lat' dir='ltr'><strong>cum</strong></span> <span class='ocrx_word' id='word_1_703' title='bbox 910 2416 984 2444; x_wconf 67' lang='lat' dir='ltr'><strong>labo-</strong></span> 
     </span>
    </p>
   </div>
   <div class='ocr_carea' id='block_1_100' title="bbox 202 2460 981 2496">
    <p class='ocr_par' dir='ltr' id='par_1_100' title="bbox 202 2460 981 2496">
     <span class='ocr_line' id='line_1_100' title="bbox 202 2460 981 2496; baseline -0.003 -8"><span class='ocrx_word' id='word_1_704' title='bbox 202 2461 282 2489; x_wconf 80' lang='lat' dir='ltr'><strong>riosis</strong></span> <span class='ocrx_word' id='word_1_705' title='bbox 310 2460 439 2496; x_wconf 85' lang='lat' dir='ltr'><strong>operibus</strong></span> <span class='ocrx_word' id='word_1_706' title='bbox 465 2463 575 2495; x_wconf 88' lang='lat' dir='ltr'><strong>propter</strong></span> <span class='ocrx_word' id='word_1_707' title='bbox 603 2460 729 2487; x_wconf 88' lang='lat' dir='ltr'><strong>eumdem</strong></span> <span class='ocrx_word' id='word_1_708' title='bbox 757 2467 788 2488; x_wconf 87' lang='lat' dir='ltr'><strong>se</strong></span> <span class='ocrx_word' id='word_1_709' title='bbox 814 2460 981 2494; x_wconf 86' lang='lat' dir='ltr'><strong>discruciat,</strong></span> 
     </span>
    </p>
   </div>
   <div class='ocr_carea' id='block_1_101' title="bbox 199 2505 984 2541">
    <p class='ocr_par' dir='ltr' id='par_1_101' title="bbox 199 2505 984 2541">
     <span class='ocr_line' id='line_1_101' title="bbox 199 2505 984 2541; baseline -0.001 -7"><span class='ocrx_word' id='word_1_710' title='bbox 199 2513 319 2541; x_wconf 85' lang='lat' dir='ltr'><strong>cumque</strong></span> <span class='ocrx_word' id='word_1_711' title='bbox 340 2506 367 2533; x_wconf 91' lang='lat' dir='ltr'><strong>in</strong></span> <span class='ocrx_word' id='word_1_712' title='bbox 395 2513 496 2541; x_wconf 82' lang='lat' dir='ltr'><strong>corpus</strong></span> <span class='ocrx_word' id='word_1_713' title='bbox 520 2513 600 2533; x_wconf 91' lang='lat' dir='ltr'><strong>suum</strong></span> <span class='ocrx_word' id='word_1_714' title='bbox 627 2505 742 2541; x_wconf 73' lang='lat' dir='ltr'><strong>ﬂagellis</strong></span> <span class='ocrx_word' id='word_1_715' title='bbox 767 2506 984 2533; x_wconf 85' lang='lat' dir='ltr'><strong>animadvertit‘.</strong></span> 
     </span>
    </p>
   </div>
   <div class='ocr_carea' id='block_1_102' title="bbox 203 2551 988 2587">
    <p class='ocr_par' dir='ltr' id='par_1_102' title="bbox 203 2551 988 2587">
     <span class='ocr_line' id='line_1_102' title="bbox 203 2551 988 2587; baseline -0.001 -8"><span class='ocrx_word' id='word_1_716' title='bbox 203 2557 266 2580; x_wconf 89' lang='lat' dir='ltr'><strong>tunc</strong></span> <span class='ocrx_word' id='word_1_717' title='bbox 280 2551 353 2580; x_wconf 90' lang='lat' dir='ltr'><strong>enim</strong></span> <span class='ocrx_word' id='word_1_718' title='bbox 372 2553 504 2587; x_wconf 59' lang='lat' dir='ltr'><strong>praeclaro</strong></span> <span class='ocrx_word' id='word_1_719' title='bbox 519 2551 604 2587; x_wconf 71' lang='lat' dir='ltr'><strong>pugili</strong></span> <span class='ocrx_word' id='word_1_720' title='bbox 620 2559 671 2580; x_wconf 87' lang='lat' dir='ltr'><strong>suo</strong></span> <span class='ocrx_word' id='word_1_721' title='bbox 684 2557 784 2587; x_wconf 69' lang='lat' dir='ltr'><strong>prasto</strong></span> <span class='ocrx_word' id='word_1_722' title='bbox 806 2557 889 2583; x_wconf 85' lang='lat' dir='ltr'><strong>sunt.</strong></span> <span class='ocrx_word' id='word_1_723' title='bbox 911 2559 988 2580; x_wconf 86' lang='lat' dir='ltr'><strong>eum-</strong></span> 
     </span>
    </p>
   </div>
   <div class='ocr_carea' id='block_1_103' title="bbox 201 2596 986 2632">
    <p class='ocr_par' dir='ltr' id='par_1_103' title="bbox 201 2596 986 2632">
     <span class='ocr_line' id='line_1_103' title="bbox 201 2596 986 2632; baseline 0.005 -11"><span class='ocrx_word' id='word_1_724' title='bbox 201 2604 254 2631; x_wconf 84' lang='lat' dir='ltr'><strong>que</strong></span> <span class='ocrx_word' id='word_1_725' title='bbox 266 2596 348 2624; x_wconf 82' lang='lat' dir='ltr'><strong>variis</strong></span> <span class='ocrx_word' id='word_1_726' title='bbox 363 2597 453 2625; x_wconf 82' lang='lat' dir='ltr'><strong>modis</strong></span> <span class='ocrx_word' id='word_1_727' title='bbox 480 2597 634 2630; x_wconf 78' lang='lat' dir='ltr'><strong>deliniant,</strong></span> <span class='ocrx_word' id='word_1_728' title='bbox 652 2601 775 2625; x_wconf 79' lang='lat' dir='ltr'><strong>recreant</strong></span> <span class='ocrx_word' id='word_1_729' title='bbox 800 2597 986 2632; x_wconf 84' lang='lat' dir='ltr'><strong>animamque.</strong></span> 
     </span>
    </p>
   </div>
   <div class='ocr_carea' id='block_1_104' title="bbox 238 2684 546 2716">
    <p class='ocr_par' dir='ltr' id='par_1_104' title="bbox 238 2684 546 2716">
     <span class='ocr_line' id='line_1_104' title="bbox 238 2684 546 2716; baseline 0 -4"><span class='ocrx_word' id='word_1_730' title='bbox 238 2684 262 2701; x_wconf 86' lang='lat'>&quot;</span> <span class='ocrx_word' id='word_1_731' title='bbox 282 2684 356 2712; x_wconf 78' lang='lat' dir='ltr'><strong>Psul.</strong></span> <span class='ocrx_word' id='word_1_732' title='bbox 373 2691 467 2716; x_wconf 76' lang='lat' dir='ltr'><strong>cunt,</strong></span> <span class='ocrx_word' id='word_1_733' title='bbox 485 2685 546 2712; x_wconf 78' lang='grc'><strong>105.</strong></span> 
     </span>
    </p>
   </div>
   <div class='ocr_carea' id='block_1_105' title="bbox 236 2758 1004 2798">
    <p class='ocr_par' dir='ltr' id='par_1_105' title="bbox 236 2758 1004 2798">
     <span class='ocr_line' id='line_1_105' title="bbox 236 2758 1004 2798; baseline 0.004 -12"><span class='ocrx_word' id='word_1_734' title='bbox 236 2760 294 2798; x_wconf 50' lang='grc'><strong>(95)</strong></span> <span class='ocrx_word' id='word_1_735' title='bbox 307 2760 397 2798; x_wconf 43' lang='grc' dir='ltr'><strong>-Ὃταν</strong></span> <span class='ocrx_word' id='word_1_736' title='bbox 414 2758 533 2793; x_wconf 74' lang='grc' dir='ltr'><strong>οὗν,οιο.</strong></span> <span class='ocrx_word' id='word_1_737' title='bbox 550 2760 718 2798; x_wconf 84' lang='lat' dir='ltr'><strong>Hinc__usque</strong></span> <span class='ocrx_word' id='word_1_738' title='bbox 731 2761 764 2788; x_wconf 87' lang='lat' dir='ltr'><strong>ad</strong></span> <span class='ocrx_word' id='word_1_739' title='bbox 776 2761 832 2793; x_wconf 91' lang='lat' dir='ltr'><strong>illa,</strong></span> <span class='ocrx_word' id='word_1_740' title='bbox 846 2762 915 2789; x_wconf 85' lang='grc' dir='ltr'><strong>κατὰ</strong></span> <span class='ocrx_word' id='word_1_741' title='bbox 927 2763 980 2798; x_wconf 78' lang='grc' dir='ltr'><strong>γὰρ</strong></span> <span class='ocrx_word' id='word_1_742' title='bbox 1001 2779 1004 2782; x_wconf 92' lang='grc'><strong>-</strong></span> 
     </span>
    </p>
   </div>
   <div class='ocr_carea' id='block_1_106' title="bbox 199 2795 978 2831">
    <p class='ocr_par' dir='ltr' id='par_1_106' title="bbox 199 2795 978 2831">
     <span class='ocr_line' id='line_1_106' title="bbox 199 2795 978 2831; baseline 0.005 -10"><span class='ocrx_word' id='word_1_743' title='bbox 199 2796 284 2828; x_wconf 70' lang='grc' dir='ltr'><strong>τρεῖς,</strong></span> <span class='ocrx_word' id='word_1_744' title='bbox 297 2795 485 2822; x_wconf 84' lang='lat' dir='ltr'><strong>desiderantur</strong></span> <span class='ocrx_word' id='word_1_745' title='bbox 505 2798 532 2823; x_wconf 82' lang='lat' dir='ltr'><strong>in</strong></span> <span class='ocrx_word' id='word_1_746' title='bbox 548 2803 599 2823; x_wconf 89' lang='lat' dir='ltr'><strong>ms.</strong></span> <span class='ocrx_word' id='word_1_747' title='bbox 612 2795 712 2824; x_wconf 82' lang='lat' dir='ltr'><strong>Mazar.</strong></span> <span class='ocrx_word' id='word_1_748' title='bbox 726 2801 844 2831; x_wconf 84' lang='lat' dir='ltr'><strong>suntque</strong></span> <span class='ocrx_word' id='word_1_749' title='bbox 857 2797 912 2825; x_wconf 79' lang='lat' dir='ltr'><strong>fere</strong></span> <span class='ocrx_word' id='word_1_750' title='bbox 927 2795 978 2825; x_wconf 52' lang='lat' dir='ltr'><strong>ob;</strong></span> 
     </span>
    </p>
   </div>
   <div class='ocr_carea' id='block_1_107' title="bbox 1043 2190 1817 2226">
    <p class='ocr_par' dir='ltr' id='par_1_107' title="bbox 1043 2190 1817 2226">
     <span class='ocr_line' id='line_1_107' title="bbox 1043 2190 1817 2226; baseline 0.003 -10"><span class='ocrx_word' id='word_1_751' title='bbox 1043 2190 1086 2216; x_wconf 83' lang='grc' dir='ltr'><strong>Ἐν</strong></span> <span class='ocrx_word' id='word_1_752' title='bbox 1097 2190 1216 2225; x_wconf 77' lang='grc' dir='ltr'><strong>πρώτοις</strong></span> <span class='ocrx_word' id='word_1_753' title='bbox 1226 2190 1289 2217; x_wconf 78' lang='grc' dir='ltr'><strong>ὅταν</strong></span> <span class='ocrx_word' id='word_1_754' title='bbox 1300 2191 1353 2222; x_wconf 76' lang='grc' dir='ltr'><strong>τὰς.</strong></span> <span class='ocrx_word' id='word_1_755' title='bbox 1364 2191 1438 2226; x_wconf 71' lang='grc' dir='ltr'><strong>ίερὰς</strong></span> <span class='ocrx_word' id='word_1_756' title='bbox 1451 2190 1558 2225; x_wconf 79' lang='grc' dir='ltr'><strong>βίϐλους</strong></span> <span class='ocrx_word' id='word_1_757' title='bbox 1569 2192 1801 2225; x_wconf 85' lang='grc' dir='ltr'><strong>ἀναγινώσκουσιν</strong></span> <span class='ocrx_word' id='word_1_758' title='bbox 1809 2200 1817 2208; x_wconf 83' lang='grc'><strong>·</strong></span> 
     </span>
    </p>
   </div>
   <div class='ocr_carea' id='block_1_108' title="bbox 1036 2236 1819 2273">
    <p class='ocr_par' dir='ltr' id='par_1_108' title="bbox 1036 2236 1819 2273">
     <span class='ocr_line' id='line_1_108' title="bbox 1036 2236 1819 2273; baseline 0.003 -11"><span class='ocrx_word' id='word_1_759' title='bbox 1036 2236 1248 2271; x_wconf 78' lang='grc' dir='ltr'><strong>περικυκλοῦσιν</strong></span> <span class='ocrx_word' id='word_1_760' title='bbox 1276 2237 1331 2271; x_wconf 70' lang='grc' dir='ltr'><strong>γὰρ</strong></span> <span class='ocrx_word' id='word_1_761' title='bbox 1355 2237 1453 2263; x_wconf 73' lang='grc' dir='ltr'><strong>ἐκείνοι</strong></span> <span class='ocrx_word' id='word_1_762' title='bbox 1475 2237 1537 2264; x_wconf 79' lang='grc' dir='ltr'><strong>τότε</strong></span> <span class='ocrx_word' id='word_1_763' title='bbox 1553 2237 1685 2273; x_wconf 77' lang='grc' dir='ltr'><strong>ἀοράτως,</strong></span> <span class='ocrx_word' id='word_1_764' title='bbox 1704 2237 1819 2264; x_wconf 75' lang='grc' dir='ltr'><strong>ἀκοῦσαι</strong></span> 
     </span>
    </p>
   </div>
   <div class='ocr_carea' id='block_1_109' title="bbox 1035 2280 1819 2318">
    <p class='ocr_par' dir='ltr' id='par_1_109' title="bbox 1035 2280 1819 2318">
     <span class='ocr_line' id='line_1_109' title="bbox 1035 2280 1819 2318; baseline 0.003 -11"><span class='ocrx_word' id='word_1_765' title='bbox 1035 2281 1158 2313; x_wconf 84' lang='grc' dir='ltr'><strong>θέλοντες</strong></span> <span class='ocrx_word' id='word_1_766' title='bbox 1169 2281 1205 2308; x_wconf 82' lang='grc' dir='ltr'><strong>τὰ</strong></span> <span class='ocrx_word' id='word_1_767' title='bbox 1216 2280 1263 2308; x_wconf 80' lang='grc' dir='ltr'><strong>τοῦ</strong></span> <span class='ocrx_word' id='word_1_768' title='bbox 1283 2282 1416 2316; x_wconf 84' lang='grc' dir='ltr'><strong>παναγίου</strong></span> <span class='ocrx_word' id='word_1_769' title='bbox 1432 2281 1589 2317; x_wconf 82' lang='grc' dir='ltr'><strong>Πνεύματος</strong></span> <span class='ocrx_word' id='word_1_770' title='bbox 1605 2281 1753 2318; x_wconf 80' lang='grc' dir='ltr'><strong>θεότερπνα</strong></span> <span class='ocrx_word' id='word_1_771' title='bbox 1770 2283 1819 2317; x_wconf 80' lang='grc' dir='ltr'><strong>ῥή-</strong></span> 
     </span>
    </p>
   </div>
   <div class='ocr_carea' id='block_1_110' title="bbox 1036 2325 1820 2362">
    <p class='ocr_par' dir='ltr' id='par_1_110' title="bbox 1036 2325 1820 2362">
     <span class='ocr_line' id='line_1_110' title="bbox 1036 2325 1820 2362; baseline -0.001 -9"><span class='ocrx_word' id='word_1_772' title='bbox 1036 2334 1109 2360; x_wconf 82' lang='grc' dir='ltr'><strong>ματα</strong></span> <span class='ocrx_word' id='word_1_773' title='bbox 1119 2333 1127 2341; x_wconf 84' lang='lat'>&#39;</span> <span class='ocrx_word' id='word_1_774' title='bbox 1143 2325 1224 2353; x_wconf 81' lang='grc' dir='ltr'><strong>πάλιν</strong></span> <span class='ocrx_word' id='word_1_775' title='bbox 1248 2325 1329 2361; x_wconf 76' lang='grc' dir='ltr'><strong>ἡνίκα</strong></span> <span class='ocrx_word' id='word_1_776' title='bbox 1345 2335 1384 2358; x_wconf 84' lang='grc' dir='ltr'><strong>τις</strong></span> <span class='ocrx_word' id='word_1_777' title='bbox 1407 2326 1600 2362; x_wconf 85' lang='grc' dir='ltr'><strong>προσεύχεται,</strong></span> <span class='ocrx_word' id='word_1_778' title='bbox 1615 2327 1662 2354; x_wconf 83' lang='grc' dir='ltr'><strong>καὶ</strong></span> <span class='ocrx_word' id='word_1_779' title='bbox 1679 2327 1767 2362; x_wconf 77' lang='grc' dir='ltr'><strong>ὁμιλεῖ</strong></span> <span class='ocrx_word' id='word_1_780' title='bbox 1780 2327 1820 2362; x_wconf 82' lang='grc' dir='ltr'><strong>τῷ</strong></span> 
     </span>
    </p>
   </div>
   <div class='ocr_carea' id='block_1_111' title="bbox 1034 2371 1819 2408">
    <p class='ocr_par' dir='ltr' id='par_1_111' title="bbox 1034 2371 1819 2408">
     <span class='ocr_line' id='line_1_111' title="bbox 1034 2371 1819 2408; baseline 0.003 -11"><span class='ocrx_word' id='word_1_781' title='bbox 1034 2371 1094 2406; x_wconf 80' lang='grc' dir='ltr'><strong>Θεῷ</strong></span> <span class='ocrx_word' id='word_1_782' title='bbox 1107 2379 1115 2387; x_wconf 70' lang='grc' dir='ltr'><strong><em>υ</em></strong></span> <span class='ocrx_word' id='word_1_783' title='bbox 1132 2372 1180 2398; x_wconf 71' lang='grc' dir='ltr'><strong>καὶ</strong></span> <span class='ocrx_word' id='word_1_784' title='bbox 1193 2372 1238 2398; x_wconf 80' lang='grc' dir='ltr'><strong>ὅτε</strong></span> <span class='ocrx_word' id='word_1_785' title='bbox 1253 2371 1341 2406; x_wconf 82' lang='grc' dir='ltr'><strong>κόπῳ,</strong></span> <span class='ocrx_word' id='word_1_786' title='bbox 1353 2372 1370 2407; x_wconf 78' lang='grc' dir='ltr'><strong>ἢ</strong></span> <span class='ocrx_word' id='word_1_787' title='bbox 1384 2371 1469 2408; x_wconf 80' lang='grc' dir='ltr'><strong>πόνῳ,</strong></span> <span class='ocrx_word' id='word_1_788' title='bbox 1483 2372 1500 2407; x_wconf 80' lang='grc' dir='ltr'>ἢ</span> <span class='ocrx_word' id='word_1_789' title='bbox 1516 2373 1626 2407; x_wconf 81' lang='grc' dir='ltr'><strong>μάστιγι</strong></span> <span class='ocrx_word' id='word_1_790' title='bbox 1639 2374 1768 2408; x_wconf 79' lang='grc' dir='ltr'><strong>καρτερεῖ</strong></span> <span class='ocrx_word' id='word_1_791' title='bbox 1779 2381 1819 2404; x_wconf 69' lang='grc' dir='ltr'><strong>τις</strong></span> 
     </span>
    </p>
   </div>
   <div class='ocr_carea' id='block_1_112' title="bbox 1033 2416 1821 2453">
    <p class='ocr_par' dir='ltr' id='par_1_112' title="bbox 1033 2416 1821 2453">
     <span class='ocr_line' id='line_1_112' title="bbox 1033 2416 1821 2453; baseline 0.003 -10"><span class='ocrx_word' id='word_1_792' title='bbox 1033 2416 1078 2443; x_wconf 79' lang='grc' dir='ltr'><strong>διὰ</strong></span> <span class='ocrx_word' id='word_1_793' title='bbox 1105 2416 1170 2443; x_wconf 87' lang='grc' dir='ltr'><strong>Θεόν</strong></span> <span class='ocrx_word' id='word_1_794' title='bbox 1180 2424 1187 2432; x_wconf 94' lang='grc'><strong>·</strong></span> <span class='ocrx_word' id='word_1_795' title='bbox 1217 2417 1279 2444; x_wconf 74' lang='grc' dir='ltr'><strong>τότε</strong></span> <span class='ocrx_word' id='word_1_796' title='bbox 1309 2418 1364 2452; x_wconf 84' lang='grc' dir='ltr'><strong>γὰρ</strong></span> <span class='ocrx_word' id='word_1_797' title='bbox 1377 2417 1461 2444; x_wconf 67' lang='grc' dir='ltr'><strong>ἀΐδιον</strong></span> <span class='ocrx_word' id='word_1_798' title='bbox 1474 2417 1580 2452; x_wconf 74' lang='grc' dir='ltr'><strong>ἔχουσιν</strong></span> <span class='ocrx_word' id='word_1_799' title='bbox 1599 2417 1720 2453; x_wconf 78' lang='grc' dir='ltr'><strong>ἀλείφειν</strong></span> <span class='ocrx_word' id='word_1_800' title='bbox 1731 2426 1760 2444; x_wconf 87' lang='grc' dir='ltr'><strong>τε</strong></span> <span class='ocrx_word' id='word_1_801' title='bbox 1773 2419 1821 2445; x_wconf 79' lang='grc' dir='ltr'><strong>καὶ</strong></span> 
     </span>
    </p>
   </div>
   <div class='ocr_carea' id='block_1_113' title="bbox 1036 2461 1821 2499">
    <p class='ocr_par' dir='ltr' id='par_1_113' title="bbox 1036 2461 1821 2499">
     <span class='ocr_line' id='line_1_113' title="bbox 1036 2461 1821 2499; baseline 0.003 -11"><span class='ocrx_word' id='word_1_802' title='bbox 1036 2461 1207 2494; x_wconf 74' lang='grc' dir='ltr'><strong>εὑωδιάζιιν,</strong></span> <span class='ocrx_word' id='word_1_803' title='bbox 1232 2463 1279 2489; x_wconf 75' lang='grc' dir='ltr'><strong>καὶ</strong></span> <span class='ocrx_word' id='word_1_804' title='bbox 1300 2463 1512 2498; x_wconf 80' lang='grc' dir='ltr'><strong>προθυμοποιεῐν</strong></span> <span class='ocrx_word' id='word_1_805' title='bbox 1530 2463 1575 2489; x_wconf 75' lang='grc' dir='ltr'><strong>τὸν</strong></span> <span class='ocrx_word' id='word_1_806' title='bbox 1596 2464 1666 2499; x_wconf 73' lang='grc' dir='ltr'><strong>ὑπὲρ</strong></span> <span class='ocrx_word' id='word_1_807' title='bbox 1680 2463 1821 2495; x_wconf 70' lang='grc' dir='ltr'><strong>εὗσεεείας</strong></span> 
     </span>
    </p>
   </div>
   <div class='ocr_carea' id='block_1_114' title="bbox 1038 2507 1246 2542">
    <p class='ocr_par' dir='ltr' id='par_1_114' title="bbox 1038 2507 1246 2542">
     <span class='ocr_line' id='line_1_114' title="bbox 1038 2507 1246 2542; baseline 0.005 -8"><span class='ocrx_word' id='word_1_808' title='bbox 1038 2507 1246 2542; x_wconf 75' lang='grc' dir='ltr'><strong>ἀγωνιζόμενον.</strong></span> 
     </span>
    </p>
   </div>
   <div class='ocr_carea' id='block_1_115' title="bbox 1034 2765 1826 2804">
    <p class='ocr_par' dir='ltr' id='par_1_115' title="bbox 1034 2765 1826 2804">
     <span class='ocr_line' id='line_1_115' title="bbox 1034 2765 1826 2804; baseline 0.009 -13"><span class='ocrx_word' id='word_1_809' title='bbox 1034 2765 1158 2804; x_wconf 67' lang='lat' dir='ltr'><strong>scutriora</strong></span> <span class='ocrx_word' id='word_1_810' title='bbox 1172 2784 1195 2804; x_wconf 85' lang='lat'><strong>,__</strong></span> <span class='ocrx_word' id='word_1_811' title='bbox 1204 2765 1242 2792; x_wconf 89' lang='lat' dir='ltr'><strong>uti</strong></span> <span class='ocrx_word' id='word_1_812' title='bbox 1257 2769 1285 2792; x_wconf 89' lang='lat' dir='ltr'><strong>et</strong></span> <span class='ocrx_word' id='word_1_813' title='bbox 1302 2766 1436 2804; x_wconf 75' lang='lat' dir='ltr'><strong>pleraque</strong></span> <span class='ocrx_word' id='word_1_814' title='bbox 1446 2767 1588 2804; x_wconf 81' lang='lat' dir='ltr'><strong>sequentia</strong></span> <span class='ocrx_word' id='word_1_815' title='bbox 1603 2775 1611 2797; x_wconf 85' lang='lat'><strong>:</strong></span> <span class='ocrx_word' id='word_1_816' title='bbox 1629 2775 1660 2796; x_wconf 87' lang='lat' dir='ltr'><strong>ac</strong></span> <span class='ocrx_word' id='word_1_817' title='bbox 1681 2767 1708 2796; x_wconf 88' lang='lat' dir='ltr'><strong>in</strong></span> <span class='ocrx_word' id='word_1_818' title='bbox 1722 2765 1826 2804; x_wconf 83' lang='lat' dir='ltr'><strong>primis&#39;</strong></span> 
     </span>
    </p>
   </div>
   <div class='ocr_carea' id='block_1_116' title="bbox 1035 2799 1531 2836">
    <p class='ocr_par' dir='ltr' id='par_1_116' title="bbox 1035 2799 1531 2836">
     <span class='ocr_line' id='line_1_116' title="bbox 1035 2799 1531 2836; baseline 0.008 -10"><span class='ocrx_word' id='word_1_819' title='bbox 1035 2799 1107 2826; x_wconf 87' lang='lat' dir='ltr'><strong>istud</strong></span> <span class='ocrx_word' id='word_1_820' title='bbox 1127 2799 1285 2834; x_wconf 66' lang='grc' dir='ltr'><strong>ὀφείλωσιν,</strong></span> <span class='ocrx_word' id='word_1_821' title='bbox 1303 2799 1369 2836; x_wconf 78' lang='lat' dir='ltr'><strong>quid</strong></span> <span class='ocrx_word' id='word_1_822' title='bbox 1384 2799 1437 2830; x_wconf 64' lang='lat' dir='ltr'><strong>Sibi</strong></span> <span class='ocrx_word' id='word_1_823' title='bbox 1455 2799 1531 2830; x_wconf 74' lang='lat' dir='ltr'><strong>vult?</strong></span> 
     </span>
    </p>
   </div>
  </div>
