2015 3081
194 229 248 261 885

781 232 868 262 VITA
889 233 917 262 S.
942 233 1107 263 ANDRE/E
1128 233 1224 263 SALI.

1767 237 1820 269 886

194 283 274 312 αὑτὸν
294 283 324 310 ιν
338 283 385 319 ὅλῃ
398 283 509 319 Ὑαρόίᾳ
527 286 586 318 σου,
603 293 650 313 ut
673 285 826 320 προσεύχου
849 286 982 321 αὐτῷ-συ-

1038 285 1125 314 fessor
1140 287 1209 321 (55),
1225 291 1252 315 et
1267 295 1328 316 sors
1346 292 1391 316 tua
1408 295 1469 317 cum
1484 289 1587 318 sanctis
1601 290 1691 318 futura
1706 295 1758 319 est.
1776 292 1817 320 Tu

191 329 264 365 χνῶς
279 329 347 364 μετὰ
362 329 465 356 πολλῶν
475 330 600 366 δακρύων
611 338 618 346 ⁸
634 331 757 366 μέμνησο
766 331 793 358 δέ
805 340 855 366 μου
869 331 982 359 πάντοτε

192 376 221 401 ἐν
238 375 296 406 ταῖς
313 374 399 409 ἱεραῖς
416 383 461 401 σου
488 375 647 411 ἀναφοραῖς,
665 376 743 411 ἡνίκα
762 376 925 411 λειτουργῶν
945 378 983 412 τῷ

197 419 292 455 Κυρίῳ
319 420 486 455 παρίστασαι
509 421 591 456 πολλῇ
607 422 641 456 τῇ
660 422 730 448 αίδοτ
752 422 798 449 καὶ
818 423 983 449 καταστάσει

195 465 244 499 τῆς
261 467 512 501 ταπεινοφροσύνης
524 475 531 482 ·
551 468 597 493 καὶ
612 467 666 494 nos
682 467 781 502 Κύριος
796 469 810 495 ὁ
821 468 887 499 Θεὸς
899 468 984 504 ὑπερ-

194 511 251 538 άνω
276 512 458 547 ὑπερασπίσει
483 521 549 546 σου,
579 513 649 548 ὑπὲρ
676 514 768 548 πάσης
792 514 982 546 καταστάσεως

194 557 426 592 πῳμυοοὺμενος.
458 558 557 593 Ἰδοὺή
584 558 825 594 ὑπερευλογημένη
849 560 895 585 καὶ
910 560 982 586 δεδο-

195 602 316 636 ξασμένη
340 602 563 638 Θεογεννήτειρσ,
579 602 648 638 αὕτη
672 603 834 638 κυϐέρνησις
848 603 895 632 καὶ
909 604 982 635 ἀντί-

193 647 273 681 ληψις
290 655 329 673 σοι
340 648 496 683 γενήσεται.
515 648 600 684 Δεῦρο
616 647 673 681 οὖν,
698 649 803 682 τέκνον,
821 650 867 676 καὶ
886 650 982 676 κλίνω-

195 700 245 726 μεν
263 692 326 726 γόνυ
341 693 366 718 οε
391 694 541 728 ἀμφότεροι
566 694 661 729 Κυρίῳ
676 695 715 729 τῷ
738 694 807 730 Θεῷ,
827 695 872 722 καὶ
894 695 924 721 τδ
937 704 981 722 τε·

194 737 314 764 λευταϊον
330 737 554 774 προσευξώμεθα.
569 739 624 766 Καὶ
635 739 782 773 κλινᾱωτων
796 740 870 774 γόνυ,
880 739 981 775 ἤρξατο

195 783 392 819 προσεύχεσθαι
407 785 421 811 ὁ
439 785 532 821 ὐσιος
548 784 633 817 οὕτως
646 793 656 807 ’μ

234 925 304 960 σμβν.
326 925 356 953 '0
373 926 478 961 Πατὴρ.
496 926 511 953 ό
534 926 608 958 Tios,
635 927 682 954 καὶ
697 927 726 954 τὺ
752 927 829 962 ἅγιον
858 927 979 964 Πνεῦμα,

195 971 280 1006 Τριὰς
297 972 313 1006 ἡ
336 971 466 1002 (omnem;
481 972 527 998 καὶ
549 972 689 1007 ὀμοούσιος
710 973 756 999 καὶ
777 973 920 1009 σύνθρονος
935 976 981 1001 καὶ
997 964 1020 995 Β

195 1017 351 1051 ἀμέριστος,
375 1017 587 1052 παρακαλοῦμέν
604 1026 633 1044 σε
651 1019 675 1044 οι
689 1019 815 1054 πένητες,
833 1020 879 1046 καὶ
901 1019 979 1053 ξένοι,

195 1064 242 1090 καὶ
255 1064 368 1097 πτωχοὶ,
383 1064 429 1090 καὶ
440 1064 551 1098 γυμνοὶ,
564 1065 610 1091 καὶ
625 1065 662 1101 μὴ
677 1064 783 1100 ἔχοντες
797 1066 847 1100 τὴν
861 1066 982 1101 κεφαλὴν

197 1108 248 1135 ποῦ
278 1109 383 1135 κλῖναι·
405 1109 498 1136 ἕνεκεν
524 1109 570 1136 τοῦ
588 1110 718 1144 ὀνόματός
735 1119 782 1137 σου
806 1111 933 1145 κλίνομεν
952 1112 982 1138 τὸ

194 1155 259 1188 γόνυ
273 1156 323 1190 τῆς
337 1154 425 1190 ψυχῆς
443 1156 490 1182 καὶ
505 1155 552 1182 τοῦ
575 1154 711 1190 σώματος,
730 1156 775 1182 καὶ
798 1156 847 1191 τῆς
868 1157 981 1192 καρδίας

195 1199 301 1226 καὶτοῦ
324 1200 488 1235 πνεύματος,
506 1201 553 1227 καὶ
575 1200 692 1235 δεόμεθὰ
718 1209 765 1227 σου
785 1201 832 1227 καὶ
857 1209 982 1236 παρακα-

193 1245 304 1280 λοῦμεν,
321 1245 368 1272 καὶ
384 1246 541 1281 ἱκετεύομεν
557 1254 598 1277 σε,
613 1246 628 1272 ὁ
651 1246 727 1277 Θεὸς.
745 1247 760 1273 ό
774 1245 840 1278 Θεδς
856 1246 886 1273 τὸ
902 1247 980 1281 φοϐε-

196 1292 241 1326 ρῆν
263 1291 347 1327 ονομα
370 1291 493 1325 Σαϐαὼθ,
511 1292 596 1326 ἀγαθὲ
616 1291 663 1319 καὶ
684 1292 745 1326 ἆγιε
760 1293 893 1324 Δέσποτα,
914 1293 982 1319 πλα-

195 1338 309 1372 στουργὲ
323 1338 423 1372 ποιητὰ
437 1338 646 1373 παντοκράτωρ,
658 1338 746 1364 κλῖνον
759 1339 789 1364 τὸ
800 1336 847 1370 οὖς
861 1347 920 1370 σου,
934 1339 981 1365 καὶ

195 1383 316 1417 ιὺμενὼς
333 1382 478 1418 πρόσδεξαι
494 1383 543 1418 τὴν
559 1383 700 1418 ἱκετηρίαν
721 1383 798 1420 ἡμῶν
817 1383 871 1411 τῶν
887 1393 981 1410 ταπει-

194 1430 246 1455 νῶν
260 1428 379 1461 ἔντευξιν
392 1429 437 1455 καὶ
449 1429 552 1463 δέησιν,
569 1429 617 1458 καὶ
634 1429 802 1461 καταξίωσον
815 1429 888 1464 ἡμᾶς
904 1430 980 1463 ἁγια-

196 1475 291 1509 σοὴναι
315 1475 344 1500 ἐν
366 1475 399 1509 τῇ
417 1474 530 1508 δυνάμει
547 1483 593 1501 σου
609 1475 657 1502 καὶ
683 1475 712 1501 ἑν
730 1474 769 1509 τῷ
795 1475 907 1510 ὀνόματί
923 1484 980 1506 σου,

196 1520 345 1555 οἰκτίρμων
374 1520 422 1546 καὶ
447 1520 583 1556 ἐλεήμων,
608 1520 767 1556 μακρόϐυμε
783 1522 829 1547 καὶ
855 1521 980 1547 πολυέλεε

197 1565 293 1600 Κύριε.
319 1563 404 1595 Ἐλθὲ,
411 1566 515 1601 Πατὴρ,
533 1566 595 1597 Υίδς
613 1567 660 1593 καὶ
675 1566 707 1592 τὸ
720 1566 830 1602 Πνεῦμα
843 1567 873 1593 τὸ
884 1567 961 1600 ἅγιον
972 1575 979 1584 ⁸

197 1612 267 1644 MOE,
283 1611 300 1646 ὴ
314 1611 418 1646 φοϐερὰ
430 1612 557 1648 ἀστραπὴ
572 1614 620 1648 τῆς
634 1612 759 1647 θεότητος
769 1621 776 1628 ·
794 1612 863 1646 ἐλθὲ,
874 1614 904 1639 τὸ
915 1614 982 1648 κρά-

194 1666 239 1688 τος
257 1657 287 1684 τδ
299 1657 427 1693 φοϐερόν·
444 1658 515 1689 ἐλθὲ,
531 1658 561 1684 τὺ
578 1659 662 1694 ονομα
680 1659 726 1685 τοῦ
740 1659 858 1692 Πατρδς,
875 1659 980 1686 καὶτοῦ

195 1703 272 1735 Υίοῦ,
288 1704 334 1729 καὶ
354 1703 400 1741 τοῦ
418 1703 496 1737 ἁγίου
514 1704 681 1738 Πνεῦματος,
707 1705 858 1739 συμπαθῶν
878 1705 911 1732 τὰ
926 1714 980 1731 παπ

196 1748 366 1783 ραπτώματα
381 1748 470 1783 ἡμῶν,
484 1748 556 1784 ἅπερ
567 1750 727 1784 ἡμάρτομεν
739 1750 768 1776 ἐν
782 1750 853 1785 λόγῳ
868 1751 884 1786 ἢ
896 1751 979 1787 ἔργῳ,

195 1793 211 1829 ἦ
226 1794 254 1819 ἐν
270 1793 427 1829 ἐνθυμήσει,
441 1794 456 1829 ἦ
471 1794 498 1820 ἐν
513 1794 625 1829 διανοίᾳ.
642 1794 772 1829 Δεόμεθα,
786 1795 892 1831 πάριδε,
907 1797 979 1829 ἄνες,

193 1839 273 1874 ἄφες,
286 1839 382 1873 ἀγαθὲ,
403 1839 584 1874 εὖσπλαγχνε,
610 1839 736 1874 ἑλεῆμον,
764 1841 911 1867 πολυέλεε·
934 1843 981 1868 καὶ

197 1886 234 1920 μὴ
265 1885 448 1921 καταισχύνῃς
476 1886 561 1920 ἡμᾶς,
587 1885 654 1920 μηδὲ
677 1886 833 1923 ἁπορρἱῃς
856 1886 910 1914 ἀπὸ
933 1887 981 1914 τοῦ

194 1929 339 1965 προσώπου
355 1939 413 1962 σου,
429 1931 443 1956 ὁ
457 1930 536 1965 ἡδονῇ
550 1931 597 1956 καὶ
612 1930 716 1965 φίλτρῳ
730 1930 830 1965 ἔρωτος
845 1931 982 1964 γλυκυτά-

194 1985 240 2004 του
253 1976 447 2010 καμπτόμενος
477 1975 523 2001 ἐπὶ
545 1977 604 2007 ταῖς
626 1975 764 2008 ιντεύξεσι
781 1976 833 2003 τῶν
854 1977 982 2011 ἀγαπών-

194 2030 247 2048 των
259 2029 299 2047 σε.
315 2020 468 2056 Παρακαλῶ
486 2029 527 2052 σε,
542 2021 673 2052 Δέσποτα,
689 2021 720 2047 τὸ
727 2021 822 2048 τέκνον
837 2031 888 2055 μου
904 2023 982 2049 τοῦτο

193 2067 224 2093 τὸ
245 2066 356 2092 ὕπισθεν
368 2067 416 2101 τῆς
437 2066 507 2101 ὲμῆς
523 2066 715 2100 ἀνικανότητος
731 2066 762 2093 τδ
787 2067 851 2101 γόνυ
876 2067 981 2100 κλίναν,

194 2112 311 2146 φώτισον
330 2111 412 2138 αὑτοῦ
426 2111 459 2137 τὰ
475 2110 587 2146 lippam
604 2112 636 2146 τῇ
652 2111 779 2147 ἀστραπῇ
793 2112 842 2147 τῆς
856 2113 906 2147 σῆς
921 2112 981 2139 Osd-

193 2166 273 2190 τητος
284 2164 292 2171 ·
307 2157 419 2190 ἁγίασον
433 2155 514 2182 αὐτοῦ
537 2156 571 2185 τὰ
583 2156 664 2191 νοερὰ
682 2157 846 2192 αίσθητήρια
860 2157 899 2192 τῷ
912 2158 982 2192 ἁγίῳ

195 2210 241 2227 σου
260 2201 415 2235 Πνεύματι·
431 2201 576 2238 φαίδρυνον
590 2201 672 2228 αὑτοῦ
685 2201 748 2233 τοὺς
762 2202 811 2237 τῆς
821 2203 911 2237 ψυχῆς
925 2203 983 2230 δια-

193 2247 339 2281 λογισμοὺς
353 2247 385 2282 τῇ
405 2247 502 2282 ἀφάτῳ
521 2247 621 2283 εὐωδίᾳ
634 2247 683 2283 τῆς
699 2247 813 2280 ἀειζώου
837 2256 884 2275 σου
901 2249 981 2284 χάρι-

194 2301 254 2324 το;”
268 2293 419 2327 ἑμπντυσον
433 2293 507 2329 αὐτῷ
520 2293 628 2329 πνεῦμα
641 2294 745 2328 σοφίας,
756 2294 864 2329 πνεῦμα
880 2297 981 2331 ἰσχύος,

196 2339 303 2374 πνεῦμα
333 2339 477 2372 συνέσεως,
508 2339 618 2375 πνεῦμα
645 2339 756 2375 ἀγάπης
786 2341 833 2366 καὶ
859 2342 982 2376 είρήνης,

195 2384 301 2418 πνεῦμα
323 2385 487 2419 πραότητος,
513 2393 619 2419 πνευμσ
638 2385 764 2420 δακρύων
785 2386 921 2420 ροητικὸν,
940 2387 984 2415 ἴνα

194 2428 368 2463 εὐοδούμενος
394 2430 440 2456 καὶ
468 2429 674 2464 κυϐερνώμενος
700 2431 775 2466 παρὰ
797 2431 847 2465 τῆς
863 2432 982 2467 ἀρρήτου

195 2482 242 2499 σου
267 2473 367 2506 δεξιᾶς,
395 2475 497 2510 ποιήσῃ
519 2474 607 2501 πάντα
624 2476 659 2501 τὰ
677 2475 812 2509 εὐάρεστά
839 2484 886 2506 σου
909 2477 938 2503 ἐν
950 2478 982 2512 τῇ

194 2519 308 2555 δυνάμει
323 2528 369 2546 σου
390 2520 551 2554 σωζόμενος.

233 2657 307 2688 σμγ’.
334 2653 425 2680 Ταῦτα
450 2654 598 2689 εὐξάμενος
622 2657 636 2681 ὁ
652 2655 756 2688 Ὃσιος,
782 2657 913 2690 ἀναστὰς,
937 2657 982 2684 καὶ

197 2699 444 2734 κατασπασάμενος
464 2700 547 2727 αὑτοῦ
563 2702 597 2727 τὰ
616 2701 740 2736 ὄμματα,
760 2703 805 2729 καὶ
822 2702 853 2728 τὸ
873 2703 984 2738 πρόσω-

198 2753 260 2776 πον,
280 2745 328 2772 καὶ
354 2745 384 2771 το
404 2745 512 2781 στῆθος,
541 2747 587 2773 καὶ
608 2747 657 2778 τὰς
685 2748 789 2781 χεῖρας,
812 2747 859 2774 καὶ
872 2747 984 2782 είρήνην

197 2793 273 2824 ᾰ-,ιειν
290 2791 370 2817 αὑτὸν
390 2792 577 2826 ἐντειλάμενος
596 2793 669 2819 ἔνδον
684 2793 731 2819 τοῦ
747 2793 874 2824 κοιτῶνος
889 2793 982 2825 αὑτοῦ,

197 2878 249 2904 quo
275 2869 384 2896 minime
411 2869 455 2896 hic
484 2869 599 2896 idoneus
627 2869 732 2896 nobis:
753 2869 873 2896 dixtmus
892 2872 982 2896 autem

198 2905 282 2930 \‘ldt‘l‘i
307 2904 509 2938 assumpsisse.
532 2911 593 2931 cum
615 2905 765 2931 monachus
784 2904 878 2937 fleret,
902 2907 985 2937 atque

201 2940 226 2966 in
257 2937 444 2974 patriarchatu
464 2940 642 2979 retinuisse,
671 2946 769 2966 nomen
799 2937 908 2966 Antonii
940 2938 981 2966 vel

1038 340 1112 365 vero,
1134 332 1182 366 liii,
1199 333 1311 366 videsis,
1326 339 1354 361 ut
1370 343 1507 370 nunquam
1525 336 1617 364 animo
1633 342 1680 364 tuo
1696 338 1820 366 elabatur

1037 378 1120 404 timor
1143 377 1269 411 Domini;
1295 387 1327 406 ex
1342 383 1398 406 toto
1413 381 1497 408 corde
1516 386 1562 407 tuo
1584 381 1665 416 dilige
1682 381 1757 409 illum
1769 401 1777 413 ,
1794 387 1820 409 ct

1036 422 1132 450 crebro
1147 423 1239 451 multis
1254 430 1315 450 cum
1335 423 1462 459 lacrymis
1483 431 1606 458 precare.
1638 417 1818 458 Quotiescun-

1036 475 1088 502 que
1110 469 1314 496 sacriﬁcaturus
1337 469 1441 496 astabis
1464 476 1556 496 coram
1580 468 1704 501 Domino,
1733 471 1819 497 multa

1035 521 1096 540 cum
1111 513 1260 541 reverentia
1275 518 1302 540 et
1318 514 1482 545 humilitate,
1498 519 1634 542 memento
1647 521 1754 548 semper
1769 514 1821 541 mei

1035 558 1062 586 in
1088 558 1189 587 sanctis
1213 558 1397 586 oblationibus
1426 559 1494 592 tuis;
1521 564 1548 586 et
1573 558 1706 586 Dominus
1735 558 1818 589 Deus.

1035 612 1198 639 quocunque
1222 604 1249 631 in
1269 609 1339 631 statu
1364 599 1449 632 fueris
1461 624 1469 637 ,
1487 609 1513 632 te
1533 605 1724 639 propugnabit.
1739 604 1819 636 Dice.

1034 658 1095 686 qua:
1120 658 1201 684 supra
1227 650 1337 677 modum
1362 650 1503 677 benedicta
1533 654 1561 677 et
1589 649 1740 685 glorificata
1765 656 1819 683 est,

1034 700 1128 723 sancta
1153 695 1198 722 Dei
1227 695 1348 722 Genitrix
1371 699 1396 722 te
1416 699 1516 729 tuaque
1536 694 1698 730 gubernabit
1723 695 1820 722 rectis-

1034 741 1104 769 sime
1125 747 1157 767 ac
1173 739 1308 768 defendet.
1331 740 1388 768 llnc
1407 740 1482 773 ades,
1500 741 1555 773 fili;
1580 740 1721 767 ﬂectamus
1736 740 1818 768 simul

1035 792 1120 821 genus
1138 788 1230 814 nostra
1258 783 1373 814 Domino
1400 784 1466 816 Deo,
1494 791 1649 819 supremam
1666 785 1817 813 orationem

1035 832 1114 865 si.qu
1136 831 1240 865 fusuri;
1259 830 1367 866 illisque
1389 831 1475 864 ﬂexis,
1494 830 1528 858 ita
1547 835 1655 858 oratum
1670 835 1710 858 est
1727 838 1741 858 a
1759 831 1818 858 viro

1034 885 1129 908 sancto
1141 889 1149 908 ξ

1068 926 1130 954 242.
1156 927 1247 959 Pater,
1270 927 1332 960 Fili,
1359 932 1386 955 et
1413 927 1531 962 Spiritus
1560 932 1671 958 sancte.
1699 926 1817 954 Trinitas

1033 971 1137 1000 vivifica
1147 993 1155 1004 ,
1170 972 1197 1000 in
1212 974 1364 1001 substantia
1381 974 1486 1004 cadent.
1501 974 1526 1001 in
1540 974 1626 1009 gloria
1637 973 1749 1008 aequalis
1761 993 1768 1007 ,
1787 974 1814 1000 in

1033 1018 1155 1052 partibus
1173 1019 1330 1052 individua;
1353 1027 1402 1047 nos
1418 1027 1560 1054 pauperes.
1577 1019 1722 1054 peregrini,
1741 1013 1815 1046 meit-

1033 1064 1085 1090 dici
1108 1071 1141 1090 ac
1156 1064 1221 1091 nodi
1232 1084 1239 1095 ,
1259 1064 1305 1099 qui
1322 1064 1367 1091 ubi
1382 1069 1464 1098 caput
1485 1071 1650 1098 reponamus
1664 1071 1718 1091 non
1733 1063 1818 1091 habe-

1034 1115 1105 1139 mus,
1125 1107 1304 1143 imploramus
1323 1116 1401 1143 opem
1418 1112 1504 1140 tuam,
1522 1108 1687 1136 inclinantes
1707 1113 1816 1143 propter

1033 1161 1131 1180 nomen
1149 1158 1224 1180 tuum
1238 1159 1292 1181 tam
1307 1154 1408 1181 anima
1416 1161 1497 1189 quam
1514 1154 1648 1188 corporis,
1660 1158 1713 1180 tam
1725 1154 1816 1181 cordis

1033 1206 1115 1232 quam
1127 1198 1240 1233 spiritus
1255 1200 1342 1226 nostri
1356 1207 1457 1233 genua,
1472 1206 1499 1227 et
1513 1206 1625 1227 oramus
1637 1203 1719 1233 atque
1736 1199 1817 1226 obsc-

1032 1251 1140 1270 cr.-mus
1154 1251 1203 1270 nec
1216 1252 1269 1271 non
1284 1248 1310 1272 et
1323 1245 1509 1279 supplicamus
1522 1245 1582 1278 tibi,
1599 1252 1616 1271 o
1632 1244 1714 1276 Deus.
1733 1244 1816 1276 Deus.

1032 1289 1261 1324 cujusﬂerribile
1285 1298 1382 1317 nomen
1426 1291 1565 1321 Sabaoth.
1583 1291 1684 1325 optime
1700 1295 1727 1317 et
1751 1297 1816 1318 san-

1032 1331 1153 1362 Etissime
1173 1335 1308 1367 Domine,
1327 1335 1484 1363 eﬂ'ector-cs
1503 1340 1610 1363 creator
1629 1335 1814 1370 omnipotens,

1032 1386 1061 1408 ut
1079 1388 1172 1408 autem
1193 1385 1265 1408 tuam
1281 1382 1361 1409 nobis
1383 1382 1530 1413 inclinans,
1555 1381 1670 1416 benigne
1682 1381 1816 1416 suscipias

1034 1428 1179 1455 humilium
1205 1427 1370 1454 famulorum
1397 1433 1505 1455 tuorum
1533 1427 1685 1462 supplicem
1710 1428 1815 1455 oratio-

1033 1479 1106 1504 nem,
1128 1476 1211 1506 utque
1232 1472 1259 1499 in
1275 1472 1374 1500 virtute
1396 1479 1428 1500 ac
1448 1473 1558 1499 nomine
1575 1477 1625 1500 tuo
1639 1479 1690 1500 nos
1706 1476 1816 1500 sanctos

1032 1517 1138 1544 efﬁcere
1159 1517 1278 1552 digneris
1292 1537 1299 1550 ,
1322 1518 1475 1546 misericors
1494 1523 1521 1545 et
1540 1519 1685 1545 miserator
1698 1538 1705 1551 ,
1724 1518 1803 1553 longe

1033 1563 1116 1591 nimis
1138 1568 1165 1590 et
1189 1564 1282 1591 multa:
1308 1564 1493 1591 miserationis
1521 1563 1604 1591 Deus.
1632 1564 1712 1592 Adsis
1737 1565 1816 1592 nobis

1033 1608 1129 1639 Pater,
1148 1607 1197 1635 Fili
1211 1628 1219 1641 ,
1237 1613 1263 1635 et
1280 1602 1398 1643 Spiritus
1414 1612 1523 1641 sancte,
1539 1609 1613 1636 adsis
1629 1608 1757 1644 splendor
1773 1609 1816 1635 in-

995 1641 1015 1668 c
1033 1653 1116 1681 liniue
1135 1653 1269 1681 claritatis
1283 1641 1367 1684 Deus,
1385 1654 1457 1681 adsit
1474 1654 1592 1688 potentis
1611 1641 1656 1681 tua
1672 1653 1815 1685 mirabilis.

1031 1702 1111 1732 atque
1127 1698 1154 1724 in
1175 1698 1285 1726 nomine
1305 1698 1395 1725 Patris
1412 1703 1440 1725 et
1459 1697 1518 1725 Filii
1541 1703 1568 1726 et
1592 1697 1710 1733 Spiritus
1729 1699 1817 1726 sancti

1031 1750 1199 1778 quaecunque
1218 1743 1259 1770 vel
1276 1751 1367 1778 opere.
1399 1744 1439 1771 vel
1454 1744 1546 1774 verbo,
1563 1744 1604 1771 vel
1619 1744 1817 1778 concupiscen-

1033 1789 1081 1820 tia,
1109 1788 1148 1814 tul
1166 1788 1330 1823 cogitatione
1353 1789 1514 1816 admisimus
1536 1788 1645 1820 delicta,
1661 1788 1816 1815 misericor-

1032 1832 1104 1860 diter
1121 1833 1199 1860 nobis
1215 1833 1342 1867 dimitte;
1358 1834 1475 1866 dimitte,
1490 1834 1600 1868 inquam
1611 1853 1619 1867 ,
1636 1834 1772 1866 condona,
1788 1839 1816 1862 et

1032 1878 1170 1910 oblittera,
1197 1879 1320 1913 piissime
1337 1878 1462 1911 Domine,
1485 1879 1562 1913 cujus
1577 1879 1769 1906 misericordia:
1789 1884 1818 1907 et

1032 1924 1221 1951 miserationes
1241 1923 1332 1951 intritae
1353 1929 1435 1957 sunt;
1459 1932 1492 1951 ne
1508 1923 1659 1951 contundas
1673 1931 1735 1956 nos,
1750 1931 1818 1952 neve

1031 1969 1161 2004 projicias
1175 1977 1191 1997 a
1206 1969 1275 1996 facie
1290 1972 1335 1997 tua
1349 1988 1357 2002 ,
1381 1970 1426 2004 qui
1451 1970 1589 2004 voluptate
1610 1973 1638 1996 et
1652 1969 1736 1996 illicio
1749 1976 1818 2004 quo-

1031 2015 1093 2042 dam
1110 2015 1212 2043 amoris
1233 2015 1407 2047 suavissimi,
1431 2015 1600 2043 converteris
1613 2015 1647 2043 ad
1664 2014 1818 2042 orationem

1031 2060 1201 2095 diligentium
1229 2065 1266 2087 te.
1295 2060 1415 2088 Obsecro
1441 2065 1484 2094 te,
1514 2061 1638 2093 Domine,
1665 2065 1696 2088 ut
1723 2060 1818 2088 oculos

1032 2105 1124 2141 hujus,
1141 2113 1210 2141 pone
1232 2113 1275 2133 mc
1297 2105 1431 2134 ﬂectentis
1442 2114 1528 2141 genua
1540 2126 1548 2138 ,
1565 2106 1612 2134 lilii
1628 2107 1700 2140 mei,
1718 2106 1818 2134 divina:

1031 2151 1163 2179 claritatis
1176 2156 1228 2178 tuae
1239 2150 1382 2186 splendore
1396 2151 1550 2185 illuminas;
1565 2157 1594 2179 ut
1608 2159 1704 2180 omnes
1718 2152 1818 2179 anime
1832 2150 1835 2151 ⁷

1032 2194 1174 2223 facultates
1186 2194 1290 2229 Spiritu
1310 2199 1357 2223 tuo
1374 2195 1546 2229 sanctifices;
1576 2200 1606 2223 ut
1627 2195 1727 2224 mentis
1743 2196 1818 2230 cogi-

1032 2240 1149 2268 tationes
1177 2241 1354 2268 inenarrabili
1379 2248 1486 2276 semper
1512 2241 1628 2276 vigentis
1649 2242 1743 2277 gratia:
1765 2247 1818 2269 tua:

1035 2285 1182 2320 fragrantia
1196 2285 1306 2312 condita
1321 2286 1479 2319 esbilares;
1497 2290 1526 2312 ut
1541 2286 1657 2320 inspires
1678 2286 1716 2313 illi
1735 2286 1815 2320 spiri-

1036 2337 1091 2359 tum
1115 2331 1273 2366 sapientiae,
1298 2330 1423 2365 spiritum
1439 2331 1616 2363 fortitudinis,
1633 2331 1759 2366 spiritum
1775 2333 1818 2359 in-

1035 2377 1189 2413 telligentia
1201 2396 1209 2408 ,
1224 2377 1350 2412 spiritum
1368 2377 1520 2405 dilectionis
1536 2383 1563 2404 et
1577 2379 1670 2412 pacis,
1689 2378 1816 2413 spiritum

1035 2422 1256 2450 mansuetudinis
1267 2441 1276 2454 ,
1304 2422 1428 2456 spiritum
1444 2421 1562 2457 denique
1578 2423 1714 2450 salutares
1727 2422 1818 2457 lacry-

1035 2475 1095 2498 mas
1109 2467 1262 2494 ellcientem
1282 2475 1290 2495 :
1308 2474 1363 2501 quo
1378 2471 1453 2494 recta
1474 2467 1604 2495 incedens
1616 2468 1671 2500 via,
1685 2467 1819 2502 dirigcnte

1034 2513 1169 2540 infallibiii
1192 2513 1305 2540 dextera
1325 2517 1370 2540 tua
1395 2513 1575 2546 gubernetur;
1600 2517 1627 2539 et
1644 2512 1771 2547 quaelibet
1785 2520 1818 2540 ex

1035 2559 1173 2587 voluntate
1199 2563 1245 2585 tua
1261 2558 1416 2593 placitoque
1440 2565 1567 2593 operaus,
1596 2558 1622 2584 in
1646 2558 1746 2586 virtute
1771 2563 1817 2586 tua

1035 2604 1117 2630 vitam
1136 2607 1319 2637 consequatur
1334 2608 1476 2630 aeternam.

1068 2651 1131 2678 265.
1154 2650 1193 2679 Ita
1210 2656 1337 2686 precatus
1355 2651 1478 2678 Andreas
1490 2669 1498 2683 ,
1512 2650 1648 2684 surrexit;
1665 2654 1722 2678 tum
1739 2657 1818 2679 osctv

1035 2698 1105 2725 latus
1120 2697 1266 2733 Epiphanii
1287 2698 1392 2728 oculos,
1414 2697 1529 2729 vultum,
1552 2701 1647 2732 pectus
1665 2700 1693 2724 et
1709 2704 1816 2731 manus,

1034 2746 1213 2778 hortatusque
1224 2763 1232 2777 ,
1252 2748 1281 2771 ut
1303 2743 1330 2770 in
1347 2750 1396 2770 suo
1412 2750 1442 2770 se
1455 2743 1576 2771 conclavi
1600 2742 1713 2778 paciﬂce
1732 2744 1820 2771 conti-

1035 2795 1126 2823 neret,
1142 2789 1240 2817 acerbe
1253 2789 1390 2816 dolentem
1405 2795 1438 2816 ac
1453 2788 1645 2817 lamentantem
1662 2788 1818 2823 relinquens

1033 2868 1230 2967 :f’igsii'ciiigis
1248 2902 1298 2930 hoc
1319 2901 1466 2937 Polyeucto
1481 2901 1626 2931 convenire
1640 2901 1723 2930 etiam
1740 2900 1817 2928 initio

1053 2945 1165 2967 mmus.

1053 2945 1165 2967 mmus.
