2015 3081
201 219 251 252 εετ

585 210 795 244 NICEPHORI
814 210 946 242 PRESB.
969 210 1022 241 (ΣΡ.
1043 209 1131 241 Vl'I‘A
1151 209 1182 239 S.
1202 205 1366 238 ANDRE/E
1385 205 1480 236 ΒΑΜ.

1775 198 1828 229 ιεδ

200 273 338 304 discessit.
355 270 521 300 Perveniens
539 269 601 296 hinc
623 270 657 296 ad
681 267 902 299 ambulationes,
929 273 990 301 qua:

1054 264 1112 294 ὗτω
1124 265 1231 300 πικρῶς
1245 263 1397 299 θρηνοῦντα
1409 263 1502 296 ἀφεὶς,
1518 250 1830 304 ἀνεχώρησεηΚαταλα-

203 321 256 350 sub
268 318 416 355 porticibus
439 319 520 347 sunt.
538 318 623 342 totam
639 318 745 341 noctem
765 320 814 347 pro
834 312 988 347 periclitan—

202 367 286 397 tibus,
309 372 359 399 pro
378 361 492 393 aliiictis,
514 368 563 396 pro
589 359 752 387 necessitate
769 358 860 393 aliqua
875 357 987 392 pressis,

203 419 254 446 pro
268 416 378 437 carcere
398 407 513 435 detentis
527 426 534 439 ,
552 413 600 440 pro
613 405 742 432 omnibus
757 404 875 438 denique
895 403 990 430 mundi

203 456 301 484 incolis
335 453 439 482 orando
468 452 610 487 transegit.
636 452 726 484 Atque
758 450 795 477 ita
823 454 952 478 evocatus
975 456 991 476 e

205 501 297 532 terris,
316 500 413 527 videns
432 498 591 526 universum
608 501 766 524 sanctorum
784 503 891 530 agmen,
906 494 990 521 veluti

204 546 365 574 familiarem
395 552 476 573 suum
500 543 699 575 invisentium,
731 541 811 570 hilari
839 541 992 575 ridentique

203 591 281 619 vultu
297 591 422 626 spiritum
437 589 540 618 emisit.

241 636 306 664 2M.
331 635 434 663 Interea
456 635 621 671 paupercula
643 634 767 670 quzedam
794 633 906 665 mulier,
932 639 992 667 qure

204 681 307 710 ibidem
328 681 356 708 in
371 681 508 716 tuguriolo
522 682 651 716 quopiam
666 680 836 710 morabatur,
853 678 992 712 copiosam

204 727 337 762 unguenti
351 727 527 761 l'ragrantiam
541 735 572 754 ac
585 725 772 762 thymiamatis
785 723 905 753 suaviter
916 723 993 751 olen-

207 773 253 806 tis,
276 781 338 801 cum
355 772 430 800 nullo
446 773 531 800 altero
545 771 721 807 comparandi
737 791 744 802 ,
762 775 789 798 et
809 774 916 804 captum
933 776 993 796 om-

205 828 268 848 nem
283 819 425 847 hominum
442 817 685 852 supergredientis,
701 816 812 844 odorem
828 814 993 850 percipiens,

205 865 324 901 prosiliit
337 864 449 897 subito;
473 865 613 900 petituque
627 863 740 894 lumine,
763 866 855 889 secuta
869 860 994 892 odorem,

206 912 242 939 ad
267 910 357 938 locum
390 913 461 938 unde
483 909 664 944 promanabat
685 908 813 940 devenit;
843 905 996 941 reperitque

207 957 271 984 istic
287 956 397 983 beatum
410 955 546 983 Andream
559 955 613 982 vita
627 953 763 986 functum,
779 956 805 980 et
818 950 997 986 deprehendit

207 1001 330 1034 divinum
348 1001 428 1029 istum
446 1001 559 1028 odorem
574 1000 662 1035 magis
674 999 816 1034 magisque
829 997 997 1032 fragrantem

209 1046 342 1081 aspirare,
364 1050 391 1074 et
406 1050 607 1081 unguentorum
627 1043 824 1079 scaturiginem
840 1042 929 1068 instar
945 1039 998 1066 ﬂu-

207 1092 291 1120 minis
306 1092 466 1119 mirabiliter
481 1099 497 1119 e
515 1091 640 1126 reliquiis
665 1089 770 1124 egredi.
785 1087 894 1121 Qua'de
917 1093 999 1113 causa

208 1137 244 1165 ad
258 1138 326 1165 alios
341 1137 474 1172 quosdam
491 1136 589 1165 festine
605 1142 762 1167 accurrens,
776 1133 848 1169 quod
864 1131 1002 1159 acciderat

210 1182 388 1215 miraculum,
406 1181 461 1209 Deo
479 1181 538 1216 ipso
556 1182 583 1208 in
599 1185 694 1208 testem
707 1183 815 1210 vocato,
831 1177 922 1211 iurata
938 1182 1002 1202 nar-

210 1228 292 1255 ravit.
314 1227 384 1254 Hinc
398 1226 511 1254 excitati
532 1226 642 1260 plures,
664 1224 698 1252 ad
721 1224 812 1251 locum
828 1222 1000 1256 designatum

211 1276 411 1301 concurrerunt
428 1280 435 1299 :
454 1279 508 1307 quo
532 1271 796 1306 appropinquantes,
816 1267 922 1295 nullum
939 1273 1001 1294 om-

212 1312 278 1346 nino
293 1316 419 1345 viderunt
444 1317 582 1352 hominem
596 1335 604 1349 ,
625 1316 674 1343 sed
701 1313 789 1342 solam
819 1312 951 1348 unguenti
974 1315 1003 1338 et

213 1363 318 1391 incensi
343 1361 522 1396 fragrantiam
549 1364 746 1396 perceperunt,
771 1358 901 1386 mirantes
922 1356 1004 1384 vehe-

212 1413 341 1441 menter,
367 1408 459 1435 nullas
490 1407 597 1442 uspiam
623 1405 676 1433 viri
693 1403 781 1433 sancti
808 1402 940 1439 reliquias
955 1402 1003 1429 de—

214 1454 346 1489 prehendi
363 1461 371 1480 ε
393 1453 573 1481 transtulerat
593 1451 666 1480 enim
685 1451 745 1478 illas
756 1450 889 1477 Dominus
903 1448 957 1476 alio
969 1454 1003 1475 ex

216 1500 320 1535 iudicio
340 1506 392 1527 suo
411 1498 505 1526 divino
519 1518 526 1532 ,
547 1497 620 1532 quod
640 1497 716 1524 illum
734 1503 789 1524 non
805 1496 881 1528 latet,
898 1495 945 1530 qui
961 1501 1005 1520 ar-

215 1553 284 1573 cana
300 1545 429 1580 quaelibet
446 1544 520 1571 illius
535 1543 657 1571 facinora
676 1542 759 1570 habet
777 1546 929 1577 perspecta.

251 1591 315 1618 245.
330 1590 429 1618 Beatus
444 1590 535 1623 itaque
549 1588 686 1620 Andreas,
699 1588 740 1615 sol
753 1588 804 1615 iste
814 1586 1002 1620 absconditus,

217 1641 243 1663 et
258 1636 384 1662 columna
408 1634 443 1661 ad
466 1634 566 1662 calum
591 1641 679 1668 usque
704 1633 882 1668 pertingens,
907 1632 956 1667 qui
979 1636 1006 1659 et

218 1688 321 1715 pauper
343 1684 370 1707 et
391 1680 552 1714 peregrinus
574 1683 602 1706 et
619 1679 719 1706 stultus
739 1683 767 1705 et
787 1678 908 1705 omnium
933 1677 1009 1711 peri-

219 1733 313 1761 psema
350 1725 440 1752 factus
479 1725 570 1751 fuerat
599 1728 711 1758 propter
740 1723 905 1755 Dominum,
927 1723 1009 1749 vitam

219 1772 292 1799 hanc
305 1769 536 1804 duodetrigesima
554 1769 597 1796 die
619 1768 683 1796 Maii
708 1768 861 1801 conclusit,
888 1774 965 1795 sexto
984 1772 1011 1795 et

220 1816 394 1850 sexagesimo
408 1815 496 1843 artatis
511 1822 568 1843 suae
581 1822 665 1847 anno.
682 1815 789 1842 occulte
802 1821 882 1841 suum
897 1821 1010 1849 agonem

221 1869 420 1891 consummans
448 1865 476 1889 et
502 1861 557 1888 Deo
588 1861 640 1889 soli
666 1861 804 1895 cognitus.
835 1859 892 1894 Ego
921 1865 1011 1886 autem

222 1909 406 1943 Nicephorus,
429 1914 478 1942 per
493 1906 710 1935 misericordiam
733 1906 927 1940 omnipotentis
951 1904 1011 1936 Dei,

222 1955 252 1982 in
267 1960 412 1982 numerum
432 1952 655 1987 presbyterorum
679 1950 782 1985 Magnae
803 1950 937 1982 ecclesiae,
952 1957 1013 1984 quae

224 1999 253 2027 in
270 1999 322 2026 hac
344 1997 453 2025 urbium
475 1997 570 2032 regina
590 1996 638 2024 Dei
664 1996 765 2030 Sophia
789 1995 1012 2030 cognominatur,

224 2045 347 2076 ascitus,
370 2043 522 2071 mirabilem
546 2043 648 2070 hancce
668 2047 694 2069 et
719 2041 834 2069 celebris
856 2041 935 2068 fama
968 2039 1014 2067 fu-

223 2097 314 2118 turam
337 2089 537 2124 religiosissimi
558 2087 783 2122 sanctissimique
797 2087 886 2114 Patris
899 2086 1015 2114 Andreae

227 2135 315 2163 Vitam
329 2134 503 2169 conscripsi,
521 2141 552 2161 ea
569 2135 598 2161 in
612 2133 839 2161 commentariqu
854 2136 1014 2167 praesentem

226 2181 360 2214 referens,
377 2188 438 2215 quae
452 2181 551 2215 partim
565 2180 653 2207 oculis
665 2179 734 2207 meis
753 2179 813 2213 ipse
835 2179 902 2211 vidi,
916 2179 1016 2213 partim

227 2226 312 2255 didici
325 2234 358 2254 ex
375 2226 528 2262 Epiphanio
542 2244 550 2258 ,
576 2225 647 2252 facto
663 2224 707 2252 hic
729 2223 827 2252 deinde
844 2223 1018 2251 reverendis-

1039 315 1094 340 66w
1109 313 1136 340 δὶ
1149 312 1177 339 ιν
1190 311 1246 342 τοῖς
1259 309 1420 345 περιπάτοις
1434 307 1527 338 τόποις
1540 307 1596 336 τοῖς
1610 302 1739 330 ὑποκάτω
1753 299 1829 327 οὖσιν

1040 359 1174 393 ἐμϐόλοις,
1189 357 1236 383 καὶ
1250 355 1294 382 διὰ
1308 354 1400 388 πάσης
1410 352 1507 384 νυκτὸς
1523 349 1742 386 προσευχόμενος
1758 346 1830 393 ὕπερ

1039 392 1095 430 τῶν
1112 404 1141 430 ὲν
1163 401 1294 432 κινδύνοις
1310 400 1356 427 καὶ
1379 398 1495 432 θλίψεσι,
1517 397 1563 423 καὶ
1578 396 1722 428 ἀνάγκαις,
1738 394 1784 418 καὶ.
1801 392 1831 418 ὲν

1041 448 1252 484 αἰχμαλωσίαις,
1271 446 1319 473 καὶ
1331 445 1401 480 ὑπὲρ
1424 443 1526 474 παντὸς
1546 443 1592 468 τοῦ
1608 441 1723 475 κόσμου,
1743 437 1830 484 οὕτως

1042 483 1089 522 ἐπὶ
1103 495 1153 530 γῆς
1170 491 1344 527 ἀνακληθεὶς,
1361 491 1408 517 καὶ
1420 489 1492 524 ὀρῶν
1503 488 1627 518 ἅπαντας
1652 486 1716 517 τοὺς
1734 483 1830 530 ἁγίους

1042 528 1137 573 ὥσπερ
1153 538 1247 573 φίλους
1265 537 1333 571 πρὸς
1350 536 1431 562 αὑτὸν
1449 532 1702 569 παραγενομένους,
1721 528 1832 565 μειδιῶν

1042 587 1080 622 τῷ
1097 585 1247 620 προσώπῳ,
1263 584 1353 618 ἀςξῆκε
1368 583 1399 608 τὺ
1415 581 1533 616 πνεῦμα.

1080 633 1149 668 σμδν.
1171 632 1215 658 Ἐν
1232 628 1272 662 οἷς
1296 629 1407 664 γύναιον
1431 626 1560 662 πενιχρὸν
1583 624 1638 651 τῶν
1660 624 1761 653 ἐκεῖσε,
1785 622 1833 647 ἐπὶ

1043 679 1165 713 καλύΰης
1190 678 1239 711 τὴν
1268 676 1428 710 κατοίκησιν
1454 674 1526 708 ἔχον,
1551 672 1603 705 τὴν
1627 668 1760 703 πολυτελῆ
1784 667 1834 694 τοῦ

1046 725 1133 760 μύρου
1151 723 1264 750 εὐωδίαν
1282 723 1328 748 καὶ
1351 720 1533 755 θυμιαμάτων
1551 718 1672 748 ἐκείνων,
1699 715 1752 741 τῶν
1767 714 1836 749 ἠδυ-

1046 771 1135 798 πνάων
1148 769 1193 796 καὶ
1207 768 1391 803 ἁσυγκρίτων,
1409 766 1457 792 καὶ
1473 765 1562 793 πάντα
1578 763 1640 790 νοῦν
1655 760 1834 796 ὑπερϐαινόν-

1046 825 1100 844 των
1126 814 1371 849 κατοσφρανθεϊσα,
1388 811 1490 846 σπουδῇ
1514 810 1665 838 ἀναστᾶσα,
1691 806 1739 832 καὶ
1757 804 1836 839 φῶτα

1046 861 1229 897 αίτησαμένη,
1251 860 1298 886 καὶ
1325 857 1564 892 έξακολουθήσασα
1589 855 1640 888 τὴν
1666 850 1836 897 εὐωδίαντῴ

1048 896 1122 942 τόπῳ
1139 906 1259 940 ἐπέστη·
1274 901 1338 940 εῦρε
1357 903 1385 930 δὲ
1402 904 1447 930 τὸν
1463 902 1605 935 Μακάριον
1620 899 1692 926 τέλει
1714 897 1761 923 τοῦ
1779 896 1837 931 βίου

1049 953 1231 989 χρησάμενον,
1252 950 1299 977 καὶ
1312 949 1362 984 τὴν
1376 949 1471 983 θεῐκὴν
1489 948 1598 981 εκείνην
1620 944 1734 972 εὐωδίαν
1749 942 1838 976 πολλῷ

1052 999 1142 1035 μεῖζον
1157 997 1363 1031 ἀναδιδομένην,
1380 996 1426 1022 καὶ
1450 995 1545 1030 μύρων
1569 992 1698 1019 ἑκὸλυσιν
1718 989 1838 1023 παραδό-

1051 1044 1102 1077 ξως
1117 1045 1150 1070 ὲκ
1159 1042 1206 1069 τοῦ
1217 1042 1344 1077 λιιψάνου
1360 1041 1541 1076 ἐξερχομένην
1557 1037 1723 1072 ποταμηδόν.
1739 1035 1838 1069 Ἐδρα-

1053 1099 1101 1125 μεν
1120 1088 1167 1117 οὖν
1185 1088 1232 1116 καί
1254 1096 1309 1114 τισι
1331 1087 1361 1113 τδ
1387 1086 1479 1120 θαῦμα
1504 1083 1654 1119 ἀπήγγειλε
1674 1082 1723 1108 σὺν
1753 1081 1838 1114 ὅρκῳ,

1053 1136 1179 1171 μάρτυρα
1199 1134 1244 1160 τὸν
1260 1133 1326 1159 Θεὸν
1351 1130 1588 1166 προσκαλουμένη,
1610 1128 1666 1155 Καὶ
1682 1127 1714 1162 δὴ
1735 1126 1840 1153 πολλῶν

1052 1180 1322 1216 συνδεδραμηκότων,
1345 1177 1383 1209 ὡς
1401 1177 1431 1203 δὲ
1448 1175 1562 1210 πλησίον
1587 1173 1723 1207 ἐγένοντο,
1748 1172 1842 1198 οὐκέτι

1051 1228 1111 1255 τινὰ
1127 1227 1293 1261 ἑωράκασιν,
1309 1224 1334 1251 εί
1352 1224 1389 1258 μὴ
1406 1222 1457 1249 ὑπὸ
1470 1222 1521 1256 τῆς
1541 1220 1671 1255 εὐοσμίας
1685 1219 1732 1245 τοῦ
1751 1218 1841 1253 μύρου

1052 1274 1100 1300 καὶ
1119 1272 1175 1299 τῶν
1192 1271 1375 1306 θυμιαμάτων
1397 1268 1613 1302 κατεπλήττοντο
1630 1265 1701 1298 λίαν,
1715 1265 1844 1299 οὐδαμιῖς

1053 1321 1143 1355 εὑρεῖν
1153 1317 1316 1352 δυνηθέντες
1329 1315 1378 1342 τοῦ
1398 1315 1488 1349 ’Λγὶου
1503 1314 1535 1340 τδ
1548 1313 1684 1347 λείψανον.
1700 1312 1844 1346 Metto“:

1054 1366 1109 1401 γὰρ
1124 1364 1189 1391 αὐτὸ
1203 1365 1218 1391 6
1233 1363 1346 1399 Κύριος,
1365 1361 1497 1396 κρίμασιν
1515 1360 1589 1388 ἰδίοις
1606 1355 1646 1390 οἷς
1667 1360 1770 1389 ἐκεῖνος
1783 1359 1844 1384 ἐπί-

1054 1419 1162 1444 σταται,
1188 1410 1203 1437 6
1226 1409 1273 1436 καὶ
1299 1409 1334 1435 τὰ
1361 1407 1508 1443 ἀπόκρυφα
1536 1405 1618 1433 αὐτοῦ
1644 1403 1845 1439 κατορθώματα

1055 1455 1247 1491 ἐπιστάμενος.

1094 1593 1165 1626 σμε¹.
1186 1588 1346 1623 Ἐτελειώθη
1362 1587 1391 1614 δὲ
1414 1588 1429 1614 6
1446 1585 1566 1622 κρυπτὸς
1579 1584 1654 1620 ἥλιος
1673 1586 1719 1610 καὶ
1733 1583 1847 1618 οὐρανο-

1061 1638 1152 1673 μήκης
1169 1635 1265 1666 στῦλος
1292 1634 1387 1669 πυρδς,
1406 1633 1421 1659 6
1445 1632 1581 1668 μακάριος
1611 1630 1748 1664 Ἀνδρέας,
1774 1630 1788 1655 6
1804 1629 1850 1654 5t}:

1059 1680 1162 1715 Κύριον
1178 1679 1263 1713 πένης
1277 1678 1324 1704 καὶ
1339 1677 1412 1709 ξένος
1425 1677 1473 1703 καὶ
1497 1674 1786 1709 καταπεφρονημένος,
1801 1674 1850 1700 καὶ

1061 1725 1114 1752 ὑπὸ
1129 1724 1236 1751 πάντων
1249 1722 1471 1757 ἐξουθενημένος,
1485 1722 1552 1756 μηνὶ
1565 1721 1646 1755 Μαΐῳ
1659 1720 1744 1747 εἰκάδι
1757 1720 1848 1754 ὀγδόῃ,

1061 1770 1200 1805 ἑξηκοστῷ
1223 1769 1297 1803 ἕκτῳ
1319 1768 1374 1795 ἔτει
1398 1768 1444 1794 τὸν
1460 1768 1552 1801 ἀγῶνα
1574 1766 1698 1802 κρυπτὸς
1723 1766 1850 1800 διηγωνι-

1063 1816 1173 1850 σμένος,
1193 1814 1253 1848 Θεῷ
1268 1813 1298 1840 δὲ
1315 1812 1525 1847 διεγνωσμένος,
1543 1812 1580 1843 ὡς
1603 1811 1694 1841 καλῶς
1714 1811 1849 1844 ἀγωνισά-

1064 1869 1155 1896 μενος.
1178 1860 1249 1894 Ἐγὼ
1260 1859 1288 1886 δὲ
1302 1858 1471 1893 Νικηφόρος,
1487 1858 1558 1884 ἐλέει
1572 1857 1619 1884 τοῦ
1632 1857 1852 1891 παντοκράτορος

1063 1905 1132 1931 Θεοῦ
1152 1904 1285 1940 ὑπάρχων
1302 1903 1542 1939 κατηριθμημένος
1560 1903 1588 1928 ὲν
1603 1904 1657 1933 τοῖς
1672 1901 1773 1936 ἱερεῦσι
1787 1901 1853 1927 ταύ-

1064 1959 1114 1986 της
1128 1952 1177 1986 τῆς
1195 1950 1317 1984 μεγάλης
1347 1949 1494 1982 ἐκκλησίας
1513 1948 1561 1981 τῆς
1578 1947 1712 1982 βασιλίδος
1733 1947 1788 1973 τῶν
1805 1947 1853 1972 πό-

1064 1995 1133 2021 λεων
1157 1995 1207 2029 τῆς
1226 1993 1370 2027 ἐπωνύμου
1397 1993 1464 2019 Θεοῦ
1491 1992 1608 2026 Σοφίας,
1637 1990 1853 2026 συνεγραψάμην

1065 2040 1110 2067 τὸν
1126 2040 1284 2075 θαυμαστὸν
1304 2048 1398 2066 τουτον
1423 2039 1480 2073 βίον
1495 2039 1543 2065 καὶ
1566 2038 1784 2073 πολυθρύλλητον
1805 2038 1853 2064 τοῦ

1066 2085 1217 2119 σεϐασμίου
1241 2085 1347 2120 Πατρδς
1370 2085 1417 2111 τοῦ
1442 2086 1472 2111 ἐν
1504 2084 1593 2118 ἁγίοις
1614 2084 1751 2118 Ἀνδρέου,
1772 2083 1789 2110 ἃ
1808 2084 1854 2110 καὶ

1066 2132 1176 2162 οἰκείοις
1197 2130 1346 2165 ὀφθαλμοῖς
1362 2130 1482 2164 ἑώρακα,
1499 2131 1546 2155 καὶ
1572 2131 1648 2164 παρὰ
1672 2130 1719 2156 τοῦ
1740 2130 1854 2163 Ἐπιφα-

1067 2177 1124 2205 νίου
1144 2176 1192 2203 τοῦ
1217 2176 1352 2210 ἀοιδίμου,
1368 2175 1416 2202 τοῦ
1432 2175 1571 2209 γεγονότος
1585 2175 1679 2202 ἐνθάδε
1704 2176 1855 2210 ἀρχιερέως

1069 2221 1231 2257 μεμάθηκα,
1258 2220 1306 2246 καὶ
1327 2219 1396 2254 τῷδε
1423 2219 1462 2254 τῷ
1490 2219 1685 2254 συγγράμματι
1713 2220 1856 2252 aevi-ruga,

228 2274 299 2300 simo
314 2272 519 2307 archiepiscopo
533 2271 685 2300 secundum
707 2270 910 2305 praedictionem
931 2269 1000 2304 ipsiu

1054 2267 1161 2301 ιχάριτι
1186 2266 1232 2292 καὶ
1249 2264 1438 2300 φιλανθρωπίᾳ
1463 2264 1510 2290 τοῦ
1536 2265 1639 2300 Κυρίου
1667 2265 1746 2300 ἡμῶν
1767 2267 1857 2300 Ἰησοῦ

228 2317 316 2345 sancti
340 2325 348 2344 :
368 2317 448 2352 cujus
466 2318 767 2352 precibusmereamur
782 2315 912 2349 consului
933 2315 1017 2342 mise-

229 2362 379 2390 ricordiam
395 2363 422 2389 in
444 2362 489 2390 die
510 2362 624 2397 iudicii,
648 2368 697 2395 per
710 2360 826 2396 gratiam
846 2364 874 2387 et
893 2359 1012 2394 benigni-

230 2413 314 2435 tatem
332 2407 440 2435 Domini
455 2408 543 2435 nostri
563 2406 629 2434 Iesu
649 2406 771 2439 Christi,
790 2405 834 2433 cui
857 2412 919 2432 cum
935 2404 1015 2431 Putre

232 2458 384 2488 sanctoque
406 2453 511 2488 Spiritu
536 2453 638 2487 gloria,
660 2459 734 2479 nunc
754 2456 782 2479 et
807 2458 912 2485 semper
937 2455 964 2477 et
987 2450 1014 2476 in

232 2499 332 2528 saecula
355 2499 530 2527 sucularum.
551 2499 648 2526 Amen.

1068 2309 1198 2345 Χριστοῦ,
1215 2307 1238 2343 ᾧ
1252 2310 1322 2344 μετὰ
1334 2310 1374 2343 τῷ
1389 2309 1477 2344 Πατρὶ
1488 2309 1551 2341 δόξα
1567 2310 1625 2344 ἅμα
1636 2310 1676 2345 τῷ
1690 2311 1759 2345 ἁγίῳ
1775 2311 1856 2336 11νεὺ-

1070 2364 1136 2391 ματι
1164 2355 1212 2381 νῦν
1230 2355 1277 2381 καὶ
1289 2355 1331 2382 ἀεὶ
1346 2354 1392 2381 καὶ
1414 2354 1453 2386 είς
1470 2355 1533 2386 τοὺς
1557 2355 1658 2387 αίῶνας
1670 2355 1723 2382 τῶν
1739 2356 1856 2383 αἰώνων.

1075 2400 1171 2436 Ἀμήν-
