2015 3081
210 188 261 219 891
929 185 1115 216 ANNALES.
1777 183 1832 216 ΝΞ

205 244 304 272 Οιοιιίἰ
320 244 418 278 lingua:
431 244 554 271 Arabica:
569 243 725 279 professore
742 243 915 279 dignissimo,
931 243 1013 270 vitam
1035 250 1087 270 ms.
1108 242 1232 277 Eutychii
1248 241 1334 268 nostri
1351 241 1385 268 ob
1400 240 1446 269 lbn
1461 240 1510 268 Abi
1525 241 1640 269 Osaibca
1656 240 1833 269 Mahumeda-

206 298 253 320 no.
268 291 339 316 inter
356 288 429 316 Vitas
444 288 564 316 Arabum
581 289 626 323 qni
640 288 774 315 medicina
792 290 870 320 (nam
891 292 918 314 et
948 287 1071 314 medicus
1090 290 1149 313 erat
1167 286 1282 320 insignis
1297 285 1464 321 Eutychins)
1487 286 1610 312 claruere
1640 285 1782 319 scriptam.
1803 289 1831 311 In

205 341 236 359 ea
253 333 322 359 idetn
338 332 407 363 dies,
425 332 538 363 mensis,
555 339 586 358 ac
603 331 669 358 feria
685 332 790 364 eadem,
809 332 945 358 natalibus
961 331 1020 366 ejus
1046 332 1187 359 tribuitur.
1205 332 1300 359 Annus
1319 339 1382 358 vero
1400 332 1508 358 interim
1531 331 1567 358 ibi
1582 335 1624 358 est
1640 330 1692 357 2‘23
1717 329 1831 365 Hegirw.

205 384 257 412 Sed
285 384 386 411 librarii
411 391 489 411 error
516 388 557 411 est
593 384 767 411 manifestus.
797 383 829 410 Et
863 392 912 418 pro
943 386 1031 428 νηῦς
1060 386 1217 416 uicesimus.
1247 386 1325 420 plane
1363 380 1433 428 ττιῆὲγ
1466 386 1642 420 sexagesimus
1678 384 1833 416 legendum.

205 427 308 454 Auctor
323 427 366 454 ille
391 427 458 454 alias
487 426 588 454 dicitur
616 427 675 454 Abtt
703 427 847 462 Elaigltbas
875 426 993 455 Aclttited
1006 428 1060 456 Ben
1075 429 1182 460 Casem,
1193 437 1272 464 quem
1288 426 1412 456 eumdem
1423 429 1548 456 existimo
1560 436 1621 455 csse
1634 436 1695 456 cum
1709 428 1763 454 Ben
1779 427 1834 454 Ca—

205 477 262 498 sem
283 471 403 498 virorum
422 470 568 498 illustrium
581 471 704 498 Vitarum
722 477 835 498 auctore
852 472 998 505 aliquoties
1010 472 1093 498 citato
1118 479 1132 498 a
1161 472 1286 499 Gnhriclc
1315 478 1341 499 et
1355 471 1460 499 .lnanne
1475 472 1618 499 Maronitis
1630 472 1657 498 in
1671 476 1787 499 tractatu
1801 472 1834 499 de

204 517 285 544 rebus
302 515 486 544 Orientalibus
495 517 672 552 Guograpltia.‘
686 517 817 544 Nnhiensi
835 518 967 545 Subnexo.
991 517 1096 546 Floruit
1115 519 1158 545 hic
1179 519 1230 545 sub
1247 527 1347 546 annum
1359 519 1458 552 ltegira:
1471 519 1532 551 oto,
1551 527 1598 546 seu
1612 527 1712 546 anuutn
1731 518 1834 545 Christi

206 561 284 588 l‘ZI‘i.
302 562 382 587 Anno
399 569 497 596 nempe
529 562 617 589 a-tatis
636 569 691 588 sua:
715 562 748 588 57
774 566 899 588 mortuus
917 570 970 594 e51,
994 570 1065 590 anno
1079 563 1177 596 begin}:
1194 562 1258 595 (illi,
1289 564 1335 597 qui
1356 563 1457 590 Cill'iSli
1482 568 1524 590 est
1545 563 1622 590 1220.
1652 563 1736 597 Igitur
1752 568 1833 590 natus

202 611 244 633 est
256 605 406 640 Eutychius
425 605 524 632 Carolo
537 606 622 634 Calvo
635 606 803 637 Occidentis.
821 606 920 633 Basilio
938 605 1058 633 Orientis
1074 607 1295 639 imperatoribus.
1310 610 1336 634 et
1349 606 1461 633 Alfredo
1472 615 1535 641 rege
1551 607 1663 641 Angli-at,
1677 607 1832 642 patriarcha

203 649 389 676 Alexandrino
404 653 468 676 tunc
482 649 623 676 Micltaele.
644 650 711 676 Dum
728 655 819 677 autem
837 650 968 684 temporis
987 649 1060 676 hunc
1083 650 1300 684 qualemcunque
1316 649 1450 676 calculum
1464 657 1495 677 ex
1511 650 1656 677 Arabistno
1676 650 1831 683 afl‘crimus,

203 693 276 719 subit
295 693 321 720 in
340 697 458 719 mentem
477 693 542 720 illud
559 692 709 726 Landulphi
722 693 833 726 Sagacis
847 693 881 719 de
902 701 1008 720 summa
1027 699 1108 726 atque
1127 693 1250 719 inaudita
1268 693 1428 720 numerandi
1450 693 1570 725 inscitia,
1585 701 1666 728 quam
1686 693 1832 724 Arabibus,

202 742 315 763 auctore
326 736 452 764 (ira-culo
465 736 567 770 aliquo,
588 736 713 770 imputat.
729 738 773 763 Ait
788 745 896 771 nempe,
915 737 986 763 libro
1000 736 1035 763 ΞΟ
1060 735 1129 768 Ulid.
1146 743 1193 763 seu
1215 736 1304 764 Walid
1323 735 1457 770 Chaltfam
1473 736 1558 771 Syria:
1578 737 1741 771 prohibuisse
1753 737 1833 763 scribi

203 781 293 808 Gra'ce
307 781 422 814 publicos
438 781 574 815 legat/testi
593 781 703 813 codices,
729 782 774 808 aed
792 783 818 808 in
835 781 954 809 Arabicis
969 780 1094 807 annotari
1115 780 1169 806 sine
1184 784 1319 813 com/mlo:
1341 781 1476 814 quoniam,
1502 781 1544 807 sic
1559 780 1612 814 ille,
1630 780 1791 819 impossibile
1804 788 1832 806 es

202 826 310 852 il'orum
326 825 417 859 lingua
432 825 581 857 monadem,
598 826 637 852 vel
648 825 814 856 dttalitatem,
828 830 873 852 aut
888 826 1043 855 trinitatem,
1059 828 1104 850 aut
1118 828 1176 850 octo
1187 829 1212 850 et
1230 823 1382 855 dimidium,
1412 829 1458 850 aut
1470 824 1522 851 tria
1538 824 1628 857 scribi,
1645 829 1750 859 propter
1762 824 1832 858 quod

201 875 226 896 et
240 877 320 903 usque
344 869 421 895 Itotlt'e
445 873 504 895 sunt
525 869 623 895 notarii
636 868 790 896 Christiani.
811 868 888 895 ltain
910 870 990 896 rebus
1014 868 1160 896 Iustiniani
1178 867 1347 895 Rhinotmeti
1378 875 1425 896 seu
1450 869 1502 896 sub
1519 877 1620 896 annum
1653 868 1754 896 Christi
1779 868 1833 895 700

202 912 391 946 Lnnlulphus.
409 911 461 939 Sed
480 913 574 940 mirari
596 913 663 940 satis
681 919 798 947 nequeo,
823 912 959 939 ttndcnam
983 912 1035 940 hoc
1058 918 1243 940 commentum
1262 913 1352 947 primo
1375 917 1480 940 natum.
1507 913 1678 941 lllanil'estius
1707 914 1774 940 nihil
1790 919 1831 940 est

202 965 283 991 quatit
302 965 354 983 tton
367 957 454 984 solum
471 956 498 984 in
514 956 632 984 Arabum
649 956 739 991 lingua
752 955 858 983 Walide
890 957 941 983 huc
970 957 1130 989 vetustiore,
1147 961 1228 991 upote
1244 958 1327 984 etiam
1347 958 1373 984 in
1388 957 1560 987 Alcoranica.
1575 957 1736 985 numerandi
1751 957 1833 984 ratio-

203 1009 263 1027 ιιι-ιιι
280 1001 392 1036 pariter,
404 1005 434 1028 ut
447 1001 548 1035 linguis
561 1001 587 1027 in
604 1000 675 1030 aliis.
692 1000 818 1034 exprimi.
834 1008 927 1027 rerum
944 1001 1025 1027 etiam
1054 1000 1136 1034 ipsas.
1153 1000 1254 1034 quibus
1277 1001 1381 1027 utimur
1401 1001 1536 1035 Europaai,
1555 1001 1656 1035 ﬁguras
1678 1001 1833 1028 numerales

201 1044 594 1078 operationibusaritlnncticis
609 1043 677 1071 adeo
690 1043 892 1075 accommodas,
912 1051 980 1078 quas
996 1044 1152 1071 barbaricas
1168 1044 1370 1078 appellitatmts,
1389 1044 1423 1071 ab
1434 1045 1555 1071 eis‘oliut
1575 1049 1668 1072 mutuo
1684 1045 1831 1079 Europanis

202 1090 351 1124 acrepissc,
365 1096 414 1116 nec
427 1088 463 1115 ita
478 1088 561 1115 multo
575 1088 654 1115 aliter
668 1095 683 1114 a
700 1088 779 1115 nobis
792 1089 940 1115 etiamnum
955 1096 1036 1123 quam
1052 1088 1086 1114 ah
1109 1087 1162 1114 illis
1177 1088 1318 1115 formatas.
1334 1087 1366 1114 Ει
1388 1087 1551 1115 Guilieltnus
1584 1088 1836 1116 Ilalmesbuticnsis

202 1133 277 1162 lib."
295 1135 331 1162 De
343 1135 427 1163 Cestis
439 1143 527 1170 regum
539 1135 652 1170 Angliaa,
664 1143 725 1169 cap.
742 1134 786 1167 10,
806 1135 850 1161 ubi
865 1134 1000 1165 Ccrberli,
1018 1139 1109 1169 postea
1134 1135 1257 1162 Silvestri
1273 1143 1347 1169 papr
1362 1134 1458 1169 (quem
1473 1140 1562 1162 tamen
1579 1135 1623 1162 ille
1636 1136 1769 1163 Joannem
1785 1134 1832 1161 XV

203 1187 343 1214 perperam
369 1178 448 1213 facit)
467 1179 606 1205 historiam
633 1178 781 1209 intertexit,
797 1186 858 1204 eum
884 1179 920 1205 ait
938 1179 1052 1212 priurum
1070 1187 1086 1205 a
1103 1177 1243 1206 Saracenis
1270 1178 1387 1205 Abacum
1417 1179 1574 1213 rapientem,
1597 1180 1702 1214 regulas
1728 1179 1832 1209 dedisse

202 1231 260 1256 qua:
279 1231 294 1249 ιι
311 1222 468 1250 sudantibus
486 1221 609 1249 ubacirtis
628 1222 671 1248 via:
692 1221 880 1257 intetligantur.
909 1220 960 1248 Sed
977 1222 1034 1250 haec
1049 1223 1145 1250 obiter.

239 1295 362 1330 Dignitas
375 1293 502 1329 Eutycltii
519 1293 605 1320 nostri
622 1294 746 1320 cernitur
760 1297 817 1319 turn
842 1294 868 1320 in
894 1295 962 1321 artis
980 1294 1124 1322 medicina:
1140 1295 1272 1330 singulari
1289 1303 1342 1330 qua
1359 1295 1461 1322 claruit
1477 1295 1559 1328 fama,
1583 1299 1640 1322 tum
1657 1296 1684 1322 itt
1707 1295 1788 1321 rebus
1803 1300 1832 1321 ct

202 1338 343 1367 historicis
361 1343 385 1365 et
402 1337 564 1372 theologicis
581 1337 683 1372 quibus
700 1337 844 1364 admodum
863 1338 968 1372 polluit.
988 1338 1112 1372 adeoque.
1128 1338 1154 1365 itt
1174 1338 1284 1372 fastigio
1305 1338 1339 1366 ad
1358 1339 1431 1373 quod
1446 1343 1561 1367 evectus
1581 1343 1622 1366 est
1639 1339 1830 1372 patriarchali.

204 1383 339 1410 Medicum
357 1382 467 1417 quidem
485 1381 544 1416 ipse
560 1388 589 1408 se
605 1381 632 1407 in
654 1381 767 1415 scriptis
783 1380 841 1408 suis
854 1389 908 1407 non
926 1381 962 1407 ita
977 1388 1039 1408 raro
1055 1381 1186 1416 appellat,
1203 1381 1314 1417 adjecto
1331 1383 1435 1410 nomini
1453 1390 1515 1415 suo,
1534 1382 1618 1417 quod.
1637 1382 1712 1414 iuxta
1729 1382 1826 1409 Orien-

204 1427 299 1453 talittm
317 1432 430 1456 morem.
446 1424 562 1452 subinde
576 1424 683 1456 inserit,
703 1424 836 1451 vocabulo
852 1424 979 1451 medicus.
996 1425 1029 1452 Et
1046 1425 1166 1453 Achmcd
1182 1425 1234 1454 Ben
1249 1427 1345 1454 Casem
1367 1427 1393 1454 itt
1410 1425 1469 1453 Vita
1485 1427 1546 1459 ejus
1565 1435 1572 1453 :
1594 1425 1627 1453 Et
1650 1426 1762 1453 medicus
1780 1427 1830 1460 fuit

202 1470 333 1505 insignis,
352 1473 407 1496 tum
423 1469 545 1496 theorica:
567 1473 622 1495 tum
644 1469 766 1503 practicat
783 1468 902 1502 ejusdem
917 1469 1001 1502 partis
1019 1477 1131 1504 gnarus,
1150 1479 1181 1497 ac
1204 1475 1319 1504 tempore
1341 1479 1388 1497 suo
1404 1470 1581 1504 prtt'celleus;
1599 1470 1829 1506 quemadmodum

206 1515 270 1542 item
285 1518 345 1541 erat
370 1513 456 1540 frater
468 1513 527 1546 ejus
551 1512 646 1540 Isilbn
665 1511 758 1539 Batrik
781 1512 883 1539 dicttts.
914 1512 1062 1540 Scientiatn
1082 1515 1312 1549 t-jushis'oricam
1334 1515 1437 1542 scimus
1461 1524 1492 1542 ex
1525 1516 1680 1543 Annalibus
1701 1515 1772 1549 ejus.
1795 1515 1830 1542 de

202 1560 303 1594 qttilttis
324 1567 397 1587 mox.
419 1558 587 1592 Tltcologum
603 1562 694 1585 autetn
713 1558 830 1585 subinde
850 1558 876 1584 in
893 1558 1046 1586 Annalibus
1063 1558 1117 1585 ille;
1134 1559 1190 1594 agit
1207 1563 1328 1591 acutum,
1345 1559 1410 1586 dum
1437 1559 1464 1585 in
1483 1559 1611 1591 Atianos,
1636 1558 1828 1590 Nestoriauos,

204 1605 230 1631 id
248 1612 333 1638 genus
349 1603 428 1633 alios,
443 1608 497 1629 tam
512 1602 611 1633 obiter,
626 1602 672 1629 sed
692 1601 876 1634 breviuscule,
893 1602 1032 1636 disputare
1053 1602 1109 1628 vult
1127 1610 1208 1637 quam
1225 1611 1268 1630 res
1282 1610 1376 1630 eorum
1400 1610 1523 1630 narrare.
1552 1603 1580 1629 ltt
1604 1603 1763 1638 dignitatem
1782 1610 1829 1638 pa-

204 1649 379 1675 triarchalcm
395 1653 506 1674 evectus
522 1650 575 1678 est,
590 1650 653 1680 post
676 1646 782 1672 obitum
809 1645 980 1672 Cltristoduli
1006 1647 1174 1680 patriarcha:
1193 1646 1384 1678 Alexandrini,
1402 1654 1493 1673 annos
1518 1650 1598 1674 natus
1623 1648 1728 1674 solarcs
1755 1647 1827 1672 ritca

203 1692 402 1727 quinquaginta
420 1696 492 1717 ueto.
508 1688 640 1715 Nimirum
656 1696 728 1716 anno
753 1689 854 1723 ltcgirte
869 1688 931 1719 51!.
948 1696 994 1716 seu
1008 1690 1096 1724 primo
1113 1689 1266 1718 Cltalilatus
1284 1691 1380 1717 Kahiri
1404 1690 1482 1723 Billa,
1501 1692 1588 1717 fat-tus
1603 1696 1644 1718 est
1660 1690 1826 1725 patriarcha,

203 1736 249 1762 die
271 1735 287 1761 8
307 1733 410 1761 mensis
429 1732 576 1767 Tzephari.
599 1737 627 1759 ut
652 1732 804 1767 expressilu
831 1737 889 1759 tum
915 1733 968 1759 Ben
983 1733 1091 1766 Casetn,
1110 1738 1167 1760 tum
1191 1734 1342 1768 Ettlycltius
1365 1734 1436 1769 ipse.
1462 1734 1515 1761 Sed
1533 1735 1619 1761 altero
1636 1734 1662 1761 in
1677 1734 1827 1768 exemplari

205 1778 328 1812 liutychii
344 1778 417 1811 (nam
434 1776 506 1803 binis
523 1776 563 1802 usi
579 1782 687 1807 sumus,
707 1779 737 1802 ut
753 1775 843 1802 statim
859 1775 993 1810 dicemus)
1013 1777 1157 1804 manifesta
1179 1781 1221 1804 est
1242 1778 1268 1804 in
1293 1779 1416 1806 numeris
1433 1779 1482 1805 hac
1507 1779 1541 1805 de
1559 1786 1588 1805 re
1612 1778 1782 1813 dep'avatio.
1799 1777 1827 1804 In

204 1823 309 1850 calculo
325 1821 435 1849 Juliano
453 1820 601 1855 respondet
618 1827 706 1847 annus
727 1819 827 1847 Christi
841 1820 893 1847 955
908 1828 941 1848 ac
957 1821 1017 1850 dies
1032 1819 1174 1848 Februarii
1192 1825 1319 1848 octavus.
1337 1821 1413 1848 Sedit
1433 1823 1513 1849 annis
1539 1822 1683 1849 lunaribus
1697 1822 1712 1847 7
1729 1826 1829 1856 praster

204 1868 221 1895 ti
237 1873 354 1899 menses,
372 1864 444 1901 quod
463 1868 580 1892 testatur
596 1869 650 1891 tant
667 1863 800 1899 Georgius
815 1863 984 1896 Eltnacinus,
1003 1869 1050 1891 aut
1064 1864 1206 1891 adtmlalio
1222 1865 1246 1891 ei
1264 1864 1371 1899 adjecta
1390 1865 1407 1892 l.
1429 1873 1469 1897 ιιι,
1487 1873 1511 1892 c.
1536 1866 1560 1896 Ι,
1576 1873 1658 1899 quam
1684 1865 1752 1892 Vita.-
1767 1865 1829 1899 ejus

204 1916 301 1938 auctor
313 1910 368 1945 jam
381 1913 445 1937 ante
460 1909 562 1936 dictus.
575 1908 708 1936 Macarius
728 1913 788 1935 erat
799 1912 866 1936 tunc
883 1908 1015 1943 temporis
1030 1907 1217 1935 Jacobitarutn
1236 1915 1283 1935 seu
1303 1908 1539 1944 Eutychiannrunt
1554 1909 1590 1935 ibi
1605 1909 1772 1944 patriarcha,
1788 1908 1828 1935 ttti

206 1955 251 1982 llic
267 1953 490 1982 Ortltotloxorum.
509 1953 554 1980 Sic
568 1953 640 1980 enim
664 1947 690 1980 in
715 1953 782 1979 urbe
801 1951 860 1983 illa,
876 1952 1060 1979 seditionibus
1075 1951 1260 1984 deditissitna,
1283 1952 1330 1979 ditt
1347 1953 1428 1980 etiam
1446 1959 1525 1980 antea
1539 1953 1709 1985 obtinuerat,
1727 1957 1756 1980 ut
1772 1957 1828 1979 tant

207 1998 343 2026 ha-reticis
369 2005 452 2032 quam
478 1997 638 2024 orthodoxis
667 2004 736 2024 suus
760 2002 832 2025 esset
849 1998 885 2024 ibi
920 1996 1078 2030 episcopus.
1098 1994 1165 2022 Vide
1196 1994 1382 2030 Nicephorum
1397 1996 1470 2023 Hist.
1490 2005 1535 2027 xv.
1551 2004 1576 2023 c.
1594 1996 1637 2023 16.
1656 1995 1830 2024 Etlltevicu-

205 2043 259 2070 lum
280 2041 403 2070 historim
429 2041 708 2075 Eutycltianistarum.
733 2048 781 2068 seu
805 2040 882 2068 Gesta
905 2040 936 2067 de
962 2039 1067 2066 nomine
1093 2040 1194 2071 Acacii,
1217 2047 1280 2067 cttm
1306 2040 1469 2074 pontiﬁcum
1491 2041 1679 2067 Romanorum
1702 2040 1829 2074 epistolis

205 2087 309 2121 aliquot
325 2087 358 2112 ab
371 2085 476 2113 Jacolzo
494 2085 641 2112 Sirmondo
658 2085 760 2111 dudum
784 2085 867 2116 edita,
884 2092 944 2119 pag.
966 2083 996 2111 l6
1012 2093 1018 2110 :
1040 2083 1146 2110 Mortuo
1170 2083 1288 2117 print-ipe
1307 2083 1459 2114 Marciano.
1482 2083 1599 2110 collectis
1617 2083 1702 2110 turbis
1717 2084 1826 2110 hareti-

205 2139 306 2162 torum,
326 2129 477 2156 Timotheus
500 2133 525 2155 et
551 2129 643 2156 Petrut
660 2129 763 2155 veniunt
786 2129 990 2159 Alexandriam,
1016 2132 1040 2154 et
1055 2128 1197 2154 ordinatur
1225 2128 1258 2154 ab
1282 2129 1412 2154 meretricis
1438 2127 1588 2154 Timotheus
1607 2128 1755 2162 episcopus.
1776 2127 1829 2154 duo

205 2175 287 2208 igitur
302 2174 372 2209 apud
389 2173 580 2200 Alexandriam
594 2173 707 2206 episcopi
724 2181 779 2199 esse
794 2177 938 2207 turparunt.
963 2172 1187 2205 Ortltodpxorutn
1203 2176 1267 2198 tunc
1280 2177 1338 2198 erat
1354 2172 1505 2199 l’roterius.
1523 2171 1590 2198 Tam
1608 2180 1673 2200 vero
1696 2171 1830 2206 Georgius

207 2218 364 2246 Eltnacinus
380 2224 461 2252 quam
480 2215 534 2242 Ben
546 2216 644 2242 Casctn
661 2216 699 2241 ait
716 2215 832 2243 dissidia
849 2216 969 2249 viguisse
982 2223 1037 2242 non
1055 2216 1124 2243 levia
1141 2217 1211 2242 inter
1229 2216 1388 2251 Eutychiutn
1405 2221 1431 2243 et
1445 2217 1550 2250 plebem
1575 2224 1666 2243 suam.
1689 2216 1828 2244 Diarrhzea

207 2261 316 2289 tandem
334 2261 501 2288 laborantem
517 2259 689 2286 Alexandria:
702 2267 763 2286 eum
781 2259 884 2286 obiisse
901 2266 973 2285 anno
991 2259 1091 2294 hegira:
1106 2260 1170 2291 528,
1187 2259 1230 2287 die
1254 2259 1326 2286 lunae
1343 2260 1391 2294 qui
1411 2264 1568 2294 postremus
1582 2265 1642 2288 erat
1655 2261 1759 2289 mensis
1775 2260 1829 2287 Ra—

206 2305 277 2340 gebi.
292 2304 402 2332 Initium
419 2303 483 2330 anni
502 2303 574 2330 illitis
589 2306 647 2329 crat
665 2303 695 2329 l8
711 2302 836 2330 Octobris
858 2303 922 2329 anni
940 2303 1039 2330 Christi
1057 2303 1120 2334 959,
1141 2303 1209 2330 feria
1235 2307 1313 2330 sexta
1331 2310 1378 2330 seu
1408 2304 1453 2330 die.
1476 2303 1601 2331 Veneris.
1624 2304 1662 2331 Ita
1683 2305 1708 2331 itt
1722 2306 1829 2332 calculo

205 2349 314 2376 Jttliano
328 2352 454 2375 mortuus
469 2351 512 2374 est
528 2347 571 2374 dic
599 2346 659 2373 Maii
680 2346 856 2378 duodecimo,
873 2346 937 2372 attni
958 2346 1060 2374 Christi
1082 2346 1146 2379 9l0,
1170 2349 1315 2380 postquam
1334 2354 1422 2373 annos
1446 2347 1480 2374 65
1502 2351 1549 2374 aut
1568 2347 1681 2374 circiter
1702 2348 1828 2376 vixisset.

206 2392 380 2428 Calipltatum
402 2391 489 2426 Syria:
513 2394 624 2417 tenente
647 2389 734 2417 Arado
756 2389 842 2417 Billa:
862 2389 984 2417 Routauo
1006 2389 1146 2420 Orientis.
1174 2391 1273 2417 Ottone
1295 2390 1392 2425 Magno
1419 2392 1575 2419 Occidentis
1602 2392 1826 2427 imperatoribus.

207 2440 290 2471 atque
302 2435 463 2463 Atltelstano
481 2442 544 2469 rege
565 2434 678 2469 Attgliae.
694 2434 806 2462 Cozvos
820 2433 856 2460 ita
875 2433 970 2461 habuit
985 2433 1034 2460 Abi
1058 2432 1115 2460 llali
1140 2433 1193 2461 Ben
1220 2433 1320 2466 Mucla,
1346 2435 1393 2469 qui
1421 2435 1527 2470 primus
1550 2436 1728 2470 elegantioris
1754 2437 1827 2470 apud

206 2480 311 2507 Arabas
325 2479 462 2507 scribendi
477 2479 585 2513 generis
599 2484 694 2505 auctor
718 2478 833 2508 exstitit.
855 2482 937 2510 atque
962 2477 1136 2504 Albateniutn
1152 2486 1201 2506 seu
1228 2480 1429 2514 Albategnitttn,
1447 2480 1472 2506 id
1490 2485 1531 2507 est
1547 2479 1738 2508 Maltutnedem
1759 2482 1824 2508 Ara<

206 2528 340 2554 ctensem,
352 2523 510 2550 Aratensem
525 2521 676 2555 Copernico
692 2521 810 2555 aliisque
825 2522 926 2548 dictntu
951 2525 977 2548 et
995 2521 1111 2549 subinde
1121 2522 1299 2553 Aracenscttt,
1312 2524 1521 2551 celeberrimum
1535 2524 1610 2550 illutn
1623 2530 1814 2552 astronontuln

206 2566 240 2593 de
252 2574 308 2601 quo
320 2566 418 2601 legitur
433 2566 461 2592 in
471 2565 605 2592 Tlemach
622 2564 704 2591 David
723 2572 730 2591 :
744 2564 772 2591 Is
788 2565 883 2591 invertit
899 2563 979 2590 simul
994 2569 1019 2591 et
1032 2565 1190 2592 instauravit
1206 2566 1338 2593 calculum
1353 2572 1475 2594 exactum
1486 2572 1510 2594 el
1529 2567 1634 2594 tabulas
1650 2569 1822 2602 astronomia,

203 2609 565 2644 quibusutanturiusiusque
586 2609 613 2636 in
627 2608 695 2635 hunc
711 2609 778 2635 diem
792 2609 818 2635 in
837 2613 907 2634 motu
934 2616 991 2634 vero
1013 2609 1190 2642 supputando.
1217 2609 1262 2636 Sic
1285 2610 1369 2637 David
1395 2611 1440 2638 ille
1466 2615 1535 2645 part.
1561 2619 1590 2639 tl.
1607 2619 1681 2639 auno
1701 2611 1828 2639 chiliadis

204 2654 306 2687 quintae
331 2653 392 2685 635,
417 2660 465 2681 seu
490 2652 593 2680 Christi
611 2652 673 2680 875.
688 2652 887 2687 Alphonsinas,
906 2657 934 2679 ut
953 2652 1069 2684 videtur,
1089 2652 1145 2678 vult
1174 2660 1207 2679 ex
1230 2653 1366 2680 Albalenii
1383 2653 1454 2681 libro
1471 2655 1504 2680 de
1536 2654 1666 2682 Scientiis
1683 2656 1825 2682 stellarum

206 2697 298 2730 (quem
317 2704 349 2725 ex
369 2696 488 2724 Arabico
510 2696 592 2724 vertit
619 2697 684 2723 olim
715 2696 793 2723 Plato
816 2696 989 2730 Tiburtinus)
1005 2701 1188 2723 COIISll‘ltt‘lnS.
1207 2695 1368 2724 Comianeus
1393 2697 1457 2724 item
1482 2696 1615 2732 Eutychio
1629 2703 1689 2725 erat
1712 2699 1826 2726 Photius

206 2740 432 2775 archiepiscopus
451 2739 792 2775 Constantinopolitanus,
816 2744 912 2774 atque,
936 2740 974 2766 ttti
996 2740 1091 2766 Vuitttll
1120 2740 1216 2773 aliqui,
1242 2740 1467 2776 'l‘ltcttpltylaetus
1491 2742 1636 2776 Bulgaria,
1662 2749 1690 2769 et
1720 2742 1826 2769 Vitellio

203 2781 328 2817 Opticus.
358 2784 430 2811 Libri
460 2784 495 2811 ab
521 2783 654 2818 Eutychio
685 2783 778 2817 scripti
814 2788 880 2811 sunt
914 2790 1034 2818 quatuor
1059 2792 1066 2809 :
1092 2782 1169 2810 Liber
1198 2784 1230 2810 de
1252 2785 1406 2817 medicina,-
1430 2784 1508 2812 Liber
1539 2783 1732 2819 ltispntatioitis
1758 2786 1826 2812 inter

203 2825 355 2851 Iueretieum
370 2831 395 2851 et
412 2826 603 2858 Christianum,
620 2826 762 2853 Ordinatio
777 2830 824 2853 aut
838 2826 968 2854 Ordinum
981 2826 1120 2860 dispositio
1135 2826 1261 2858 (lenitum,
1285 2836 1332 2854 s<:u
1360 2828 1502 2856 Ordinatio
1519 2834 1566 2855 attt
1589 2829 1722 2856 Ordinati
1735 2829 1826 2861 dispo-

202 2866 264 2892 ﬂ'tt'o
278 2872 325 2893 aut
338 2867 484 2901 Synlagma
502 2867 660 2894 lubstantt’re
677 2869 718 2903 (ut
732 2869 834 2902 pariter
852 2869 903 2896 fert
920 2878 971 2897 vox
990 2870 1117 2903 Arabica)
1133 2878 1178 2897 seu
1202 2871 1348 2906 Synlagtnrt
1369 2874 1602 2907 t‘otttpcudiostuu,‘
1621 2875 1699 2908 quasi
1722 2872 1827 2899 Μαίη(-
