2015 3081
268 174 320 206 895
773 173 957 205 EU'i‘YCHll
972 171 1239 202 ALEXANDRINI
1260 171 1369 202 ΡΑἸἮ.
1847 171 1900 201 896

271 231 454 264 episcoporum
477 231 556 257 etiam
571 235 595 257 et
614 231 646 257 de
657 231 790 265 ipsissima
803 231 860 262 hoc.
880 239 954 265 quem
972 234 1099 257 memorat
1121 228 1298 262 Hieronymus
1326 234 1398 254 more
1417 227 1596 254 testimonium
1624 226 1707 253 multa
1738 226 1896 254 lutulentius

272 275 490 308 ca‘plicatiusque,
510 275 620 300 habetur
640 275 710 308 apud
726 275 878 309 scriptorem
893 275 958 301 satis
975 277 1103 300 vetustum
1114 292 1120 302 ,
1139 271 1298 301 Arabicum,
1314 270 1470 305 IEgt/ptium
1482 291 1489 301 ,
1507 277 1617 303 eumque
1634 269 1752 303 ejusdem
1772 269 1897 296 Ecclesia

270 318 450 351 patriam/iam
467 317 676 344 orthodoxam»:
697 319 770 353 (nam
786 319 856 346 alius
882 322 940 345 erat
965 317 1000 344 ibi
1017 324 1071 343 non
1091 322 1152 342 raro
1170 314 1366 348 Jacobitarum)
1383 322 1429 340 nec
1444 314 1505 340 dum
1523 314 1589 348 typis
1608 314 1717 343 editum.
1737 317 1761 339 et
1784 321 1895 347 perpau-

270 362 395 392 cissimis,
411 361 463 387 nisi
477 362 560 394 [allor
575 361 698 393 nimium,
715 367 760 388 aut
777 362 871 389 lectum
887 366 932 388 aut
949 361 1043 387 visum.

311 417 442 452 Equidem
457 424 489 444 ex
504 423 557 445 tam
575 418 679 446 fastoso
701 419 790 449 titulo,
807 427 839 446 ex
860 423 914 445 tam
936 417 1122 444 immoderatis
1143 416 1279 447 laudibus,
1297 420 1378 450 atque
1405 416 1558 450 prreconiis.
1574 416 1736 450 iamiamque
1760 424 1793 443 cx
1821 420 1895 444 tanta

275 461 366 494 operis
382 465 409 487 et
429 462 624 495 exemplarium
642 464 753 490 raritate
769 462 870 497 aliquid
889 462 974 488 muEto
991 460 1102 494 majoris
1119 459 1245 494 ponderis
1262 463 1288 486 ct
1306 459 1435 486 momenti
1462 460 1532 493 apud
1558 467 1601 486 me
1617 467 1796 494 conceperam
1813 460 1896 493 olim,

274 504 338 530 dum
356 504 390 530 de
408 504 483 531 hisce
497 505 656 539 Originibus
672 514 716 533 me
734 514 782 540 per
799 506 904 532 litteras
918 504 1056 531 Consuluit
1075 504 1116 530 vir
1130 504 1316 533 doctissimus,
1333 504 1407 530 etde
1422 503 1556 530 catholica
1575 502 1699 530 Ecclesia
1718 503 1822 538 optime
1839 511 1897 531 mc-

276 548 344 574 riius
358 547 520 576 Bartboldus
535 548 683 582 Niliusius;
701 557 751 576 nec
771 549 849 576 aliter
867 549 932 575 mihi
953 549 978 574 in
993 548 1045 574 hoc
1058 546 1168 578 accidit.
1188 553 1268 581 quam
1287 547 1323 573 illi
1340 548 1386 581 qui
1408 554 1440 574 ex
1456 546 1559 574 bullato
1578 547 1688 574 nomine
1708 547 1894 574 cliauur-lvon-

272 596 325 617 tem
341 591 429 618 adhuc
446 592 497 619 sibi
514 599 566 618 non
585 593 675 620 visum
691 593 836 627 elephante
852 591 932 626 longe
950 592 1020 618 mole
1036 591 1211 625 grandiorem
1228 591 1453 622 existimaverat:
1471 595 1517 617 aut
1535 591 1583 621 illi,
1596 591 1642 625 qui
1654 599 1686 617 ex
1701 599 1768 618 voce
1786 591 1893 618 asinum

271 640 298 661 et
319 635 451 662 cicadam.
481 636 722 663 Vcrumenimvcro
740 643 802 662 cum
816 636 875 670 ejus
894 636 987 670 operis
1001 635 1066 661 mihi
1087 635 1163 669 copia
1180 633 1248 660 facta
1268 639 1342 661 esset
1358 639 1422 661 ante
1438 641 1546 661 menses
1560 634 1673 668 aliquot,
1691 635 1823 662 continuo
1837 639 1893 661 tota

272 678 352 705 desiit
373 679 537 712 admiratio;
556 680 610 706 imo
637 680 784 714 plurimum
801 679 954 706 admiratus
970 687 1030 706 sum
1048 678 1122 705 tituli
1143 678 1290 705 vanitatem
1310 677 1533 712 futilitatemque,
1552 684 1614 704 cum
1634 677 1753 704 viderem
1771 681 1825 703 tam
1843 678 1897 704 vile

273 723 451 756 pharmacum
470 731 500 750 ac
516 723 639 757 vulgare,
664 723 842 757 omniumque
859 724 951 750 tritum
972 723 1108 752 manibus,
1123 722 1207 748 tantis
1222 721 1302 748 vcndi
1325 721 1352 748 in
1371 721 1550 748 Calvinistico
1571 720 1630 748 foro
1653 720 1897 748 vociferationibus

272 766 501 800 Quandoquidem
519 767 674 794 Clir0nicon
703 767 767 793 Illud
786 767 924 802 Eutycltii,
939 774 970 793 ex
993 774 1048 800 quo
1071 765 1227 800 periocham
1251 765 1322 792 hanc
1343 764 1376 792 de
1394 764 1524 791 Ecclesiae
1540 764 1729 792 Alexandrinae
1746 765 1902 800 originibus

271 810 419 845 excerpsit,
439 818 487 838 seu
506 811 598 845 potius
613 810 729 837 extorsit
747 810 893 843 Seldenus,
913 810 996 837 nullis
1011 809 1068 836 fere
1081 816 1134 835 non
1158 811 1249 835 exstat
1263 808 1291 834 in
1305 808 1433 834 celebrior
1441 808 1501 835 ibus
1517 812 1563 834 aut
1575 807 1668 839 Italiae.
1687 813 1733 835 aut
1748 808 1841 835 Gallia:
1857 808 1902 835 bi-

273 854 434 881 bliothecis:
453 854 566 886 nemini,
581 855 627 888 qui
648 854 780 882 Arabicas
794 853 900 881 litteras
915 854 955 880 vel
973 853 1140 887 primaribus
1155 851 1309 886 degustavit
1323 852 1412 882 labiis.
1431 851 1527 878 tritum
1543 859 1596 878 non
1613 855 1664 884 est,
1679 852 1778 880 nedum
1795 851 1899 886 duplici

273 897 440 931 superlativo
463 899 677 932 perpaucissimis
704 903 749 924 aut
781 898 875 930 visum,
896 903 941 924 aut
975 897 1084 928 lectum,
1102 902 1129 923 ut
1155 896 1212 922 suis
1238 895 1454 929 protestantibus
1483 895 1606 922 venditat
1632 895 1721 923 bonus
1753 897 1902 924 Selilentls.

272 942 312 969 Ad
329 949 385 969 rem
404 946 493 969 autem
523 942 609 977 ipsam
638 942 711 976 quod
743 941 851 973 attinet,
868 941 994 976 Eutycltii
1012 941 1082 967 hanc
1096 940 1252 974 periocham
1273 947 1333 966 cum
1352 939 1460 966 Scldeui
1484 940 1612 967 versione
1636 945 1664 967 et
1691 945 1898 972 commentariis

273 985 367 1012 statim
389 989 471 1019 atque
486 986 619 1020 percurri,
634 985 754 1013 hominis
768 984 919 1012 admiratus
935 991 995 1011 sum
1014 983 1186 1016 modestiam,
1205 983 1252 1010 sed
1268 990 1360 1018 parem
1376 984 1403 1010 in
1425 984 1471 1010 illo
1484 984 1637 1011 desideravi
1656 984 1746 1012 (idem.
1763 986 1898 1019 Quando.

272 1028 382 1062 quidem
399 1036 456 1056 suae
474 1029 603 1057 factionis
618 1034 646 1057 et
665 1030 782 1063 partium
799 1029 929 1063 abreptus
947 1029 1046 1056 studiis
1068 1028 1231 1063 Eutycltium
1257 1034 1312 1054 non
1338 1027 1476 1054 lubentem
1491 1047 1498 1059 ,
1518 1028 1565 1055 sed
1582 1027 1711 1060 invitum,
1735 1036 1767 1056 ac
1784 1031 1903 1058 nimium

273 1074 450 1101 reluctantem
467 1074 492 1101 in
508 1082 621 1101 suorum
638 1074 770 1102 conduxit
786 1078 888 1105 castra,
905 1077 931 1100 et
947 1074 997 1100 sub
1012 1072 1152 1099 modestiae
1165 1071 1336 1098 ornamentis
1350 1071 1522 1098 mortiferum
1538 1071 1682 1099 miscuisse
1696 1072 1804 1100 videtur
1818 1080 1904 1102 Vene-

273 1125 348 1144 num.
363 1117 430 1148 luto.
442 1117 465 1144 si
484 1119 603 1152 peuittus
618 1117 839 1153 perspiciendum
853 1121 906 1150 est,
921 1123 1093 1152 nequaquam
1109 1115 1274 1150 Eutychium
1287 1115 1513 1147 Alexandrinum,
1528 1115 1574 1142 sed
1592 1121 1768 1150 personatum
1784 1119 1903 1152 Anglum

272 1160 324 1187 sub
343 1159 467 1196 Eulycliii
483 1162 594 1189 nomine
610 1167 636 1189 et
657 1162 731 1188 larva
752 1161 778 1188 in
803 1169 912 1189 scenam
937 1160 1113 1194 prodeuntem
1141 1159 1303 1193 comperies.
1330 1159 1436 1186 Etenim
1467 1160 1618 1194 praecipuos
1638 1160 1724 1193 locos,
1749 1169 1781 1188 ex
1799 1163 1904 1195 quibus

272 1205 466 1232 controversiae
482 1205 564 1240 hujus
581 1204 680 1240 pendet
694 1210 873 1237 momentum,
890 1208 936 1230 aut
952 1205 1077 1230 versione
1092 1202 1256 1230 adulteravit
1269 1202 1415 1234 Seldenus,
1432 1208 1479 1230 aut
1499 1204 1706 1231 commentariis
1722 1211 1814 1232 verum
1839 1214 1906 1233 sen-

273 1255 333 1273 sum
349 1254 376 1274 et
394 1249 482 1275 lucem
499 1250 539 1276 eis
553 1250 660 1283 eripi-re
677 1253 793 1275 conatus
807 1253 858 1276 est.
874 1249 959 1280 Quam
972 1248 1082 1282 quidem
1099 1245 1255 1281 periocliam
1268 1246 1308 1272 sic
1320 1246 1353 1272 ab
1365 1254 1398 1273 eo
1412 1251 1567 1281 corruptum
1582 1253 1610 1274 et
1627 1247 1760 1279 vitiatam,
1776 1247 1905 1284 Ettlychii

274 1290 393 1325 «Egyptii
415 1293 575 1324 patriarcha:
597 1292 804 1318 ort/rotloxorum
827 1291 1014 1323 Alexandrini,
1040 1297 1105 1325 etc.,
1125 1291 1250 1318 Ecclesiae
1282 1300 1337 1318 sure
1367 1291 1497 1326 Origines.
1517 1291 1653 1326 appellare
1681 1295 1706 1321 ei
1725 1295 1826 1329 placuit
1840 1314 1847 1326 ,
1869 1295 1904 1320 ad

274 1335 427 1368 captaudos
443 1336 469 1361 in
489 1335 549 1370 ipso
567 1336 681 1363 exordio
697 1336 829 1363 lectorum
845 1336 964 1368 animos,
988 1336 1067 1371 quasi
1094 1344 1159 1363 vero
1176 1335 1329 1370 Eutychius
1343 1340 1486 1362 tractaturo
1507 1335 1622 1370 aliquem
1641 1337 1787 1372 insignem,
1804 1346 1836 1365 ac
1854 1347 1906 1372 pc-

274 1380 417 1411 culiarem,
434 1384 461 1406 et
475 1387 508 1406 cx
526 1380 650 1414 professo
664 1388 695 1407 ea
709 1380 743 1407 de
759 1381 872 1408 materia
885 1381 1053 1415 scripsisset,
1069 1388 1130 1408 cum
1148 1387 1209 1407 eam
1223 1381 1302 1415 quasi
1316 1379 1474 1415 praneriens
1488 1380 1607 1415 tetigerit
1622 1384 1821 1409 tantummodo.
1833 1383 1904 1415 Quae

275 1424 365 1451 omnia
384 1423 505 1458 profecto
518 1424 577 1450 sine
595 1424 738 1452 stomach
754 1431 833 1451 nemo
847 1424 970 1451 veritatis
985 1425 1136 1456 studiosus.
1157 1430 1183 1452 et
1202 1424 1368 1459 linguarum,
1383 1431 1414 1451 ac
1429 1431 1520 1451 rerum
1537 1424 1752 1460 dogmatumque
1771 1426 1904 1453 Orienta-

275 1468 340 1494 lium
358 1469 461 1502 peritus
477 1475 638 1502 percurrere
654 1471 755 1502 potest.
771 1467 840 1494 llinc
857 1469 959 1502 patriae,
983 1469 1114 1502 muneris,
1130 1468 1208 1495 avitae
1224 1468 1375 1502 religionis,
1401 1468 1449 1494 sed
1463 1467 1585 1494 veritatis
1604 1468 1776 1502 potissimum
1794 1470 1903 1497 inducti

275 1512 380 1538 ratione
396 1515 422 1538 et
439 1512 566 1544 stimulis,
591 1512 698 1547 singula
713 1511 847 1538 catholica
864 1511 926 1544 fide,
951 1519 1047 1546 nempe
1061 1513 1249 1540 sincerissime
1264 1513 1322 1540 sine
1338 1511 1410 1544 fuco,
1427 1511 1486 1539 sine
1506 1511 1600 1544 larvis,
1615 1512 1675 1540 sine
1687 1513 1902 1546 adulteratione,

275 1556 334 1581 sine
352 1555 522 1582 milliiatione
543 1557 750 1587 auctoritatum,
764 1559 812 1582 aut
833 1556 1010 1590 corruptione
1025 1556 1182 1583 examinare
1195 1556 1378 1583 decrevimus.
1393 1555 1421 1582 In
1437 1562 1491 1590 quo
1505 1556 1615 1590 quidem
1638 1556 1792 1590 praestando
1808 1557 1903 1591 lydius

274 1599 344 1633 lapis
357 1599 435 1626 nobis
453 1599 504 1626 erit
523 1599 611 1634 ipsum
629 1598 754 1634 Eutycltil
772 1600 941 1632 Cbronicon,
960 1600 1098 1634 ipsissima
1112 1602 1251 1635 periocha,
1269 1601 1462 1636 antiquissima
1481 1601 1612 1628 Ecclesia:
1633 1602 1824 1630 Alexandrinae
1840 1611 1903 1630 mo-

275 1647 415 1676 numenta,
429 1645 600 1678 aliorumque
616 1644 797 1672 Orientalium
814 1645 899 1672 mirus
913 1653 1076 1672 consensus.
1101 1644 1315 1672 Observabimus
1340 1649 1471 1679 prieterea
1487 1644 1623 1680 imprimis
1640 1645 1708 1673 illud
1722 1646 1786 1674 Auli
1811 1646 1901 1674 l’crs'ai

275 1685 377 1720 Flacci,
394 1687 466 1722 quod
485 1695 535 1722 pro
549 1688 677 1716 lemmate
695 1689 737 1716 sui
757 1690 851 1724 operis
865 1689 950 1716 fronti
965 1695 996 1715 ac
1017 1688 1105 1714 limini
1121 1689 1204 1715 allixit
1220 1688 1510 1722 Seldenus,;nimirutn

730 1776 738 1783 .
757 1775 763 1781 .
781 1774 787 1781 .
807 1774 814 1782 .
830 1773 837 1781 .
856 1774 863 1782 .
881 1773 889 1781 .
906 1774 913 1782 .
930 1774 938 1782 .
955 1774 962 1782 .
981 1776 988 1783 .
1004 1773 1012 1782 .
1033 1753 1093 1781 Non
1113 1755 1135 1781 si
1151 1754 1213 1787 quid
1229 1754 1333 1780 turbida
1348 1753 1430 1781 Roma

731 1789 830 1821 Elevcl,
846 1791 967 1821 accedas,
982 1797 1122 1816 claritenre
1138 1789 1254 1819 imm'oba
1273 1790 1298 1815 iu
1320 1789 1367 1816 illa

727 1824 1424 1859 Castigestrutina..................

275 1889 345 1922 Non,
363 1897 417 1917 non
431 1889 606 1923 accedemus,
622 1889 747 1924 Seldene,
763 1890 886 1919 Romana
902 1891 1042 1918 defensuri
1057 1891 1132 1923 vitia,
1149 1890 1195 1918 scd
1209 1891 1300 1923 tidem,
1317 1900 1378 1926 qua:
1394 1893 1468 1919 omni
1489 1893 1576 1920 caruit
1593 1897 1674 1928 atque
1691 1899 1765 1921 caret
1786 1895 1864 1924 vitio.
1883 1903 1899 1922 λ

274 1935 359 1967 vitiis,
374 1942 434 1970 quae
451 1935 488 1962 illi
515 1935 662 1963 falsissime
682 1944 744 1963 cum
763 1936 818 1963 tuis
840 1936 960 1970 imponis
988 1935 1140 1966 sodalibus,
1156 1935 1327 1962 viudicatm-i.
1349 1936 1414 1962 E-nn
1432 1944 1528 1970 nciupe
1549 1936 1627 1964 (idem
1650 1938 1684 1965 de
1704 1946 1756 1971 qua
1779 1938 1811 1964 ad
1827 1939 1901 1972 ipsos

274 1977 413 2005 Romanos
427 1978 467 2005 sic
484 1978 633 2012 Apostolus
648 1987 655 2005 :
670 1978 790 2006 Primum
805 1979 910 2014 quidem
925 1979 1027 2014 gratias
1044 1986 1093 2013 ago
1110 1979 1163 2005 Deo
1184 1987 1240 2005 meo
1264 1986 1310 2012 per
1332 1979 1422 2006 Iesum
1446 1979 1581 2007 Clu'istuttt
1600 1989 1646 2014 pro
1663 1982 1783 2008 omnibus
1806 1982 1877 2010 t'ulJls
1889 2002 1898 2014 ,

274 2023 335 2057 quia
351 2022 416 2056 ﬁdes
431 2027 515 2048 vestra
534 2023 710 2048 armuutiatur
725 2023 753 2049 in
771 2023 891 2049 universo
905 2023 1013 2050 "tundo.

309 2077 350 2104 An
363 2077 439 2105 dices
453 2077 578 2109 forsitan,
596 2078 667 2105 hanc
684 2078 763 2106 iidem
782 2083 915 2106 mutatam
933 2079 1013 2106 essu?
1035 2078 1087 2106 Sed
1106 2078 1136 2105 Π.
1153 2077 1335 2114 Hieronymus
1358 2079 1457 2106 mutari
1483 2087 1536 2106 non
1555 2088 1634 2114 posse
1651 2080 1698 2108 lib.
1724 2089 1754 2108 tu
1781 2081 1898 2115 Apulng.

275 2127 370 2149 contra
388 2121 517 2148 Ruﬁnum
547 2122 681 2149 aﬂirntat:
702 2123 786 2156 Scito,
803 2123 901 2157 Inquit,
919 2123 1067 2150 Romanam
1084 2123 1162 2156 ﬁderit
1185 2124 1332 2156 apostolica
1356 2132 1417 2150 τοι-ε
1440 2124 1578 2150 laudatam
1602 2125 1732 2158 ejusmodi
1749 2127 1898 2159 priealigius

275 2173 326 2193 non
341 2166 468 2200 accipere.
491 2165 606 2192 Etiamsi
627 2167 734 2201 angelus
750 2167 855 2201 (quidni
875 2169 896 2194 si
913 2167 1036 2201 Anglus?
1052 2167 1141 2201 μαίων
1165 2168 1312 2196 annuntiat,
1335 2175 1415 2202 quarti
1440 2168 1518 2194 semel
1543 2169 1716 2201 prwdicatum
1743 2175 1791 2198 est.
1818 2169 1899 2197 Pauli

276 2211 434 2236 auctoritate
461 2210 587 2236 munitam
621 2219 672 2236 non
704 2219 781 2244 posse
809 2212 915 2237 umtari.
941 2211 973 2237 Et
989 2217 1052 2238 ante
1069 2210 1277 2246 Hieronymum,
1298 2211 1330 2238 Ι).
1347 2210 1502 2246 Cyprianus
1519 2212 1567 2238 lib.
1588 2220 1606 2244 i,
1623 2214 1702 2247 epist.
1720 2214 1748 2245 3,
1763 2213 1897 2241 Roma/ros

275 2259 340 2282 esse,
363 2251 460 2284 inquit,
479 2251 512 2277 ad
529 2259 592 2285 quos
607 2252 718 2285 per/idm
733 2251 826 2278 [rabere
844 2261 895 2278 nou
909 2253 990 2286 possit
1008 2262 1153 2281 arcessunt.

311 2296 367 2322 Hoc
383 2296 452 2322 idem
469 2295 546 2322 inviti
562 2295 683 2323 fatentur
699 2296 860 2329 adversarii,
878 2302 904 2324 ct
919 2298 1027 2332 quidem
1045 2298 1265 2326 adVersariorutn
1287 2299 1447 2334 coryplta'us
1472 2300 1607 2328 Martinus
1636 2301 1772 2329 Lutberus
1799 2307 1867 2330 tom.
1882 2302 1894 2329 Ϊ·

276 2341 366 2368 Germ.
389 2339 457 2367 Wil.
471 2340 518 2367 fol.
533 2341 595 2372 561,
612 2341 676 2369 ubi:
692 2341 821 2373 Ecclesia.
833 2343 932 2377 inquit,
946 2351 990 2369 nec
1005 2343 1075 2369 debet
1091 2351 1135 2368 nec
1145 2349 1226 2376 potest
1242 2343 1357 2376 mentiri,
1370 2351 1414 2370 nec
1428 2344 1527 2375 falsum
1539 2345 1641 2375 docere,
1654 2354 1685 2372 ne
1697 2347 1722 2372 iu
1737 2347 1814 2372 unica
1838 2349 1900 2380 qui-

276 2385 335 2412 dem
353 2385 448 2418 capite.
468 2384 556 2419 Ilujus
577 2385 707 2413 Ecclesia:
731 2386 933 2413 infallibilitalis
949 2387 1082 2413 rationem
1098 2386 1197 2413 ibidem
1214 2387 1249 2413 ita
1266 2387 1355 2414 reddit
1375 2396 1382 2415 :
1399 2387 1465 2414 Cum
1479 2388 1527 2416 Dei
1540 2397 1568 2416 os
1582 2389 1616 2416 sit
1631 2398 1659 2416 os
1676 2389 1813 2423 Ecclutrc,
1827 2390 1899 2418 Deus

276 2435 343 2456 certe
355 2429 460 2455 mentiri
477 2436 526 2455 non
542 2434 636 2462 potest,
653 2438 713 2464 ergo
726 2438 771 2456 nec
786 2430 914 2457 Ecclesia.
927 2433 930 2435 λ

314 2471 408 2499 Posita
424 2476 513 2500 autem
531 2473 581 2499 hac
598 2473 797 2508 propositione,
817 2482 877 2508 qua)
892 2473 1036 2501 verissima
1052 2480 1103 2506 cs1,
1121 2474 1174 2502 etsi
1189 2483 1236 2509 per
1253 2482 1285 2502 os
1303 2475 1412 2502 Balaam
1428 2476 1546 2511 prolata,
1576 2478 1730 2504 rectissime
1747 2480 1871 2512 sequitur
1889 2488 1896 2506 :

277 2523 344 2550 ergo
358 2515 483 2543 Ecclesia
501 2515 624 2543 Romana
643 2521 685 2544 est
697 2525 760 2544 vera
777 2517 911 2549 Ecr-iesia,
929 2523 954 2544 et
972 2517 1095 2545 Romana
1113 2519 1180 2546 lidcs
1197 2527 1370 2554 nequaquam
1389 2524 1491 2546 mutata
1509 2525 1560 2552 est,
1585 2525 1631 2547 aut
1658 2521 1757 2547 nintari
1787 2528 1874 2555 [)Olllll
1889 2531 1896 2555 ;

277 2559 325 2586 sed
342 2560 438 2587 eadem
454 2555 527 2586 nunc
542 2567 658 2594 prorsus
673 2565 726 2592 est,
747 2561 837 2595 qualis
849 2561 999 2596 apostolica
1018 2569 1083 2589 voce
1097 2562 1148 2589 fuit
1161 2562 1283 2589 laudata.

311 2615 389 2648 Quod
405 2623 472 2643 vero
487 2623 518 2643 ea
535 2616 669 2649 Ecclesia,
686 2625 746 2652 qua:
766 2626 818 2645 non
834 2618 925 2650 debet,
944 2627 993 2646 ncc
1008 2624 1097 2654 potest
1117 2621 1238 2652 mentiri,
1255 2629 1306 2648 nec
1324 2621 1422 2649 lalsutn
1439 2622 1549 2655 docere,
1567 2629 1617 2650 nec
1641 2623 1668 2650 in
1686 2623 1767 2650 unico
1785 2623 1896 2658 quidem

275 2660 375 2694 capite.
393 2659 429 2686 sit
446 2658 568 2686 Ecclesia
587 2659 722 2694 Romana,
739 2669 772 2688 ex
790 2663 857 2696 ipsis
871 2670 978 2697 quoque
996 2663 1161 2691 adversariis
1175 2665 1321 2693 evincitur.
1338 2665 1485 2698 Lutlierus,
1502 2671 1568 2694 tom.
1589 2666 1634 2698 ιν,
1648 2667 1717 2695 edit.
1732 2667 1895 2695 Witembcr.

275 2702 389 2730 fol.‘2‘25
411 2710 418 2728 :
438 2701 496 2730 Nos
508 2703 636 2737 fatemur,
651 2705 752 2739 inquit,
779 2707 826 2732 sub
849 2712 948 2740 papatu
968 2707 1053 2733 multa
1073 2715 1129 2734 esse
1146 2708 1212 2735 bona
1234 2708 1397 2741 Christiana,
1422 2711 1474 2737 ima
1490 2719 1565 2737 autne
1583 2710 1679 2737 bonum
1698 2711 1894 2741 Christianum,

275 2753 353 2780 atque
371 2745 432 2773 inde
448 2747 529 2773 etiam
546 2747 580 2773 ad
592 2756 638 2774 nos
651 2750 810 2782 provenisse.
828 2750 858 2776 Et
873 2750 956 2785 paulo
976 2755 1036 2785 post
1058 2759 1064 2777 :
1088 2750 1145 2777 luto
1162 2753 1221 2779 dico
1241 2753 1267 2779 iu
1280 2758 1378 2787 papatu
1402 2762 1489 2780 verum
1507 2762 1564 2781 esse
1579 2754 1819 2786 Christianitutem,
1839 2755 1893 2781 into

273 2795 363 2833 terum
379 2789 501 2833 nucleum
519 2789 746 2833 Clrristianitatis.
764 2792 871 2820 Rursus
887 2803 892 2820 :
911 2793 942 2820 lu
957 2799 1056 2829 papula
1073 2794 1170 2822 scilicet
1186 2804 1243 2822 esse
1258 2796 1306 2823 Dei
1322 2797 1443 2829 Verbum,
1465 2797 1658 2831 apostolatum,
1675 2807 1772 2833 uosque
1787 2805 1894 2825 sacram

275 2827 455 2877 Sqripturum,
474 2830 646 2877 baptismum,
663 2840 843 2866 sacramenta,
858 2841 882 2862 et
898 2837 1063 2869 pra'dirarttli
1079 2839 1190 2872 ofﬁcium
1204 2840 1236 2866 ab
1249 2840 1314 2874 ipsis
1331 2842 1486 2874 sumpsisse.
1507 2842 1626 2869 Buccrns
1648 2843 1674 2869 in
1691 2827 1894 2877 Pricparationc

275 2868 308 2895 ad
323 2869 467 2898 concilium
485 2881 492 2899 :
509 2871 593 2901 Plane
610 2875 775 2909 proﬁtemur,
805 2878 873 2904 inter
886 2879 988 2912 priscos
1004 2879 1131 2909 Ecriesia:
1148 2882 1243 2910 Patres
1260 2886 1406 2918 convenire,
1435 2885 1575 2913 vrimatum
1599 2888 1720 2914 habuisse
1744 2868 1890 2914 llomauam
