2015 3081
142 126 188 157 397
851 127 1036 162 ANNALES.
1700 130 1753 162 898

147 176 290 208 Ecclesium
302 189 380 214 super
399 181 514 216 reliquas
532 181 673 208 Εεειιεὶαι.
690 180 809 209 lacubus
826 181 852 208 in
868 182 1024 209 rationibus
1036 183 1188 218 desumptis
1206 191 1238 211 ex
1265 184 1353 212 Verbo
1379 185 1436 217 Dei,
1462 191 1525 219 pag.
1550 184 1595 216 ει,
1618 185 1719 211 relatus
1738 193 1751 211 a

146 223 179 250 li.
197 223 227 252 Ρ.
246 224 364 252 llenrico
388 224 446 251 Fitz
465 224 558 252 Simon
580 225 607 252 in
625 225 863 252 Britannoruachia
879 226 1066 253 ministrorum
1084 226 1130 254 lib.
1147 235 1166 259 ι,
1178 235 1238 262 cap,
1258 228 1302 260 £0,
1318 236 1378 263 pag.
1399 229 1435 255 ὅτ
1452 227 1562 254 Nullum
1573 236 1638 259 esse,
1654 229 1752 263 inquit,

146 268 171 292 in
187 271 241 294 toto
262 269 359 294 mundo
376 270 461 294 locum
477 267 722 302 tamprobabititer,
742 276 772 295 ac
788 268 896 295 Romam
911 270 991 295 totius
1011 270 1144 304 regimini:
1174 272 1310 299 catholica
1339 271 1463 298 Ecclesia:
1488 272 1585 306 fantem
1617 280 1646 299 ac
1673 273 1753 306 origi-

145 318 212 337 nem.
230 309 348 338 Jacobus
364 319 409 337 rex
433 311 578 338 Britanniis
602 312 629 338 in
661 311 741 338 domo
772 311 984 346 parlamentaria
1015 314 1128 347 praecise
1156 315 1182 341 in
1211 316 1299 342 medio
1324 316 1420 342 littera:
1448 315 1479 342 Ι).
1500 324 1507 342 :
1526 315 1581 349 Ego
1607 315 1752 342 Romanam

147 353 292 379 Ecclesium
309 353 499 387 proﬁteoresxe
518 359 634 381 nostram
654 355 790 395 matricem
811 355 969 383 Ecclesiam.
999 357 1030 383 Et
1047 357 1073 384 ili
1094 358 1240 392 colloquiis
1258 359 1368 394 llampt.
1389 359 1452 386 llwc
1472 368 1529 386 mea
1556 363 1595 386 est
1627 366 1749 386 constans

146 404 176 422 ac
191 397 245 426 ﬁxa
259 398 406 430 persuasio,
420 398 519 422 nullam
535 397 627 423 debere
644 397 791 425 Ecclesium
808 400 935 426 remetiar
951 408 967 427 a
982 400 1105 429 Romana
1120 402 1241 430 Ecclesia
1252 404 1382 436 secedere,
1398 411 1476 438 quam
1490 405 1548 436 ipsa
1563 412 1578 429 η
1595 411 1621 430 se
1632 403 1689 436 ipsa
1705 403 1754 436 ﬂo-

147 445 218 466 rente
236 439 355 474 digressa
368 441 414 467 sit.

182 483 212 509 Si
225 483 317 518 itaque
334 483 455 512 Ecclesia
473 483 597 511 Romana
615 484 667 511 luit
687 485 834 519 aliquando
851 493 898 520 per
923 486 1096 515 adversarios
1127 488 1226 515 matrix
1249 488 1371 515 omnium
1407 488 1603 519 Ecclesiarum,
1632 489 1692 517 lous
1728 495 1754 516 ct

146 526 221 560 origo
232 527 314 552 totius
331 527 472 561 regimiuis
484 527 623 554 catholica:
641 526 782 559 Ecclesite,
798 527 870 554 unde
884 536 965 556 oume
979 530 1081 558 bonum
1092 531 1279 559 Christianum
1293 532 1396 559 inalias
1409 533 1579 566 promanavit
1596 532 1732 560 Ecclesias
1746 541 1752 562 :

146 570 172 595 in
190 576 276 603 eaque
288 569 338 596 luit
356 577 419 596 vera
435 570 640 602 Christianitas,
658 571 712 597 imo
727 579 807 598 verus
836 572 951 598 nucleus
975 573 1201 606 Christianitatis,
1234 575 1279 602 Dei
1308 575 1439 607 Verbum,
1462 576 1643 609 apostolatus,
1677 584 1754 603 sacra

148 611 297 646 Scriptura,
315 613 477 646 baptismus,
492 620 675 644 sacramenta,
692 618 718 640 et
734 614 901 648 praedicandi
918 615 1052 649 ollicium,
1069 617 1106 644 ita
1125 623 1154 644 ut
1170 626 1223 644 non
1241 618 1351 645 licuerit
1371 619 1405 645 ab
1415 625 1445 644 ea
1464 621 1593 646 remotius
1616 619 1754 651 secedere,

147 663 227 690 quam
242 656 298 690 ipsa
315 664 329 682 a
343 663 373 683 se
391 657 447 690 ipsa
464 656 578 683 ﬂorente
592 656 713 691 digressa
729 657 763 684 sit
789 665 795 683 :
815 659 837 684 si
857 665 906 684 nec
934 658 1026 691 debet,
1054 667 1104 686 nec
1134 664 1222 693 potest
1250 661 1383 694 ejusmodi
1409 659 1530 687 Ecclesia
1559 662 1678 692 mentiri,
1707 668 1756 688 nec

149 697 246 725 lalsutn
263 702 371 731 docere,
393 707 442 726 nec
458 699 484 725 in
501 701 584 726 unico
599 700 708 733 quidem
720 699 819 733 capite,
837 708 898 726 eum
915 700 961 727 Dei
981 708 1012 728 os
1029 702 1063 728 sit
1077 709 1107 729 os
1124 703 1205 736 lmjns
1221 702 1358 736 Ecclesiae,
1375 704 1421 738 qui
1446 703 1554 730 mentiri
1572 711 1625 731 non
1642 709 1752 739 patest;

148 742 210 776 quis
226 748 279 769 tam
294 742 446 769 manifestae
460 742 647 776 impudentirc,
665 747 691 769 et
708 743 870 770 exsecraudi
899 745 1021 778 stuporis
1036 745 1099 776 erit,
1116 746 1162 772 oui
1178 746 1314 773 allirmare
1344 747 1465 779 audebit,
1495 746 1646 774 Romanam
1675 747 1755 775 ﬁdem

148 785 268 819 Apostoli
285 786 416 812 munitam
431 786 594 812 auctoritate
609 789 739 812 mutatam
758 785 862 812 fuisse?

183 829 218 854 At
232 829 342 862 objiciet
359 829 402 855 hic
426 828 496 855 forte
512 829 732 855 adversariorum
748 836 883 856 nonnemo
901 837 908 860 ;
927 829 990 856 llaec
1013 829 1193 857 inl'allibilitas
1210 830 1354 858 tribuenda
1378 835 1420 857 est
1439 830 1568 858 Ecclesia:
1597 832 1756 863 universali,

148 872 190 898 cui
209 872 234 898 id
249 873 413 905 promissum
431 877 483 904 est,
502 880 555 898 non
571 876 661 898 autem
676 873 756 899 alicui
774 872 917 906 singulari.

182 915 223 941 Ad
233 915 302 941 hanc
314 915 493 949 objectionem
506 914 669 948 respoiideat
679 915 844 941 adversariis
857 921 926 940 unus
937 921 968 940 ex
981 915 1199 942 adversariorum
1210 923 1291 951 grege
1310 916 1477 948 Witakerus,
1490 921 1578 944 contr.
1590 917 1617 950 2,
1630 923 1728 953 quaest.
1739 919 1756 945 4

149 965 210 992 cap.
227 959 255 990 5,
277 966 338 992 pag.
357 958 421 991 489,
439 959 483 985 ubi
501 958 596 985 :Ni/til
614 961 664 991 cst,
683 958 780 992 inquit,
796 957 937 984 universali
955 957 1080 985 Ecclesia:
1095 959 1265 992 promissum,
1280 960 1350 994 quod
1366 968 1417 986 non
1439 961 1562 988 similiter
1575 962 1757 996 singularibus

151 1001 277 1028 Ecclesiis
293 1003 467 1035 promittitur.

184 1043 237 1071 Fac
256 1045 292 1070 ita
307 1045 353 1074 sit,
368 1044 465 1072 demus
480 1044 561 1071 tnodo
582 1044 634 1072 hoc
649 1044 788 1072 Witakcro
802 1049 827 1071 et
844 1043 1000 1079 symmystis
1026 1042 1167 1077 (quamvis
1180 1044 1353 1078 erroneum),
1389 1046 1462 1079 quod
1487 1045 1590 1073 scilicet
1610 1045 1678 1073 nihil
1709 1045 1760 1073 fuit

151 1087 316 1122 promissum
332 1087 462 1114 Ecclesia:
480 1088 638 1118 universali,
654 1087 726 1121 quod
744 1087 930 1121 singularibus
951 1087 1085 1114 Ecclesiis
1102 1095 1156 1114 non
1174 1087 1255 1114 luerit
1269 1090 1446 1122 promissum.
1474 1089 1540 1116 lure
1565 1097 1629 1124 ergo
1652 1098 1685 1117 ex
1705 1090 1756 1117 hac

151 1131 274 1157 doctrina
291 1130 392 1157 inferre
407 1130 471 1157 licet
490 1131 523 1156 ad
538 1130 689 1161 hominem,
704 1129 852 1157 Ecclesium
869 1130 1021 1157 Romanam
1038 1138 1178 1164 nunquam
1191 1132 1381 1163 succubuisse,
1397 1140 1486 1167 neque
1506 1134 1686 1161 succumbere
1711 1142 1759 1169 po-

152 1175 246 1206 tuisse,
263 1173 327 1208 quia
344 1173 491 1207 aliquando
509 1173 558 1199 luit
575 1181 636 1200 vera
653 1172 776 1200 Ecclesia
793 1181 841 1207 per
859 1174 933 1207 ipsos
947 1174 1133 1206 adversarios,
1151 1178 1178 1201 et
1196 1182 1227 1202 os
1246 1175 1304 1206 Dei,
1325 1176 1367 1202 vel
1388 1184 1441 1210 qua
1459 1176 1634 1208 universalis,
1651 1178 1691 1204 vel
1706 1186 1759 1212 qua

151 1217 307 1252 singularis,
321 1224 383 1244 cum
400 1217 467 1244 nihil
483 1224 530 1251 per
546 1216 620 1250 ipsos
635 1217 671 1243 sit
691 1218 859 1251 promissum
876 1217 1005 1244 Ecclesiae
1026 1218 1187 1250 universali,
1204 1218 1277 1252 quod
1293 1219 1478 1253 singularibus
1503 1227 1556 1246 non
1582 1219 1664 1247 fuerit
1695 1229 1759 1255 pro-

153 1262 276 1287 missum.
290 1260 348 1293 Qua
368 1260 452 1295 igitur
465 1259 554 1286 fronte
572 1267 632 1286 caui
647 1260 806 1287 insimulare
820 1260 920 1287 audent
935 1262 1037 1288 erroris
1061 1265 1088 1288 et
1114 1261 1228 1295 lapsus?
1246 1261 1309 1289 Suis
1326 1270 1356 1289 se
1380 1263 1545 1289 confodiunt
1572 1264 1668 1294 armis,
1696 1264 1759 1290 dum

154 1304 297 1330 incurrunt
315 1311 389 1330 εικεο
405 1304 507 1338 impetu
527 1303 553 1330 in
570 1301 720 1330 Romanam
738 1303 899 1334 Ecclesiam,
914 1302 1029 1336 ejusque
1042 1310 1154 1330 causam
1179 1303 1206 1328 in
1230 1303 1318 1329 lucem
1347 1303 1470 1330 veritatis
1500 1303 1577 1330 inviti
1606 1304 1759 1337 proferunt,

154 1354 185 1374 ac
203 1347 260 1374 suis
277 1354 307 1373 se
322 1346 463 1380 implicant
481 1345 680 1380 paralogismis.
693 1346 780 1372 Nemo
796 1347 869 1373 cnim
883 1353 957 1373 sanae
969 1347 1066 1372 mentis
1081 1345 1160 1372 facile
1177 1345 1316 1377 concedit,
1340 1347 1412 1380 quod
1438 1346 1487 1380 ipsi
1501 1367 1508 1378 ,
1539 1347 1667 1373 nimirum
1693 1347 1762 1373 nihil

155 1390 282 1417 Ecclesia:
298 1389 444 1417 universali
464 1389 630 1423 promissum
647 1389 743 1421 luisse,
760 1390 831 1424 quod
847 1389 1033 1423 singularibus
1047 1389 1176 1416 Ecclesiis
1199 1397 1252 1415 non
1269 1388 1352 1415 fuerit
1376 1390 1542 1423 promissum
1557 1397 1564 1422 ;
1585 1397 1647 1417 cum
1664 1390 1763 1417 certis-

154 1433 252 1461 simum
268 1433 313 1465 sit,
330 1433 458 1459 Ecclesia:
474 1432 622 1460 universali
639 1432 801 1467 promissam
815 1433 900 1459 fuisse
926 1432 1155 1462 inl'altibilitatem,
1174 1432 1357 1465 singularibus
1384 1439 1449 1458 vero
1466 1440 1518 1458 non
1537 1433 1613 1459 item.
1633 1433 1669 1460 De
1684 1433 1764 1460 inial-

154 1478 277 1504 libilitatc
294 1477 455 1504 universalis
470 1477 599 1504 Ecclesia:
614 1477 718 1504 dictum
735 1483 779 1504 est
795 1486 802 1503 ι
822 1477 860 1503 Tu
873 1485 900 1504 es
919 1475 1025 1506 Petrus,
1054 1480 1078 1502 et
1100 1483 1178 1508 super
1206 1475 1274 1502 lianc
1312 1481 1413 1508 petram
1445 1476 1581 1509 aediﬁcabo
1617 1475 1764 1504 Ecclesium

153 1529 251 1553 meum,
264 1526 288 1548 et
302 1525 385 1555 porta:
396 1521 477 1554 inferi
496 1529 547 1547 non
562 1521 739 1554 prtcttnlebunt
787 1522 910 1548 adversus
923 1528 979 1546 eam
996 1518 1105 1551 (Matth.
1120 1526 1177 1551 XVI,
1195 1518 1248 1553 l8).
1263 1517 1319 1545 Nec
1335 1526 1388 1546 non
1408 1527 1415 1546 ε
1432 1520 1497 1552 Quot
1520 1524 1558 1546 est
1577 1519 1696 1547 Ecclesia
1715 1522 1763 1548 Dei

153 1565 212 1597 viui,
225 1565 346 1591 cotunma
359 1569 384 1591 et
401 1565 598 1598 firmamentum
611 1565 743 1591 veritatis.
756 1563 782 1598 (l
802 1564 869 1591 Tim.
885 1571 926 1595 ιιι,
943 1563 998 1597 lii).
1015 1562 1092 1589 Unde
1109 1562 1237 1596 prmclare
1251 1561 1437 1596 Stapletouus,
1450 1568 1573 1590 controv.
1586 1564 1718 1597 Lqutest.
1735 1565 1763 1596 Ξ,

154 1607 271 1634 articulo
285 1608 366 1634 unico
385 1616 392 1634 :
410 1606 545 1638 Ecclesia,
559 1607 656 1641 inquit,
672 1608 699 1634 in
714 1607 883 1634 conclusione
901 1605 962 1641 fidei
991 1613 1092 1637 semper
1120 1611 1156 1632 est
1183 1605 1331 1632 certissima
1363 1611 1386 1632 et
1417 1606 1577 1640 infallibilis.
1592 1607 1765 1641 .Singnlares

155 1650 295 1678 Eeclesias
311 1651 345 1678 de
361 1650 434 1678 facto
451 1651 597 1680 deiecisse.
612 1656 694 1686 atque
710 1651 893 1678 succubuisse
908 1649 1114 1676 evidentissima
1130 1653 1247 1675 constat.
1274 1648 1343 1676 Nam
1360 1649 1422 1683 quis
1439 1650 1537 1682 nescit,
1568 1648 1765 1678 Constantino-

157 1694 303 1728 politanam
318 1694 497 1721 succubuisse
516 1694 663 1728 aliquando
683 1695 710 1721 in
727 1694 896 1726 Macedonio,
911 1697 938 1719 ct
954 1692 1098 1724 Nestorio;
1113 1692 1321 1719 Alexandrinam
1335 1693 1361 1719 in
1378 1692 1525 1727 Dioscoro;
1541 1694 1568 1720 in
1584 1694 1701 1722 Macario
1710 1695 1766 1723 An-

157 1737 321 1768 tiochenam,
338 1741 364 1763 et
384 1738 424 1763 sic
443 1737 476 1763 de
491 1737 574 1764 aliis?
591 1738 683 1765 Restat
700 1745 776 1772 ergo,
793 1743 822 1764 ut
844 1738 979 1768 dicamus,
998 1735 1220 1762 int‘ailibilitatem
1245 1736 1401 1762 necessario
1425 1737 1546 1764 residere
1572 1745 1656 1772 penes
1671 1739 1767 1766 Ecclu-

158 1781 226 1807 siam
247 1780 438 1812 universaleut,
455 1780 535 1814 cujus
550 1786 632 1815 caput
645 1786 688 1808 est
705 1781 845 1808 Romanus
860 1780 990 1815 pontiter,
1006 1780 1048 1806 cui
1060 1779 1085 1805 in
1099 1779 1190 1810 Petro,
1206 1779 1284 1813 cujus
1301 1783 1343 1806 est
1359 1787 1513 1813 successor.
1527 1782 1561 1808 ab
1576 1789 1623 1809 ore
1638 1781 1766 1810 Veritatis

158 1824 259 1850 dictum
274 1823 324 1850 luit
346 1831 352 1849 :
374 1821 430 1857 Ego
445 1828 532 1850 autem
546 1825 636 1858 rogaui
650 1833 697 1859 pro
717 1829 750 1856 te,
763 1829 792 1850 ut
805 1833 855 1851 non
869 1824 975 1856 tle/iciat
989 1822 1054 1856 ﬁdes
1068 1827 1114 1848 tua
1128 1821 1204 1855 (Luc.
1221 1830 1286 1853 nu,
1305 1822 1362 1856 52).
1391 1822 1468 1855 Quod
1497 1831 1562 1851 vero
1586 1826 1677 1852 statim
1699 1827 1765 1853 sub-

155 1866 277 1902 iungitur
292 1874 299 1892 :
318 1865 350 1892 Et
365 1872 392 1892 tu
408 1866 550 1900 aliquando
566 1875 706 1894 conversus
721 1870 848 1902 conﬁrma
862 1867 959 1901 fratm
978 1871 1035 1892 tuos
1062 1864 1158 1899 (ibid),
1171 1864 1205 1891 de
1219 1865 1405 1899 singularibus
1419 1865 1548 1894 Ecclesiis
1561 1867 1764 1902 intelligendum

156 1915 210 1942 est,
226 1917 286 1944 qua:
305 1909 332 1935 in
354 1909 406 1936 [ide
423 1910 582 1944 dirigendae,
598 1917 625 1938 et
639 1911 833 1939 coulirmanda:
847 1916 910 1938 sttnt
923 1917 938 1937 a
953 1909 1027 1936 Petri
1043 1915 1214 1938 successore,
1237 1907 1264 1934 in
1283 1915 1364 1942 quem
1390 1909 1569 1936 conlirmandi
1596 1911 1695 1938 fratres
1718 1920 1767 1939 au-

158 1955 269 1980 ctoritas
282 1954 403 1979 derivata
420 1956 472 1980 est.
487 1954 564 1988 Apud
579 1954 730 1980 Romanam
749 1955 829 1989 igitur
844 1953 997 1981 Ecclesium
1010 1951 1109 1979 residet
1131 1951 1188 1978 haec
1212 1950 1406 1984 inlaJlibilitas.
1441 1953 1606 1988 Quanquam
1630 1954 1701 1982 haud
1724 1962 1767 1983 me

157 1997 232 2029 latet,
248 1997 428 2032 Witakerum,
448 2005 523 2025 more
536 1998 660 2024 onmium
677 1998 867 2024 haereticorum
882 2005 896 2024 a
918 2005 947 2024 se
960 1997 1019 2031 ipso
1036 1995 1202 2024 desciscere,
1221 2001 1304 2029 atque
1317 1995 1381 2022 alibi
1398 2002 1533 2028 asserere,
1550 2002 1604 2023 tam
1615 1998 1764 2025 Ecclesiam

159 2041 353 2074 uuiversalem,
367 2050 449 2076 quam
460 2042 615 2076 singulares
635 2041 774 2068 Ecclesias
788 2048 882 2068 errare
900 2047 991 2075 posse.
1005 2039 1042 2065 Ex
1059 2045 1113 2073 quo
1130 2038 1210 2072 plane
1226 2042 1300 2072 patet
1322 2039 1372 2065 hos
1388 2039 1415 2065 in
1430 2040 1513 2065 Deum
1527 2039 1618 2074 ipsum
1639 2040 1767 2075 blasphe-

158 2091 218 2111 mos
235 2091 307 2114 esse.
327 2085 392 2119 quia
405 2084 426 2111 si
442 2092 473 2111 os
486 2084 626 2115 Ecclesiae,
642 2085 714 2118 quod
734 2091 782 2118 per
797 2085 871 2118 ipsos
885 2087 927 2110 est
943 2082 989 2109 Dei
1007 2082 1050 2112 os,
1073 2081 1196 2112 titctitiri,
1217 2085 1243 2107 et
1262 2088 1356 2108 errare
1371 2086 1474 2116 potest,
1498 2084 1622 2117 sequitur
1642 2084 1705 2111 inde
1720 2092 1769 2112 nc-

158 2129 290 2159 cessario,
309 2127 394 2154 Deum
407 2132 436 2154 et
452 2127 570 2160 mentiri,
587 2133 611 2154 et
631 2134 723 2154 errare
738 2135 828 2162 posse,
843 2126 917 2162 quod
935 2127 975 2154 vel
999 2125 1091 2154 verbis
1107 2125 1240 2160 proferre,
1259 2130 1307 2152 aut
1322 2131 1412 2154 mente
1435 2127 1581 2161 concipere
1606 2127 1640 2155 ad
1665 2128 1764 2157 horum

159 2171 371 2198 convincendum
386 2170 615 2205 pervicacitatem,
633 2171 742 2198 animus
756 2172 848 2197 horret
870 2171 1000 2205 luctuque
1016 2171 1127 2204 refugit.

195 2212 234 2239 Tu
266 2219 375 2245 autem.
410 2212 543 2246 Seldeue,
581 2215 637 2241 hinc
667 2214 770 2242 interea
809 2214 907 2248 reliqui
943 2221 1040 2242 versus
1075 2214 1101 2240 in
1141 2212 1281 2241 Romanos
1313 2216 1437 2250 usurpati
1469 2219 1576 2244 attento
1609 2217 1769 2252 perpendito

160 2264 262 2284 ιιιιιωο.

355 2315 409 2343 Nec
427 2320 450 2343 te
467 2316 617 2351 quasiveris
637 2323 722 2344 extra.

159 2373 260 2400 'l‘ecum
278 2373 381 2404 habita,
397 2377 423 2400 te
439 2381 534 2406 nosce,
546 2381 597 2402 nec
610 2374 643 2402 de
659 2373 781 2401 Romana
795 2374 926 2409 religione
938 2373 975 2401 ita
987 2378 1090 2401 temere
1105 2372 1278 2408 pronunties,
1291 2380 1354 2400 cum
1370 2379 1485 2407 prorsus
1500 2372 1559 2406 ipse
1573 2373 1692 2404 nescias,
1707 2379 1768 2407 quas

160 2418 197 2446 sit
218 2417 298 2446 hodie
314 2417 341 2445 in
359 2421 404 2444 tua
420 2425 481 2444 vere
498 2418 640 2452 plusquam
656 2419 841 2446 turbidissima
856 2418 953 2453 Anglia
966 2417 1070 2452 religio,
1088 2423 1139 2443 nec
1153 2424 1213 2451 qua:
1230 2416 1266 2443 sit
1281 2423 1342 2443 cras
1359 2415 1462 2449 futura,
1486 2424 1541 2443 non
1566 2417 1701 2450 omnium,
1727 2418 1770 2444 in-

161 2468 253 2496 quam,
270 2461 316 2488 sed
335 2460 525 2495 singulorum;
545 2466 584 2488 tot
601 2461 673 2488 enim
687 2462 756 2495 apud
772 2469 820 2488 vos
838 2465 902 2488 sunt
915 2461 1071 2495 religiones,
1085 2463 1153 2495 quot
1181 2461 1282 2495 capita.
1311 2459 1365 2486 [les
1391 2459 1448 2494 ipsa
1473 2459 1500 2486 in
1530 2459 1597 2487 foris
1630 2464 1657 2487 et
1671 2461 1770 2495 plateis

161 2504 320 2538 proclamat.
335 2504 448 2530 Decreta
465 2504 548 2530 vestri
565 2509 689 2536 senatus,
707 2512 755 2532 seu
772 2504 935 2538 par-[amenti
953 2508 1015 2531 ante
1028 2509 1147 2537 quatuor
1169 2502 1254 2530 let-tne
1281 2510 1369 2530 annos
1400 2503 1473 2530 edita
1501 2502 1534 2531 de
1554 2504 1685 2539 religione
1715 2508 1771 2532 sta-

162 2546 260 2573 tuenda
274 2554 289 2572 a
303 2546 402 2573 vestris
418 2546 550 2580 theologis
565 2550 592 2573 et
608 2546 740 2574 ministris
756 2546 807 2574 hoc
835 2548 901 2575 satis
925 2555 1064 2582 superque
1084 2551 1230 2575 testantur.
1254 2545 1418 2573 Iamdudum
1450 2546 1500 2573 hac
1526 2547 1560 2574 de
1587 2554 1618 2574 re
1641 2547 1770 2581 gravibus

161 2594 330 2624 conquestus
346 2592 386 2616 est
400 2589 492 2616 verbis
505 2589 665 2617 Theodorus
683 2590 752 2617 Bcza
770 2591 796 2617 in
811 2590 898 2625 Epist.
911 2590 1043 2627 Theolog.
1060 2591 1140 2626 epist.
1157 2599 1176 2624 ι,
1190 2591 1224 2618 ad
1242 2590 1379 2618 Andream
1393 2590 1533 2618 Duditium
1557 2599 1564 2617 :
1585 2591 1770 2618 Exercueruut

162 2645 201 2663 use
217 2637 273 2666 diu,
292 2641 317 2664 et
338 2636 449 2662 multant
461 2636 514 2662 illce
531 2636 605 2669 ipste,
617 2644 684 2670 quas
703 2636 830 2665 describis
845 2638 1028 2673 cogitationes,
1046 2638 1145 2665 scilicet
1164 2642 1269 2666 nostras
1285 2636 1407 2672 palantes
1431 2637 1502 2664 omni
1528 2637 1657 2664 doctrina:
1682 2641 1770 2668 uento,

161 2685 186 2707 et
203 2681 230 2707 in
247 2680 333 2707 altum
352 2679 481 2712 sublatos,
498 2681 573 2706 modo
585 2683 617 2707 ad
631 2680 709 2712 hanc,
724 2681 801 2708 modo
814 2682 849 2709 ad
863 2682 938 2709 illam
954 2686 1055 2716 partem
1070 2682 1179 2715 deferri.
1195 2681 1296 2708 Horum
1307 2689 1365 2716 quor
1379 2681 1412 2708 sit
1427 2681 1504 2708 ltodie
1523 2681 1554 2708 de
1571 2681 1695 2715 religione
1709 2689 1773 2708 sen-

163 2723 256 2754 tentia,
275 2723 343 2749 scire
358 2722 471 2756 fortasse
485 2725 579 2756 possis,
593 2723 637 2751 sed
649 2732 706 2759 qua
723 2733 784 2752 cras
804 2725 835 2752 de
849 2726 941 2752 eadem
960 2728 1052 2760 futura
1066 2726 1102 2753 sit
1117 2726 1217 2760 opinio.
1243 2733 1322 2759 neque
1337 2730 1409 2752 certo
1425 2726 1555 2760 apinae"
1568 2733 1660 2759 queas.
1677 2724 1711 2751 In
1723 2732 1773 2751 arta

165 2769 270 2795 tandem
284 2766 419 2802 religionis
431 2768 517 2802 capite
537 2774 684 2803 congruunt
697 2770 766 2797 inter
778 2777 805 2797 se
824 2768 960 2803 Etcluice,
974 2778 1035 2804 quae
1051 2769 1170 2797 llomano
1191 2768 1318 2803 Pontiﬁci
1339 2769 1435 2797 bellum
1459 2769 1630 2796 indicarunt?
1649 2768 1672 2795 Δ
1687 2767 1772 2801 capite

165 2812 200 2839 ad
217 2813 314 2839 caluo):
327 2812 349 2839 εἱ
361 2820 500 2846 percurras
517 2814 615 2847 oumiu,
636 2814 702 2842 nihil
717 2814 906 2846 propemodum
921 2814 1035 2846 reperias
1049 2814 1080 2841 ab
1098 2821 1149 2841 uno
1177 2812 1314 2847 aﬂirmari,
1327 2812 1396 2846 quod
1411 2812 1479 2840 alter
1492 2812 1582 2840 statim
1598 2819 1650 2839 non
1665 2812 1774 2844 impium
