2015 3081
288 116 339 146 899
795 113 977 144 EUTYCHH
1004 114 1268 143 ALEXANDillNl
1301 115 1408 144 l’.\'l‘[l.
1856 115 1908 146 900

290 179 345 197 esse
364 171 488 198 clamitet.
505 171 557 198 Sed
576 172 704 198 audiatur
720 171 802 197 ctiam
823 171 960 197 Luthcrus
974 170 1000 197 in
1015 170 1101 204 Epist.
1123 170 1155 195 ad
1173 170 1386 204 Antvcrpionses
1402 179 1409 196 :
1428 170 1476 196 Tot
1502 171 1570 196 inter
1589 178 1635 196 nos
1659 169 1797 203 religiones
1826 175 1900 201 sunt,

290 219 351 248 quot
369 215 494 246 homines,
508 222 588 248 neque
605 216 740 240 asinorum
758 213 896 246 quisquam
910 218 948 240 cst
964 217 1018 240 tant
1033 213 1109 240 hebes
1120 234 1126 245 ,
1141 219 1165 240 et
1182 222 1289 243 τινι-ονε,
1314 215 1359 248 qui
1393 215 1523 240 insomnia
1548 214 1649 248 proprii
1674 213 1779 247 capitis,
1801 218 1827 241 et
1847 222 1909 248 pro-

290 257 376 291 priam
393 258 538 292 opinionem
554 265 600 291 pro
612 257 734 282 instinctu
749 255 862 289 Spiritus
877 258 972 289 sancti,
987 263 1011 283 et
1027 265 1054 283 se
1070 258 1153 290 ipsum
1174 259 1325 291 prophetam
1335 258 1425 284 haberi
1441 258 1515 284 nolit.

327 301 426 333 Velim,
443 309 513 327 tmnc
533 301 724 333 regrediatttur
739 307 771 326 ex
785 300 879 327 inferis
897 301 966 327 Belo
986 301 1041 330 ille.
1062 305 1089 327 et
1105 300 1254 332 Lutltcrus,
1273 295 1439 334 uthuzenam
1460 300 1494 327 de
1509 308 1560 327 una
1575 301 1632 328 sola
1648 301 1743 335 Anglia
1759 308 1856 327 eorum
1875 301 1909 327 sit

291 344 373 370 tnodo
393 343 539 373 sententia.
559 343 662 370 dicant.
684 342 751 370 Nam
768 344 789 370 si
805 347 873 370 tunc
892 344 919 371 in
935 344 994 371 dies
1011 344 1184 378 singulorum
1213 344 1373 370 mutabatur
1401 343 1434 370 de
1455 344 1586 378 religione
1618 344 1722 378 opinio,
1745 351 1817 370 nunc
1845 352 1908 370 sane

293 389 318 414 in
336 387 426 419 horas,
441 391 468 413 et.
481 391 627 414 ntontenta.
641 386 763 414 Turbida
790 388 898 420 quidem
918 392 960 415 est
981 387 1102 414 otttttiunt
1123 387 1337 415 Protcstantiunt
1361 387 1461 421 ubique
1499 392 1633 414 terrarum
1677 395 1833 423 synagoga;
1862 393 1907 414 se.)

291 430 413 456 onmium
448 429 636 456 turbidissima
669 434 721 461 est,
750 439 831 465 quam
855 431 1032 465 Anglicanam
1063 435 1174 458 vocant.
1203 430 1231 458 ltt
1261 431 1457 462 densissimis,
1488 435 1515 458 ct
1552 431 1698 466 plusquam
1735 431 1907 466 Egyptiacis

288 473 361 507 jacet
380 473 438 500 hac
452 472 583 506 tenebris,
599 473 645 499 ubi
661 481 720 500 eam
747 474 883 508 palpando
898 482 931 501 ex
957 478 1068 501 Senatus
1099 474 1209 502 decreto
1232 475 1378 508 qumritant
1393 474 1510 500 ministri
1539 482 1570 500 ac
1587 473 1716 508 theologi,
1745 479 1772 501 et
1802 481 1904 507 nequa-

291 524 373 550 quam
401 517 524 543 invenire
554 516 688 543 hactenus
721 522 879 551 potuerunt,
904 518 951 545 sed
976 518 1090 544 confusa
1130 525 1192 544 vera
1223 525 1296 545 verae
1326 517 1454 544 Ecclesia!
1483 518 1588 551 lingua,
1616 517 1732 551 lapides,
1761 521 1791 543 ut.
1820 517 1906 546 aiunt,

292 567 341 593 pro
370 563 512 593 car-tuente,
540 564 567 586 et
598 560 649 587 boc
681 569 729 594 pro
759 561 893 595 lapidibus
924 561 949 587 in
975 561 1043 587 turri
1072 561 1122 587 hac
1151 562 1297 596 Anglic-ana
1330 561 1396 588 alter
1417 561 1494 588 nheri
1515 560 1637 596 porrigit.
1664 559 1907 594 Quantobrcmlmi

291 602 407 631 Seldenc

529 663 583 691 Nec
599 668 622 691 te
635 665 785 697 qua’sivcris
800 669 886 692 extra.

290 716 355 743 Na'n
373 728 379 744 :
398 718 427 745 Si
441 719 524 749 putuit
538 721 646 746 evadere
660 721 810 754 quisquam.
826 721 911 749 inquit
931 720 949 746 D
965 719 1116 755 Cyprianus
1132 719 1167 746 De
1187 720 1252 746 unit.
1266 719 1363 746 lfcrles.
1381 720 1459 751 libro,
1476 720 1520 754 qui
1537 724 1613 746 extra
1627 727 1716 744 arcam
1735 717 1791 745 Noe
1807 717 1869 750 fuit.
1882 718 1907 744 ει

289 763 334 795 qui
346 767 421 788 extra
437 762 582 789 Ecclesium
599 763 664 797 foris
683 763 772 797 fuerit.
786 764 893 794 evadit;
913 769 984 789 stare
1007 768 1034 790 tu
1047 763 1185 799 (Seldene,l
1201 769 1225 790 et
1245 765 1329 791 viuere
1347 768 1425 798 putas
1448 772 1524 796 posse
1538 765 1569 790 de
1586 763 1704 790 Ecclesia
1733 763 1906 794 recedentem,

290 805 363 831 sedes
380 806 425 833 tibi
441 807 522 838 alias,
539 812 563 833 et
575 807 679 833 diversa
700 807 838 834 domicilio
854 807 1007 833 condentem
1021 807 1033 833 ?

327 848 412 876 Porro
424 850 768 884 quinamadversariorum
787 858 888 884 scopus
917 854 967 880 cst.
998 851 1061 876 dum
1082 850 1115 876 de
1146 851 1368 886 presbyterorum
1395 856 1422 878 et
1450 852 1641 886 episcoporum
1667 851 1834 884 :rqualitale.
1861 853 1907 876 aut

290 892 484 927 inrequalitate.
502 893 543 920 vel
558 893 717 920 discrimine
733 893 876 920 nobiscum
893 893 1098 928 diglatliantur?
1112 898 1138 920 et
1156 903 1287 928 quorsum
1311 896 1474 922 eollimant?
1494 895 1610 922 fortasse
1629 894 1839 928 pereantabitur
1854 893 1902 920 hic

290 943 446 968 nonnemo;
462 944 523 963 cum
540 937 590 971 ipsi
610 945 659 964 nec
671 938 844 972 presbyteros
861 937 991 970 habeant,
1009 945 1060 964 nec
1083 937 1238 973 episcopos,
1265 940 1394 973 aequales,
1420 939 1463 966 vel
1490 938 1651 973 inaequales,
1680 941 1726 964 aut
1752 937 1906 965 secundum

269 981 271 983 ’
290 986 482 1014 quamcunque
495 980 575 1007 aliam
595 981 709 1015 ﬁguram
723 981 928 1015 (geometricam.

326 1022 397 1050 Sane
413 1024 504 1052 nullus
522 1024 593 1052 alius
606 1032 707 1059 seopus
722 1025 776 1053 illis
790 1033 850 1053 esse
867 1025 986 1058 videtur,
1001 1029 1047 1052 aut
1063 1025 1144 1057 ratio.
1162 1033 1242 1060 quant
1258 1026 1313 1059 ipsa
1332 1025 1450 1058 insania,
1474 1032 1501 1053 et
1525 1025 1610 1053 libido
1632 1025 1675 1053 illa
1696 1024 1828 1052 Ecclesia:
1852 1024 1908 1050 lto-

290 1074 377 1094 mana:
393 1067 640 1102 impugnandorum
657 1068 828 1104 dogmatnm.
853 1068 908 1096 Nec
931 1069 1028 1102 pudttit
1058 1068 1206 1096 Lutlternm
1235 1069 1287 1096 hoc
1318 1073 1411 1103 apcrte
1441 1069 1519 1096 fateri
1553 1074 1619 1097 tom.
1639 1068 1656 1095 V
1677 1068 1743 1096 edit.
1767 1067 1907 1099 Willem.,

290 1118 354 1138 ann.
372 1111 451 1142 l55l,
473 1112 520 1139 fol.
536 1112 589 1139 475
603 1121 610 1140 :
630 1111 730 1139 Doctor
741 1112 873 1140 Martinus
886 1112 984 1139 Lutlter
997 1112 1051 1139 vult
1066 1113 1104 1139 sic
1115 1113 1220 1143 habere,
1236 1118 1260 1139 ct
1275 1113 1340 1139 dicit
1352 1113 1485 1146 papistam
1510 1117 1535 1139 et
1552 1113 1657 1139 asinum
1671 1120 1727 1139 esse
1744 1120 1797 1138 rem
1813 1119 1907 1138 unam.

289 1155 333 1182 Sic
347 1155 415 1185 uolo,
428 1155 466 1182 sic
475 1155 567 1189 jubeo,
582 1155 616 1182 sit
633 1163 679 1189 pro
695 1155 798 1182 ratione
809 1155 941 1182 voluntas.
958 1155 1045 1182 Aliam
1061 1163 1170 1190 quoque
1192 1156 1271 1182 alfert
1295 1156 1332 1182 rei
1358 1155 1440 1188 hujus
1465 1163 1576 1182 causam
1601 1159 1674 1182 torno
1691 1154 1725 1181 IV
1753 1155 1821 1181 edit.
1850 1154 1907 1181 len.

291 1198 413 1230 fol.215,
431 1203 485 1225 tam
501 1198 535 1225 de
547 1207 586 1230 se,
608 1207 688 1233 quam
706 1200 739 1226 de
755 1199 812 1226 suis
826 1199 962 1233 loquens:
979 1200 1033 1226 Nos
1052 1208 1067 1226 o
1083 1199 1199 1230 diabolo,
1217 1199 1316 1233 inquit,
1335 1199 1450 1231 captivos
1472 1199 1563 1230 teneri,
1578 1198 1658 1225 veluti
1674 1207 1689 1225 ιι
1707 1198 1855 1232 principe;
1876 1205 1907 1224 ac

289 1242 344 1269 Deo
363 1247 462 1273 nostro,
475 1245 504 1268 ut
521 1250 646 1276 cogantur
658 1242 744 1276 facere
755 1243 880 1277 quidquid
895 1244 949 1276 ipse
964 1243 1029 1275 vult,
1045 1243 1168 1274 nobisque
1198 1243 1323 1273 inspirat.
1341 1242 1373 1269 Et
1385 1243 1431 1276 qui
1447 1247 1616 1273 sanctorum,
1629 1249 1660 1268 ac.
1676 1235 1809 1268 bonorum
1826 1248 1909 1274 ange-

290 1283 378 1310 lorum
399 1283 598 1310 invocationem
616 1287 646 1310 ut.
662 1283 862 1311 idololatricam
882 1284 987 1316 habuit,
1006 1291 1092 1318 eoque
1105 1286 1215 1312 nomine
1234 1287 1307 1312 illam
1326 1293 1340 1312 e
1355 1286 1473 1313 fidelium
1490 1286 1633 1317 memoria,
1645 1288 1672 1311 et
1685 1289 1775 1311 mente
1784 1285 1906 1312 evellere

289 1327 416 1354 omnibus
432 1327 572 1353 contendit
592 1327 695 1357 nervis.
714 1327 740 1354 in
758 1328 818 1355 suis
835 1332 924 1354 tamen
942 1329 1089 1362 colloqttiis
1109 1330 1157 1356 fol.
1174 1330 1200 1361 5,
1220 1331 1264 1362 18,
1280 1338 1307 1357 et
1324 1330 1382 1359 fit.
1398 1330 1553 1357 exclamare
1577 1337 1631 1356 non
1657 1329 1764 1356 horruit
1783 1337 1790 1355 :
1805 1327 1905 1355 Sancte

291 1369 386 1403 Satan,
401 1378 448 1397 ora
463 1379 510 1405 pro
527 1370 601 1398 nobis
618 1379 626 1398 :
641 1371 747 1398 minime
758 1376 845 1398 tamen
860 1376 951 1399 contra
966 1377 990 1399 te
1003 1374 1176 1406 peccavimus,
1191 1373 1390 1400 clementissime
1405 1373 1517 1400 diabole.

328 1413 422 1440 Jacobi
439 1413 581 1440 Zaltorovii
600 1414 670 1441 alius
690 1414 742 1441 fuit.
760 1422 870 1449 seopus,
889 1416 953 1442 dum
971 1415 997 1442 in
1013 1415 1200 1450 Responsione
1214 1417 1246 1443 ad
1263 1417 1368 1444 Nodum
1384 1416 1514 1443 Gordium
1530 1415 1637 1442 Martini
1655 1415 1791 1449 Smiglecii
1809 1414 1906 1441 Sor-ic-

292 1459 357 1485 Iutis
373 1458 438 1485 Jesu
451 1459 567 1493 probare
583 1458 691 1491 nititur,
708 1460 896 1494 presbyterum
929 1464 956 1487 et
971 1460 1132 1495 episcopum
1144 1460 1206 1495 jure
1230 1460 1324 1486 divino
1348 1459 1474 1486 eumdem
1502 1466 1574 1490 essc,
1595 1458 1736 1491 solumque
1753 1462 1906 1484 consuetu-

290 1502 354 1530 dine
370 1502 498 1530 Ecclesiaa
515 1503 655 1530 inductum
673 1510 744 1532 esse.
765 1507 795 1530 ut
810 1503 945 1531 ordinatio
960 1504 1110 1537 pertineret
1127 1504 1160 1530 ad
1175 1503 1347 1538 episcopum.
1362 1502 1439 1535 Quod
1461 1502 1570 1536 quidem
1586 1502 1727 1529 contendit
1743 1502 1776 1528 ad
1790 1509 1904 1529 suorum

293 1546 480 1573 ministrorum
500 1546 648 1583 legitimam
666 1546 826 1574 missionem
842 1546 1100 1580 demonstrandam;
1120 1547 1184 1581 quia
1198 1554 1260 1573 ettm
1278 1546 1421 1580 presbyter
1436 1545 1488 1572 rite
1504 1546 1647 1572 ordinatus
1663 1550 1733 1573 esset
1747 1545 1862 1577 Luther,
1875 1550 1906 1571 ut

293 1589 340 1621 ait,
355 1590 426 1617 alios
440 1597 549 1624 quoque
563 1589 777 1624 ministrosjure
792 1590 920 1617 ordinare
933 1594 1051 1625 poterat,
1066 1595 1148 1624 atque
1164 1589 1281 1616 mittere.
1298 1588 1370 1615 ldent
1383 1588 1506 1615 sentiunt
1523 1587 1615 1621 plures
1633 1588 1677 1615 alii
1701 1588 1904 1616 Proteslantes.

292 1632 346 1660 Sed
363 1640 443 1666 quam
459 1632 586 1666 feliciter,
600 1636 627 1660 et
648 1641 711 1660 vere
726 1633 751 1660 id
768 1634 895 1668 probant,
910 1633 1071 1661 doctissime
1090 1633 1210 1660 ostendit
1225 1640 1289 1659 mox
1311 1632 1439 1659 laudatus
1457 1631 1620 1666 Smiglecius
1648 1632 1713 1659 totis
1734 1631 1844 1658 duobus
1869 1630 1906 1657 li-

292 1677 349 1703 bris
369 1677 402 1703 de
417 1676 606 1703 ministrorum
626 1677 698 1704 notis
710 1682 806 1704 contra
819 1677 962 1704 Zahorovii
989 1677 1204 1712 Responsionem
1222 1676 1255 1703 ad
1277 1675 1383 1702 Nodum
1407 1675 1548 1708 Gordium,
1577 1679 1604 1702 ct
1629 1675 1778 1710 praesertim
1803 1674 1851 1701 lib.
1883 1683 1903 1706 t,

292 1726 353 1752 cap.
368 1719 395 1749 9,
415 1726 475 1752 pag.
493 1718 539 1744 66.

328 1761 480 1789 Couvenire
498 1766 588 1788 tamen
602 1761 728 1788 videntur
740 1768 846 1792 omnes.
860 1761 993 1796 cujusque
1014 1760 1122 1795 generis
1143 1765 1170 1787 et
1184 1760 1278 1787 farinae
1293 1760 1490 1792 Protcstantes.
1504 1762 1551 1796 qtti
1568 1761 1750 1788 Ecclesiarum
1765 1761 1858 1795 bonis,
1877 1766 1904 1788 ct

293 1805 469 1833 facultatibus
482 1805 727 1840 lupinoinhiarunt
740 1812 849 1839 semper
861 1812 919 1836 ore,
934 1805 1030 1831 fortem
1043 1803 1208 1838 alligandum
1226 1805 1301 1838 prius
1317 1812 1387 1837 essc,
1405 1809 1461 1831 tum
1474 1812 1538 1831 vasa
1554 1805 1651 1832 domus
1665 1805 1724 1839 ejus
1738 1805 1903 1840 diripienda.

292 1850 410 1882 Quinam
425 1854 515 1876 atttem
529 1849 565 1875 sit
581 1848 660 1876 fortis
678 1849 743 1882 iste,
755 1850 801 1883 qui
819 1850 844 1876 in
862 1849 971 1884 specula
986 1849 1114 1876 Ecclesiae
1126 1847 1229 1875 Christi
1243 1848 1350 1882 positus
1366 1848 1489 1883 invigilat
1501 1848 1588 1883 gregi,
1605 1848 1727 1875 declarat
1750 1849 1831 1876 nobis
1851 1849 1903 1875 do-

291 1893 385 1920 ctrinae
400 1892 558 1926 apostolicae
576 1893 662 1927 Syrus
679 1893 825 1927 interpres.
840 1893 966 1927 quisquis
982 1893 1025 1920 ille
1039 1892 1101 1924 fuit,
1122 1899 1261 1925 exponens
1280 1893 1336 1920 haec
1366 1893 1519 1920 Ezechielis
1543 1900 1604 1927 cap.
1617 1899 1705 1919 xum
1721 1899 1792 1918 vers.
1819 1892 1848 1924 2,
1874 1892 1902 1924 5,

290 1936 374 1964 verba
390 1945 398 1964 :
412 1935 508 1968 Terra,
521 1944 579 1962 cum
595 1935 724 1963 induxere
739 1944 816 1969 super
831 1944 890 1963 eam
906 1936 1036 1971 gladium,
1050 1941 1074 1962 et
1091 1935 1180 1962 tulerit
1196 1936 1309 1969 capulus
1327 1941 1404 1964 terra:
1417 1937 1502 1964 virum
1516 1944 1596 1962 unum
1609 1935 1641 1963 de
1662 1936 1811 1963 novissimis
1832 1937 1901 1968 suis,

290 1984 314 2007 et
329 1979 491 2007 constituerit
505 1988 563 2006 eum
578 1987 656 2013 super
672 1988 700 2006 se
711 1981 910 2012 speculatorem,
926 1984 980 2006 etc.
1865 1982 1868 1984 ’

326 2021 438 2049 Gladius
453 2023 541 2057 itaque
556 2027 594 2049 est
615 2022 756 2056 judicium,
774 2021 891 2049 Buccina
905 2027 993 2049 autem
1009 2021 1195 2059 Evangelium.
1225 2022 1384 2054 Speculator
1408 2031 1466 2050 vero
1485 2023 1639 2058 Episcopus,
1668 2023 1713 2058 qui
1739 2024 1902 2058 praeponitur

291 2066 427 2094 Ecclesia'.
446 2066 515 2093 Ilinc
529 2066 598 2093 satis
613 2067 737 2101 apposite
755 2070 809 2092 tant
825 2066 851 2092 in
871 2066 982 2093 laudata
1000 2066 1126 2093 Doctrina
1141 2067 1311 2101 Apostolica,
1328 2074 1409 2100 quant
1428 2067 1493 2094 alibi
1517 2068 1618 2101 possint
1634 2067 1809 2101 appellitatur
1823 2067 1902 2103 Syris

289 2110 433 2145 episcopus
449 2109 505 2136 Rob
533 2109 625 2142 Buito,
643 2110 760 2141 scilicet,
779 2110 907 2145 Magister
924 2111 1082 2144 pra‘positus
1099 2114 1124 2137 et
1140 2110 1280 2144 prafectus
1297 2111 1401 2140 domus.
1428 2119 1587 2141 manemus.
1603 2111 1770 2145 dispensator
1784 2115 1810 2138 et
1825 2111 1902 2144 ejus.

289 2153 373 2181 modi.
389 2152 506 2180 Chaldaei
522 2152 716 2180 Orientaliores
730 2161 829 2180 vocare
843 2154 933 2180 solent
949 2154 1105 2188 episcopum
1123 2153 1266 2183 Ghizabra.
1284 2162 1380 2189 nempe
1404 2154 1499 2181 Custos
1514 2153 1650 2184 Thesauri,
1671 2154 1817 2189 Prcfcctus
1829 2163 1901 2182 wra-

289 2198 332 2224 rii.
357 2196 434 2224 llunc
448 2197 539 2230 itaque
555 2196 726 2230 magistrum,
741 2197 918 2231 praepositum
939 2201 966 2224 et
978 2197 1135 2231 praefectum
1151 2198 1268 2228 domus:
1285 2197 1356 2225 hunc
1370 2205 1538 2225 meonomunt
1550 2202 1576 2225 et
1584 2198 1814 2231 dispensatorem;
1830 2199 1902 2225 hunc

290 2240 429 2267 custodem
443 2240 582 2271 thesauri;
598 2240 670 2267 hunc
685 2240 840 2273 pra'fectum
853 2240 940 2266 atrarii
955 2240 1132 2275 alligandum,
1145 2241 1342 2275 expel'endum,
1353 2240 1526 2274 ejiciendum.
1539 2241 1769 2268 exterminandum
1783 2245 1897 2268 ccnscnt

290 2283 431 2318 religionis
455 2283 550 2317 nuperi
571 2283 762 2310 reformatores
779 2283 833 2313 (sic
846 2283 918 2310 cnim
936 2283 988 2310 dici
1006 2288 1118 2317 amant;
1137 2285 1182 2311 sed
1197 2284 1288 2311 verius
1303 2283 1527 2318 deformatorcs),
1543 2288 1571 2310 ut
1585 2284 1617 2311 ad
1633 2284 1703 2311 bona
1717 2284 1901 2312 Ecclesiarunt

292 2327 399 2354 facilius
414 2325 565 2360 diripienda
581 2330 669 2360 pateat
685 2326 738 2353 illis
752 2326 853 2353 aditus.

326 2370 457 2398 Claudius
474 2369 626 2397 Salmasius
642 2370 670 2397 in
695 2377 745 2396 suo
759 2370 895 2404 Apparatu
910 2377 942 2397 ae
957 2371 1072 2402 primatu
1088 2378 1172 2404 papn',
1182 2371 1252 2397 hanc
1266 2370 1387 2402 herbam,
1410 2377 1507 2404 nempe
1519 2369 1715 2405 episcopatum,
1732 2370 1901 2398 evellendam

289 2414 421 2441 radicitus
431 2413 523 2443 vellet,
542 2413 613 2447 quod
629 2421 661 2439 ex
680 2413 725 2439 illa
744 2413 856 2447 pullulat
873 2418 998 2448 papatus.
1017 2415 1064 2448 qui
1081 2419 1111 2441 ut
1129 2414 1294 2441 Christianae
1329 2421 1361 2440 ac
1376 2413 1521 2440 catholica!
1536 2413 1687 2448 religionis,
1704 2413 1902 2449 dignitatisque

291 2464 416 2486 summus
432 2460 474 2483 est
491 2463 559 2490 apex
575 2459 604 2483 et
618 2457 779 2488 auctoritas,
801 2457 837 2483 ita
855 2457 1049 2484 invadentibus
1068 2457 1140 2491 lupis
1162 2456 1333 2484 fortissimus
1348 2457 1431 2484 obex.

328 2500 415 2528 Porro
431 2499 505 2534 quod
523 2499 709 2531 miseratione,
726 2500 781 2527 imo
796 2500 944 2528 uberrimis
960 2501 1087 2536 lacrymis
1104 2501 1216 2535 dignum
1233 2505 1273 2527 est
1287 2520 1295 2533 ,
1329 2499 1352 2527 si
1373 2499 1438 2534 quid
1456 2498 1624 2533 ambiguum,
1642 2499 1685 2526 vel
1701 2499 1783 2534 paulo
1803 2500 1899 2527 obscu-

291 2545 351 2572 rius
368 2544 440 2579 apud
454 2542 551 2570 Patres
566 2547 593 2570 et
607 2543 758 2577 scriptores
775 2543 906 2575 occurrit,
933 2543 959 2570 id
976 2543 1028 2571 sibi
1043 2544 1183 2572 asciscunt
1201 2542 1363 2576 adversarii,
1381 2550 1413 2570 ac
1428 2542 1485 2569 suis
1500 2542 1690 2577 paralogismis
1707 2543 1734 2570 in
1753 2542 1900 2571 Ecclesium

290 2587 454 2615 catholicam
472 2586 540 2614 illttd
559 2586 719 2620 intorquent
729 2591 755 2613 et
770 2587 931 2618 abutuntur,
949 2587 1037 2622 ipsum
1054 2595 1119 2615 vero
1135 2592 1275 2615 auctorem
1292 2588 1324 2614 ad
1343 2591 1415 2614 astra
1431 2593 1520 2621 usque
1533 2585 1650 2614 efferunt
1666 2587 1804 2615 laudibus.
1819 2587 1901 2614 Eum-

287 2631 351 2658 dem
367 2637 444 2662 vero,
468 2637 530 2656 cum
546 2629 583 2656 ita
603 2629 674 2656 clare
696 2637 728 2656 ac
751 2629 832 2664 plane
847 2630 980 2664 loquitur,
996 2634 1026 2657 ut
1040 2638 1135 2658 eorum
1155 2636 1230 2659 recta
1245 2635 1272 2658 et
1289 2630 1379 2658 valide
1397 2631 1479 2657 feriat
1494 2634 1660 2661 commenta,
1689 2638 1738 2657 nec
1752 2630 1812 2665 ejus
1827 2630 1900 2658 testi-

288 2674 379 2701 m0uia
399 2673 507 2707 possint
522 2672 556 2699 ad
574 2672 715 2699 libidinem
729 2677 903 2708 extorquere.
932 2673 1064 2701 deserunt
1089 2675 1194 2707 statim,
1212 2675 1375 2710 ignorantiae
1392 2673 1557 2702 insimulare
1575 2674 1676 2700 audent
1692 2677 1720 2700 et
1736 2675 1899 2701 contrariam

288 2716 418 2744 occinunt
434 2715 609 2743 cantilenam.
641 2715 731 2743 Semel
758 2716 891 2751 scriptum
917 2717 1029 2752 reliquit
1045 2717 1075 2745 D.
1093 2717 1279 2753 Hieronymus
1298 2718 1325 2745 in
1343 2716 1464 2752 Epistola
1481 2717 1514 2743 ad
1533 2715 1692 2752 Evagrium,
1709 2724 1771 2751 quat
1785 2721 1827 2744 est
1841 2716 1876 2744 85
1891 2724 1898 2741 :

290 2760 361 2792 Quid
376 2761 445 2787 enim
460 2759 536 2793 facit,
550 2764 659 2793 excepta
673 2759 848 2792 ordinatione,
864 2761 1012 2795 episcopus,
1030 2762 1099 2795 quod
1123 2762 1258 2796 presbyter
1273 2770 1322 2788 non
1341 2760 1423 2795 faciat
1436 2761 1448 2787 7
1465 2759 1530 2792 Qun:
1547 2759 1630 2786 verba
1650 2759 1702 2786 etsi
1717 2759 1791 2786 clare
1805 2762 1898 2786 osten-

284 2802 355 2830 dant
371 2803 415 2830 illa
430 2803 592 2837 exceptione
608 2803 751 2836 utriusque
768 2804 872 2831 ordinis
889 2804 1109 2835 distinctionem.
1128 2805 1306 2833 nihilo-uinus
1335 2811 1428 2830 ansam
1446 2802 1623 2835 arripuerunt
1650 2801 1713 2829 itide
1738 2799 1896 2832 adversarii,
