  <div class='ocr_page' id='page_1' title='image "/cluster/home/n/w/nwhite01/storage/ocr_20150623/111/njp.32101077772943/520.png"; bbox 0 0 2015 3081; ppageno 0'>
   <div class='ocr_carea' id='block_1_1' title="bbox 157 135 1785 172">
    <p class='ocr_par' dir='ltr' id='par_1_1' title="bbox 157 135 1785 172">
     <span class='ocr_line' id='line_1_1' title="bbox 157 135 1785 172; baseline 0.002 -5"><span class='ocrx_word' id='word_1_1' title='bbox 157 135 208 168; x_wconf 77' lang='lat'><strong>901.</strong></span> <span class='ocrx_word' id='word_1_2' title='bbox 882 139 1064 169; x_wconf 68' lang='lat' dir='ltr'><strong>ANNALES.</strong></span> <span class='ocrx_word' id='word_1_3' title='bbox 1732 141 1785 172; x_wconf 77' lang='lat'><strong>902</strong></span> 
     </span>
    </p>
   </div>
   <div class='ocr_carea' id='block_1_2' title="bbox 159 194 1784 232">
    <p class='ocr_par' dir='ltr' id='par_1_2' title="bbox 159 194 1784 232">
     <span class='ocr_line' id='line_1_2' title="bbox 159 194 1784 232; baseline -0.001 -11"><span class='ocrx_word' id='word_1_4' title='bbox 159 197 262 230; x_wconf 74' lang='lat' dir='ltr'><strong>integra</strong></span> <span class='ocrx_word' id='word_1_5' title='bbox 290 196 452 224; x_wconf 88' lang='lat' dir='ltr'><strong>conﬁciendi</strong></span> <span class='ocrx_word' id='word_1_6' title='bbox 470 197 620 228; x_wconf 82' lang='lat' dir='ltr'><strong>volumina,</strong></span> <span class='ocrx_word' id='word_1_7' title='bbox 639 196 739 232; x_wconf 84' lang='lat' dir='ltr'><strong>quibus</strong></span> <span class='ocrx_word' id='word_1_8' title='bbox 755 196 873 231; x_wconf 83' lang='lat' dir='ltr'><strong>probare</strong></span> <span class='ocrx_word' id='word_1_9' title='bbox 890 195 1064 228; x_wconf 86' lang='lat' dir='ltr'><strong>adnituntur,</strong></span> <span class='ocrx_word' id='word_1_10' title='bbox 1083 195 1243 230; x_wconf 81' lang='lat' dir='ltr'><strong>episcopum</strong></span> <span class='ocrx_word' id='word_1_11' title='bbox 1270 203 1325 222; x_wconf 89' lang='lat' dir='ltr'><strong>non</strong></span> <span class='ocrx_word' id='word_1_12' title='bbox 1341 202 1402 223; x_wconf 87' lang='lat' dir='ltr'><strong>csse</strong></span> <span class='ocrx_word' id='word_1_13' title='bbox 1418 195 1578 230; x_wconf 79' lang='lat' dir='ltr'><strong>presbytero</strong></span> <span class='ocrx_word' id='word_1_14' title='bbox 1599 194 1784 229; x_wconf 83' lang='lat' dir='ltr'><strong>superiorem.</strong></span> 
     </span>
    </p>
   </div>
   <div class='ocr_carea' id='block_1_3' title="bbox 160 239 1784 276">
    <p class='ocr_par' dir='ltr' id='par_1_3' title="bbox 160 239 1784 276">
     <span class='ocr_line' id='line_1_3' title="bbox 160 239 1784 276; baseline 0.001 -12"><span class='ocrx_word' id='word_1_15' title='bbox 160 240 328 274; x_wconf 81' lang='lat' dir='ltr'><strong>Loquentem</strong></span> <span class='ocrx_word' id='word_1_16' title='bbox 361 246 424 267; x_wconf 86' lang='lat' dir='ltr'><strong>vero</strong></span> <span class='ocrx_word' id='word_1_17' title='bbox 449 241 575 268; x_wconf 77' lang='lat' dir='ltr'><strong>eumdem</strong></span> <span class='ocrx_word' id='word_1_18' title='bbox 602 240 798 276; x_wconf 81' lang='lat' dir='ltr'><strong>Hieronymum</strong></span> <span class='ocrx_word' id='word_1_19' title='bbox 825 240 980 267; x_wconf 82' lang='lat' dir='ltr'><strong>clarissime</strong></span> <span class='ocrx_word' id='word_1_20' title='bbox 1007 239 1040 266; x_wconf 87' lang='lat' dir='ltr'><strong>de</strong></span> <span class='ocrx_word' id='word_1_21' title='bbox 1057 240 1109 267; x_wconf 89' lang='lat' dir='ltr'><strong>hoc</strong></span> <span class='ocrx_word' id='word_1_22' title='bbox 1135 240 1297 267; x_wconf 89' lang='lat' dir='ltr'><strong>discrimine</strong></span> <span class='ocrx_word' id='word_1_23' title='bbox 1312 245 1339 267; x_wconf 84' lang='lat' dir='ltr'><strong>et</strong></span> <span class='ocrx_word' id='word_1_24' title='bbox 1355 241 1564 268; x_wconf 83' lang='lat' dir='ltr'><strong>successionum</strong></span> <span class='ocrx_word' id='word_1_25' title='bbox 1583 239 1784 275; x_wconf 87' lang='lat' dir='ltr'><strong>episcopaliutn</strong></span> 
     </span>
    </p>
   </div>
   <div class='ocr_carea' id='block_1_4' title="bbox 159 283 1784 319">
    <p class='ocr_par' dir='ltr' id='par_1_4' title="bbox 159 283 1784 319">
     <span class='ocr_line' id='line_1_4' title="bbox 159 283 1784 319; baseline 0.001 -10"><span class='ocrx_word' id='word_1_26' title='bbox 159 284 257 310; x_wconf 79' lang='lat' dir='ltr'><strong>seriem</strong></span> <span class='ocrx_word' id='word_1_27' title='bbox 278 291 340 310; x_wconf 84' lang='lat' dir='ltr'><strong>cum</strong></span> <span class='ocrx_word' id='word_1_28' title='bbox 357 284 419 311; x_wconf 90' lang='lat' dir='ltr'><strong>aliis</strong></span> <span class='ocrx_word' id='word_1_29' title='bbox 435 283 563 311; x_wconf 86' lang='lat' dir='ltr'><strong>Patribus</strong></span> <span class='ocrx_word' id='word_1_30' title='bbox 579 285 613 311; x_wconf 91' lang='lat' dir='ltr'><strong>ab</strong></span> <span class='ocrx_word' id='word_1_31' title='bbox 628 284 688 318; x_wconf 85' lang='lat' dir='ltr'><strong>ipso</strong></span> <span class='ocrx_word' id='word_1_32' title='bbox 716 283 902 318; x_wconf 88' lang='lat' dir='ltr'><strong>apostolorum</strong></span> <span class='ocrx_word' id='word_1_33' title='bbox 919 290 977 310; x_wconf 60' lang='lat' dir='ltr'><strong>arvo</strong></span> <span class='ocrx_word' id='word_1_34' title='bbox 1001 289 1170 319; x_wconf 81' lang='lat' dir='ltr'><strong>repetentem</strong></span> <span class='ocrx_word' id='word_1_35' title='bbox 1199 283 1239 311; x_wconf 74' lang='lat' dir='ltr'><strong>sic</strong></span> <span class='ocrx_word' id='word_1_36' title='bbox 1255 284 1354 318; x_wconf 79' lang='lat' dir='ltr'><strong>excipit</strong></span> <span class='ocrx_word' id='word_1_37' title='bbox 1371 283 1534 316; x_wconf 85' lang='lat' dir='ltr'><strong>Salmasius,</strong></span> <span class='ocrx_word' id='word_1_38' title='bbox 1551 284 1578 311; x_wconf 94' lang='lat' dir='ltr'><strong>in</strong></span> <span class='ocrx_word' id='word_1_39' title='bbox 1597 285 1738 319; x_wconf 83' lang='lat' dir='ltr'><strong>Apparatu</strong></span> <span class='ocrx_word' id='word_1_40' title='bbox 1751 284 1784 311; x_wconf 89' lang='lat' dir='ltr'><strong>de</strong></span> 
     </span>
    </p>
   </div>
   <div class='ocr_carea' id='block_1_5' title="bbox 159 327 1782 362">
    <p class='ocr_par' dir='ltr' id='par_1_5' title="bbox 159 327 1782 362">
     <span class='ocr_line' id='line_1_5' title="bbox 159 327 1782 362; baseline 0.001 -9"><span class='ocrx_word' id='word_1_41' title='bbox 159 328 277 362; x_wconf 82' lang='lat' dir='ltr'><strong>primatu</strong></span> <span class='ocrx_word' id='word_1_42' title='bbox 293 335 380 361; x_wconf 71' lang='lat' dir='ltr'><strong>papa&#39;,</strong></span> <span class='ocrx_word' id='word_1_43' title='bbox 398 335 460 362; x_wconf 83' lang='lat' dir='ltr'><strong>pag.</strong></span> <span class='ocrx_word' id='word_1_44' title='bbox 475 328 520 359; x_wconf 70' lang='grc'><strong>35,</strong></span> <span class='ocrx_word' id='word_1_45' title='bbox 536 335 640 362; x_wconf 85' lang='lat' dir='ltr'><strong>eosque</strong></span> <span class='ocrx_word' id='word_1_46' title='bbox 657 335 771 356; x_wconf 63' lang='lat' dir='ltr'><strong>summm</strong></span> <span class='ocrx_word' id='word_1_47' title='bbox 789 333 813 354; x_wconf 87' lang='lat' dir='ltr'><strong>et</strong></span> <span class='ocrx_word' id='word_1_48' title='bbox 832 335 934 354; x_wconf 60' lang='grc' dir='ltr'><strong>(τι-πεπυ</strong></span> <span class='ocrx_word' id='word_1_49' title='bbox 951 327 1094 355; x_wconf 88' lang='lat' dir='ltr'><strong>insimulat</strong></span> <span class='ocrx_word' id='word_1_50' title='bbox 1115 328 1277 362; x_wconf 72' lang='lat' dir='ltr'><strong>ignorantia:</strong></span> <span class='ocrx_word' id='word_1_51' title='bbox 1292 337 1299 355; x_wconf 89' lang='lat'><strong>:</strong></span> <span class='ocrx_word' id='word_1_52' title='bbox 1322 328 1389 359; x_wconf 74' lang='lat' dir='ltr'><strong>Quis</strong></span> <span class='ocrx_word' id='word_1_53' title='bbox 1405 336 1457 355; x_wconf 88' lang='lat' dir='ltr'><strong>non</strong></span> <span class='ocrx_word' id='word_1_54' title='bbox 1485 328 1568 361; x_wconf 79' lang='lat' dir='ltr'><strong>uidet,</strong></span> <span class='ocrx_word' id='word_1_55' title='bbox 1595 328 1696 362; x_wconf 88' lang='lat' dir='ltr'><strong>inquit.</strong></span> <span class='ocrx_word' id='word_1_56' title='bbox 1729 327 1782 354; x_wconf 65' lang='lat' dir='ltr'><strong>Pa«</strong></span> 
     </span>
    </p>
   </div>
   <div class='ocr_carea' id='block_1_6' title="bbox 161 371 1782 406">
    <p class='ocr_par' dir='ltr' id='par_1_6' title="bbox 161 371 1782 406">
     <span class='ocr_line' id='line_1_6' title="bbox 161 371 1782 406; baseline 0.001 -9"><span class='ocrx_word' id='word_1_57' title='bbox 161 377 211 398; x_wconf 77' lang='lat' dir='ltr'><strong>tres</strong></span> <span class='ocrx_word' id='word_1_58' title='bbox 225 371 289 397; x_wconf 88' lang='lat' dir='ltr'><strong>dum</strong></span> <span class='ocrx_word' id='word_1_59' title='bbox 308 379 357 398; x_wconf 88' lang='lat' dir='ltr'><strong>sua</strong></span> <span class='ocrx_word' id='word_1_60' title='bbox 377 377 494 405; x_wconf 77' lang='lat' dir='ltr'><strong>tciitpora</strong></span> <span class='ocrx_word' id='word_1_61' title='bbox 514 371 571 398; x_wconf 83' lang='lat' dir='ltr'><strong>sola</strong></span> <span class='ocrx_word' id='word_1_62' title='bbox 589 373 741 405; x_wconf 77' lang='lat' dir='ltr'><strong>respiciunt,</strong></span> <span class='ocrx_word' id='word_1_63' title='bbox 757 373 853 406; x_wconf 89' lang='lat' dir='ltr'><strong>quibus</strong></span> <span class='ocrx_word' id='word_1_64' title='bbox 871 372 984 406; x_wconf 83' lang='lat' dir='ltr'><strong>episcopi</strong></span> <span class='ocrx_word' id='word_1_65' title='bbox 1007 372 1035 397; x_wconf 91' lang='lat' dir='ltr'><strong>in</strong></span> <span class='ocrx_word' id='word_1_66' title='bbox 1055 371 1166 406; x_wconf 82' lang='lat' dir='ltr'><strong>singulis</strong></span> <span class='ocrx_word' id='word_1_67' title='bbox 1190 371 1301 398; x_wconf 76' lang='lat' dir='ltr'><strong>urbibus</strong></span> <span class='ocrx_word' id='word_1_68' title='bbox 1321 372 1465 406; x_wconf 84' lang='lat' dir='ltr'><strong>regnabant</strong></span> <span class='ocrx_word' id='word_1_69' title='bbox 1481 372 1643 406; x_wconf 83' lang='lat' dir='ltr'><strong>presbyterio</strong></span> <span class='ocrx_word' id='word_1_70' title='bbox 1661 371 1782 406; x_wconf 83' lang='lat' dir='ltr'><strong>superio-</strong></span> 
     </span>
    </p>
   </div>
   <div class='ocr_carea' id='block_1_7' title="bbox 162 415 1786 451">
    <p class='ocr_par' dir='ltr' id='par_1_7' title="bbox 162 415 1786 451">
     <span class='ocr_line' id='line_1_7' title="bbox 162 415 1786 451; baseline 0 -10"><span class='ocrx_word' id='word_1_71' title='bbox 162 423 211 444; x_wconf 85' lang='lat' dir='ltr'><strong>res.</strong></span> <span class='ocrx_word' id='word_1_72' title='bbox 227 420 335 447; x_wconf 72' lang='lat' dir='ltr'><strong>putasse</strong></span> <span class='ocrx_word' id='word_1_73' title='bbox 350 423 366 441; x_wconf 91' lang='lat' dir='ltr'><strong>a</strong></span> <span class='ocrx_word' id='word_1_74' title='bbox 380 415 513 450; x_wconf 83' lang='lat' dir='ltr'><strong>principio</strong></span> <span class='ocrx_word' id='word_1_75' title='bbox 529 424 583 442; x_wconf 77' lang='lat' dir='ltr'><strong>rem</strong></span> <span class='ocrx_word' id='word_1_76' title='bbox 599 416 637 442; x_wconf 86' lang='lat' dir='ltr'><strong>ita</strong></span> <span class='ocrx_word' id='word_1_77' title='bbox 654 416 762 450; x_wconf 81' lang='lat' dir='ltr'><strong>fuisse?</strong></span> <span class='ocrx_word' id='word_1_78' title='bbox 781 415 842 449; x_wconf 74' lang='lat' dir='ltr'><strong>Ipse</strong></span> <span class='ocrx_word' id='word_1_79' title='bbox 860 415 1040 451; x_wconf 84' lang='lat' dir='ltr'><strong>Hieronymus</strong></span> <span class='ocrx_word' id='word_1_80' title='bbox 1058 415 1206 450; x_wconf 80' lang='lat' dir='ltr'><strong>aliquando</strong></span> <span class='ocrx_word' id='word_1_81' title='bbox 1219 423 1308 442; x_wconf 87' lang='lat' dir='ltr'><strong>errore</strong></span> <span class='ocrx_word' id='word_1_82' title='bbox 1321 416 1372 441; x_wconf 83' lang='lat' dir='ltr'><strong>isto</strong></span> <span class='ocrx_word' id='word_1_83' title='bbox 1395 416 1528 442; x_wconf 82' lang='lat' dir='ltr'><strong>communi</strong></span> <span class='ocrx_word' id='word_1_84' title='bbox 1544 416 1668 448; x_wconf 82' lang='lat' dir='ltr'><strong>abreptus</strong></span> <span class='ocrx_word' id='word_1_85' title='bbox 1694 415 1786 447; x_wconf 73' lang='lat' dir='ltr'><strong>deprl-</strong></span> 
     </span>
    </p>
   </div>
   <div class='ocr_carea' id='block_1_8' title="bbox 163 459 1784 495">
    <p class='ocr_par' dir='ltr' id='par_1_8' title="bbox 163 459 1784 495">
     <span class='ocr_line' id='line_1_8' title="bbox 163 459 1784 495; baseline 0.001 -11"><span class='ocrx_word' id='word_1_86' title='bbox 163 459 285 486; x_wconf 79' lang='lat' dir='ltr'><strong>liendilur</strong></span> <span class='ocrx_word' id='word_1_87' title='bbox 296 459 491 486; x_wconf 73' lang='lat' dir='ltr'><strong>successionum</strong></span> <span class='ocrx_word' id='word_1_88' title='bbox 506 459 693 493; x_wconf 80' lang='lat' dir='ltr'><strong>episcopalium</strong></span> <span class='ocrx_word' id='word_1_89' title='bbox 705 460 737 485; x_wconf 87' lang='lat' dir='ltr'><strong>ab</strong></span> <span class='ocrx_word' id='word_1_90' title='bbox 749 459 929 492; x_wconf 76' lang='lat' dir='ltr'><strong>apostolonun</strong></span> <span class='ocrx_word' id='word_1_91' title='bbox 945 464 1057 493; x_wconf 64' lang='lat' dir='ltr'><strong>tempore</strong></span> <span class='ocrx_word' id='word_1_92' title='bbox 1067 460 1315 492; x_wconf 62' lang='lat' dir='ltr'><strong>repetendorum...</strong></span> <span class='ocrx_word' id='word_1_93' title='bbox 1327 461 1364 487; x_wconf 89' lang='lat' dir='ltr'><strong>De</strong></span> <span class='ocrx_word' id='word_1_94' title='bbox 1373 461 1433 495; x_wconf 89' lang='lat' dir='ltr'><strong>ipso</strong></span> <span class='ocrx_word' id='word_1_95' title='bbox 1443 468 1508 488; x_wconf 73' lang='lat' dir='ltr'><strong>vero</strong></span> <span class='ocrx_word' id='word_1_96' title='bbox 1518 460 1627 486; x_wconf 79' lang='lat' dir='ltr'><strong>Seldeni</strong></span> <span class='ocrx_word' id='word_1_97' title='bbox 1639 459 1784 493; x_wconf 85' lang='lat' dir='ltr'><strong>Eutychio,</strong></span> 
     </span>
    </p>
   </div>
   <div class='ocr_carea' id='block_1_9' title="bbox 162 502 1784 539">
    <p class='ocr_par' dir='ltr' id='par_1_9' title="bbox 162 502 1784 539">
     <span class='ocr_line' id='line_1_9' title="bbox 162 502 1784 539; baseline 0.001 -11"><span class='ocrx_word' id='word_1_98' title='bbox 162 503 249 536; x_wconf 77' lang='lat' dir='ltr'><strong>deque</strong></span> <span class='ocrx_word' id='word_1_99' title='bbox 260 502 388 529; x_wconf 85' lang='lat' dir='ltr'><strong>Patrlbus</strong></span> <span class='ocrx_word' id='word_1_100' title='bbox 402 502 504 530; x_wconf 68' lang='lat' dir='ltr'><strong>Gra&#39;cis</strong></span> <span class='ocrx_word' id='word_1_101' title='bbox 521 508 549 530; x_wconf 87' lang='lat' dir='ltr'><strong>et</strong></span> <span class='ocrx_word' id='word_1_102' title='bbox 564 502 679 533; x_wconf 86' lang='lat' dir='ltr'><strong>Latinis,</strong></span> <span class='ocrx_word' id='word_1_103' title='bbox 697 504 737 530; x_wconf 75' lang='lat' dir='ltr'><strong>sic</strong></span> <span class='ocrx_word' id='word_1_104' title='bbox 755 503 858 536; x_wconf 56' lang='lat' dir='ltr'><strong>pag.“</strong></span> <span class='ocrx_word' id='word_1_105' title='bbox 874 503 969 536; x_wconf 83' lang='lat' dir='ltr'><strong>:Quod</strong></span> <span class='ocrx_word' id='word_1_106' title='bbox 983 504 1128 538; x_wconf 78' lang='lat' dir='ltr'><strong>Eutychius</strong></span> <span class='ocrx_word' id='word_1_107' title='bbox 1145 504 1263 534; x_wconf 78' lang='lat' dir='ltr'><strong>nescivit,</strong></span> <span class='ocrx_word' id='word_1_108' title='bbox 1277 504 1319 530; x_wconf 86' lang='lat' dir='ltr'><strong>cui</strong></span> <span class='ocrx_word' id='word_1_109' title='bbox 1337 504 1406 530; x_wconf 81' lang='lat' dir='ltr'><strong>idem</strong></span> <span class='ocrx_word' id='word_1_110' title='bbox 1421 513 1469 531; x_wconf 85' lang='lat' dir='ltr'><strong>usu</strong></span> <span class='ocrx_word' id='word_1_111' title='bbox 1485 504 1563 535; x_wconf 84' lang='lat' dir='ltr'><strong>venit,</strong></span> <span class='ocrx_word' id='word_1_112' title='bbox 1578 504 1647 539; x_wconf 85' lang='lat' dir='ltr'><strong>quod</strong></span> <span class='ocrx_word' id='word_1_113' title='bbox 1663 503 1784 529; x_wconf 79' lang='lat' dir='ltr'><strong>omnibus</strong></span> 
     </span>
    </p>
   </div>
   <div class='ocr_carea' id='block_1_10' title="bbox 163 545 1785 583">
    <p class='ocr_par' dir='ltr' id='par_1_10' title="bbox 163 545 1785 583">
     <span class='ocr_line' id='line_1_10' title="bbox 163 545 1785 583; baseline 0 -11"><span class='ocrx_word' id='word_1_114' title='bbox 163 545 243 579; x_wconf 79' lang='lat' dir='ltr'><strong>ferme</strong></span> <span class='ocrx_word' id='word_1_115' title='bbox 260 546 434 578; x_wconf 69' lang='lat' dir='ltr'><strong>scriptoribus</strong></span> <span class='ocrx_word' id='word_1_116' title='bbox 453 546 641 573; x_wconf 71' lang='lat' dir='ltr'><strong>ecclesiasticis</strong></span> <span class='ocrx_word' id='word_1_117' title='bbox 663 545 775 578; x_wconf 82' lang='lat' dir='ltr'><strong>Grrrcis,</strong></span> <span class='ocrx_word' id='word_1_118' title='bbox 794 545 956 579; x_wconf 82' lang='lat' dir='ltr'><strong>Latinisque,</strong></span> <span class='ocrx_word' id='word_1_119' title='bbox 980 553 1008 574; x_wconf 84' lang='lat' dir='ltr'><strong>ut</strong></span> <span class='ocrx_word' id='word_1_120' title='bbox 1028 548 1090 574; x_wconf 79' lang='lat' dir='ltr'><strong>dunt</strong></span> <span class='ocrx_word' id='word_1_121' title='bbox 1108 556 1180 575; x_wconf 81' lang='lat' dir='ltr'><strong>more</strong></span> <span class='ocrx_word' id='word_1_122' title='bbox 1208 549 1250 575; x_wconf 89' lang='lat' dir='ltr'><strong>sui</strong></span> <span class='ocrx_word' id='word_1_123' title='bbox 1269 549 1394 582; x_wconf 83' lang='lat' dir='ltr'><strong>temporis</strong></span> <span class='ocrx_word' id='word_1_124' title='bbox 1419 553 1548 583; x_wconf 83' lang='lat' dir='ltr'><strong>spectant,</strong></span> <span class='ocrx_word' id='word_1_125' title='bbox 1568 556 1585 574; x_wconf 77' lang='grc' dir='ltr'><em>α</em></span> <span class='ocrx_word' id='word_1_126' title='bbox 1599 547 1730 581; x_wconf 86' lang='lat' dir='ltr'><strong>principio</strong></span> <span class='ocrx_word' id='word_1_127' title='bbox 1745 546 1785 572; x_wconf 79' lang='lat' dir='ltr'><strong>sic</strong></span> 
     </span>
    </p>
   </div>
   <div class='ocr_carea' id='block_1_11' title="bbox 163 589 1748 625">
    <p class='ocr_par' dir='ltr' id='par_1_11' title="bbox 163 589 1748 625">
     <span class='ocr_line' id='line_1_11' title="bbox 163 589 1748 625; baseline 0 -9"><span class='ocrx_word' id='word_1_128' title='bbox 163 597 263 623; x_wconf 72' lang='lat' dir='ltr'><strong>seraper</strong></span> <span class='ocrx_word' id='word_1_129' title='bbox 279 590 363 624; x_wconf 77' lang='lat' dir='ltr'><strong>fuisse</strong></span> <span class='ocrx_word' id='word_1_130' title='bbox 375 591 566 616; x_wconf 74' lang='lat' dir='ltr'><strong>existimarent.</strong></span> <span class='ocrx_word' id='word_1_131' title='bbox 587 589 651 617; x_wconf 78' lang='lat' dir='ltr'><strong>(mle</strong></span> <span class='ocrx_word' id='word_1_132' title='bbox 663 590 840 617; x_wconf 84' lang='lat' dir='ltr'><strong>successiones</strong></span> <span class='ocrx_word' id='word_1_133' title='bbox 856 596 880 617; x_wconf 86' lang='lat' dir='ltr'><strong>et</strong></span> <span class='ocrx_word' id='word_1_134' title='bbox 894 591 1007 625; x_wconf 76' lang='lat' dir='ltr'><strong>origines</strong></span> <span class='ocrx_word' id='word_1_135' title='bbox 1017 591 1196 624; x_wconf 86' lang='lat' dir='ltr'><strong>episcoporum</strong></span> <span class='ocrx_word' id='word_1_136' title='bbox 1213 592 1331 625; x_wconf 65' lang='lat' dir='ltr'><strong>repetiti:</strong></span> <span class='ocrx_word' id='word_1_137' title='bbox 1345 599 1362 618; x_wconf 82' lang='grc' dir='ltr'><strong>ιι</strong></span> <span class='ocrx_word' id='word_1_138' title='bbox 1378 591 1539 623; x_wconf 82' lang='lat' dir='ltr'><strong>temporibus</strong></span> <span class='ocrx_word' id='word_1_139' title='bbox 1554 590 1748 624; x_wconf 78' lang='lat' dir='ltr'><strong>apostolorum.</strong></span> 
     </span>
    </p>
   </div>
   <div class='ocr_carea' id='block_1_12' title="bbox 201 632 1784 668">
    <p class='ocr_par' dir='ltr' id='par_1_12' title="bbox 201 632 1784 668">
     <span class='ocr_line' id='line_1_12' title="bbox 201 632 1784 668; baseline -0.001 -9"><span class='ocrx_word' id='word_1_140' title='bbox 201 632 279 666; x_wconf 84' lang='lat' dir='ltr'><strong>Vide,</strong></span> <span class='ocrx_word' id='word_1_141' title='bbox 296 634 389 665; x_wconf 86' lang='lat' dir='ltr'><strong>sodes,</strong></span> <span class='ocrx_word' id='word_1_142' title='bbox 406 638 536 667; x_wconf 90' lang='lat' dir='ltr'><strong>quantam</strong></span> <span class='ocrx_word' id='word_1_143' title='bbox 553 633 646 664; x_wconf 83' lang='lat' dir='ltr'><strong>ﬁdem.</strong></span> <span class='ocrx_word' id='word_1_144' title='bbox 672 637 860 668; x_wconf 89' lang='lat' dir='ltr'><strong>quantamque</strong></span> <span class='ocrx_word' id='word_1_145' title='bbox 887 634 1079 662; x_wconf 80' lang='lat' dir='ltr'><strong>auctoritatem</strong></span> <span class='ocrx_word' id='word_1_146' title='bbox 1096 635 1224 662; x_wconf 88' lang='lat' dir='ltr'><strong>tribuunt</strong></span> <span class='ocrx_word' id='word_1_147' title='bbox 1240 635 1392 662; x_wconf 84' lang='lat' dir='ltr'><strong>adversarii</strong></span> <span class='ocrx_word' id='word_1_148' title='bbox 1414 635 1542 662; x_wconf 81' lang='lat' dir='ltr'><strong>Pati-ibus</strong></span> <span class='ocrx_word' id='word_1_149' title='bbox 1557 640 1585 661; x_wconf 85' lang='lat' dir='ltr'><strong>et</strong></span> <span class='ocrx_word' id='word_1_150' title='bbox 1602 632 1784 668; x_wconf 90' lang='lat' dir='ltr'><strong>scriptoribus</strong></span> 
     </span>
    </p>
   </div>
   <div class='ocr_carea' id='block_1_13' title="bbox 153 677 1785 713">
    <p class='ocr_par' dir='ltr' id='par_1_13' title="bbox 153 677 1785 713">
     <span class='ocr_line' id='line_1_13' title="bbox 153 677 1785 713; baseline -0.001 -9"><span class='ocrx_word' id='word_1_151' title='bbox 153 681 189 704; x_wconf 27' lang='lat' dir='ltr'><strong>ret</strong></span> <span class='ocrx_word' id='word_1_152' title='bbox 205 685 260 711; x_wconf 91' lang='lat' dir='ltr'><strong>quo</strong></span> <span class='ocrx_word' id='word_1_153' title='bbox 276 684 324 704; x_wconf 87' lang='lat' dir='ltr'><strong>eos</strong></span> <span class='ocrx_word' id='word_1_154' title='bbox 345 677 446 704; x_wconf 85' lang='lat' dir='ltr'><strong>habent</strong></span> <span class='ocrx_word' id='word_1_155' title='bbox 466 677 493 704; x_wconf 91' lang='lat' dir='ltr'><strong>in</strong></span> <span class='ocrx_word' id='word_1_156' title='bbox 507 677 607 712; x_wconf 85' lang='lat' dir='ltr'><strong>pretio.</strong></span> <span class='ocrx_word' id='word_1_157' title='bbox 625 678 732 712; x_wconf 90' lang='lat' dir='ltr'><strong>quoties</strong></span> <span class='ocrx_word' id='word_1_158' title='bbox 749 677 806 705; x_wconf 86' lang='lat' dir='ltr'><strong>suis</strong></span> <span class='ocrx_word' id='word_1_159' title='bbox 825 677 994 705; x_wconf 88' lang='lat' dir='ltr'><strong>testimoniis</strong></span> <span class='ocrx_word' id='word_1_160' title='bbox 1013 686 1106 705; x_wconf 85' lang='lat' dir='ltr'><strong>eorum</strong></span> <span class='ocrx_word' id='word_1_161' title='bbox 1135 678 1290 713; x_wconf 66' lang='lat' dir='ltr'><strong>infrinpunt</strong></span> <span class='ocrx_word' id='word_1_162' title='bbox 1307 684 1462 706; x_wconf 85' lang='lat' dir='ltr'><strong>commenta</strong></span> <span class='ocrx_word' id='word_1_163' title='bbox 1478 683 1506 706; x_wconf 86' lang='lat' dir='ltr'><strong>et</strong></span> <span class='ocrx_word' id='word_1_164' title='bbox 1531 677 1640 705; x_wconf 85' lang='lat' dir='ltr'><strong>libidini</strong></span> <span class='ocrx_word' id='word_1_165' title='bbox 1666 684 1721 704; x_wconf 91' lang='lat' dir='ltr'><strong>non</strong></span> <span class='ocrx_word' id='word_1_166' title='bbox 1740 683 1785 703; x_wconf 90' lang='lat' dir='ltr'><strong>as-</strong></span> 
     </span>
    </p>
   </div>
   <div class='ocr_carea' id='block_1_14' title="bbox 167 719 1785 756">
    <p class='ocr_par' dir='ltr' id='par_1_14' title="bbox 167 719 1785 756">
     <span class='ocr_line' id='line_1_14' title="bbox 167 719 1785 756; baseline -0.001 -9"><span class='ocrx_word' id='word_1_167' title='bbox 167 720 336 749; x_wconf 81' lang='lat' dir='ltr'><strong>sentiuntur.</strong></span> <span class='ocrx_word' id='word_1_168' title='bbox 360 720 408 747; x_wconf 86' lang='lat' dir='ltr'><strong>llic</strong></span> <span class='ocrx_word' id='word_1_169' title='bbox 425 721 492 747; x_wconf 84' lang='lat' dir='ltr'><strong>satis</strong></span> <span class='ocrx_word' id='word_1_170' title='bbox 507 721 630 754; x_wconf 88' lang='lat' dir='ltr'><strong>apposite</strong></span> <span class='ocrx_word' id='word_1_171' title='bbox 648 721 767 755; x_wconf 78' lang='lat' dir='ltr'><strong>quadrat</strong></span> <span class='ocrx_word' id='word_1_172' title='bbox 781 719 918 747; x_wconf 80' lang='lat' dir='ltr'><strong>Salmasio</strong></span> <span class='ocrx_word' id='word_1_173' title='bbox 935 721 1000 748; x_wconf 85' lang='lat' dir='ltr'><strong>illud</strong></span> <span class='ocrx_word' id='word_1_174' title='bbox 1017 721 1048 748; x_wconf 85' lang='grc' dir='ltr'><strong>Ι).</strong></span> <span class='ocrx_word' id='word_1_175' title='bbox 1065 723 1211 756; x_wconf 74' lang='lat' dir='ltr'><strong>Augustini</strong></span> <span class='ocrx_word' id='word_1_176' title='bbox 1226 723 1273 751; x_wconf 84' lang='lat' dir='ltr'><strong>lib.</strong></span> <span class='ocrx_word' id='word_1_177' title='bbox 1291 730 1320 754; x_wconf 87' lang='grc' dir='ltr'><strong>ιι,</strong></span> <span class='ocrx_word' id='word_1_178' title='bbox 1340 722 1441 750; x_wconf 86' lang='lat' dir='ltr'><strong>Contra</strong></span> <span class='ocrx_word' id='word_1_179' title='bbox 1458 721 1610 749; x_wconf 83' lang='lat' dir='ltr'><strong>Faustum:</strong></span> <span class='ocrx_word' id='word_1_180' title='bbox 1627 720 1666 748; x_wconf 87' lang='lat' dir='ltr'><strong>Tu</strong></span> <span class='ocrx_word' id='word_1_181' title='bbox 1680 729 1706 748; x_wconf 83' lang='lat' dir='ltr'><strong>es</strong></span> <span class='ocrx_word' id='word_1_182' title='bbox 1723 727 1785 754; x_wconf 77' lang='lat' dir='ltr'><strong>ergo</strong></span> 
     </span>
    </p>
   </div>
   <div class='ocr_carea' id='block_1_15' title="bbox 164 764 1785 801">
    <p class='ocr_par' dir='ltr' id='par_1_15' title="bbox 164 764 1785 801">
     <span class='ocr_line' id='line_1_15' title="bbox 164 764 1785 801; baseline -0.001 -11"><span class='ocrx_word' id='word_1_183' title='bbox 164 764 254 798; x_wconf 83' lang='lat' dir='ltr'><strong>regula</strong></span> <span class='ocrx_word' id='word_1_184' title='bbox 271 765 410 791; x_wconf 74' lang='lat' dir='ltr'><strong>reritatis:</strong></span> <span class='ocrx_word' id='word_1_185' title='bbox 433 764 562 798; x_wconf 83' lang='lat' dir='ltr'><strong>quidquid</strong></span> <span class='ocrx_word' id='word_1_186' title='bbox 579 769 671 791; x_wconf 83' lang='lat' dir='ltr'><strong>contra</strong></span> <span class='ocrx_word' id='word_1_187' title='bbox 688 769 712 791; x_wconf 87' lang='lat' dir='ltr'><strong>te</strong></span> <span class='ocrx_word' id='word_1_188' title='bbox 727 765 809 798; x_wconf 82' lang='lat' dir='ltr'><strong>fuerit</strong></span> <span class='ocrx_word' id='word_1_189' title='bbox 827 772 878 791; x_wconf 87' lang='lat' dir='ltr'><strong>non</strong></span> <span class='ocrx_word' id='word_1_190' title='bbox 893 769 931 790; x_wconf 79' lang='lat' dir='ltr'><strong>est</strong></span> <span class='ocrx_word' id='word_1_191' title='bbox 958 773 1046 792; x_wconf 76' lang='lat' dir='ltr'><strong>verum</strong></span> <span class='ocrx_word' id='word_1_192' title='bbox 1061 767 1073 793; x_wconf 83' lang='lat'><strong><em>?</em></strong></span> <span class='ocrx_word' id='word_1_193' title='bbox 1103 765 1134 793; x_wconf 86' lang='lat' dir='ltr'><strong>Et</strong></span> <span class='ocrx_word' id='word_1_194' title='bbox 1150 766 1176 793; x_wconf 87' lang='lat' dir='ltr'><strong>id</strong></span> <span class='ocrx_word' id='word_1_195' title='bbox 1193 765 1265 793; x_wconf 90' lang='lat' dir='ltr'><strong>aliud</strong></span> <span class='ocrx_word' id='word_1_196' title='bbox 1282 766 1329 793; x_wconf 90' lang='lat' dir='ltr'><strong>lib.</strong></span> <span class='ocrx_word' id='word_1_197' title='bbox 1349 774 1437 797; x_wconf 67' lang='lat' dir='ltr'><strong>usu,</strong></span> <span class='ocrx_word' id='word_1_198' title='bbox 1456 774 1518 801; x_wconf 86' lang='lat' dir='ltr'><strong>cap.</strong></span> <span class='ocrx_word' id='word_1_199' title='bbox 1537 766 1581 797; x_wconf 75' lang='lat' dir='ltr'><strong>i9,</strong></span> <span class='ocrx_word' id='word_1_200' title='bbox 1598 770 1692 792; x_wconf 85' lang='lat' dir='ltr'><strong>contra</strong></span> <span class='ocrx_word' id='word_1_201' title='bbox 1708 771 1785 790; x_wconf 89' lang='lat' dir='ltr'><strong>eum-</strong></span> 
     </span>
    </p>
   </div>
   <div class='ocr_carea' id='block_1_16' title="bbox 163 802 1786 845">
    <p class='ocr_par' dir='ltr' id='par_1_16' title="bbox 163 802 1786 845">
     <span class='ocr_line' id='line_1_16' title="bbox 163 802 1786 845; baseline -0.001 -11"><span class='ocrx_word' id='word_1_202' title='bbox 163 807 236 839; x_wconf 85' lang='lat' dir='ltr'><strong>dem,</strong></span> <span class='ocrx_word' id='word_1_203' title='bbox 253 808 381 835; x_wconf 87' lang='lat' dir='ltr'><strong>omnibns</strong></span> <span class='ocrx_word' id='word_1_204' title='bbox 396 807 640 835; x_wconf 76' lang='lat' dir='ltr'><strong>Protcslantibus:</strong></span> <span class='ocrx_word' id='word_1_205' title='bbox 674 807 772 834; x_wconf 79' lang='lat' dir='ltr'><strong>Videtis</strong></span> <span class='ocrx_word' id='word_1_206' title='bbox 786 802 858 840; x_wconf 70' lang='lat' dir='ltr'><strong>ergo.</strong></span> <span class='ocrx_word' id='word_1_207' title='bbox 885 809 912 834; x_wconf 84' lang='lat' dir='ltr'><strong>id</strong></span> <span class='ocrx_word' id='word_1_208' title='bbox 928 816 970 835; x_wconf 87' lang='lat' dir='ltr'><strong>vos</strong></span> <span class='ocrx_word' id='word_1_209' title='bbox 987 817 1074 844; x_wconf 79' lang='lat' dir='ltr'><strong>agerc,</strong></span> <span class='ocrx_word' id='word_1_210' title='bbox 1093 815 1121 835; x_wconf 88' lang='lat' dir='ltr'><strong>ut</strong></span> <span class='ocrx_word' id='word_1_211' title='bbox 1139 810 1227 837; x_wconf 85' lang='lat' dir='ltr'><strong>omnis</strong></span> <span class='ocrx_word' id='word_1_212' title='bbox 1258 809 1290 837; x_wconf 87' lang='lat' dir='ltr'><strong>de</strong></span> <span class='ocrx_word' id='word_1_213' title='bbox 1314 810 1400 836; x_wconf 89' lang='lat' dir='ltr'><strong>medio</strong></span> <span class='ocrx_word' id='word_1_214' title='bbox 1422 809 1623 845; x_wconf 85' lang='lat' dir='ltr'><strong>Scripturarum</strong></span> <span class='ocrx_word' id='word_1_215' title='bbox 1646 808 1786 841; x_wconf 78' lang='lat' dir='ltr'><strong>auferatur</strong></span> 
     </span>
    </p>
   </div>
   <div class='ocr_carea' id='block_1_17' title="bbox 163 851 1784 889">
    <p class='ocr_par' dir='ltr' id='par_1_17' title="bbox 163 851 1784 889">
     <span class='ocr_line' id='line_1_17' title="bbox 163 851 1784 889; baseline 0 -11"><span class='ocrx_word' id='word_1_216' title='bbox 163 851 309 878; x_wconf 80' lang='lat' dir='ltr'><strong>aiictoritas</strong></span> <span class='ocrx_word' id='word_1_217' title='bbox 327 856 351 878; x_wconf 84' lang='lat' dir='ltr'><strong>et</strong></span> <span class='ocrx_word' id='word_1_218' title='bbox 365 853 457 886; x_wconf 82' lang='lat' dir='ltr'><strong>cuique</strong></span> <span class='ocrx_word' id='word_1_219' title='bbox 470 852 574 878; x_wconf 86' lang='lat' dir='ltr'><strong>animus</strong></span> <span class='ocrx_word' id='word_1_220' title='bbox 590 857 684 878; x_wconf 79' lang='lat' dir='ltr'><strong>auctor</strong></span> <span class='ocrx_word' id='word_1_221' title='bbox 699 853 744 883; x_wconf 86' lang='lat' dir='ltr'><strong>sit.</strong></span> <span class='ocrx_word' id='word_1_222' title='bbox 762 852 825 886; x_wconf 88' lang='lat' dir='ltr'><strong>quid</strong></span> <span class='ocrx_word' id='word_1_223' title='bbox 837 852 863 878; x_wconf 87' lang='lat' dir='ltr'><strong>in</strong></span> <span class='ocrx_word' id='word_1_224' title='bbox 879 860 1035 887; x_wconf 77' lang='lat' dir='ltr'><strong>unaquaque</strong></span> <span class='ocrx_word' id='word_1_225' title='bbox 1052 853 1191 888; x_wconf 83' lang='lat' dir='ltr'><strong>Scriptura</strong></span> <span class='ocrx_word' id='word_1_226' title='bbox 1214 854 1325 889; x_wconf 84' lang='lat' dir='ltr'><strong>probet:</strong></span> <span class='ocrx_word' id='word_1_227' title='bbox 1359 855 1386 880; x_wconf 85' lang='lat' dir='ltr'><strong>id</strong></span> <span class='ocrx_word' id='word_1_228' title='bbox 1411 859 1459 886; x_wconf 88' lang='lat' dir='ltr'><strong>est,</strong></span> <span class='ocrx_word' id='word_1_229' title='bbox 1488 859 1516 880; x_wconf 88' lang='lat' dir='ltr'><strong>ut</strong></span> <span class='ocrx_word' id='word_1_230' title='bbox 1542 861 1595 880; x_wconf 87' lang='lat' dir='ltr'><strong>non</strong></span> <span class='ocrx_word' id='word_1_231' title='bbox 1625 851 1784 878; x_wconf 83' lang='lat' dir='ltr'><strong>auctoritati</strong></span> 
     </span>
    </p>
   </div>
   <div class='ocr_carea' id='block_1_18' title="bbox 161 894 1784 932">
    <p class='ocr_par' dir='ltr' id='par_1_18' title="bbox 161 894 1784 932">
     <span class='ocr_line' id='line_1_18' title="bbox 161 894 1784 932; baseline -0.001 -10"><span class='ocrx_word' id='word_1_232' title='bbox 161 894 362 930; x_wconf 84' lang='lat' dir='ltr'><strong>Scripturarum</strong></span> <span class='ocrx_word' id='word_1_233' title='bbox 378 895 541 929; x_wconf 82' lang='lat' dir='ltr'><strong>subjiciatur</strong></span> <span class='ocrx_word' id='word_1_234' title='bbox 561 897 594 922; x_wconf 81' lang='lat' dir='ltr'><strong>ad</strong></span> <span class='ocrx_word' id='word_1_235' title='bbox 610 896 712 930; x_wconf 79' lang='lat' dir='ltr'><strong>ﬁdem;</strong></span> <span class='ocrx_word' id='word_1_236' title='bbox 740 895 784 922; x_wconf 76' lang='lat' dir='ltr'><strong>sed</strong></span> <span class='ocrx_word' id='word_1_237' title='bbox 799 896 850 921; x_wconf 79' lang='lat' dir='ltr'><strong>sibi</strong></span> <span class='ocrx_word' id='word_1_238' title='bbox 874 894 1029 929; x_wconf 87' lang='lat' dir='ltr'><strong>Scripturas</strong></span> <span class='ocrx_word' id='word_1_239' title='bbox 1048 897 1102 932; x_wconf 81' lang='lat' dir='ltr'><strong>ipse</strong></span> <span class='ocrx_word' id='word_1_240' title='bbox 1127 898 1264 930; x_wconf 78' lang='lat' dir='ltr'><strong>subiiciat,</strong></span> <span class='ocrx_word' id='word_1_241' title='bbox 1285 905 1336 924; x_wconf 89' lang='lat' dir='ltr'><strong>non</strong></span> <span class='ocrx_word' id='word_1_242' title='bbox 1356 903 1383 924; x_wconf 90' lang='lat' dir='ltr'><strong>ut</strong></span> <span class='ocrx_word' id='word_1_243' title='bbox 1407 898 1465 925; x_wconf 86' lang='lat' dir='ltr'><strong>ideo</strong></span> <span class='ocrx_word' id='word_1_244' title='bbox 1483 897 1524 924; x_wconf 83' lang='lat' dir='ltr'><strong>illi</strong></span> <span class='ocrx_word' id='word_1_245' title='bbox 1541 897 1644 930; x_wconf 82' lang='lat' dir='ltr'><strong>placeat</strong></span> <span class='ocrx_word' id='word_1_246' title='bbox 1669 895 1784 929; x_wconf 73' lang='lat' dir='ltr'><strong>aliquid,</strong></span> 
     </span>
    </p>
   </div>
   <div class='ocr_carea' id='block_1_19' title="bbox 159 938 1785 976">
    <p class='ocr_par' dir='ltr' id='par_1_19' title="bbox 159 938 1785 976">
     <span class='ocr_line' id='line_1_19' title="bbox 159 938 1785 976; baseline -0.001 -10"><span class='ocrx_word' id='word_1_247' title='bbox 159 940 222 973; x_wconf 85' lang='lat' dir='ltr'><strong>quia</strong></span> <span class='ocrx_word' id='word_1_248' title='bbox 238 940 324 967; x_wconf 84' lang='lat' dir='ltr'><strong>hocin</strong></span> <span class='ocrx_word' id='word_1_249' title='bbox 342 940 449 966; x_wconf 85' lang='lat' dir='ltr'><strong>sublimi</strong></span> <span class='ocrx_word' id='word_1_250' title='bbox 465 941 628 967; x_wconf 85' lang='lat' dir='ltr'><strong>auctoritate</strong></span> <span class='ocrx_word' id='word_1_251' title='bbox 644 941 772 975; x_wconf 81' lang='lat' dir='ltr'><strong>scriptum</strong></span> <span class='ocrx_word' id='word_1_252' title='bbox 791 940 899 975; x_wconf 72' lang='lat' dir='ltr'><strong>legitur,</strong></span> <span class='ocrx_word' id='word_1_253' title='bbox 924 940 969 967; x_wconf 80' lang='lat' dir='ltr'><strong>sed</strong></span> <span class='ocrx_word' id='word_1_254' title='bbox 986 941 1043 968; x_wconf 86' lang='lat' dir='ltr'><strong>ideo</strong></span> <span class='ocrx_word' id='word_1_255' title='bbox 1060 947 1129 968; x_wconf 73' lang='lat' dir='ltr'><strong>recte</strong></span> <span class='ocrx_word' id='word_1_256' title='bbox 1146 943 1275 976; x_wconf 87' lang='lat' dir='ltr'><strong>scriptum</strong></span> <span class='ocrx_word' id='word_1_257' title='bbox 1292 942 1426 975; x_wconf 76' lang='lat' dir='ltr'><strong>rideatur,</strong></span> <span class='ocrx_word' id='word_1_258' title='bbox 1450 942 1514 968; x_wconf 88' lang='lat' dir='ltr'><strong>auia</strong></span> <span class='ocrx_word' id='word_1_259' title='bbox 1540 941 1588 967; x_wconf 89' lang='lat' dir='ltr'><strong>hoc</strong></span> <span class='ocrx_word' id='word_1_260' title='bbox 1615 939 1656 967; x_wconf 83' lang='lat' dir='ltr'><strong>illi</strong></span> <span class='ocrx_word' id='word_1_261' title='bbox 1671 938 1785 974; x_wconf 76' lang='lat' dir='ltr'><strong>placuit.</strong></span> 
     </span>
    </p>
   </div>
   <div class='ocr_carea' id='block_1_20' title="bbox 159 983 663 1017">
    <p class='ocr_par' dir='ltr' id='par_1_20' title="bbox 159 983 663 1017">
     <span class='ocr_line' id='line_1_20' title="bbox 159 983 663 1017; baseline 0.002 -7"><span class='ocrx_word' id='word_1_262' title='bbox 159 983 218 1016; x_wconf 83' lang='lat' dir='ltr'><strong>Qua</strong></span> <span class='ocrx_word' id='word_1_263' title='bbox 233 988 258 1011; x_wconf 77' lang='lat' dir='ltr'><strong>te</strong></span> <span class='ocrx_word' id='word_1_264' title='bbox 270 985 424 1017; x_wconf 87' lang='lat' dir='ltr'><strong>committis,</strong></span> <span class='ocrx_word' id='word_1_265' title='bbox 434 985 526 1012; x_wconf 85' lang='lat' dir='ltr'><strong>anima</strong></span> <span class='ocrx_word' id='word_1_266' title='bbox 542 984 637 1011; x_wconf 78' lang='lat' dir='ltr'><strong>misera</strong></span> <span class='ocrx_word' id='word_1_267' title='bbox 650 985 663 1011; x_wconf 71' lang='lat'><strong>.9</strong></span> 
     </span>
    </p>
   </div>
   <div class='ocr_carea' id='block_1_21' title="bbox 195 1039 1785 1077">
    <p class='ocr_par' dir='ltr' id='par_1_21' title="bbox 195 1039 1785 1077">
     <span class='ocr_line' id='line_1_21' title="bbox 195 1039 1785 1077; baseline 0.001 -11"><span class='ocrx_word' id='word_1_268' title='bbox 195 1040 230 1066; x_wconf 83' lang='lat' dir='ltr'><strong>At</strong></span> <span class='ocrx_word' id='word_1_269' title='bbox 247 1040 268 1067; x_wconf 90' lang='lat' dir='ltr'><strong>si</strong></span> <span class='ocrx_word' id='word_1_270' title='bbox 284 1040 380 1068; x_wconf 85' lang='lat' dir='ltr'><strong>Patres</strong></span> <span class='ocrx_word' id='word_1_271' title='bbox 396 1044 423 1067; x_wconf 88' lang='lat' dir='ltr'><strong>et</strong></span> <span class='ocrx_word' id='word_1_272' title='bbox 439 1040 622 1076; x_wconf 85' lang='lat' dir='ltr'><strong>Hieronymus</strong></span> <span class='ocrx_word' id='word_1_273' title='bbox 639 1041 698 1074; x_wconf 86' lang='lat' dir='ltr'><strong>ipse</strong></span> <span class='ocrx_word' id='word_1_274' title='bbox 723 1048 773 1067; x_wconf 87' lang='lat' dir='ltr'><strong>sua</strong></span> <span class='ocrx_word' id='word_1_275' title='bbox 790 1045 951 1074; x_wconf 83' lang='lat' dir='ltr'><strong>spectarunt</strong></span> <span class='ocrx_word' id='word_1_276' title='bbox 969 1042 1028 1069; x_wconf 81' lang='lat' dir='ltr'><strong>Sola</strong></span> <span class='ocrx_word' id='word_1_277' title='bbox 1047 1047 1185 1077; x_wconf 87' lang='lat' dir='ltr'><strong>tempora,</strong></span> <span class='ocrx_word' id='word_1_278' title='bbox 1212 1043 1335 1077; x_wconf 85' lang='lat' dir='ltr'><strong>adeoque</strong></span> <span class='ocrx_word' id='word_1_279' title='bbox 1351 1043 1544 1070; x_wconf 77' lang='lat' dir='ltr'><strong>existimarunt</strong></span> <span class='ocrx_word' id='word_1_280' title='bbox 1562 1048 1576 1068; x_wconf 86' lang='lat' dir='ltr'><strong>a</strong></span> <span class='ocrx_word' id='word_1_281' title='bbox 1595 1039 1729 1075; x_wconf 89' lang='lat' dir='ltr'><strong>principio</strong></span> <span class='ocrx_word' id='word_1_282' title='bbox 1746 1039 1785 1067; x_wconf 87' lang='lat' dir='ltr'><strong>sic</strong></span> 
     </span>
    </p>
   </div>
   <div class='ocr_carea' id='block_1_22' title="bbox 160 1082 1785 1122">
    <p class='ocr_par' dir='ltr' id='par_1_22' title="bbox 160 1082 1785 1122">
     <span class='ocr_line' id='line_1_22' title="bbox 160 1082 1785 1122; baseline -0.002 -10"><span class='ocrx_word' id='word_1_283' title='bbox 160 1092 268 1120; x_wconf 82' lang='lat' dir='ltr'><strong>semper</strong></span> <span class='ocrx_word' id='word_1_284' title='bbox 293 1084 378 1111; x_wconf 89' lang='lat' dir='ltr'><strong>fuisse</strong></span> <span class='ocrx_word' id='word_1_285' title='bbox 389 1103 396 1116; x_wconf 97' lang='lat'><strong>,</strong></span> <span class='ocrx_word' id='word_1_286' title='bbox 416 1091 469 1118; x_wconf 86' lang='lat' dir='ltr'><strong>qua</strong></span> <span class='ocrx_word' id='word_1_287' title='bbox 486 1083 575 1111; x_wconf 79' lang='lat' dir='ltr'><strong>fronte</strong></span> <span class='ocrx_word' id='word_1_288' title='bbox 599 1083 693 1112; x_wconf 85' lang='lat' dir='ltr'><strong>Patres</strong></span> <span class='ocrx_word' id='word_1_289' title='bbox 709 1088 762 1111; x_wconf 90' lang='lat' dir='ltr'><strong>tam</strong></span> <span class='ocrx_word' id='word_1_290' title='bbox 776 1083 986 1118; x_wconf 67' lang='lat' dir='ltr'><strong>Graecos,qnam</strong></span> <span class='ocrx_word' id='word_1_291' title='bbox 998 1085 1110 1114; x_wconf 84' lang='lat' dir='ltr'><strong>Latinos</strong></span> <span class='ocrx_word' id='word_1_292' title='bbox 1125 1091 1153 1114; x_wconf 87' lang='lat' dir='ltr'><strong>et</strong></span> <span class='ocrx_word' id='word_1_293' title='bbox 1166 1085 1360 1122; x_wconf 85' lang='lat' dir='ltr'><strong>Hieronymum</strong></span> <span class='ocrx_word' id='word_1_294' title='bbox 1388 1094 1466 1121; x_wconf 83' lang='lat' dir='ltr'><strong>psum</strong></span> <span class='ocrx_word' id='word_1_295' title='bbox 1485 1093 1500 1112; x_wconf 75' lang='grc' dir='ltr'><strong>ι</strong></span> <span class='ocrx_word' id='word_1_296' title='bbox 1515 1086 1573 1113; x_wconf 82' lang='lat' dir='ltr'><strong>suis</strong></span> <span class='ocrx_word' id='word_1_297' title='bbox 1582 1089 1654 1112; x_wconf 86' lang='lat' dir='ltr'><strong>stare</strong></span> <span class='ocrx_word' id='word_1_298' title='bbox 1663 1082 1785 1118; x_wconf 88' lang='lat' dir='ltr'><strong>partibus</strong></span> 
     </span>
    </p>
   </div>
   <div class='ocr_carea' id='block_1_23' title="bbox 160 1125 1784 1164">
    <p class='ocr_par' dir='ltr' id='par_1_23' title="bbox 160 1125 1784 1164">
     <span class='ocr_line' id='line_1_23' title="bbox 160 1125 1784 1164; baseline -0.002 -7"><span class='ocrx_word' id='word_1_299' title='bbox 160 1137 209 1164; x_wconf 89' lang='lat' dir='ltr'><strong>pro</strong></span> <span class='ocrx_word' id='word_1_300' title='bbox 225 1130 414 1164; x_wconf 73' lang='lat' dir='ltr'><strong>episcoporum</strong></span> <span class='ocrx_word' id='word_1_301' title='bbox 432 1133 459 1155; x_wconf 91' lang='lat' dir='ltr'><strong>et</strong></span> <span class='ocrx_word' id='word_1_302' title='bbox 475 1129 697 1163; x_wconf 86' lang='lat' dir='ltr'><strong>presbyterorum</strong></span> <span class='ocrx_word' id='word_1_303' title='bbox 714 1129 870 1164; x_wconf 62' lang='lat' dir='ltr'><strong>aequalitate</strong></span> <span class='ocrx_word' id='word_1_304' title='bbox 888 1129 1023 1156; x_wconf 82' lang='lat' dir='ltr'><strong>afﬁrmant</strong></span> <span class='ocrx_word' id='word_1_305' title='bbox 1037 1130 1212 1158; x_wconf 77' lang='lat' dir='ltr'><strong>adversarii?</strong></span> <span class='ocrx_word' id='word_1_306' title='bbox 1249 1132 1330 1158; x_wconf 83' lang='lat' dir='ltr'><strong>Certe</strong></span> <span class='ocrx_word' id='word_1_307' title='bbox 1359 1131 1410 1158; x_wconf 81' lang='lat' dir='ltr'><strong>hoc</strong></span> <span class='ocrx_word' id='word_1_308' title='bbox 1438 1129 1568 1157; x_wconf 88' lang='lat' dir='ltr'><strong>afﬁrmari</strong></span> <span class='ocrx_word' id='word_1_309' title='bbox 1593 1128 1701 1163; x_wconf 86' lang='lat' dir='ltr'><strong>nequit,</strong></span> <span class='ocrx_word' id='word_1_310' title='bbox 1730 1125 1784 1153; x_wconf 83' lang='lat' dir='ltr'><strong>nisi</strong></span> 
     </span>
    </p>
   </div>
   <div class='ocr_carea' id='block_1_24' title="bbox 160 1170 1785 1209">
    <p class='ocr_par' dir='ltr' id='par_1_24' title="bbox 160 1170 1785 1209">
     <span class='ocr_line' id='line_1_24' title="bbox 160 1170 1785 1209; baseline -0.002 -9"><span class='ocrx_word' id='word_1_311' title='bbox 160 1173 358 1209; x_wconf 80' lang='lat' dir='ltr'><strong>protestantica</strong></span> <span class='ocrx_word' id='word_1_312' title='bbox 376 1172 546 1207; x_wconf 84' lang='lat' dir='ltr'><strong>impudentia</strong></span> <span class='ocrx_word' id='word_1_313' title='bbox 563 1177 590 1200; x_wconf 92' lang='lat' dir='ltr'><strong>et</strong></span> <span class='ocrx_word' id='word_1_314' title='bbox 612 1172 740 1199; x_wconf 87' lang='lat' dir='ltr'><strong>audacia.</strong></span> <span class='ocrx_word' id='word_1_315' title='bbox 768 1172 864 1200; x_wconf 85' lang='lat' dir='ltr'><strong>Potith</strong></span> <span class='ocrx_word' id='word_1_316' title='bbox 880 1173 983 1207; x_wconf 85' lang='lat' dir='ltr'><strong>itaque,</strong></span> <span class='ocrx_word' id='word_1_317' title='bbox 1002 1181 1035 1200; x_wconf 87' lang='lat' dir='ltr'><strong>ac</strong></span> <span class='ocrx_word' id='word_1_318' title='bbox 1061 1174 1206 1202; x_wconf 84' lang='lat' dir='ltr'><strong>verissime</strong></span> <span class='ocrx_word' id='word_1_319' title='bbox 1222 1174 1369 1202; x_wconf 91' lang='lat' dir='ltr'><strong>dicendum</strong></span> <span class='ocrx_word' id='word_1_320' title='bbox 1386 1179 1439 1206; x_wconf 85' lang='lat' dir='ltr'><strong>est,</strong></span> <span class='ocrx_word' id='word_1_321' title='bbox 1466 1172 1634 1200; x_wconf 88' lang='lat' dir='ltr'><strong>Salmasium</strong></span> <span class='ocrx_word' id='word_1_322' title='bbox 1661 1178 1710 1198; x_wconf 83' lang='lat' dir='ltr'><strong>sua</strong></span> <span class='ocrx_word' id='word_1_323' title='bbox 1725 1170 1785 1197; x_wconf 86' lang='lat' dir='ltr'><strong>sola</strong></span> 
     </span>
    </p>
   </div>
   <div class='ocr_carea' id='block_1_25' title="bbox 160 1215 1784 1254">
    <p class='ocr_par' dir='ltr' id='par_1_25' title="bbox 160 1215 1784 1254">
     <span class='ocr_line' id='line_1_25' title="bbox 160 1215 1784 1254; baseline -0.002 -10"><span class='ocrx_word' id='word_1_324' title='bbox 160 1222 302 1253; x_wconf 85' lang='lat' dir='ltr'><strong>spectasse</strong></span> <span class='ocrx_word' id='word_1_325' title='bbox 317 1223 438 1251; x_wconf 87' lang='lat' dir='ltr'><strong>tempora</strong></span> <span class='ocrx_word' id='word_1_326' title='bbox 455 1221 481 1244; x_wconf 90' lang='lat' dir='ltr'><strong>et</strong></span> <span class='ocrx_word' id='word_1_327' title='bbox 500 1216 587 1243; x_wconf 86' lang='lat' dir='ltr'><strong>solam</strong></span> <span class='ocrx_word' id='word_1_328' title='bbox 607 1216 749 1251; x_wconf 80' lang='lat' dir='ltr'><strong>profanam</strong></span> <span class='ocrx_word' id='word_1_329' title='bbox 768 1215 980 1244; x_wconf 77' lang='lat' dir='ltr'><strong>Protestmtium</strong></span> <span class='ocrx_word' id='word_1_330' title='bbox 1011 1225 1190 1253; x_wconf 72' lang='lat' dir='ltr'><strong>synagogam,</strong></span> <span class='ocrx_word' id='word_1_331' title='bbox 1222 1220 1249 1246; x_wconf 94' lang='lat' dir='ltr'><strong>in</strong></span> <span class='ocrx_word' id='word_1_332' title='bbox 1267 1226 1321 1254; x_wconf 91' lang='lat' dir='ltr'><strong>qua</strong></span> <span class='ocrx_word' id='word_1_333' title='bbox 1350 1226 1401 1246; x_wconf 86' lang='lat' dir='ltr'><strong>nec</strong></span> <span class='ocrx_word' id='word_1_334' title='bbox 1418 1217 1543 1253; x_wconf 85' lang='lat' dir='ltr'><strong>episcopi</strong></span> <span class='ocrx_word' id='word_1_335' title='bbox 1562 1220 1628 1244; x_wconf 87' lang='lat' dir='ltr'><strong>sunt</strong></span> <span class='ocrx_word' id='word_1_336' title='bbox 1655 1215 1717 1247; x_wconf 84' lang='lat' dir='ltr'><strong>ulli,</strong></span> <span class='ocrx_word' id='word_1_337' title='bbox 1733 1221 1784 1241; x_wconf 73' lang='lat' dir='ltr'><strong>nec</strong></span> 
     </span>
    </p>
   </div>
   <div class='ocr_carea' id='block_1_26' title="bbox 159 1258 1783 1296">
    <p class='ocr_par' dir='ltr' id='par_1_26' title="bbox 159 1258 1783 1296">
     <span class='ocr_line' id='line_1_26' title="bbox 159 1258 1783 1296; baseline -0.003 -8"><span class='ocrx_word' id='word_1_338' title='bbox 159 1260 313 1296; x_wconf 83' lang='lat' dir='ltr'><strong>presbyteri</strong></span> <span class='ocrx_word' id='word_1_339' title='bbox 331 1260 463 1294; x_wconf 65' lang='lat' dir='ltr'><strong>aequales,</strong></span> <span class='ocrx_word' id='word_1_340' title='bbox 490 1260 533 1287; x_wconf 87' lang='lat' dir='ltr'><strong>vel</strong></span> <span class='ocrx_word' id='word_1_341' title='bbox 562 1260 723 1294; x_wconf 72' lang='lat' dir='ltr'><strong>inaequales.</strong></span> <span class='ocrx_word' id='word_1_342' title='bbox 742 1258 794 1285; x_wconf 83' lang='lat' dir='ltr'><strong>Sed</strong></span> <span class='ocrx_word' id='word_1_343' title='bbox 813 1259 937 1293; x_wconf 78' lang='lat' dir='ltr'><strong>profecto</strong></span> <span class='ocrx_word' id='word_1_344' title='bbox 952 1268 1006 1287; x_wconf 93' lang='lat' dir='ltr'><strong>non</strong></span> <span class='ocrx_word' id='word_1_345' title='bbox 1026 1262 1207 1293; x_wconf 79' lang='lat' dir='ltr'><strong>existimavit,</strong></span> <span class='ocrx_word' id='word_1_346' title='bbox 1233 1269 1290 1289; x_wconf 85' lang='lat' dir='ltr'><strong>rem</strong></span> <span class='ocrx_word' id='word_1_347' title='bbox 1310 1262 1347 1289; x_wconf 87' lang='lat' dir='ltr'><strong>ita</strong></span> <span class='ocrx_word' id='word_1_348' title='bbox 1374 1261 1459 1289; x_wconf 87' lang='lat' dir='ltr'><strong>fuisse</strong></span> <span class='ocrx_word' id='word_1_349' title='bbox 1476 1268 1586 1295; x_wconf 85' lang='lat' dir='ltr'><strong>semper</strong></span> <span class='ocrx_word' id='word_1_350' title='bbox 1602 1267 1616 1286; x_wconf 92' lang='lat' dir='ltr'><strong>a</strong></span> <span class='ocrx_word' id='word_1_351' title='bbox 1635 1258 1783 1294; x_wconf 85' lang='lat' dir='ltr'><strong>principio.</strong></span> 
     </span>
    </p>
   </div>
   <div class='ocr_carea' id='block_1_27' title="bbox 161 1303 1786 1340">
    <p class='ocr_par' dir='ltr' id='par_1_27' title="bbox 161 1303 1786 1340">
     <span class='ocr_line' id='line_1_27' title="bbox 161 1303 1786 1340; baseline -0.002 -9"><span class='ocrx_word' id='word_1_352' title='bbox 161 1304 238 1332; x_wconf 87' lang='lat' dir='ltr'><strong>Unde</strong></span> <span class='ocrx_word' id='word_1_353' title='bbox 265 1304 337 1331; x_wconf 87' lang='lat' dir='ltr'><strong>enim</strong></span> <span class='ocrx_word' id='word_1_354' title='bbox 354 1303 380 1331; x_wconf 93' lang='lat' dir='ltr'><strong>id</strong></span> <span class='ocrx_word' id='word_1_355' title='bbox 402 1304 466 1331; x_wconf 74' lang='lat' dir='ltr'><strong>sciri</strong></span> <span class='ocrx_word' id='word_1_356' title='bbox 485 1308 587 1339; x_wconf 78' lang='lat' dir='ltr'><strong>potest,</strong></span> <span class='ocrx_word' id='word_1_357' title='bbox 603 1304 657 1331; x_wconf 90' lang='lat' dir='ltr'><strong>nisi</strong></span> <span class='ocrx_word' id='word_1_358' title='bbox 673 1303 836 1330; x_wconf 81' lang='lat' dir='ltr'><strong>auctoritate</strong></span> <span class='ocrx_word' id='word_1_359' title='bbox 852 1303 962 1330; x_wconf 90' lang='lat' dir='ltr'><strong>illorum</strong></span> <span class='ocrx_word' id='word_1_360' title='bbox 989 1305 1036 1339; x_wconf 90' lang='lat' dir='ltr'><strong>qni</strong></span> <span class='ocrx_word' id='word_1_361' title='bbox 1052 1305 1176 1340; x_wconf 86' lang='lat' dir='ltr'><strong>proxime</strong></span> <span class='ocrx_word' id='word_1_362' title='bbox 1204 1306 1375 1340; x_wconf 87' lang='lat' dir='ltr'><strong>temporibus</strong></span> <span class='ocrx_word' id='word_1_363' title='bbox 1400 1305 1589 1339; x_wconf 86' lang='lat' dir='ltr'><strong>apostolorum</strong></span> <span class='ocrx_word' id='word_1_364' title='bbox 1616 1303 1743 1330; x_wconf 80' lang='lat' dir='ltr'><strong>vixerunt</strong></span> <span class='ocrx_word' id='word_1_365' title='bbox 1758 1305 1786 1328; x_wconf 78' lang='lat' dir='ltr'><strong>ct</strong></span> 
     </span>
    </p>
   </div>
   <div class='ocr_carea' id='block_1_28' title="bbox 160 1346 1786 1383">
    <p class='ocr_par' dir='ltr' id='par_1_28' title="bbox 160 1346 1786 1383">
     <span class='ocr_line' id='line_1_28' title="bbox 160 1346 1786 1383; baseline -0.002 -8"><span class='ocrx_word' id='word_1_366' title='bbox 160 1347 362 1376; x_wconf 85' lang='lat' dir='ltr'><strong>ecclesiasticas</strong></span> <span class='ocrx_word' id='word_1_367' title='bbox 379 1348 551 1383; x_wconf 84' lang='lat' dir='ltr'><strong>reliquerunt</strong></span> <span class='ocrx_word' id='word_1_368' title='bbox 568 1347 648 1374; x_wconf 91' lang='lat' dir='ltr'><strong>nobis</strong></span> <span class='ocrx_word' id='word_1_369' title='bbox 663 1346 815 1373; x_wconf 84' lang='lat' dir='ltr'><strong>historias?</strong></span> <span class='ocrx_word' id='word_1_370' title='bbox 830 1346 863 1373; x_wconf 85' lang='lat' dir='ltr'><strong>Et</strong></span> <span class='ocrx_word' id='word_1_371' title='bbox 880 1347 952 1374; x_wconf 89' lang='lat' dir='ltr'><strong>unde</strong></span> <span class='ocrx_word' id='word_1_372' title='bbox 969 1348 1106 1377; x_wconf 80' lang='lat' dir='ltr'><strong>Salmasio</strong></span> <span class='ocrx_word' id='word_1_373' title='bbox 1122 1355 1197 1377; x_wconf 89' lang='lat' dir='ltr'><strong>tanta</strong></span> <span class='ocrx_word' id='word_1_374' title='bbox 1214 1350 1359 1377; x_wconf 90' lang='lat' dir='ltr'><strong>oculorum</strong></span> <span class='ocrx_word' id='word_1_375' title='bbox 1376 1349 1462 1380; x_wconf 78' lang='lat' dir='ltr'><strong>acies,</strong></span> <span class='ocrx_word' id='word_1_376' title='bbox 1479 1352 1509 1375; x_wconf 90' lang='lat' dir='ltr'><strong>ut</strong></span> <span class='ocrx_word' id='word_1_377' title='bbox 1529 1347 1622 1375; x_wconf 83' lang='lat' dir='ltr'><strong>omnia</strong></span> <span class='ocrx_word' id='word_1_378' title='bbox 1637 1346 1786 1381; x_wconf 79' lang='lat' dir='ltr'><strong>perlustra-</strong></span> 
     </span>
    </p>
   </div>
   <div class='ocr_carea' id='block_1_29' title="bbox 160 1391 1785 1428">
    <p class='ocr_par' dir='ltr' id='par_1_29' title="bbox 160 1391 1785 1428">
     <span class='ocr_line' id='line_1_29' title="bbox 160 1391 1785 1428; baseline -0.002 -9"><span class='ocrx_word' id='word_1_379' title='bbox 160 1393 229 1420; x_wconf 79' lang='lat' dir='ltr'><strong>verit</strong></span> <span class='ocrx_word' id='word_1_380' title='bbox 245 1400 331 1428; x_wconf 88' lang='lat' dir='ltr'><strong>usque</strong></span> <span class='ocrx_word' id='word_1_381' title='bbox 345 1391 379 1419; x_wconf 86' lang='lat' dir='ltr'><strong>ad</strong></span> <span class='ocrx_word' id='word_1_382' title='bbox 399 1393 585 1426; x_wconf 89' lang='lat' dir='ltr'><strong>apostolorum</strong></span> <span class='ocrx_word' id='word_1_383' title='bbox 605 1398 692 1418; x_wconf 68' lang='lat' dir='ltr'><strong>aevum</strong></span> <span class='ocrx_word' id='word_1_384' title='bbox 710 1395 738 1418; x_wconf 84' lang='lat' dir='ltr'><strong>et</strong></span> <span class='ocrx_word' id='word_1_385' title='bbox 754 1398 785 1418; x_wconf 85' lang='lat' dir='ltr'><strong>ex</strong></span> <span class='ocrx_word' id='word_1_386' title='bbox 813 1392 1010 1426; x_wconf 74' lang='lat' dir='ltr'><strong>septennlccim</strong></span> <span class='ocrx_word' id='word_1_387' title='bbox 1035 1393 1196 1420; x_wconf 72' lang='lat' dir='ltr'><strong>szecnlornm</strong></span> <span class='ocrx_word' id='word_1_388' title='bbox 1212 1393 1384 1421; x_wconf 86' lang='lat' dir='ltr'><strong>obscuritate</strong></span> <span class='ocrx_word' id='word_1_389' title='bbox 1399 1397 1427 1420; x_wconf 88' lang='lat' dir='ltr'><strong>et</strong></span> <span class='ocrx_word' id='word_1_390' title='bbox 1446 1391 1599 1420; x_wconf 86' lang='lat' dir='ltr'><strong>involucris</strong></span> <span class='ocrx_word' id='word_1_391' title='bbox 1614 1394 1719 1418; x_wconf 79' lang='lat' dir='ltr'><strong>tantam</strong></span> <span class='ocrx_word' id='word_1_392' title='bbox 1737 1396 1785 1416; x_wconf 79' lang='lat' dir='ltr'><strong>vc-</strong></span> 
     </span>
    </p>
   </div>
   <div class='ocr_carea' id='block_1_30' title="bbox 162 1432 1787 1471">
    <p class='ocr_par' dir='ltr' id='par_1_30' title="bbox 162 1432 1787 1471">
     <span class='ocr_line' id='line_1_30' title="bbox 162 1432 1787 1471; baseline -0.004 -7"><span class='ocrx_word' id='word_1_393' title='bbox 162 1437 268 1464; x_wconf 87' lang='lat' dir='ltr'><strong>ritatcm</strong></span> <span class='ocrx_word' id='word_1_394' title='bbox 284 1437 345 1464; x_wconf 90' lang='lat' dir='ltr'><strong>orbi</strong></span> <span class='ocrx_word' id='word_1_395' title='bbox 363 1437 523 1464; x_wconf 81' lang='lat' dir='ltr'><strong>Christiano</strong></span> <span class='ocrx_word' id='word_1_396' title='bbox 539 1441 592 1463; x_wconf 88' lang='lat' dir='ltr'><strong>tam</strong></span> <span class='ocrx_word' id='word_1_397' title='bbox 613 1439 727 1463; x_wconf 82' lang='lat' dir='ltr'><strong>strenue</strong></span> <span class='ocrx_word' id='word_1_398' title='bbox 743 1435 919 1462; x_wconf 77' lang='lat' dir='ltr'><strong>exscrucrit?</strong></span> <span class='ocrx_word' id='word_1_399' title='bbox 939 1435 990 1463; x_wconf 86' lang='lat' dir='ltr'><strong>Sed</strong></span> <span class='ocrx_word' id='word_1_400' title='bbox 1007 1436 1128 1471; x_wconf 70' lang='lat' dir='ltr'><strong>profecto</strong></span> <span class='ocrx_word' id='word_1_401' title='bbox 1145 1445 1200 1464; x_wconf 87' lang='lat' dir='ltr'><strong>non</strong></span> <span class='ocrx_word' id='word_1_402' title='bbox 1218 1437 1329 1464; x_wconf 87' lang='lat' dir='ltr'><strong>aliunde</strong></span> <span class='ocrx_word' id='word_1_403' title='bbox 1343 1437 1370 1464; x_wconf 88' lang='lat' dir='ltr'><strong>id</strong></span> <span class='ocrx_word' id='word_1_404' title='bbox 1388 1436 1524 1471; x_wconf 86' lang='lat' dir='ltr'><strong>provenit,</strong></span> <span class='ocrx_word' id='word_1_405' title='bbox 1541 1435 1594 1462; x_wconf 92' lang='lat' dir='ltr'><strong>nisi</strong></span> <span class='ocrx_word' id='word_1_406' title='bbox 1614 1442 1647 1462; x_wconf 80' lang='lat' dir='ltr'><strong>ex</strong></span> <span class='ocrx_word' id='word_1_407' title='bbox 1666 1432 1787 1461; x_wconf 85' lang='lat' dir='ltr'><strong>Calvini-</strong></span> 
     </span>
    </p>
   </div>
   <div class='ocr_carea' id='block_1_31' title="bbox 161 1476 1784 1516">
    <p class='ocr_par' dir='ltr' id='par_1_31' title="bbox 161 1476 1784 1516">
     <span class='ocr_line' id='line_1_31' title="bbox 161 1476 1784 1516; baseline -0.002 -9"><span class='ocrx_word' id='word_1_408' title='bbox 161 1480 231 1507; x_wconf 87' lang='lat' dir='ltr'><strong>stico</strong></span> <span class='ocrx_word' id='word_1_409' title='bbox 246 1480 405 1516; x_wconf 82' lang='lat' dir='ltr'><strong>pliarinaco,</strong></span> <span class='ocrx_word' id='word_1_410' title='bbox 422 1487 477 1515; x_wconf 89' lang='lat' dir='ltr'><strong>quo</strong></span> <span class='ocrx_word' id='word_1_411' title='bbox 492 1487 539 1506; x_wconf 88' lang='lat' dir='ltr'><strong>eos</strong></span> <span class='ocrx_word' id='word_1_412' title='bbox 558 1479 672 1506; x_wconf 80' lang='lat' dir='ltr'><strong>infectos</strong></span> <span class='ocrx_word' id='word_1_413' title='bbox 689 1478 889 1513; x_wconf 73' lang='lat' dir='ltr'><strong>fascinatosq-te</strong></span> <span class='ocrx_word' id='word_1_414' title='bbox 914 1480 1004 1511; x_wconf 82' lang='lat' dir='ltr'><strong>habet,</strong></span> <span class='ocrx_word' id='word_1_415' title='bbox 1031 1484 1059 1506; x_wconf 90' lang='lat' dir='ltr'><strong>ut</strong></span> <span class='ocrx_word' id='word_1_416' title='bbox 1085 1480 1137 1507; x_wconf 85' lang='lat' dir='ltr'><strong>sibi</strong></span> <span class='ocrx_word' id='word_1_417' title='bbox 1165 1480 1257 1507; x_wconf 81' lang='lat' dir='ltr'><strong>ridere</strong></span> <span class='ocrx_word' id='word_1_418' title='bbox 1275 1480 1400 1508; x_wconf 86' lang='lat' dir='ltr'><strong>videatur</strong></span> <span class='ocrx_word' id='word_1_419' title='bbox 1428 1480 1500 1515; x_wconf 88' lang='lat' dir='ltr'><strong>quod</strong></span> <span class='ocrx_word' id='word_1_420' title='bbox 1530 1485 1626 1506; x_wconf 82' lang='lat' dir='ltr'><strong>revera</strong></span> <span class='ocrx_word' id='word_1_421' title='bbox 1653 1484 1708 1504; x_wconf 92' lang='lat' dir='ltr'><strong>non</strong></span> <span class='ocrx_word' id='word_1_422' title='bbox 1743 1476 1784 1503; x_wconf 89' lang='lat' dir='ltr'><strong>vi-</strong></span> 
     </span>
    </p>
   </div>
   <div class='ocr_carea' id='block_1_32' title="bbox 162 1525 219 1551">
    <p class='ocr_par' dir='ltr' id='par_1_32' title="bbox 162 1525 219 1551">
     <span class='ocr_line' id='line_1_32' title="bbox 162 1525 219 1551; baseline -0.018 0"><span class='ocrx_word' id='word_1_423' title='bbox 162 1525 219 1551; x_wconf 56' lang='lat' dir='ltr'><strong>tibi.</strong></span> 
     </span>
    </p>
   </div>
   <div class='ocr_carea' id='block_1_33' title="bbox 196 1562 1785 1602">
    <p class='ocr_par' dir='ltr' id='par_1_33' title="bbox 196 1562 1785 1602">
     <span class='ocr_line' id='line_1_33' title="bbox 196 1562 1785 1602; baseline -0.004 -8"><span class='ocrx_word' id='word_1_424' title='bbox 196 1567 281 1595; x_wconf 85' lang='lat' dir='ltr'><strong>l&#39;orro</strong></span> <span class='ocrx_word' id='word_1_425' title='bbox 298 1566 444 1594; x_wconf 73' lang='lat' dir='ltr'><strong>Seldenum</strong></span> <span class='ocrx_word' id='word_1_426' title='bbox 460 1566 532 1601; x_wconf 90' lang='lat' dir='ltr'><strong>quod</strong></span> <span class='ocrx_word' id='word_1_427' title='bbox 548 1566 654 1597; x_wconf 83' lang='lat' dir='ltr'><strong>attinet,</strong></span> <span class='ocrx_word' id='word_1_428' title='bbox 665 1573 716 1593; x_wconf 88' lang='lat' dir='ltr'><strong>non</strong></span> <span class='ocrx_word' id='word_1_429' title='bbox 732 1567 773 1594; x_wconf 88' lang='lat' dir='ltr'><strong>sic</strong></span> <span class='ocrx_word' id='word_1_430' title='bbox 788 1574 868 1594; x_wconf 84' lang='lat' dir='ltr'><strong>suum</strong></span> <span class='ocrx_word' id='word_1_431' title='bbox 885 1566 987 1601; x_wconf 77' lang='lat' dir='ltr'><strong>excipit</strong></span> <span class='ocrx_word' id='word_1_432' title='bbox 1003 1566 1178 1602; x_wconf 81' lang='lat' dir='ltr'><strong>Eutycliium,</strong></span> <span class='ocrx_word' id='word_1_433' title='bbox 1197 1568 1244 1595; x_wconf 87' lang='lat' dir='ltr'><strong>sed</strong></span> <span class='ocrx_word' id='word_1_434' title='bbox 1261 1568 1334 1594; x_wconf 89' lang='lat' dir='ltr'><strong>omni</strong></span> <span class='ocrx_word' id='word_1_435' title='bbox 1357 1567 1407 1594; x_wconf 86' lang='lat' dir='ltr'><strong>ﬁde</strong></span> <span class='ocrx_word' id='word_1_436' title='bbox 1423 1566 1534 1601; x_wconf 78' lang='lat' dir='ltr'><strong>dignum</strong></span> <span class='ocrx_word' id='word_1_437' title='bbox 1548 1572 1609 1592; x_wconf 88' lang='lat' dir='ltr'><strong>eum</strong></span> <span class='ocrx_word' id='word_1_438' title='bbox 1631 1562 1785 1591; x_wconf 88' lang='lat' dir='ltr'><strong>habendum</strong></span> 
     </span>
    </p>
   </div>
   <div class='ocr_carea' id='block_1_34' title="bbox 160 1607 1786 1645">
    <p class='ocr_par' dir='ltr' id='par_1_34' title="bbox 160 1607 1786 1645">
     <span class='ocr_line' id='line_1_34' title="bbox 160 1607 1786 1645; baseline -0.004 -7"><span class='ocrx_word' id='word_1_439' title='bbox 160 1613 238 1644; x_wconf 83' lang='lat' dir='ltr'><strong>\‘ult;</strong></span> <span class='ocrx_word' id='word_1_440' title='bbox 259 1611 354 1645; x_wconf 89' lang='lat' dir='ltr'><strong>illique</strong></span> <span class='ocrx_word' id='word_1_441' title='bbox 369 1614 410 1637; x_wconf 86' lang='lat' dir='ltr'><strong>cst</strong></span> <span class='ocrx_word' id='word_1_442' title='bbox 430 1610 514 1637; x_wconf 79' lang='lat' dir='ltr'><strong>veluti</strong></span> <span class='ocrx_word' id='word_1_443' title='bbox 532 1610 602 1637; x_wconf 87' lang='lat' dir='ltr'><strong>alius</strong></span> <span class='ocrx_word' id='word_1_444' title='bbox 618 1609 690 1636; x_wconf 77' lang='lat' dir='ltr'><strong>Bela</strong></span> <span class='ocrx_word' id='word_1_445' title='bbox 706 1610 786 1644; x_wconf 83' lang='lat' dir='ltr'><strong>plane</strong></span> <span class='ocrx_word' id='word_1_446' title='bbox 802 1609 959 1644; x_wconf 68' lang='lat' dir='ltr'><strong>Egvplins.</strong></span> <span class='ocrx_word' id='word_1_447' title='bbox 979 1609 1024 1637; x_wconf 85' lang='lat' dir='ltr'><strong>Sic</strong></span> <span class='ocrx_word' id='word_1_448' title='bbox 1039 1611 1113 1638; x_wconf 91' lang='lat' dir='ltr'><strong>enim</strong></span> <span class='ocrx_word' id='word_1_449' title='bbox 1130 1611 1157 1638; x_wconf 92' lang='lat' dir='ltr'><strong>in</strong></span> <span class='ocrx_word' id='word_1_450' title='bbox 1175 1611 1249 1638; x_wconf 86' lang='lat' dir='ltr'><strong>calce</strong></span> <span class='ocrx_word' id='word_1_451' title='bbox 1265 1619 1321 1638; x_wconf 80' lang='lat' dir='ltr'><strong>sua.-</strong></span> <span class='ocrx_word' id='word_1_452' title='bbox 1340 1609 1513 1637; x_wconf 75' lang='lat' dir='ltr'><strong>Prazl‘ationis</strong></span> <span class='ocrx_word' id='word_1_453' title='bbox 1529 1609 1563 1636; x_wconf 87' lang='lat' dir='ltr'><strong>de</strong></span> <span class='ocrx_word' id='word_1_454' title='bbox 1579 1607 1626 1635; x_wconf 90' lang='lat' dir='ltr'><strong>illo</strong></span> <span class='ocrx_word' id='word_1_455' title='bbox 1641 1607 1764 1642; x_wconf 88' lang='lat' dir='ltr'><strong>loquitur</strong></span> <span class='ocrx_word' id='word_1_456' title='bbox 1778 1614 1786 1632; x_wconf 89' lang='lat'><strong>:</strong></span> 
     </span>
    </p>
   </div>
   <div class='ocr_carea' id='block_1_35' title="bbox 161 1649 1788 1690">
    <p class='ocr_par' dir='ltr' id='par_1_35' title="bbox 161 1649 1788 1690">
     <span class='ocr_line' id='line_1_35' title="bbox 161 1649 1788 1690; baseline -0.004 -8"><span class='ocrx_word' id='word_1_457' title='bbox 161 1655 214 1683; x_wconf 83' lang='lat' dir='ltr'><strong>Sed</strong></span> <span class='ocrx_word' id='word_1_458' title='bbox 228 1662 287 1681; x_wconf 78' lang='lat' dir='ltr'><strong>uero</strong></span> <span class='ocrx_word' id='word_1_459' title='bbox 302 1654 325 1680; x_wconf 84' lang='lat' dir='ltr'><strong>si</strong></span> <span class='ocrx_word' id='word_1_460' title='bbox 341 1653 473 1688; x_wconf 81' lang='lat' dir='ltr'><strong>Eutychio</strong></span> <span class='ocrx_word' id='word_1_461' title='bbox 488 1653 567 1687; x_wconf 80' lang='lat' dir='ltr'><strong>ﬁdem</strong></span> <span class='ocrx_word' id='word_1_462' title='bbox 580 1653 621 1679; x_wconf 83' lang='lat' dir='ltr'><strong>hic</strong></span> <span class='ocrx_word' id='word_1_463' title='bbox 638 1661 735 1687; x_wconf 88' lang='lat' dir='ltr'><strong>parum</strong></span> <span class='ocrx_word' id='word_1_464' title='bbox 748 1653 897 1680; x_wconf 80' lang='lat' dir='ltr'><strong>habendam</strong></span> <span class='ocrx_word' id='word_1_465' title='bbox 914 1653 972 1680; x_wconf 85' lang='lat' dir='ltr'><strong>ideo</strong></span> <span class='ocrx_word' id='word_1_466' title='bbox 997 1655 1087 1689; x_wconf 78' lang='lat' dir='ltr'><strong>forsan</strong></span> <span class='ocrx_word' id='word_1_467' title='bbox 1104 1656 1163 1690; x_wconf 86' lang='lat' dir='ltr'><strong>quis</strong></span> <span class='ocrx_word' id='word_1_468' title='bbox 1183 1656 1315 1682; x_wconf 86' lang='lat' dir='ltr'><strong>morosius</strong></span> <span class='ocrx_word' id='word_1_469' title='bbox 1332 1653 1534 1683; x_wconf 69' lang='lat' dir='ltr'><strong>existimaverit,</strong></span> <span class='ocrx_word' id='word_1_470' title='bbox 1550 1651 1620 1688; x_wconf 87' lang='lat' dir='ltr'><strong>quod</strong></span> <span class='ocrx_word' id='word_1_471' title='bbox 1640 1651 1689 1679; x_wconf 71' lang='lat' dir='ltr'><strong>avi</strong></span> <span class='ocrx_word' id='word_1_472' title='bbox 1706 1649 1788 1684; x_wconf 78' lang='lat' dir='ltr'><strong>fuerit</strong></span> 
     </span>
    </p>
   </div>
   <div class='ocr_carea' id='block_1_36' title="bbox 161 1693 1789 1733">
    <p class='ocr_par' dir='ltr' id='par_1_36' title="bbox 161 1693 1789 1733">
     <span class='ocr_line' id='line_1_36' title="bbox 161 1693 1789 1733; baseline -0.001 -8"><span class='ocrx_word' id='word_1_473' title='bbox 161 1700 215 1733; x_wconf 84' lang='lat' dir='ltr'><strong>ipse</strong></span> <span class='ocrx_word' id='word_1_474' title='bbox 230 1699 294 1725; x_wconf 78' lang='lat' dir='ltr'><strong>adeo</strong></span> <span class='ocrx_word' id='word_1_475' title='bbox 312 1698 400 1729; x_wconf 81' lang='lat' dir='ltr'><strong>rebus,</strong></span> <span class='ocrx_word' id='word_1_476' title='bbox 415 1705 481 1732; x_wconf 83' lang='lat' dir='ltr'><strong>quas</strong></span> <span class='ocrx_word' id='word_1_477' title='bbox 498 1696 578 1723; x_wconf 87' lang='lat' dir='ltr'><strong>tradit</strong></span> <span class='ocrx_word' id='word_1_478' title='bbox 597 1697 746 1723; x_wconf 73' lang='lat' dir='ltr'><strong>recentioris</strong></span> <span class='ocrx_word' id='word_1_479' title='bbox 763 1697 837 1732; x_wconf 88' lang='lat' dir='ltr'><strong>(nam</strong></span> <span class='ocrx_word' id='word_1_480' title='bbox 859 1697 969 1729; x_wconf 64' lang='lat' dir='ltr'><strong>surculo,</strong></span> <span class='ocrx_word' id='word_1_481' title='bbox 982 1704 1008 1724; x_wconf 84' lang='lat' dir='ltr'><strong>ut</strong></span> <span class='ocrx_word' id='word_1_482' title='bbox 1027 1698 1106 1731; x_wconf 79' lang='lat' dir='ltr'><strong>vides,</strong></span> <span class='ocrx_word' id='word_1_483' title='bbox 1133 1699 1225 1733; x_wconf 83' lang='lat' dir='ltr'><strong>ﬂoruit</strong></span> <span class='ocrx_word' id='word_1_484' title='bbox 1241 1698 1368 1732; x_wconf 78' lang='lat' dir='ltr'><strong>deciate),</strong></span> <span class='ocrx_word' id='word_1_485' title='bbox 1391 1702 1459 1725; x_wconf 79' lang='lat' dir='ltr'><strong>certe</strong></span> <span class='ocrx_word' id='word_1_486' title='bbox 1474 1704 1577 1724; x_wconf 73' lang='lat' dir='ltr'><strong>necesse</strong></span> <span class='ocrx_word' id='word_1_487' title='bbox 1592 1701 1630 1723; x_wconf 85' lang='lat' dir='ltr'><strong>est</strong></span> <span class='ocrx_word' id='word_1_488' title='bbox 1657 1699 1685 1722; x_wconf 84' lang='lat' dir='ltr'><strong>ut</strong></span> <span class='ocrx_word' id='word_1_489' title='bbox 1712 1695 1746 1724; x_wconf 64' lang='lat' dir='ltr'><strong>is.</strong></span> <span class='ocrx_word' id='word_1_490' title='bbox 1765 1693 1789 1720; x_wconf 69' lang='grc' dir='ltr'>ιε</span> 
     </span>
    </p>
   </div>
   <div class='ocr_carea' id='block_1_37' title="bbox 160 1735 1787 1776">
    <p class='ocr_par' dir='ltr' id='par_1_37' title="bbox 160 1735 1787 1776">
     <span class='ocr_line' id='line_1_37' title="bbox 160 1735 1787 1776; baseline -0.004 -7"><span class='ocrx_word' id='word_1_491' title='bbox 160 1743 241 1776; x_wconf 86' lang='lat' dir='ltr'><strong>parili</strong></span> <span class='ocrx_word' id='word_1_492' title='bbox 253 1743 280 1768; x_wconf 92' lang='lat' dir='ltr'><strong>in</strong></span> <span class='ocrx_word' id='word_1_493' title='bbox 297 1740 406 1776; x_wconf 82' lang='lat' dir='ltr'><strong>paribus</strong></span> <span class='ocrx_word' id='word_1_494' title='bbox 420 1745 512 1767; x_wconf 85' lang='lat' dir='ltr'><strong>utatur</strong></span> <span class='ocrx_word' id='word_1_495' title='bbox 530 1741 643 1771; x_wconf 86' lang='lat' dir='ltr'><strong>ratione,</strong></span> <span class='ocrx_word' id='word_1_496' title='bbox 661 1748 706 1767; x_wconf 86' lang='lat' dir='ltr'><strong>nec</strong></span> <span class='ocrx_word' id='word_1_497' title='bbox 722 1740 847 1775; x_wconf 61' lang='lat' dir='ltr'><strong>Josrpho.</strong></span> <span class='ocrx_word' id='word_1_498' title='bbox 865 1740 950 1772; x_wconf 80' lang='lat' dir='ltr'><strong>Livio,</strong></span> <span class='ocrx_word' id='word_1_499' title='bbox 963 1735 1192 1775; x_wconf 73' lang='lat' dir='ltr'><strong>Halicarnassum,</strong></span> <span class='ocrx_word' id='word_1_500' title='bbox 1212 1743 1369 1774; x_wconf 76' lang='lat' dir='ltr'><strong>Plutarcho,</strong></span> <span class='ocrx_word' id='word_1_501' title='bbox 1385 1741 1512 1772; x_wconf 81' lang='lat' dir='ltr'><strong>Eusebio,</strong></span> <span class='ocrx_word' id='word_1_502' title='bbox 1529 1739 1655 1770; x_wconf 70' lang='lat' dir='ltr'><strong>Zenone.</strong></span> <span class='ocrx_word' id='word_1_503' title='bbox 1672 1737 1787 1773; x_wconf 78' lang='lat' dir='ltr'><strong>origines</strong></span> 
     </span>
    </p>
   </div>
   <div class='ocr_carea' id='block_1_38' title="bbox 160 1783 1788 1820">
    <p class='ocr_par' dir='ltr' id='par_1_38' title="bbox 160 1783 1788 1820">
     <span class='ocr_line' id='line_1_38' title="bbox 160 1783 1788 1820; baseline -0.004 -7"><span class='ocrx_word' id='word_1_504' title='bbox 160 1791 184 1813; x_wconf 87' lang='lat' dir='ltr'><strong>et</strong></span> <span class='ocrx_word' id='word_1_505' title='bbox 201 1793 241 1812; x_wconf 79' lang='lat' dir='ltr'><strong>res</strong></span> <span class='ocrx_word' id='word_1_506' title='bbox 259 1790 344 1820; x_wconf 87' lang='lat' dir='ltr'><strong>gestas</strong></span> <span class='ocrx_word' id='word_1_507' title='bbox 370 1783 511 1814; x_wconf 71' lang='lat' dir='ltr'><strong>Iudaicos,</strong></span> <span class='ocrx_word' id='word_1_508' title='bbox 529 1783 673 1817; x_wconf 85' lang='lat' dir='ltr'><strong>Romanas,</strong></span> <span class='ocrx_word' id='word_1_509' title='bbox 692 1783 947 1817; x_wconf 76' lang='lat' dir='ltr'><strong>Gra&#39;cas,Punr&#39;cas,</strong></span> <span class='ocrx_word' id='word_1_510' title='bbox 966 1785 1134 1813; x_wconf 87' lang='lat' dir='ltr'><strong>Christianas</strong></span> <span class='ocrx_word' id='word_1_511' title='bbox 1154 1787 1249 1813; x_wconf 85' lang='lat' dir='ltr'><strong>tandiu</strong></span> <span class='ocrx_word' id='word_1_512' title='bbox 1267 1786 1393 1814; x_wconf 78' lang='lat' dir='ltr'><strong>sa&#39;culum</strong></span> <span class='ocrx_word' id='word_1_513' title='bbox 1417 1794 1495 1813; x_wconf 84' lang='lat' dir='ltr'><strong>suum</strong></span> <span class='ocrx_word' id='word_1_514' title='bbox 1513 1787 1705 1811; x_wconf 81' lang='lat' dir='ltr'><strong>antevertentes</strong></span> <span class='ocrx_word' id='word_1_515' title='bbox 1721 1789 1788 1808; x_wconf 87' lang='lat' dir='ltr'><strong>nar-</strong></span> 
     </span>
    </p>
   </div>
   <div class='ocr_carea' id='block_1_39' title="bbox 162 1826 1786 1866">
    <p class='ocr_par' dir='ltr' id='par_1_39' title="bbox 162 1826 1786 1866">
     <span class='ocr_line' id='line_1_39' title="bbox 162 1826 1786 1866; baseline -0.002 -10"><span class='ocrx_word' id='word_1_516' title='bbox 162 1830 295 1860; x_wconf 82' lang='lat' dir='ltr'><strong>rantibus,</strong></span> <span class='ocrx_word' id='word_1_517' title='bbox 308 1837 353 1855; x_wconf 85' lang='lat' dir='ltr'><strong>nec</strong></span> <span class='ocrx_word' id='word_1_518' title='bbox 364 1829 390 1854; x_wconf 83' lang='lat' dir='ltr'><strong>id</strong></span> <span class='ocrx_word' id='word_1_519' title='bbox 408 1835 487 1863; x_wconf 87' lang='lat' dir='ltr'><strong>genus</strong></span> <span class='ocrx_word' id='word_1_520' title='bbox 502 1827 562 1854; x_wconf 82' lang='lat' dir='ltr'><strong>aliis</strong></span> <span class='ocrx_word' id='word_1_521' title='bbox 578 1828 678 1857; x_wconf 79' lang='lat' dir='ltr'><strong>credat,</strong></span> <span class='ocrx_word' id='word_1_522' title='bbox 694 1829 745 1854; x_wconf 87' lang='lat' dir='ltr'><strong>imo</strong></span> <span class='ocrx_word' id='word_1_523' title='bbox 763 1833 789 1854; x_wconf 89' lang='lat' dir='ltr'><strong>ut</strong></span> <span class='ocrx_word' id='word_1_524' title='bbox 805 1836 852 1861; x_wconf 80' lang='lat' dir='ltr'><strong>pro</strong></span> <span class='ocrx_word' id='word_1_525' title='bbox 870 1828 922 1861; x_wconf 83' lang='lat' dir='ltr'><strong>ﬁde</strong></span> <span class='ocrx_word' id='word_1_526' title='bbox 937 1829 1023 1864; x_wconf 80' lang='lat' dir='ltr'><strong>dignis</strong></span> <span class='ocrx_word' id='word_1_527' title='bbox 1034 1830 1255 1858; x_wconf 77' lang='lat' dir='ltr'><strong>habeat/iistoriis</strong></span> <span class='ocrx_word' id='word_1_528' title='bbox 1273 1831 1379 1866; x_wconf 80' lang='lat' dir='ltr'><strong>(prwter</strong></span> <span class='ocrx_word' id='word_1_529' title='bbox 1397 1830 1497 1858; x_wconf 65' lang='lat' dir='ltr'><strong>Socrus</strong></span> <span class='ocrx_word' id='word_1_530' title='bbox 1513 1827 1640 1862; x_wconf 85' lang='lat' dir='ltr'><strong>Litteras)</strong></span> <span class='ocrx_word' id='word_1_531' title='bbox 1654 1826 1786 1853; x_wconf 64' lang='lat' dir='ltr'><strong>duntaxat</strong></span> 
     </span>
    </p>
   </div>
   <div class='ocr_carea' id='block_1_40' title="bbox 163 1869 1787 1910">
    <p class='ocr_par' dir='ltr' id='par_1_40' title="bbox 163 1869 1787 1910">
     <span class='ocr_line' id='line_1_40' title="bbox 163 1869 1787 1910; baseline -0.003 -10"><span class='ocrx_word' id='word_1_532' title='bbox 163 1876 220 1908; x_wconf 83' lang='lat' dir='ltr'><strong>ipsa</strong></span> <span class='ocrx_word' id='word_1_533' title='bbox 245 1874 412 1900; x_wconf 86' lang='lat' dir='ltr'><strong>archivorum</strong></span> <span class='ocrx_word' id='word_1_534' title='bbox 426 1872 583 1905; x_wconf 88' lang='lat' dir='ltr'><strong>penetralia,</strong></span> <span class='ocrx_word' id='word_1_535' title='bbox 599 1872 775 1898; x_wconf 85' lang='lat' dir='ltr'><strong>conciliorum</strong></span> <span class='ocrx_word' id='word_1_536' title='bbox 790 1877 850 1899; x_wconf 87' lang='lat' dir='ltr'><strong>acta</strong></span> <span class='ocrx_word' id='word_1_537' title='bbox 869 1873 938 1907; x_wconf 76' lang='lat' dir='ltr'><strong>ipsa,</strong></span> <span class='ocrx_word' id='word_1_538' title='bbox 956 1872 1133 1908; x_wconf 79' lang='lat' dir='ltr'><strong>Thucydides,</strong></span> <span class='ocrx_word' id='word_1_539' title='bbox 1164 1874 1298 1910; x_wconf 75' lang='lat' dir='ltr'><strong>Polybius,</strong></span> <span class='ocrx_word' id='word_1_540' title='bbox 1323 1874 1477 1905; x_wconf 78' lang='lat' dir='ltr'><strong>Sallustius,</strong></span> <span class='ocrx_word' id='word_1_541' title='bbox 1499 1873 1632 1904; x_wconf 68' lang='lat' dir='ltr'><strong>Casuras,</strong></span> <span class='ocrx_word' id='word_1_542' title='bbox 1664 1869 1787 1901; x_wconf 81' lang='lat' dir='ltr'><strong>Tacitos,</strong></span> 
     </span>
    </p>
   </div>
   <div class='ocr_carea' id='block_1_41' title="bbox 165 1915 1524 1953">
    <p class='ocr_par' dir='ltr' id='par_1_41' title="bbox 165 1915 1524 1953">
     <span class='ocr_line' id='line_1_41' title="bbox 165 1915 1524 1953; baseline -0.001 -8"><span class='ocrx_word' id='word_1_543' title='bbox 165 1918 377 1949; x_wconf 80' lang='lat' dir='ltr'><strong>(-‘uicciardinos,</strong></span> <span class='ocrx_word' id='word_1_544' title='bbox 392 1915 577 1944; x_wconf 71' lang='lat' dir='ltr'><strong>Commimtos.</strong></span> <span class='ocrx_word' id='word_1_545' title='bbox 589 1915 657 1942; x_wconf 75' lang='lat' dir='ltr'><strong>Mihi</strong></span> <span class='ocrx_word' id='word_1_546' title='bbox 676 1924 739 1942; x_wconf 89' lang='lat' dir='ltr'><strong>sane</strong></span> <span class='ocrx_word' id='word_1_547' title='bbox 752 1916 896 1950; x_wconf 85' lang='lat' dir='ltr'><strong>Entychins</strong></span> <span class='ocrx_word' id='word_1_548' title='bbox 912 1917 939 1942; x_wconf 90' lang='lat' dir='ltr'><strong>in</strong></span> <span class='ocrx_word' id='word_1_549' title='bbox 958 1916 1028 1944; x_wconf 83' lang='lat' dir='ltr'><strong>hisce</strong></span> <span class='ocrx_word' id='word_1_550' title='bbox 1040 1923 1078 1945; x_wconf 85' lang='lat' dir='ltr'><strong>est</strong></span> <span class='ocrx_word' id='word_1_551' title='bbox 1095 1918 1174 1945; x_wconf 77' lang='lat' dir='ltr'><strong>veluti</strong></span> <span class='ocrx_word' id='word_1_552' title='bbox 1192 1918 1262 1945; x_wconf 88' lang='lat' dir='ltr'><strong>Beda</strong></span> <span class='ocrx_word' id='word_1_553' title='bbox 1277 1919 1354 1951; x_wconf 86' lang='lat' dir='ltr'><strong>plane</strong></span> <span class='ocrx_word' id='word_1_554' title='bbox 1370 1917 1524 1953; x_wconf 62' lang='lat' dir='ltr'><strong>JEgyptius.</strong></span> 
     </span>
    </p>
   </div>
   <div class='ocr_carea' id='block_1_42' title="bbox 203 1970 1788 2010">
    <p class='ocr_par' dir='ltr' id='par_1_42' title="bbox 203 1970 1788 2010">
     <span class='ocr_line' id='line_1_42' title="bbox 203 1970 1788 2010; baseline -0.003 -10"><span class='ocrx_word' id='word_1_555' title='bbox 203 1973 273 2001; x_wconf 82' lang='lat' dir='ltr'><strong>Bene</strong></span> <span class='ocrx_word' id='word_1_556' title='bbox 288 1973 411 2008; x_wconf 78' lang='lat' dir='ltr'><strong>quidem,</strong></span> <span class='ocrx_word' id='word_1_557' title='bbox 441 1970 570 2001; x_wconf 86' lang='lat' dir='ltr'><strong>Seldene,</strong></span> <span class='ocrx_word' id='word_1_558' title='bbox 589 1971 660 1998; x_wconf 89' lang='lat' dir='ltr'><strong>ultro</strong></span> <span class='ocrx_word' id='word_1_559' title='bbox 679 1979 711 1998; x_wconf 86' lang='lat' dir='ltr'><strong>ac</strong></span> <span class='ocrx_word' id='word_1_560' title='bbox 734 1971 853 1998; x_wconf 71' lang='lat' dir='ltr'><strong>libi-nter</strong></span> <span class='ocrx_word' id='word_1_561' title='bbox 871 1971 920 1999; x_wconf 87' lang='lat' dir='ltr'><strong>tibi</strong></span> <span class='ocrx_word' id='word_1_562' title='bbox 937 1971 1111 2001; x_wconf 82' lang='lat' dir='ltr'><strong>admittimus</strong></span> <span class='ocrx_word' id='word_1_563' title='bbox 1139 1974 1304 2010; x_wconf 81' lang='lat' dir='ltr'><strong>Eutychium</strong></span> <span class='ocrx_word' id='word_1_564' title='bbox 1321 1973 1397 2001; x_wconf 90' lang='lat' dir='ltr'><strong>omni</strong></span> <span class='ocrx_word' id='word_1_565' title='bbox 1426 1972 1478 2000; x_wconf 84' lang='lat' dir='ltr'><strong>ﬁde</strong></span> <span class='ocrx_word' id='word_1_566' title='bbox 1502 1980 1563 2000; x_wconf 86' lang='lat' dir='ltr'><strong>esse</strong></span> <span class='ocrx_word' id='word_1_567' title='bbox 1581 1971 1707 2007; x_wconf 69' lang='lat' dir='ltr'><strong>dignum,</strong></span> <span class='ocrx_word' id='word_1_568' title='bbox 1733 1970 1788 1996; x_wconf 93' lang='lat' dir='ltr'><strong>imo</strong></span> 
     </span>
    </p>
   </div>
   <div class='ocr_carea' id='block_1_43' title="bbox 166 2014 1787 2054">
    <p class='ocr_par' dir='ltr' id='par_1_43' title="bbox 166 2014 1787 2054">
     <span class='ocr_line' id='line_1_43' title="bbox 166 2014 1787 2054; baseline -0.004 -8"><span class='ocrx_word' id='word_1_569' title='bbox 166 2019 359 2054; x_wconf 74' lang='lat' dir='ltr'><strong>dignissimum</strong></span> <span class='ocrx_word' id='word_1_570' title='bbox 378 2022 405 2044; x_wconf 87' lang='lat' dir='ltr'><strong>ct</strong></span> <span class='ocrx_word' id='word_1_571' title='bbox 424 2023 532 2043; x_wconf 80' lang='lat' dir='ltr'><strong>omnem</strong></span> <span class='ocrx_word' id='word_1_572' title='bbox 548 2016 586 2042; x_wconf 87' lang='lat' dir='ltr'><strong>illi</strong></span> <span class='ocrx_word' id='word_1_573' title='bbox 603 2015 757 2043; x_wconf 82' lang='lat' dir='ltr'><strong>habendam</strong></span> <span class='ocrx_word' id='word_1_574' title='bbox 778 2016 868 2048; x_wconf 82' lang='lat' dir='ltr'><strong>fidem,</strong></span> <span class='ocrx_word' id='word_1_575' title='bbox 887 2021 968 2051; x_wconf 84' lang='lat' dir='ltr'><strong>atque</strong></span> <span class='ocrx_word' id='word_1_576' title='bbox 980 2017 1005 2044; x_wconf 91' lang='lat' dir='ltr'><strong>ei</strong></span> <span class='ocrx_word' id='word_1_577' title='bbox 1023 2018 1107 2045; x_wconf 85' lang='lat' dir='ltr'><strong>veluti</strong></span> <span class='ocrx_word' id='word_1_578' title='bbox 1123 2017 1201 2045; x_wconf 71' lang='lat' dir='ltr'><strong>Beda:</strong></span> <span class='ocrx_word' id='word_1_579' title='bbox 1217 2019 1297 2053; x_wconf 87' lang='lat' dir='ltr'><strong>plane</strong></span> <span class='ocrx_word' id='word_1_580' title='bbox 1325 2017 1465 2053; x_wconf 62' lang='lat' dir='ltr'><strong>Egyptio,</strong></span> <span class='ocrx_word' id='word_1_581' title='bbox 1479 2023 1534 2043; x_wconf 91' lang='lat' dir='ltr'><strong>non</strong></span> <span class='ocrx_word' id='word_1_582' title='bbox 1551 2016 1639 2043; x_wconf 86' lang='lat' dir='ltr'><strong>solum</strong></span> <span class='ocrx_word' id='word_1_583' title='bbox 1656 2014 1683 2042; x_wconf 92' lang='lat' dir='ltr'><strong>in</strong></span> <span class='ocrx_word' id='word_1_584' title='bbox 1699 2014 1787 2046; x_wconf 82' lang='lat' dir='ltr'><strong>hisce,</strong></span> 
     </span>
    </p>
   </div>
   <div class='ocr_carea' id='block_1_44' title="bbox 167 2057 1789 2095">
    <p class='ocr_par' dir='ltr' id='par_1_44' title="bbox 167 2057 1789 2095">
     <span class='ocr_line' id='line_1_44' title="bbox 167 2057 1789 2095; baseline -0.003 -4"><span class='ocrx_word' id='word_1_585' title='bbox 167 2064 215 2091; x_wconf 84' lang='lat' dir='ltr'><strong>sed</strong></span> <span class='ocrx_word' id='word_1_586' title='bbox 231 2063 257 2090; x_wconf 89' lang='lat' dir='ltr'><strong>in</strong></span> <span class='ocrx_word' id='word_1_587' title='bbox 274 2061 404 2089; x_wconf 88' lang='lat' dir='ltr'><strong>omnibus</strong></span> <span class='ocrx_word' id='word_1_588' title='bbox 424 2067 534 2095; x_wconf 88' lang='lat' dir='ltr'><strong>quoque</strong></span> <span class='ocrx_word' id='word_1_589' title='bbox 551 2059 688 2091; x_wconf 83' lang='lat' dir='ltr'><strong>articulis,</strong></span> <span class='ocrx_word' id='word_1_590' title='bbox 703 2060 735 2086; x_wconf 85' lang='lat' dir='ltr'><strong>de</strong></span> <span class='ocrx_word' id='word_1_591' title='bbox 750 2060 850 2093; x_wconf 90' lang='lat' dir='ltr'><strong>quibus</strong></span> <span class='ocrx_word' id='word_1_592' title='bbox 867 2062 1057 2088; x_wconf 88' lang='lat' dir='ltr'><strong>controversia</strong></span> <span class='ocrx_word' id='word_1_593' title='bbox 1087 2062 1166 2088; x_wconf 89' lang='lat' dir='ltr'><strong>nobis</strong></span> <span class='ocrx_word' id='word_1_594' title='bbox 1182 2067 1225 2089; x_wconf 88' lang='lat' dir='ltr'><strong>est</strong></span> <span class='ocrx_word' id='word_1_595' title='bbox 1244 2062 1398 2092; x_wconf 84' lang='lat' dir='ltr'><strong>vobiscum,</strong></span> <span class='ocrx_word' id='word_1_596' title='bbox 1415 2060 1544 2087; x_wconf 88' lang='lat' dir='ltr'><strong>standum</strong></span> <span class='ocrx_word' id='word_1_597' title='bbox 1576 2066 1649 2086; x_wconf 84' lang='lat' dir='ltr'><strong>esse.</strong></span> <span class='ocrx_word' id='word_1_598' title='bbox 1683 2057 1789 2090; x_wconf 83' lang='lat' dir='ltr'><strong>Quam-</strong></span> 
     </span>
    </p>
   </div>
   <div class='ocr_carea' id='block_1_45' title="bbox 163 2101 1788 2140">
    <p class='ocr_par' dir='ltr' id='par_1_45' title="bbox 163 2101 1788 2140">
     <span class='ocr_line' id='line_1_45' title="bbox 163 2101 1788 2140; baseline -0.004 -6"><span class='ocrx_word' id='word_1_599' title='bbox 163 2108 258 2137; x_wconf 84' lang='lat' dir='ltr'><strong>obrcm</strong></span> <span class='ocrx_word' id='word_1_600' title='bbox 275 2107 392 2140; x_wconf 79' lang='lat' dir='ltr'><strong>ingenue</strong></span> <span class='ocrx_word' id='word_1_601' title='bbox 405 2111 438 2131; x_wconf 87' lang='lat' dir='ltr'><strong>ac</strong></span> <span class='ocrx_word' id='word_1_602' title='bbox 452 2104 541 2139; x_wconf 86' lang='lat' dir='ltr'><strong>prisce</strong></span> <span class='ocrx_word' id='word_1_603' title='bbox 557 2102 682 2138; x_wconf 88' lang='lat' dir='ltr'><strong>proieras</strong></span> <span class='ocrx_word' id='word_1_604' title='bbox 699 2110 776 2137; x_wconf 78' lang='lat' dir='ltr'><strong>rogo,</strong></span> <span class='ocrx_word' id='word_1_605' title='bbox 793 2103 859 2138; x_wconf 88' lang='lat' dir='ltr'><strong>quid</strong></span> <span class='ocrx_word' id='word_1_606' title='bbox 878 2103 962 2131; x_wconf 84' lang='lat' dir='ltr'><strong>sentit</strong></span> <span class='ocrx_word' id='word_1_607' title='bbox 974 2103 1045 2131; x_wconf 85' lang='lat' dir='ltr'><strong>Beda</strong></span> <span class='ocrx_word' id='word_1_608' title='bbox 1073 2105 1126 2132; x_wconf 85' lang='lat' dir='ltr'><strong>iste</strong></span> <span class='ocrx_word' id='word_1_609' title='bbox 1142 2106 1177 2132; x_wconf 80' lang='lat' dir='ltr'><strong>de</strong></span> <span class='ocrx_word' id='word_1_610' title='bbox 1192 2114 1307 2133; x_wconf 87' lang='lat' dir='ltr'><strong>numero</strong></span> <span class='ocrx_word' id='word_1_611' title='bbox 1324 2109 1564 2132; x_wconf 84' lang='lat' dir='ltr'><strong>sacramentorum</strong></span> <span class='ocrx_word' id='word_1_612' title='bbox 1581 2107 1636 2129; x_wconf 87' lang='lat' dir='ltr'><strong>tam</strong></span> <span class='ocrx_word' id='word_1_613' title='bbox 1654 2101 1682 2129; x_wconf 91' lang='lat' dir='ltr'><strong>in</strong></span> <span class='ocrx_word' id='word_1_614' title='bbox 1698 2101 1788 2128; x_wconf 85' lang='lat' dir='ltr'><strong>Chro-</strong></span> 
     </span>
    </p>
   </div>
   <div class='ocr_carea' id='block_1_46' title="bbox 164 2143 1788 2184">
    <p class='ocr_par' dir='ltr' id='par_1_46' title="bbox 164 2143 1788 2184">
     <span class='ocr_line' id='line_1_46' title="bbox 164 2143 1788 2184; baseline -0.006 -5"><span class='ocrx_word' id='word_1_615' title='bbox 164 2152 226 2179; x_wconf 88' lang='lat' dir='ltr'><strong>nico</strong></span> <span class='ocrx_word' id='word_1_616' title='bbox 241 2154 386 2184; x_wconf 85' lang='lat' dir='ltr'><strong>tantopere</strong></span> <span class='ocrx_word' id='word_1_617' title='bbox 402 2155 417 2175; x_wconf 74' lang='grc' dir='ltr'>ει</span> <span class='ocrx_word' id='word_1_618' title='bbox 435 2151 462 2174; x_wconf 84' lang='lat' dir='ltr'><strong>te</strong></span> <span class='ocrx_word' id='word_1_619' title='bbox 478 2147 599 2177; x_wconf 82' lang='lat' dir='ltr'><strong>laudato.</strong></span> <span class='ocrx_word' id='word_1_620' title='bbox 618 2154 698 2181; x_wconf 87' lang='lat' dir='ltr'><strong>quam</strong></span> <span class='ocrx_word' id='word_1_621' title='bbox 718 2147 744 2173; x_wconf 81' lang='lat' dir='ltr'><strong>in</strong></span> <span class='ocrx_word' id='word_1_622' title='bbox 765 2147 827 2175; x_wconf 87' lang='lat' dir='ltr'><strong>aliis</strong></span> <span class='ocrx_word' id='word_1_623' title='bbox 843 2147 904 2180; x_wconf 87' lang='lat' dir='ltr'><strong>ejus</strong></span> <span class='ocrx_word' id='word_1_624' title='bbox 918 2147 1081 2182; x_wconf 72' lang='lat' dir='ltr'><strong>opusculis?</strong></span> <span class='ocrx_word' id='word_1_625' title='bbox 1108 2148 1173 2182; x_wconf 88' lang='lat' dir='ltr'><strong>quid</strong></span> <span class='ocrx_word' id='word_1_626' title='bbox 1190 2148 1224 2175; x_wconf 90' lang='lat' dir='ltr'><strong>de</strong></span> <span class='ocrx_word' id='word_1_627' title='bbox 1238 2148 1377 2176; x_wconf 83' lang='lat' dir='ltr'><strong>sacriﬁcio</strong></span> <span class='ocrx_word' id='word_1_628' title='bbox 1395 2146 1508 2174; x_wconf 52' lang='lat' dir='ltr'><strong>missas?</strong></span> <span class='ocrx_word' id='word_1_629' title='bbox 1525 2145 1591 2181; x_wconf 88' lang='lat' dir='ltr'><strong>quid</strong></span> <span class='ocrx_word' id='word_1_630' title='bbox 1611 2144 1645 2172; x_wconf 82' lang='lat' dir='ltr'><strong>de</strong></span> <span class='ocrx_word' id='word_1_631' title='bbox 1661 2143 1788 2178; x_wconf 81' lang='lat' dir='ltr'><strong>corporis</strong></span> 
     </span>
    </p>
   </div>
   <div class='ocr_carea' id='block_1_47' title="bbox 163 2189 1789 2228">
    <p class='ocr_par' dir='ltr' id='par_1_47' title="bbox 163 2189 1789 2228">
     <span class='ocr_line' id='line_1_47' title="bbox 163 2189 1789 2228; baseline -0.005 -5"><span class='ocrx_word' id='word_1_632' title='bbox 163 2195 265 2224; x_wconf 86' lang='lat' dir='ltr'><strong>Christi</strong></span> <span class='ocrx_word' id='word_1_633' title='bbox 286 2193 423 2224; x_wconf 86' lang='lat' dir='ltr'><strong>realitate,</strong></span> <span class='ocrx_word' id='word_1_634' title='bbox 446 2199 478 2218; x_wconf 88' lang='lat' dir='ltr'><strong>ac</strong></span> <span class='ocrx_word' id='word_1_635' title='bbox 497 2191 554 2226; x_wconf 85' lang='lat' dir='ltr'><strong>ipsa</strong></span> <span class='ocrx_word' id='word_1_636' title='bbox 570 2190 905 2218; x_wconf 82' lang='lat' dir='ltr'><strong>transsubstantiatione?</strong></span> <span class='ocrx_word' id='word_1_637' title='bbox 929 2191 994 2226; x_wconf 92' lang='lat' dir='ltr'><strong>quid</strong></span> <span class='ocrx_word' id='word_1_638' title='bbox 1015 2192 1049 2218; x_wconf 93' lang='lat' dir='ltr'><strong>de</strong></span> <span class='ocrx_word' id='word_1_639' title='bbox 1063 2196 1222 2219; x_wconf 85' lang='lat' dir='ltr'><strong>sanctorum</strong></span> <span class='ocrx_word' id='word_1_640' title='bbox 1242 2193 1378 2228; x_wconf 86' lang='lat' dir='ltr'><strong>reliquiis,</strong></span> <span class='ocrx_word' id='word_1_641' title='bbox 1398 2192 1585 2222; x_wconf 87' lang='lat' dir='ltr'><strong>invocatione,</strong></span> <span class='ocrx_word' id='word_1_642' title='bbox 1604 2197 1637 2217; x_wconf 80' lang='lat' dir='ltr'><strong>ac</strong></span> <span class='ocrx_word' id='word_1_643' title='bbox 1652 2189 1789 2216; x_wconf 81' lang='lat' dir='ltr'><strong>interces-</strong></span> 
     </span>
    </p>
   </div>
   <div class='ocr_carea' id='block_1_48' title="bbox 165 2230 1787 2272">
    <p class='ocr_par' dir='ltr' id='par_1_48' title="bbox 165 2230 1787 2272">
     <span class='ocr_line' id='line_1_48' title="bbox 165 2230 1787 2272; baseline -0.004 -6"><span class='ocrx_word' id='word_1_644' title='bbox 165 2240 241 2267; x_wconf 85' lang='lat' dir='ltr'><strong>sione</strong></span> <span class='ocrx_word' id='word_1_645' title='bbox 254 2239 266 2265; x_wconf 77' lang='grc' dir='ltr'><strong><em>τ</em></strong></span> <span class='ocrx_word' id='word_1_646' title='bbox 281 2237 346 2272; x_wconf 88' lang='lat' dir='ltr'><strong>quid</strong></span> <span class='ocrx_word' id='word_1_647' title='bbox 365 2235 399 2263; x_wconf 86' lang='lat' dir='ltr'><strong>de</strong></span> <span class='ocrx_word' id='word_1_648' title='bbox 419 2235 506 2263; x_wconf 88' lang='lat' dir='ltr'><strong>sacris</strong></span> <span class='ocrx_word' id='word_1_649' title='bbox 523 2230 711 2269; x_wconf 76' lang='lat' dir='ltr'><strong>imaginibus?</strong></span> <span class='ocrx_word' id='word_1_650' title='bbox 725 2234 790 2269; x_wconf 90' lang='lat' dir='ltr'><strong>quid</strong></span> <span class='ocrx_word' id='word_1_651' title='bbox 807 2234 841 2261; x_wconf 86' lang='lat' dir='ltr'><strong>de</strong></span> <span class='ocrx_word' id='word_1_652' title='bbox 857 2234 981 2261; x_wconf 89' lang='lat' dir='ltr'><strong>ciborum</strong></span> <span class='ocrx_word' id='word_1_653' title='bbox 997 2235 1113 2268; x_wconf 85' lang='lat' dir='ltr'><strong>delectu,</strong></span> <span class='ocrx_word' id='word_1_654' title='bbox 1132 2236 1165 2262; x_wconf 85' lang='lat' dir='ltr'><strong>de</strong></span> <span class='ocrx_word' id='word_1_655' title='bbox 1178 2231 1301 2270; x_wconf 74' lang='lat' dir='ltr'><strong>jrjuniis,</strong></span> <span class='ocrx_word' id='word_1_656' title='bbox 1318 2237 1351 2263; x_wconf 76' lang='lat' dir='ltr'><strong>de</strong></span> <span class='ocrx_word' id='word_1_657' title='bbox 1365 2236 1504 2265; x_wconf 63' lang='lat' dir='ltr'><strong>caelibatu.</strong></span> <span class='ocrx_word' id='word_1_658' title='bbox 1520 2239 1547 2261; x_wconf 79' lang='lat' dir='ltr'><strong>et</strong></span> <span class='ocrx_word' id='word_1_659' title='bbox 1568 2233 1738 2268; x_wconf 81' lang='lat' dir='ltr'><strong>virginitate,</strong></span> <span class='ocrx_word' id='word_1_660' title='bbox 1753 2232 1787 2259; x_wconf 86' lang='lat' dir='ltr'><strong>de</strong></span> 
     </span>
    </p>
   </div>
   <div class='ocr_carea' id='block_1_49' title="bbox 167 2277 1787 2314">
    <p class='ocr_par' dir='ltr' id='par_1_49' title="bbox 167 2277 1787 2314">
     <span class='ocr_line' id='line_1_49' title="bbox 167 2277 1787 2314; baseline -0.006 -2"><span class='ocrx_word' id='word_1_661' title='bbox 167 2283 345 2314; x_wconf 81' lang='lat' dir='ltr'><strong>monachatu,</strong></span> <span class='ocrx_word' id='word_1_662' title='bbox 361 2281 396 2308; x_wconf 88' lang='lat' dir='ltr'><strong>de</strong></span> <span class='ocrx_word' id='word_1_663' title='bbox 412 2281 492 2308; x_wconf 81' lang='lat' dir='ltr'><strong>bonis</strong></span> <span class='ocrx_word' id='word_1_664' title='bbox 507 2279 648 2313; x_wconf 84' lang='lat' dir='ltr'><strong>operibus,</strong></span> <span class='ocrx_word' id='word_1_665' title='bbox 665 2279 699 2306; x_wconf 86' lang='lat' dir='ltr'><strong>de</strong></span> <span class='ocrx_word' id='word_1_666' title='bbox 717 2280 800 2311; x_wconf 87' lang='lat' dir='ltr'><strong>votis,</strong></span> <span class='ocrx_word' id='word_1_667' title='bbox 815 2279 848 2306; x_wconf 83' lang='lat' dir='ltr'><strong>de</strong></span> <span class='ocrx_word' id='word_1_668' title='bbox 864 2279 1009 2310; x_wconf 86' lang='lat' dir='ltr'><strong>altaribus,</strong></span> <span class='ocrx_word' id='word_1_669' title='bbox 1026 2279 1059 2306; x_wconf 85' lang='lat' dir='ltr'><strong>de</strong></span> <span class='ocrx_word' id='word_1_670' title='bbox 1086 2280 1165 2314; x_wconf 71' lang='lat' dir='ltr'><strong>signo</strong></span> <span class='ocrx_word' id='word_1_671' title='bbox 1179 2280 1282 2312; x_wconf 88' lang='lat' dir='ltr'><strong>crucis,</strong></span> <span class='ocrx_word' id='word_1_672' title='bbox 1311 2281 1344 2308; x_wconf 90' lang='lat' dir='ltr'><strong>de</strong></span> <span class='ocrx_word' id='word_1_673' title='bbox 1373 2279 1579 2311; x_wconf 85' lang='lat' dir='ltr'><strong>traditionibus,</strong></span> <span class='ocrx_word' id='word_1_674' title='bbox 1608 2278 1642 2305; x_wconf 85' lang='lat' dir='ltr'><strong>de</strong></span> <span class='ocrx_word' id='word_1_675' title='bbox 1662 2277 1787 2304; x_wconf 78' lang='lat' dir='ltr'><strong>Romana</strong></span> 
     </span>
    </p>
   </div>
   <div class='ocr_carea' id='block_1_50' title="bbox 166 2320 1787 2359">
    <p class='ocr_par' dir='ltr' id='par_1_50' title="bbox 166 2320 1787 2359">
     <span class='ocr_line' id='line_1_50' title="bbox 166 2320 1787 2359; baseline -0.006 -4"><span class='ocrx_word' id='word_1_676' title='bbox 166 2329 281 2359; x_wconf 85' lang='lat' dir='ltr'><strong>scde,ac</strong></span> <span class='ocrx_word' id='word_1_677' title='bbox 300 2325 429 2353; x_wconf 73' lang='lat' dir='ltr'><strong>Romanis</strong></span> <span class='ocrx_word' id='word_1_678' title='bbox 448 2323 634 2359; x_wconf 87' lang='lat' dir='ltr'><strong>pontiﬁcibus,</strong></span> <span class='ocrx_word' id='word_1_679' title='bbox 652 2327 679 2350; x_wconf 89' lang='lat' dir='ltr'><strong>et</strong></span> <span class='ocrx_word' id='word_1_680' title='bbox 695 2330 729 2350; x_wconf 91' lang='lat' dir='ltr'><strong>an</strong></span> <span class='ocrx_word' id='word_1_681' title='bbox 748 2327 861 2350; x_wconf 86' lang='lat' dir='ltr'><strong>sanctus</strong></span> <span class='ocrx_word' id='word_1_682' title='bbox 875 2322 971 2350; x_wconf 68' lang='lat' dir='ltr'><strong>Petrus</strong></span> <span class='ocrx_word' id='word_1_683' title='bbox 986 2322 1100 2349; x_wconf 78' lang='lat' dir='ltr'><strong>Romam</strong></span> <span class='ocrx_word' id='word_1_684' title='bbox 1117 2323 1152 2350; x_wconf 89' lang='lat' dir='ltr'><strong>sit</strong></span> <span class='ocrx_word' id='word_1_685' title='bbox 1167 2324 1317 2358; x_wconf 82' lang='lat' dir='ltr'><strong>profectus,</strong></span> <span class='ocrx_word' id='word_1_686' title='bbox 1334 2324 1426 2359; x_wconf 86' lang='lat' dir='ltr'><strong>ibique</strong></span> <span class='ocrx_word' id='word_1_687' title='bbox 1445 2323 1522 2350; x_wconf 89' lang='lat' dir='ltr'><strong>cruci</strong></span> <span class='ocrx_word' id='word_1_688' title='bbox 1536 2324 1664 2350; x_wconf 82' lang='lat' dir='ltr'><strong>inversus</strong></span> <span class='ocrx_word' id='word_1_689' title='bbox 1678 2320 1787 2351; x_wconf 80' lang='lat' dir='ltr'><strong>amnis,</strong></span> 
     </span>
    </p>
   </div>
   <div class='ocr_carea' id='block_1_51' title="bbox 169 2365 1790 2402">
    <p class='ocr_par' dir='ltr' id='par_1_51' title="bbox 169 2365 1790 2402">
     <span class='ocr_line' id='line_1_51' title="bbox 169 2365 1790 2402; baseline -0.005 -3"><span class='ocrx_word' id='word_1_690' title='bbox 169 2380 203 2401; x_wconf 81' lang='lat' dir='ltr'><strong>an</strong></span> <span class='ocrx_word' id='word_1_691' title='bbox 225 2371 376 2398; x_wconf 79' lang='lat' dir='ltr'><strong>Romanam</strong></span> <span class='ocrx_word' id='word_1_692' title='bbox 399 2368 556 2396; x_wconf 84' lang='lat' dir='ltr'><strong>fundaverit</strong></span> <span class='ocrx_word' id='word_1_693' title='bbox 571 2367 674 2399; x_wconf 82' lang='lat' dir='ltr'><strong>sedent,</strong></span> <span class='ocrx_word' id='word_1_694' title='bbox 691 2375 725 2394; x_wconf 88' lang='lat' dir='ltr'><strong>an</strong></span> <span class='ocrx_word' id='word_1_695' title='bbox 747 2367 864 2394; x_wconf 81' lang='lat' dir='ltr'><strong>Romani</strong></span> <span class='ocrx_word' id='word_1_696' title='bbox 882 2367 1024 2401; x_wconf 83' lang='lat' dir='ltr'><strong>pontiﬁces</strong></span> <span class='ocrx_word' id='word_1_697' title='bbox 1043 2366 1103 2401; x_wconf 85' lang='lat' dir='ltr'><strong>cjus</strong></span> <span class='ocrx_word' id='word_1_698' title='bbox 1119 2367 1175 2394; x_wconf 88' lang='lat' dir='ltr'><strong>sint</strong></span> <span class='ocrx_word' id='word_1_699' title='bbox 1193 2375 1391 2401; x_wconf 84' lang='lat' dir='ltr'><strong>successores;</strong></span> <span class='ocrx_word' id='word_1_700' title='bbox 1410 2368 1577 2402; x_wconf 77' lang='lat' dir='ltr'><strong>domumque</strong></span> <span class='ocrx_word' id='word_1_701' title='bbox 1592 2367 1625 2394; x_wconf 87' lang='lat' dir='ltr'><strong>de</strong></span> <span class='ocrx_word' id='word_1_702' title='bbox 1640 2366 1704 2394; x_wconf 87' lang='lat' dir='ltr'><strong>aliis</strong></span> <span class='ocrx_word' id='word_1_703' title='bbox 1715 2365 1790 2398; x_wconf 88' lang='lat' dir='ltr'><strong>ejus-</strong></span> 
     </span>
    </p>
   </div>
   <div class='ocr_carea' id='block_1_52' title="bbox 167 2410 1789 2447">
    <p class='ocr_par' dir='ltr' id='par_1_52' title="bbox 167 2410 1789 2447">
     <span class='ocr_line' id='line_1_52' title="bbox 167 2410 1789 2447; baseline -0.006 -4"><span class='ocrx_word' id='word_1_704' title='bbox 167 2414 239 2443; x_wconf 78' lang='lat' dir='ltr'><strong>modi</strong></span> <span class='ocrx_word' id='word_1_705' title='bbox 256 2413 403 2445; x_wconf 79' lang='lat' dir='ltr'><strong>sexcentis,</strong></span> <span class='ocrx_word' id='word_1_706' title='bbox 419 2420 478 2447; x_wconf 74' lang='lat' dir='ltr'><strong>qua!</strong></span> <span class='ocrx_word' id='word_1_707' title='bbox 497 2411 696 2438; x_wconf 83' lang='lat' dir='ltr'><strong>Protcstantica</strong></span> <span class='ocrx_word' id='word_1_708' title='bbox 721 2411 890 2445; x_wconf 86' lang='lat' dir='ltr'><strong>impudentia</strong></span> <span class='ocrx_word' id='word_1_709' title='bbox 910 2410 1094 2437; x_wconf 75' lang='lat' dir='ltr'><strong>Romanorum</strong></span> <span class='ocrx_word' id='word_1_710' title='bbox 1120 2411 1277 2445; x_wconf 81' lang='lat' dir='ltr'><strong>pnitiﬁcmn</strong></span> <span class='ocrx_word' id='word_1_711' title='bbox 1301 2419 1364 2439; x_wconf 80' lang='lat' dir='ltr'><strong>esse</strong></span> <span class='ocrx_word' id='word_1_712' title='bbox 1391 2416 1546 2438; x_wconf 86' lang='lat' dir='ltr'><strong>commenta</strong></span> <span class='ocrx_word' id='word_1_713' title='bbox 1582 2416 1709 2438; x_wconf 66' lang='lat' dir='ltr'><strong>asserere</strong></span> <span class='ocrx_word' id='word_1_714' title='bbox 1734 2415 1789 2435; x_wconf 94' lang='lat' dir='ltr'><strong>non</strong></span> 
     </span>
    </p>
   </div>
   <div class='ocr_carea' id='block_1_53' title="bbox 167 2452 1790 2490">
    <p class='ocr_par' dir='ltr' id='par_1_53' title="bbox 167 2452 1790 2490">
     <span class='ocr_line' id='line_1_53' title="bbox 167 2452 1790 2490; baseline -0.004 -6"><span class='ocrx_word' id='word_1_715' title='bbox 167 2463 296 2484; x_wconf 80' lang='lat' dir='ltr'><strong>vcrcntur</strong></span> <span class='ocrx_word' id='word_1_716' title='bbox 313 2455 421 2484; x_wconf 80' lang='lat' dir='ltr'><strong>vestri?</strong></span> <span class='ocrx_word' id='word_1_717' title='bbox 439 2457 472 2482; x_wconf 74' lang='lat' dir='ltr'><strong>At</strong></span> <span class='ocrx_word' id='word_1_718' title='bbox 487 2455 521 2482; x_wconf 88' lang='lat' dir='ltr'><strong>de</strong></span> <span class='ocrx_word' id='word_1_719' title='bbox 536 2455 579 2482; x_wconf 90' lang='lat' dir='ltr'><strong>his</strong></span> <span class='ocrx_word' id='word_1_720' title='bbox 594 2454 654 2481; x_wconf 81' lang='lat' dir='ltr'><strong>lnse</strong></span> <span class='ocrx_word' id='word_1_721' title='bbox 670 2453 697 2480; x_wconf 94' lang='lat' dir='ltr'><strong>in</strong></span> <span class='ocrx_word' id='word_1_722' title='bbox 712 2461 848 2481; x_wconf 88' lang='lat' dir='ltr'><strong>consensu</strong></span> <span class='ocrx_word' id='word_1_723' title='bbox 866 2453 1046 2481; x_wconf 86' lang='lat' dir='ltr'><strong>Orientalium</strong></span> <span class='ocrx_word' id='word_1_724' title='bbox 1063 2457 1119 2480; x_wconf 88' lang='lat' dir='ltr'><strong>tam</strong></span> <span class='ocrx_word' id='word_1_725' title='bbox 1149 2454 1220 2481; x_wconf 83' lang='lat' dir='ltr'><strong>inter</strong></span> <span class='ocrx_word' id='word_1_726' title='bbox 1245 2462 1286 2486; x_wconf 85' lang='lat' dir='ltr'><strong>se,</strong></span> <span class='ocrx_word' id='word_1_727' title='bbox 1303 2462 1385 2490; x_wconf 90' lang='lat' dir='ltr'><strong>quam</strong></span> <span class='ocrx_word' id='word_1_728' title='bbox 1415 2461 1477 2481; x_wconf 91' lang='lat' dir='ltr'><strong>cum</strong></span> <span class='ocrx_word' id='word_1_729' title='bbox 1504 2453 1627 2481; x_wconf 84' lang='lat' dir='ltr'><strong>Ecclesia</strong></span> <span class='ocrx_word' id='word_1_730' title='bbox 1653 2452 1790 2484; x_wconf 82' lang='lat' dir='ltr'><strong>Romana,</strong></span> 
     </span>
    </p>
   </div>
   <div class='ocr_carea' id='block_1_54' title="bbox 168 2499 497 2528">
    <p class='ocr_par' dir='ltr' id='par_1_54' title="bbox 168 2499 497 2528">
     <span class='ocr_line' id='line_1_54' title="bbox 168 2499 497 2528; baseline -0.009 0"><span class='ocrx_word' id='word_1_731' title='bbox 168 2501 223 2528; x_wconf 82' lang='lat' dir='ltr'><strong>Deo</strong></span> <span class='ocrx_word' id='word_1_732' title='bbox 241 2501 348 2527; x_wconf 81' lang='lat' dir='ltr'><strong>favente</strong></span> <span class='ocrx_word' id='word_1_733' title='bbox 362 2499 497 2526; x_wconf 85' lang='lat' dir='ltr'><strong>dicemus.</strong></span> 
     </span>
    </p>
   </div>
   <div class='ocr_carea' id='block_1_55' title="bbox 202 2550 1788 2589">
    <p class='ocr_par' dir='ltr' id='par_1_55' title="bbox 202 2550 1788 2589">
     <span class='ocr_line' id='line_1_55' title="bbox 202 2550 1788 2589; baseline -0.004 -6"><span class='ocrx_word' id='word_1_734' title='bbox 202 2556 287 2584; x_wconf 87' lang='lat' dir='ltr'><strong>Porro</strong></span> <span class='ocrx_word' id='word_1_735' title='bbox 301 2555 334 2582; x_wconf 85' lang='lat' dir='ltr'><strong>ad</strong></span> <span class='ocrx_word' id='word_1_736' title='bbox 353 2563 409 2582; x_wconf 84' lang='lat' dir='ltr'><strong>rem</strong></span> <span class='ocrx_word' id='word_1_737' title='bbox 424 2554 510 2589; x_wconf 87' lang='lat' dir='ltr'><strong>ipsam</strong></span> <span class='ocrx_word' id='word_1_738' title='bbox 532 2554 587 2589; x_wconf 88' lang='lat' dir='ltr'><strong>jam</strong></span> <span class='ocrx_word' id='word_1_739' title='bbox 604 2554 758 2586; x_wconf 88' lang='lat' dir='ltr'><strong>veniamus,</strong></span> <span class='ocrx_word' id='word_1_740' title='bbox 773 2552 1016 2588; x_wconf 78' lang='lat' dir='ltr'><strong>cxpendamusque</strong></span> <span class='ocrx_word' id='word_1_741' title='bbox 1032 2560 1079 2580; x_wconf 85' lang='lat' dir='ltr'><strong>eos</strong></span> <span class='ocrx_word' id='word_1_742' title='bbox 1096 2552 1176 2580; x_wconf 62' lang='lat' dir='ltr'><strong>Beda:</strong></span> <span class='ocrx_word' id='word_1_743' title='bbox 1191 2553 1275 2588; x_wconf 86' lang='lat' dir='ltr'><strong>hujus</strong></span> <span class='ocrx_word' id='word_1_744' title='bbox 1303 2552 1424 2588; x_wconf 67' lang='lat' dir='ltr'><strong>Egyptii</strong></span> <span class='ocrx_word' id='word_1_745' title='bbox 1442 2553 1532 2586; x_wconf 88' lang='lat' dir='ltr'><strong>locos,</strong></span> <span class='ocrx_word' id='word_1_746' title='bbox 1558 2559 1592 2579; x_wconf 78' lang='lat' dir='ltr'><strong>ex</strong></span> <span class='ocrx_word' id='word_1_747' title='bbox 1611 2550 1713 2586; x_wconf 83' lang='lat' dir='ltr'><strong>quibus</strong></span> <span class='ocrx_word' id='word_1_748' title='bbox 1739 2557 1788 2578; x_wconf 79' lang='lat' dir='ltr'><strong>sua</strong></span> 
     </span>
    </p>
   </div>
   <div class='ocr_carea' id='block_1_56' title="bbox 167 2594 1790 2632">
    <p class='ocr_par' dir='ltr' id='par_1_56' title="bbox 167 2594 1790 2632">
     <span class='ocr_line' id='line_1_56' title="bbox 167 2594 1790 2632; baseline -0.004 -4"><span class='ocrx_word' id='word_1_749' title='bbox 167 2605 294 2628; x_wconf 85' lang='lat' dir='ltr'><strong>astruere</strong></span> <span class='ocrx_word' id='word_1_750' title='bbox 307 2604 422 2627; x_wconf 84' lang='lat' dir='ltr'><strong>conatur</strong></span> <span class='ocrx_word' id='word_1_751' title='bbox 435 2602 531 2625; x_wconf 88' lang='lat' dir='ltr'><strong>contra</strong></span> <span class='ocrx_word' id='word_1_752' title='bbox 556 2606 606 2625; x_wconf 77' lang='lat' dir='ltr'><strong>llos</strong></span> <span class='ocrx_word' id='word_1_753' title='bbox 630 2603 795 2632; x_wconf 72' lang='lat' dir='ltr'><strong>argumenta</strong></span> <span class='ocrx_word' id='word_1_754' title='bbox 820 2597 966 2624; x_wconf 86' lang='lat' dir='ltr'><strong>Seldenus.</strong></span> <span class='ocrx_word' id='word_1_755' title='bbox 983 2596 1017 2624; x_wconf 90' lang='lat' dir='ltr'><strong>Et</strong></span> <span class='ocrx_word' id='word_1_756' title='bbox 1036 2603 1066 2624; x_wconf 86' lang='lat' dir='ltr'><strong>ut</strong></span> <span class='ocrx_word' id='word_1_757' title='bbox 1083 2605 1127 2624; x_wconf 84' lang='lat' dir='ltr'><strong>res</strong></span> <span class='ocrx_word' id='word_1_758' title='bbox 1154 2598 1253 2625; x_wconf 70' lang='lat' dir='ltr'><strong>melius</strong></span> <span class='ocrx_word' id='word_1_759' title='bbox 1268 2605 1282 2624; x_wconf 92' lang='lat' dir='ltr'><strong>a</strong></span> <span class='ocrx_word' id='word_1_760' title='bbox 1301 2597 1451 2625; x_wconf 63' lang='lat' dir='ltr'><strong>lectoribus</strong></span> <span class='ocrx_word' id='word_1_761' title='bbox 1477 2596 1582 2624; x_wconf 84' lang='lat' dir='ltr'><strong>nostris</strong></span> <span class='ocrx_word' id='word_1_762' title='bbox 1608 2594 1790 2630; x_wconf 71' lang='lat' dir='ltr'><strong>intelligatur.</strong></span> 
     </span>
    </p>
   </div>
   <div class='ocr_carea' id='block_1_57' title="bbox 169 2640 1789 2679">
    <p class='ocr_par' dir='ltr' id='par_1_57' title="bbox 169 2640 1789 2679">
     <span class='ocr_line' id='line_1_57' title="bbox 169 2640 1789 2679; baseline -0.002 -9"><span class='ocrx_word' id='word_1_763' title='bbox 169 2643 359 2679; x_wconf 69' lang='lat' dir='ltr'><strong>prtemittenda</strong></span> <span class='ocrx_word' id='word_1_764' title='bbox 376 2647 417 2670; x_wconf 83' lang='lat' dir='ltr'><strong>est</strong></span> <span class='ocrx_word' id='word_1_765' title='bbox 433 2641 558 2677; x_wconf 85' lang='lat' dir='ltr'><strong>Eutycbii</strong></span> <span class='ocrx_word' id='word_1_766' title='bbox 577 2642 693 2669; x_wconf 76' lang='lat' dir='ltr'><strong>Arabica</strong></span> <span class='ocrx_word' id='word_1_767' title='bbox 711 2641 843 2668; x_wconf 88' lang='lat' dir='ltr'><strong>Periocha</strong></span> <span class='ocrx_word' id='word_1_768' title='bbox 860 2647 923 2668; x_wconf 91' lang='lat' dir='ltr'><strong>cum</strong></span> <span class='ocrx_word' id='word_1_769' title='bbox 938 2640 1034 2668; x_wconf 85' lang='lat' dir='ltr'><strong>Latina</strong></span> <span class='ocrx_word' id='word_1_770' title='bbox 1055 2640 1164 2668; x_wconf 83' lang='lat' dir='ltr'><strong>Seldeni</strong></span> <span class='ocrx_word' id='word_1_771' title='bbox 1182 2642 1418 2676; x_wconf 78' lang='lat' dir='ltr'><strong>interpretatione,</strong></span> <span class='ocrx_word' id='word_1_772' title='bbox 1434 2648 1516 2676; x_wconf 86' lang='lat' dir='ltr'><strong>quam</strong></span> <span class='ocrx_word' id='word_1_773' title='bbox 1535 2645 1630 2668; x_wconf 85' lang='lat' dir='ltr'><strong>nostra</strong></span> <span class='ocrx_word' id='word_1_774' title='bbox 1646 2644 1789 2674; x_wconf 83' lang='lat' dir='ltr'><strong>sequetur.</strong></span> 
     </span>
    </p>
   </div>
   <div class='ocr_carea' id='block_1_58' title="bbox 172 2683 1790 2721">
    <p class='ocr_par' dir='ltr' id='par_1_58' title="bbox 172 2683 1790 2721">
     <span class='ocr_line' id='line_1_58' title="bbox 172 2683 1790 2721; baseline -0.002 -7"><span class='ocrx_word' id='word_1_775' title='bbox 172 2687 286 2715; x_wconf 82' lang='lat' dir='ltr'><strong>Eri-ores</strong></span> <span class='ocrx_word' id='word_1_776' title='bbox 302 2694 366 2714; x_wconf 91' lang='lat' dir='ltr'><strong>vero</strong></span> <span class='ocrx_word' id='word_1_777' title='bbox 379 2690 406 2712; x_wconf 89' lang='lat' dir='ltr'><strong>ct</strong></span> <span class='ocrx_word' id='word_1_778' title='bbox 421 2685 544 2716; x_wconf 85' lang='lat' dir='ltr'><strong>mendas,</strong></span> <span class='ocrx_word' id='word_1_779' title='bbox 564 2693 626 2720; x_wconf 78' lang='lat' dir='ltr'><strong>qua:</strong></span> <span class='ocrx_word' id='word_1_780' title='bbox 640 2685 672 2712; x_wconf 88' lang='lat' dir='ltr'><strong>ad</strong></span> <span class='ocrx_word' id='word_1_781' title='bbox 691 2685 778 2720; x_wconf 88' lang='lat' dir='ltr'><strong>ipsam</strong></span> <span class='ocrx_word' id='word_1_782' title='bbox 799 2683 1016 2712; x_wconf 87' lang='lat' dir='ltr'><strong>controversiam</strong></span> <span class='ocrx_word' id='word_1_783' title='bbox 1034 2693 1088 2713; x_wconf 92' lang='lat' dir='ltr'><strong>non</strong></span> <span class='ocrx_word' id='word_1_784' title='bbox 1105 2687 1242 2721; x_wconf 82' lang='lat' dir='ltr'><strong>pertinent</strong></span> <span class='ocrx_word' id='word_1_785' title='bbox 1271 2686 1352 2721; x_wconf 88' lang='lat' dir='ltr'><strong>(quas</strong></span> <span class='ocrx_word' id='word_1_786' title='bbox 1385 2686 1478 2721; x_wconf 88' lang='lat' dir='ltr'><strong>plures</strong></span> <span class='ocrx_word' id='word_1_787' title='bbox 1494 2689 1522 2712; x_wconf 85' lang='lat' dir='ltr'><strong>et</strong></span> <span class='ocrx_word' id='word_1_788' title='bbox 1536 2691 1633 2720; x_wconf 73' lang='lat' dir='ltr'><strong>graves</strong></span> <span class='ocrx_word' id='word_1_789' title='bbox 1648 2683 1790 2711; x_wconf 82' lang='lat' dir='ltr'><strong>commisit</strong></span> 
     </span>
    </p>
   </div>
   <div class='ocr_carea' id='block_1_59' title="bbox 166 2727 1786 2765">
    <p class='ocr_par' dir='ltr' id='par_1_59' title="bbox 166 2727 1786 2765">
     <span class='ocr_line' id='line_1_59' title="bbox 166 2727 1786 2765; baseline -0.002 -7"><span class='ocrx_word' id='word_1_790' title='bbox 166 2736 222 2758; x_wconf 84' lang='lat' dir='ltr'><strong>tam</strong></span> <span class='ocrx_word' id='word_1_791' title='bbox 237 2732 263 2758; x_wconf 91' lang='lat' dir='ltr'><strong>in</strong></span> <span class='ocrx_word' id='word_1_792' title='bbox 289 2730 427 2762; x_wconf 84' lang='lat' dir='ltr'><strong>Periocha,</strong></span> <span class='ocrx_word' id='word_1_793' title='bbox 445 2737 525 2762; x_wconf 88' lang='lat' dir='ltr'><strong>quam</strong></span> <span class='ocrx_word' id='word_1_794' title='bbox 541 2729 567 2755; x_wconf 93' lang='lat' dir='ltr'><strong>in</strong></span> <span class='ocrx_word' id='word_1_795' title='bbox 593 2728 826 2762; x_wconf 83' lang='lat' dir='ltr'><strong>Commentariis),</strong></span> <span class='ocrx_word' id='word_1_796' title='bbox 852 2727 885 2755; x_wconf 83' lang='lat' dir='ltr'><strong>ad</strong></span> <span class='ocrx_word' id='word_1_797' title='bbox 914 2728 1018 2756; x_wconf 79' lang='lat' dir='ltr'><strong>calcem</strong></span> <span class='ocrx_word' id='word_1_798' title='bbox 1039 2729 1142 2764; x_wconf 86' lang='lat' dir='ltr'><strong>Operis</strong></span> <span class='ocrx_word' id='word_1_799' title='bbox 1159 2729 1339 2765; x_wconf 79' lang='lat' dir='ltr'><strong>castigandas</strong></span> <span class='ocrx_word' id='word_1_800' title='bbox 1363 2736 1425 2757; x_wconf 85' lang='lat' dir='ltr'><strong>esse</strong></span> <span class='ocrx_word' id='word_1_801' title='bbox 1440 2728 1625 2760; x_wconf 86' lang='lat' dir='ltr'><strong>commodius,</strong></span> <span class='ocrx_word' id='word_1_802' title='bbox 1642 2727 1786 2755; x_wconf 80' lang='lat' dir='ltr'><strong>duximus.</strong></span> 
     </span>
    </p>
   </div>
   <div class='ocr_carea' id='block_1_60' title="bbox 165 2771 1788 2808">
    <p class='ocr_par' dir='ltr' id='par_1_60' title="bbox 165 2771 1788 2808">
     <span class='ocr_line' id='line_1_60' title="bbox 165 2771 1788 2808; baseline -0.002 -7"><span class='ocrx_word' id='word_1_803' title='bbox 165 2774 267 2802; x_wconf 84' lang='lat' dir='ltr'><strong>Nostra</strong></span> <span class='ocrx_word' id='word_1_804' title='bbox 282 2779 372 2801; x_wconf 80' lang='lat' dir='ltr'><strong>autem</strong></span> <span class='ocrx_word' id='word_1_805' title='bbox 389 2774 461 2800; x_wconf 84' lang='lat' dir='ltr'><strong>dicta</strong></span> <span class='ocrx_word' id='word_1_806' title='bbox 479 2780 533 2799; x_wconf 90' lang='lat' dir='ltr'><strong>non</strong></span> <span class='ocrx_word' id='word_1_807' title='bbox 551 2772 633 2800; x_wconf 87' lang='lat' dir='ltr'><strong>modo</strong></span> <span class='ocrx_word' id='word_1_808' title='bbox 658 2780 691 2799; x_wconf 80' lang='lat' dir='ltr'><strong>ex</strong></span> <span class='ocrx_word' id='word_1_809' title='bbox 708 2772 846 2808; x_wconf 87' lang='lat' dir='ltr'><strong>Eutychio</strong></span> <span class='ocrx_word' id='word_1_810' title='bbox 862 2771 923 2807; x_wconf 87' lang='lat' dir='ltr'><strong>ipso</strong></span> <span class='ocrx_word' id='word_1_811' title='bbox 939 2776 967 2799; x_wconf 88' lang='lat' dir='ltr'><strong>ct</strong></span> <span class='ocrx_word' id='word_1_812' title='bbox 991 2773 1197 2806; x_wconf 84' lang='lat' dir='ltr'><strong>antiquissimis</strong></span> <span class='ocrx_word' id='word_1_813' title='bbox 1226 2774 1359 2802; x_wconf 79' lang='lat' dir='ltr'><strong>Ecclesia:</strong></span> <span class='ocrx_word' id='word_1_814' title='bbox 1383 2773 1577 2801; x_wconf 66' lang='lat' dir='ltr'><strong>Alexandrina</strong></span> <span class='ocrx_word' id='word_1_815' title='bbox 1600 2771 1788 2800; x_wconf 81' lang='lat' dir='ltr'><strong>monumentis</strong></span> 
     </span>
    </p>
   </div>
   <div class='ocr_carea' id='block_1_61' title="bbox 167 2811 1788 2851">
    <p class='ocr_par' dir='ltr' id='par_1_61' title="bbox 167 2811 1788 2851">
     <span class='ocr_line' id='line_1_61' title="bbox 167 2811 1788 2851; baseline -0.005 -5"><span class='ocrx_word' id='word_1_816' title='bbox 167 2819 340 2847; x_wconf 88' lang='lat' dir='ltr'><strong>ﬁrmabimus</strong></span> <span class='ocrx_word' id='word_1_817' title='bbox 355 2826 362 2851; x_wconf 85' lang='lat'>;</span> <span class='ocrx_word' id='word_1_818' title='bbox 377 2817 424 2845; x_wconf 87' lang='lat' dir='ltr'><strong>sed</strong></span> <span class='ocrx_word' id='word_1_819' title='bbox 440 2817 524 2845; x_wconf 83' lang='lat' dir='ltr'><strong>etiam</strong></span> <span class='ocrx_word' id='word_1_820' title='bbox 540 2825 574 2844; x_wconf 81' lang='lat' dir='ltr'><strong>ex</strong></span> <span class='ocrx_word' id='word_1_821' title='bbox 589 2817 707 2845; x_wconf 83' lang='lat' dir='ltr'><strong>aliorum</strong></span> <span class='ocrx_word' id='word_1_822' title='bbox 723 2816 908 2844; x_wconf 81' lang='lat' dir='ltr'><strong>Orientalium</strong></span> <span class='ocrx_word' id='word_1_823' title='bbox 924 2814 1091 2843; x_wconf 87' lang='lat' dir='ltr'><strong>testimoniis</strong></span> <span class='ocrx_word' id='word_1_824' title='bbox 1106 2820 1134 2843; x_wconf 85' lang='lat' dir='ltr'><strong>et</strong></span> <span class='ocrx_word' id='word_1_825' title='bbox 1148 2816 1375 2843; x_wconf 86' lang='lat' dir='ltr'><strong>auctoritatibus.</strong></span> <span class='ocrx_word' id='word_1_826' title='bbox 1403 2814 1449 2842; x_wconf 82' lang='lat' dir='ltr'><strong>Sic</strong></span> <span class='ocrx_word' id='word_1_827' title='bbox 1463 2814 1537 2842; x_wconf 78' lang='lat' dir='ltr'><strong>enim</strong></span> <span class='ocrx_word' id='word_1_828' title='bbox 1558 2813 1639 2841; x_wconf 80' lang='lat' dir='ltr'><strong>facile</strong></span> <span class='ocrx_word' id='word_1_829' title='bbox 1656 2811 1788 2839; x_wconf 84' lang='lat' dir='ltr'><strong>videbunt</strong></span> 
     </span>
    </p>
   </div>
   <div class='ocr_carea' id='block_1_62' title="bbox 168 2858 1751 2898">
    <p class='ocr_par' dir='ltr' id='par_1_62' title="bbox 168 2858 1751 2898">
     <span class='ocr_line' id='line_1_62' title="bbox 168 2858 1751 2898; baseline -0.004 -9"><span class='ocrx_word' id='word_1_830' title='bbox 168 2861 331 2897; x_wconf 83' lang='lat' dir='ltr'><strong>adversarii,</strong></span> <span class='ocrx_word' id='word_1_831' title='bbox 345 2868 471 2898; x_wconf 73' lang='lat' dir='ltr'><strong>quaenam</strong></span> <span class='ocrx_word' id='word_1_832' title='bbox 489 2861 525 2889; x_wconf 85' lang='lat' dir='ltr'><strong>sit</strong></span> <span class='ocrx_word' id='word_1_833' title='bbox 540 2860 666 2896; x_wconf 85' lang='lat' dir='ltr'><strong>Eulycliii</strong></span> <span class='ocrx_word' id='word_1_834' title='bbox 686 2867 763 2889; x_wconf 86' lang='lat' dir='ltr'><strong>mens</strong></span> <span class='ocrx_word' id='word_1_835' title='bbox 779 2864 806 2888; x_wconf 84' lang='lat' dir='ltr'><strong>et</strong></span> <span class='ocrx_word' id='word_1_836' title='bbox 822 2866 921 2888; x_wconf 84' lang='lat' dir='ltr'><strong>sensus</strong></span> <span class='ocrx_word' id='word_1_837' title='bbox 937 2863 964 2888; x_wconf 85' lang='lat' dir='ltr'><strong>et</strong></span> <span class='ocrx_word' id='word_1_838' title='bbox 981 2867 1064 2895; x_wconf 83' lang='lat' dir='ltr'><strong>quam</strong></span> <span class='ocrx_word' id='word_1_839' title='bbox 1082 2860 1168 2888; x_wconf 88' lang='lat' dir='ltr'><strong>mirus</strong></span> <span class='ocrx_word' id='word_1_840' title='bbox 1185 2860 1309 2888; x_wconf 75' lang='lat' dir='ltr'><strong>amntium</strong></span> <span class='ocrx_word' id='word_1_841' title='bbox 1324 2859 1513 2888; x_wconf 86' lang='lat' dir='ltr'><strong>Orientalium</strong></span> <span class='ocrx_word' id='word_1_842' title='bbox 1530 2858 1568 2887; x_wconf 86' lang='lat' dir='ltr'><strong>sit</strong></span> <span class='ocrx_word' id='word_1_843' title='bbox 1585 2863 1751 2886; x_wconf 81' lang='lat' dir='ltr'><strong>consensus.</strong></span> 
     </span>
    </p>
   </div>
  </div>
