2015 3081
256 83 308 115 903
774 77 955 108 EUTYCHU
974 74 1126 105 ALEXAN
1134 73 1243 103 DRlNl
1264 74 1363 102 PATR
1819 69 1870 101 ςιει

291 140 323 163 At
338 137 432 163 tstbmc
451 137 625 163 meditantem
643 133 826 168 interpellavit
841 138 978 159 nonnemo
994 131 1089 157 dicens
1104 137 1110 156 :
1130 128 1215 161 lleus,
1237 128 1393 155 Abraham!
1412 128 1443 154 ad
1463 127 1527 161 quid
1545 134 1629 154 ranos
1646 125 1780 160 impendis
1794 125 1871 151 laho.

256 180 319 206 rt-s?
338 180 360 206 si
378 180 492 214 Moysen
513 184 540 205 et
559 179 716 212 prophetas,
733 183 803 210 quos
822 176 933 206 habent,
954 181 1005 200 non
1034 173 1160 209 audiunt,
1178 177 1304 206 putasne,
1331 172 1397 198 illos
1421 171 1574 200 audituros,
1590 175 1636 197 aut
1661 170 1823 200 credituros,
1849 169 1869 195 si

257 229 331 250 ttntm
348 211 455 251 ttiiseris
475 222 507 248 ad
522 211 569 248 cos
586 211 751 248 orientalem
768 219 913 250 Lazarum,
931 221 978 244 aut
995 224 1028 243 ex
1051 216 1105 243 tuis
1121 216 1236 242 mortuis
1253 215 1408 250 quempiam
1431 215 1537 241 alium?
1559 213 1628 240 lluic
1643 221 1711 247 ego:
1731 211 1798 244 Quid
1816 212 1870 238 sint

257 267 366 296 facturi,
384 265 481 296 antire,
514 272 625 299 prorsus
640 264 756 297 ignoro;
781 267 808 289 at
824 261 888 295 quid
904 269 970 287 mea:
985 259 1123 294 postulant
1141 266 1242 293 partes,
1259 259 1345 286 habeo
1361 267 1393 286 ex
1411 258 1442 285 D.
1459 257 1560 284 Jacobo
1575 258 1644 292 Syro
1659 258 1685 283 itt
1702 257 1822 283 carmine
1841 255 1872 281 de

258 317 352 336 amore
368 313 394 336 et
412 308 505 336 studio
522 308 643 334 veritatis
661 307 698 333 ita
719 307 857 333 scribente
871 313 878 330 :
894 304 1020 338 Loquere,
1037 303 1141 337 loquere
1157 309 1196 335 tu,
1217 303 1258 328 cui
1276 302 1432 336 loquendum
1451 306 1500 333 est,
1514 301 1624 327 audiam
1641 307 1675 330 te,
1694 300 1733 326 rel
1754 307 1804 325 non
1823 307 1872 325 au—

257 354 342 383 diant,
364 360 395 378 ne
412 360 494 378 cesses
514 351 596 385 loqui.
613 350 732 384 [Equum
762 353 863 379 tamen,
881 355 913 374 ac
929 355 978 382 par
991 350 1033 373 cst
1049 347 1170 378 crcdcrc,
1195 354 1241 372 ros
1257 346 1411 377 audituros,
1435 351 1615 379 cessurosque
1631 343 1739 370 illoruut
1755 342 1872 370 auctori-

258 391 313 429 ιζιιὶ,
331 397 361 422 ad
379 404 448 431 quos
464 392 662 430 prdvocaruut.
682 392 865 426 Quamobrem
883 395 975 418 votum
993 392 1125 418 secundet
1140 391 1186 425 qui
1204 395 1294 425 potest
1311 394 1452 423 nostrum,
1471 389 1554 417 Deus.

701 516 910 548 EUTYCIIII
928 514 1211 545 PATRIARCII/E
1233 514 1449 546 PERIOCHA

482 625 548 653 Cum
565 623 682 651 versione
698 621 815 650 Seldeni.
1056 623 1078 649 Α
1247 618 1314 645 Cum
1333 619 1452 647 versione
1466 626 1533 646 nova
1548 619 1583 645 ad
1598 619 1712 647 verbum.

292 685 389 711 Annus
420 681 550 718 agebatur
573 680 681 708 Claudii
706 679 825 706 Ctesaris
851 685 951 709 nonus,
979 684 1041 703 cum

257 729 366 756 Marcus
382 727 549 762 evangelista
576 727 604 753 in
626 725 695 752 urbe
714 727 838 751 versatus
859 727 901 749 est
923 723 1042 748 Alexan-

257 777 334 807 dria),
350 780 378 802 ut
394 775 457 802 inde
476 777 674 809 propagaretur
690 773 760 806 apud
781 770 907 797 homines
922 769 988 795 ﬁdes
1015 769 1042 795 in

258 822 369 850 Christo
397 820 512 847 Domino
530 822 637 845 nostro.
666 817 732 843 Dum
760 822 850 842 autem
877 822 925 849 per
949 814 1042 840 urbem

261 868 376 899 incedit,
394 866 562 900 dill'ringitur
577 863 661 891 calcei
675 863 735 897 ejus
749 861 871 895 corrigia
887 869 893 887 :
912 867 993 894 quem
1015 863 1044 885 ut

259 913 396 944 reﬁceret,
420 911 453 938 ad
480 916 602 938 sutorem
629 916 659 935 se
683 907 800 935 contulit
823 906 935 933 nomine
956 905 1046 932 Hann-

258 959 343 990 niam,
362 958 409 992 qui
427 956 525 984 subula
540 955 573 981 ad
589 952 781 988 perforandum
792 952 913 978 calceum
926 955 1044 984 sumpta,

259 1003 375 1037 digitum
395 1009 474 1029 suum
498 999 660 1035 perforavit,
682 999 751 1024 adeo
772 1001 800 1023 ut
820 997 934 1023 multum
954 996 1046 1022 elllue-

260 1054 300 1075 rct
321 1048 473 1082 sanguinis,
500 1053 550 1073 nec
569 1045 630 1072 sine
660 1043 754 1071 dolore
778 1042 892 1076 ingenti.
914 1041 1045 1068 Submur-

260 1094 381 1120 tuurauti
398 1093 481 1126 igitur
505 1092 532 1118 in
551 1090 690 1119 Marcum,
709 1088 779 1115 dixit
796 1088 819 1114 ei
836 1087 890 1119 Ille,
911 1086 938 1112 Si
957 1086 1048 1112 credi-

259 1139 332 1166 detis
344 1139 370 1165 iu
388 1138 481 1165 Iesum
499 1136 640 1163 Christum
660 1133 757 1160 Filium
783 1131 829 1159 Dei
844 1152 850 1165 ,
869 1132 969 1167 digitus
985 1136 1046 1158 tuus

260 1185 415 1211 sanabitur.
439 1181 579 1210 Prcltenso
601 1179 686 1213 igitur
701 1178 790 1211 digito
822 1177 882 1210 ejus
905 1177 996 1203 dixit:
1017 1177 1046 1203 ln

263 1229 371 1255 nomine
385 1227 449 1254 Jesu
461 1225 564 1253 Christi
577 1231 660 1251 sanus
674 1224 710 1250 sit
725 1223 826 1256 digitus
840 1226 921 1252 tuus;
938 1222 983 1254 qui
998 1228 1047 1247 eo-

263 1274 322 1300 dem
350 1275 489 1298 momento
510 1271 537 1296 in
567 1269 716 1296 sanitatem
738 1267 887 1294 restitutus
909 1271 963 1298 est,
986 1274 1048 1294 san-

263 1319 344 1351 guine
372 1317 490 1351 amplius
515 1323 569 1342 tton
593 1313 731 1341 cll‘lucnte.
756 1313 790 1340 Et
818 1313 934 1339 credidit
960 1313 994 1339 ab
1016 1320 1048 1339 co

263 1369 388 1399 tempore
408 1362 550 1389 llauanias
579 1361 606 1387 in
629 1359 779 1389 Christum,
801 1358 874 1385 unde
901 1358 1049 1392 baptizavit

263 1418 325 1437 eum
345 1409 452 1436 Marcus
464 1412 490 1435 et
499 1406 641 1434 constituit
667 1412 728 1432 eum
742 1403 922 1439 patriarcham
935 1403 1050 1430 Alexan-

263 1456 337 1482 driae.
351 1454 462 1481 Scilicet
477 1453 500 1480 is
515 1452 619 1487 primus
657 1454 717 1477 erat
738 1449 909 1476 Alexandriae
932 1449 1048 1482 patriar-

267 1503 318 1528 cha
339 1500 518 1527 constitutus.
541 1496 692 1524 Constituit
718 1495 782 1521 item
803 1494 910 1521 Marcus
933 1499 1050 1527 evange-

264 1547 328 1574 lista
351 1545 495 1573 duodecim
520 1543 695 1578 presbyteros
733 1547 796 1567 cum
831 1538 971 1572 llanania;
1002 1538 1049 1573 qui

263 1598 360 1626 nempe
369 1592 509 1617 manerent
522 1596 583 1615 cum
596 1586 761 1622 patriarcha,
773 1584 839 1611 adeo
851 1589 880 1610 ut
894 1591 954 1611 cum
974 1591 1051 1610 vaca-

266 1641 309 1663 ret
343 1636 557 1669 patriarchatus,
591 1634 723 1667 eligerent
749 1638 833 1657 unum
860 1637 875 1657 c
905 1628 1049 1656 duodecim

263 1681 430 1717 presbyteris
453 1680 531 1713 cujus
555 1678 639 1712 capiti
671 1676 769 1711 reliqui
795 1675 923 1702 undecim
952 1681 1050 1700 manus

265 1727 440 1760 imponerent
455 1731 573 1758 eutnque
591 1721 787 1749 benedicerent
814 1724 840 1746 ct
864 1719 1050 1754 patriarcham

265 1779 328 1799 eum
357 1775 494 1801 crearent,
519 1772 545 1795 et
567 1767 630 1794 dein
654 1766 743 1792 virutn
767 1765 884 1799 aliquem
916 1764 1051 1798 insignem

265 1818 399 1853 eligerent
421 1822 539 1850 eumque
567 1812 757 1848 presbyterum
782 1817 876 1837 secum
900 1809 1052 1836 constitue-

265 1868 327 1891 rent
348 1865 407 1889 loco
429 1861 490 1896 ejus
509 1859 556 1894 qui
582 1859 621 1885 sic
645 1857 734 1883 lactus
759 1859 800 1883 est
833 1854 1001 1890 patriarcha,
1023 1857 1052 1880 ut

267 1910 306 1936 ita
334 1914 440 1942 semper
480 1908 620 1932 exstarent
651 1902 807 1930 duodecim.
840 1899 933 1934 Neque
971 1899 1051 1926 desiit

266 1953 441 1981 Alexandriae
459 1951 615 1979 institututu
633 1949 684 1976 hoc
696 1947 729 1974 de
742 1946 916 1982 presbyteris,
940 1950 968 1971 ut
996 1944 1050 1971 sci~
1063 1955 1085 1984 α

267 2001 332 2027 licet
357 1997 530 2035 patriarchas
547 1998 673 2023 crearent
699 2001 731 2020 ex
764 1991 931 2027 presbyteris
949 1989 1051 2018 duode-

266 2046 331 2077 eitn,
360 2051 448 2078 usque
479 2042 512 2069 ad
549 2046 671 2074 tempora
705 2037 853 2065 Alexandri
886 2035 1051 2071 patriarcha:

266 2090 445 2120 Alemnilrini
461 2088 507 2123 qui
527 2087 578 2114 fuit
594 2094 627 2113 ex
644 2092 759 2112 numero
771 2083 817 2110 illo
835 2082 897 2109 518.
916 2081 942 2109 is
960 2085 1050 2108 autem

268 2138 354 2165 vetuit
383 2143 417 2162 ne
443 2134 574 2167 deinceps
597 2130 782 2166 patriarchatn
800 2128 951 2163 presbyteri
971 2134 1051 2154 crea-

269 2187 339 2212 rent.
369 2181 401 2208 Et
415 2179 544 2207 .decrevit
563 2181 592 2204 ut
617 2181 726 2202 mortuo
748 2173 905 2209 patriarcha
923 2172 1053 2200 conveni-

269 2233 330 2256 rent
342 2225 464 2262 episcopi
487 2224 534 2258 qui
560 2221 746 2258 patriarcham
764 2220 934 2246 ordinarent.
952 2218 1052 2245 Decre-

268 2276 308 2302 vit
323 2276 387 2301 item
404 2278 433 2299 ut
443 2273 557 2298 vacante
576 2267 774 2303 patriarchatu,
796 2264 930 2299 eligerent
945 2263 1002 2290 sive
1020 2270 1054 2290 ex

269 2325 435 2355 quacunque
449 2317 561 2351 regione
580 2314 637 2341 sive
656 2319 689 2340 ex
706 2309 854 2338 duodecim
875 2309 928 2336 illis
942 2308 1055 2343 presby-

271 2367 340 2394 teris
355 2365 413 2392 sive
426 2362 501 2394 aliis,
514 2365 544 2388 ut
564 2367 610 2387 res
625 2358 742 2389 ferebat,
752 2358 841 2383 virum
862 2355 981 2390 aliquem
995 2355 1054 2382 exi-

270 2414 364 2443 mium,
381 2415 499 2443 eumque
507 2405 690 2442 patriarchant
703 2406 837 2430 crearent.
848 2402 936 2436 Atque
948 2402 983 2428 ita
992 2408 1055 2427 cva—

270 2459 330 2486 nuit
342 2457 499 2484 institututn
516 2452 583 2478 illud
601 2450 756 2484 antiquius,
777 2456 831 2482 quo
848 2447 937 2474 creari
952 2446 1052 2473 solitus

271 2500 465 2538 apresbyteris
489 2497 664 2533 patriarcha;
703 2497 730 2520 et
751 2492 886 2521 successit
910 2492 938 2518 in
966 2492 1055 2518 loeum

272 2549 332 2584 ejus
346 2548 489 2576 decretum
505 2543 539 2570 de
557 2540 712 2577 patriarcha
729 2539 762 2566 ab
775 2537 912 2573 episc0pis
926 2537 1054 2564 creando.

272 2582 298 2623 1;
311 2594 392 2621 etiam
409 2591 488 2626 petiit
504 2588 538 2616 ab
554 2588 594 2615 eis
613 2594 648 2613 ne
671 2584 827 2621 patriarcha
852 2582 1056 2610 Alexandrinus

272 2646 342 2674 papa
357 2637 536 2667 vocitaretur,
560 2631 634 2668 quod
654 2630 792 2665 signiﬁcat
815 2637 908 2656 avum.
924 2628 977 2655 Sed
992 2635 1057 2655 vero

272 2687 307 2714 ab
319 2683 441 2712 Hanania
455 2689 537 2717 quem
549 2678 690 2708 constituit
702 2676 809 2704 Marcus
821 2674 990 2709 evangelista
1007 2681 1055 2708 pa-

272 2727 419 2756 triarclniu
429 2723 608 2756 Alexandriae,
626 2729 711 2757 usque
726 2721 753 2747 in
772 2724 894 2754 tempora
927 2718 1055 2745 Demetrii

274 2771 437 2808 patriarchae
462 2769 563 2797 ibidem
583 2768 620 2802 (is
643 2767 799 2802 patriarcha
821 2765 871 2793 luit
891 2763 1056 2792 Alexandri-

1128 677 1207 702 Anno
1219 683 1292 703 nono
1308 675 1415 710 imperii
1431 676 1539 704 Claudii
1555 676 1671 704 Caesaris
1696 682 1754 704 erat
1769 677 1874 704 Marcus

1092 722 1259 756 evangelista
1284 722 1311 748 in
1329 722 1397 749 urbe
1420 722 1593 749 Alexandria:
1612 730 1769 750 convoeans
1787 724 1841 750 hon
1854 724 1876 750 i-

1094 774 1142 793 nes
1155 766 1189 793 ad
1206 766 1285 793 ﬁdem
1304 767 1330 793 in
1345 767 1484 794 Christum
1499 767 1641 794 Dominum
1658 774 1793 796 nostrum.
1807 769 1874 795 Dnin

1095 817 1185 839 autem
1204 820 1252 847 per
1266 813 1360 840 urbem
1388 813 1531 840 incedebat
1561 812 1680 846 Marcus,
1701 814 1808 848 dirupta
1835 818 1876 842 cst

1094 857 1212 892 corrigia
1229 858 1409 884 calceamenti
1429 858 1489 892 ejus
1505 866 1512 883 ε
1534 858 1596 885 hinc
1616 859 1686 886 sedit
1705 859 1774 894 apud
1789 860 1877 886 homi-

1096 910 1157 930 ιιι-ιη
1177 907 1298 930 sutorem
1329 903 1432 930 dictum
1458 903 1619 936 llananiam,
1636 908 1665 930 ut
1684 904 1806 931 reﬁceret
1825 905 1878 931 ra!-

1096 955 1174 973 reum
1189 955 1277 974 suum.
1295 947 1420 982 Cumque
1437 949 1584 982 accepisset
1597 948 1736 975 llananias
1749 949 1875 975 suhulam

1095 993 1128 1019 ad
1147 993 1340 1027 perforandum
1360 993 1491 1025 calceum,
1517 1000 1549 1020 ea
1569 993 1683 1027 digitum
1710 1001 1790 1020 suum
1818 1001 1880 1028 per-

1097 1038 1205 1070 foravit,
1221 1037 1379 1072 eﬁlnxitque
1403 1046 1437 1065 ex
1459 1038 1504 1065 illo
1527 1039 1645 1065 tnultum
1663 1040 1825 1074 sanguinis,
1854 1045 1880 1066 et

1098 1084 1216 1110 maximo
1230 1083 1320 1111 alYecit
1332 1084 1407 1110 illum
1422 1084 1526 1116 dolore,
1537 1085 1714 1118 quamobrem
1731 1085 1878 1119 plurimum

1097 1129 1130 1156 de
1145 1130 1237 1156 Marco
1251 1134 1419 1164 conquestus
1437 1134 1488 1157 est.
1504 1131 1538 1157 Et
1557 1130 1627 1157 dixit
1643 1131 1667 1157 ei
1691 1130 1799 1158 Marcus
1816 1140 1824 1158 :
1852 1131 1879 1157 Si

1097 1175 1192 1201 credas
1212 1175 1239 1201 in
1262 1174 1354 1202 Jesum
1366 1175 1505 1202 Christum
1533 1175 1630 1202 Fiiintn
1657 1175 1715 1207 Dei,
1738 1177 1881 1205 sanabitur

1098 1219 1200 1253 digitus
1223 1223 1294 1245 tuus.
1320 1219 1407 1254 Atque
1432 1219 1605 1254 apprehenso
1635 1220 1720 1254 digito
1747 1219 1880 1247 llanauiaa

1099 1264 1164 1291 dixit
1183 1263 1291 1292 Marcus
1306 1273 1312 1291 :
1335 1265 1364 1291 ιιι
1380 1265 1490 1292 nomine
1507 1263 1571 1292 Jcsu
1587 1265 1688 1292 Christi
1707 1270 1821 1292 sanetur
1837 1267 1880 1293 di-

1099 1310 1171 1344 gitus
1188 1314 1251 1337 tuus
1264 1318 1271 1342 ;
1285 1314 1311 1337 et
1323 1311 1414 1337 statim
1446 1315 1560 1338 sanatus
1580 1315 1621 1337 est
1636 1310 1737 1346 digitus
1757 1311 1817 1345 ejus
1829 1332 1837 1344 ,
1856 1317 1883 1338 ct

1098 1356 1220 1383 constitit
1244 1355 1367 1389 sanguis.
1383 1355 1522 1381 llananias
1540 1359 1631 1382 autem
1651 1355 1711 1383 sine
1726 1356 1779 1382 ulla
1802 1364 1882 1383 mora

1099 1401 1215 1428 credidit
1229 1401 1256 1427 in
1268 1400 1419 1432 Christum,
1439 1400 1643 1434 baptizaritque
1666 1401 1741 1427 illuni
1759 1401 1880 1434 Marcus,

1099 1450 1125 1473 et
1138 1446 1280 1473 constituit
1297 1453 1358 1471 eum
1382 1444 1566 1478 patriarcltaut
1591 1444 1776 1478 Alexandriae,
1799 1450 1826 1472 ct
1840 1451 1885 1473 est

1099 1491 1204 1525 primus
1223 1490 1379 1526 patriarcha
1403 1489 1574 1516 Alexandrina
1612 1491 1788 1517 constitutus.
1809 1491 1884 1518 Con-

1100 1535 1188 1562 stituit
1221 1535 1303 1561 etiam
1335 1533 1442 1561 Marcus
1472 1534 1642 1568 evangelista
1665 1542 1727 1561 cum
1757 1535 1884 1564 llanania

1101 1579 1254 1615 patriarcha
1267 1579 1412 1607 duodecim
1427 1579 1614 1614 presbyteros,
1630 1581 1677 1614 qtti
1689 1580 1817 1608 adessent
1833 1589 1884 1616 pa-

1101 1625 1237 1655 triarchae,
1251 1631 1281 1652 ut
1291 1626 1437 1652 decedente
1452 1625 1616 1659 patriarcha,
1633 1625 1764 1660 eligerent
1795 1635 1882 1654 unum

1100 1678 1132 1698 ex
1159 1670 1302 1697 duodecim
1331 1670 1509 1705 presbyteris,
1539 1674 1565 1696 et
1594 1671 1766 1704 imponerent
1780 1672 1882 1706 reliqui

1101 1715 1226 1741 undecim
1251 1714 1404 1750 presbyteri
1424 1721 1521 1741 ntanus
1543 1721 1607 1741 suas
1630 1714 1711 1748 capiti
1739 1715 1799 1748 ejus
1814 1734 1822 1744 .
1854 1721 1884 1742 et.

1100 1760 1294 1788 bcttedicerent
1313 1767 1387 1792 eum,
1411 1764 1438 1786 et
1460 1761 1658 1787 constituerent
1681 1767 1744 1786 eum
1765 1761 1884 1795 patriar-

1102 1806 1193 1832 citant.
1208 1805 1276 1832 Dein
1304 1805 1435 1840 eligerent
1462 1806 1550 1832 virum
1580 1805 1696 1839 aliquem
1734 1806 1884 1833 virtutibus

1101 1855 1287 1887 praestantem,
1308 1852 1440 1887 illumque
1457 1851 1613 1878 suﬁicerent
1631 1852 1821 1887 presbyterum
1838 1860 1884 1880 se-

1102 1904 1164 1924 cum
1181 1897 1241 1924 loco
1257 1896 1328 1931 ejus,
1342 1897 1387 1932 qui
1407 1896 1565 1931 patriarcha
1580 1897 1712 1923 sull'ectus
1729 1901 1780 1930 est,
1796 1902 1825 1924 ut
1840 1905 1884 1924 cs-

1102 1947 1165 1970 seut
1187 1947 1320 1978 perpetuo
1349 1942 1506 1970 duodecim.
1533 1941 1628 1976 Neque
1646 1942 1728 1969 desiit
1754 1950 1812 1970 nios
1837 1942 1883 1970 ille

1101 1989 1324 2024 presbyterorum
1351 1987 1524 2015 Alexandriae
1553 1988 1742 2015 constituendi
1764 1989 1885 2023 patriar-

1101 2036 1180 2061 chatn
1191 2042 1224 2061 ex
1236 2033 1270 2060 iis
1282 2033 1426 2060 duodecim
1445 2032 1614 2067 presbyteris
1627 2040 1713 2067 usque
1725 2033 1758 2059 ad
1774 2037 1885 2068 tempus

1101 2078 1247 2106 Alexandri
1261 2078 1425 2113 patriarcha}
1444 2077 1628 2110 Alexandriae,
1645 2078 1692 2112 qui
1703 2082 1762 2105 erat
1777 2086 1809 2104 ex
1831 2086 1886 2105 nu-

1103 2131 1178 2151 mero
1193 2127 1376 2152 trecentorum
1392 2122 1542 2150 octodecim
1559 2123 1684 2157 (Patrum
1708 2123 1809 2151 Nician:
1821 2132 1886 2151 can-

1103 2175 1270 2205 grrgatorum
1281 2168 1313 2204 );
1336 2169 1359 2195 is
1374 2169 1445 2195 enim
1457 2169 1551 2200 Vetuit,
1567 2175 1600 2195 ne
1616 2168 1767 2203 presbyteri
1782 2168 1889 2196 consti-

1105 2214 1416 2249 tuerentpatriarcham.
1431 2213 1565 2248 Przcepit
1583 2221 1702 2248 quoque,
1726 2219 1754 2241 ut
1777 2219 1888 2241 mortuo

1104 2261 1271 2296 patriarcha,
1295 2259 1474 2286 convenirent
1493 2259 1613 2293 episcopi
1642 2264 1667 2286 et
1694 2259 1882 2293 patriarchair.

1105 2306 1316 2333 constituerent.
1340 2304 1474 2338 Praecepit
1499 2305 1594 2337 etiam,
1619 2308 1649 2331 ut
1678 2303 1809 2331 defuncto
1840 2311 1889 2338 pa-

1105 2351 1235 2384 triarcha,
1259 2351 1391 2386 eligerent
1418 2358 1452 2378 ex
1477 2356 1642 2384 quacunque
1662 2349 1774 2384 regione
1797 2350 1886 2375 virum

1107 2397 1222 2432 aliquem
1238 2397 1384 2424 virtutibus
1398 2396 1598 2431 praecellentem
1609 2414 1617 2427 ,
1645 2395 1703 2422 sive
1717 2395 1834 2429 aliquem
1855 2402 1889 2422 ex

1108 2443 1160 2469 illis
1179 2442 1322 2469 duodecim
1343 2441 1527 2476 presbyteris,
1553 2441 1611 2468 sive
1630 2440 1708 2473 aliis,
1733 2440 1813 2473 cujus
1828 2439 1889 2474 pia-

1108 2492 1169 2516 ceat
1190 2488 1322 2520 conditio,
1336 2493 1365 2514 et
1377 2487 1454 2514 illum
1470 2486 1672 2513 constituerent
1692 2486 1888 2520 patriarcham,

1107 2534 1281 2568 cessavitque
1296 2533 1425 2567 antiquus
1435 2539 1494 2559 mos
1507 2530 1691 2558 constituendi
1707 2531 1889 2566 patriarcham

1108 2586 1124 2607 ιι
1141 2578 1319 2614 presbyteris,
1340 2578 1465 2612 factaque
1478 2581 1519 2604 cst
1540 2580 1664 2610 potestas
1679 2583 1762 2610 penes
1784 2576 1891 2611 epise-

1108 2632 1158 2660 pos
1183 2623 1365 2651 constituendi
1393 2622 1589 2658 patriarcham.
1616 2620 1644 2648 Si
1668 2622 1715 2656 qui
1741 2629 1806 2648 vero
1831 2629 1893 2655 per-

1109 2671 1229 2699 cunctati
1251 2670 1362 2702 iuerint,
1377 2668 1433 2697 Cur
1445 2667 1600 2703 patriarcha
1625 2666 1824 2694 Alexandrinus
1843 2674 1892 2693 vo-

1109 2721 1188 2745 catur
1199 2715 1291 2751 papa?
1305 2714 1377 2750 Papa
1393 2720 1484 2742 autem
1502 2721 1583 2742 avum
1605 2713 1753 2748 signiﬁcat,
1765 2712 1816 2741 hoc
1831 2712 1893 2745 qui-

1111 2764 1171 2792 dem
1186 2761 1256 2796 ideo,
1280 2762 1344 2798 quia
1368 2769 1383 2788 a
1411 2766 1532 2795 tempore
1553 2759 1695 2793 llananiae,
1716 2765 1795 2794 quem
1821 2757 1894 2786 Mar-
