2015 3081
184 187 242 219 903

913 178 987 210 ΑΚΝ
994 179 1097 212 ALES.

1769 175 1821 206 9Tb

188 248 241 268 nus
253 238 423 275 undecimus)
435 238 527 267 nullus
539 238 634 266 eratin
643 235 976 273 provinciismgyptiepi-
997 239 1012 262 Α
1029 241 1078 260 cus
1091 235 1256 269 evangelista
1269 233 1452 269 patriareham
1474 233 1617 262 constituit
1631 233 1813 266 Alexandriae,

184 293 307 321 scopas;
324 293 374 313 nec
391 285 556 321 patriarchae
568 288 632 312 ante
644 291 707 312 eum
724 286 854 311 crearunt
870 281 975 316 episco-

186 339 248 367 pos.
270 331 317 358 Ille
341 335 432 358 autctn
456 330 547 358 iactus
567 329 724 365 patriarcha
747 333 807 356 tres
832 326 975 354 constituit

185 377 342 412 episcopos.
362 376 394 402 Et
411 377 521 411 primus
544 374 598 402 l'uit
618 375 663 402 hic
684 373 844 409 patriarcha
861 372 975 399 Alexan-

187 422 296 454 drinus,
318 421 365 456 qui
381 422 526 457 episcopos
548 420 625 448 fecit.
644 420 750 447 Mortuo
767 419 907 446 Demetrio
919 418 975 446 sul-

187 467 277 495 fectus
324 472 368 494 est
401 466 532 494 Heraclas
561 466 719 502 patriarcha
755 464 975 496 Alexandrinus,

184 513 234 548 qui
255 512 399 547 episcopos
414 511 561 539 constituit
581 511 690 546 viginti.
703 510 742 537 Ex
760 510 802 537 his
814 517 885 537 unus
905 513 974 542 crat,

189 558 354 586 Ammonius
366 557 468 589 dictus,
488 557 630 592 religionis
652 556 786 584 desertor.
809 556 847 582 De
869 563 923 590 quo
937 555 975 582 si-

188 604 287 631 mulac
295 603 328 630 avl
339 603 480 630 lleraclam
492 602 581 630 delata
595 607 638 630 est
659 602 743 635 fatua,
764 602 938 637 congregavit
954 602 976 628 is

189 649 324 685 synodum
339 649 545 684 episcoporum,
560 653 587 676 et
601 648 628 675 in
645 649 740 675 urbem
755 647 893 674 Ammouii
916 654 977 680 per-

188 696 270 728 rexit,
289 696 334 722 ubi
361 703 389 722 re
407 695 476 722 satis
500 694 611 730 cognita
635 699 662 721 et
681 697 836 729 perspecta,
855 699 917 720 eum
943 692 976 719 ad

188 741 333 768 veritatem
359 739 477 767 reduxit.
499 740 568 767 Cum
590 747 655 766 vero
679 739 807 766 homines
833 737 978 765 audierant

188 787 332 822 episcopos
350 786 471 813 vocitare
486 786 668 820 patriarchatn
689 785 760 812 abba
777 792 824 812 seu
847 788 954 818 «patrem
966 802 973 814 ,

189 834 261 861 inter
282 842 311 861 se
322 834 414 860 dixere
434 841 441 859 :
461 831 518 859 Nos
539 832 697 867 episcopqu
717 830 875 866 quemlibet.
892 829 976 861 Abba

189 887 238 907 seu
263 883 368 914 patrem
385 877 574 913 appellaturus;
588 881 615 904 et
633 876 773 912 appellant
789 875 912 910 episcopi
932 881 978 909 pa-

189 910 341 952 triarcham
374 910 455 951 abba.
483 922 560 950 Unde
582 910 658 951 sane.
669 910 777 958 oportet
799 926 828 948 ut
849 928 978 948 vocemus
996 910 1014 936 Β

186 978 241 998 nos
262 970 445 1005 patriarcham
456 976 563 1004 papam,
581 968 608 996 id
623 971 665 995 est
683 975 782 999 avum,
799 973 862 993 cum
878 966 914 993 sit
926 964 978 991 Pa-

187 1022 231 1043 ter
251 1017 376 1044 Patrum.
404 1015 443 1043 Ita
466 1023 481 1042 a
507 1019 632 1049 tempore
653 1013 775 1041 lieraclte
791 1032 798 1045 ,
822 1012 978 1048 patriarcha

188 1062 391 1090 Aiexamlrinus
414 1060 505 1088 dictus
526 1064 569 1088 cst
588 1067 669 1095 papa,
691 1059 718 1087 id
732 1063 774 1087 est
797 1065 876 1086 avus.
900 1056 981 1085 Post-

188 1116 271 1144 quam
302 1112 394 1135 autetn
416 1106 558 1134 Hananias
583 1105 742 1140 patriarcha
777 1103 980 1131 Alexandrinus

188 1162 269 1188 quem
292 1153 401 1180 Marcus
422 1151 592 1187 evangelista
622 1151 647 1178 in
672 1149 736 1178 sede
755 1157 805 1177 sua
825 1149 978 1180 constituit,

188 1206 276 1226 annos
298 1197 469 1230 sedisset2‘2,
489 1202 614 1224 mortuus
634 1201 687 1224 est.
713 1195 746 1222 Et
769 1194 908 1230 prolectus
937 1197 980 1221 est

190 1246 297 1273 Marcus
318 1244 485 1279 evangelista
509 1244 536 1270 in
567 1243 692 1276 Baream,
722 1246 753 1269 ut
780 1245 980 1277 propagaretur

189 1291 260 1327 apud
284 1291 409 1319 homines
425 1290 491 1318 fides
511 1290 539 1316 in
560 1288 700 1317 Christum
715 1287 814 1316 Filium
831 1286 979 1315 Dei.‘0bii’t

190 1337 253 1364 dein
281 1335 414 1363 Claudius
454 1334 548 1363 Catsar
589 1334 755 1369 imperator,
784 1336 813 1360 et
836 1332 979 1367 imperavit

188 1383 283 1410 Roma?
296 1386 357 1416 post
374 1389 436 1409 eum
453 1381 525 1409 lilius
533 1380 594 1414 eius
612 1379 684 1408 Nero
701 1379 793 1407 Czcsar
814 1378 895 1406 annis
921 1381 980 1405 tre-

188 1429 288 1460 decim,
313 1428 359 1463 qui
374 1427 481 1462 primus
507 1426 558 1453 fuit
568 1424 797 1461 gravissimorum
809 1423 979 1451 inChristia-

188 1482 240 1502 nos
259 1474 393 1502 tnalorum
414 1478 523 1504 auctor,
564 1472 645 1499 homo
666 1475 760 1506 utp0te
791 1470 817 1497 in
834 1468 940 1498 consilii
953 1473 981 1497 et

189 1521 252 1548 vita:
272 1518 447 1547 instituenda:
468 1518 576 1545 ratione
602 1516 836 1552 improbissimus.
861 1515 895 1543 Et
910 1519 980 1543 tem—

189 1574 255 1601 pore
277 1563 397 1592 Neronis
431 1564 547 1592 Caesaris
578 1563 690 1598 scripsit
708 1562 818 1596 Petrus,
841 1562 981 1597 apostolo-

1027 283 1115 311 uSque
1125 276 1159 304 ad
1172 281 1293 312 tempora
1307 277 1435 304 Demetrii
1450 277 1611 310 patriarcha
1621 277 1811 308 Alexandrini,

1023 327 1056 350 ‘et
1065 326 1112 350 est
1128 323 1289 350 undecimus
1313 323 1468 357 patriarcha
1488 323 1701 356 Alexandrinus,
1721 324 1813 351 nullus

1028 369 1123 395 eratin
1136 369 1276 396 territorio
1286 368 1395 404 {Egypti
1410 369 1571 403 episcopus;
1581 376 1630 396 nec
1639 369 1813 404 patriarchae,

1029 416 1075 449 qui
1093 419 1156 442 ante
1171 423 1233 442 cutn
1252 421 1341 447 erant,
1359 415 1561 442 constituerant
1572 415 1631 450 (ibi)
1644 416 1813 451 episcopum.

1028 461 1096 489 Cum
1116 462 1207 497 itaque
1223 461 1311 489 factus
1327 466 1367 489 est
1389 460 1542 489 Demetrius
1567 462 1734 496 patriarcha,
1758 468 1814 490 tres

1028 507 1173 536 constituit
1188 508 1343 542 episcopos,
1357 512 1384 535 et
1399 511 1442 535 est
1458 507 1562 541 primus
1583 508 1751 542 patriarcha,
1769 510 1814 544 qui

1029 554 1055 581 in
1070 554 1237 582 Alexandria
1252 553 1319 581 fecit
1339 554 1494 588 episcopos.
1508 553 1547 580 En
1563 558 1654 581 autem
1672 554 1814 588 defuncto,

1029 601 1161 628 s-tli‘ccttts
1173 605 1215 628 est
1230 605 1292 636 post
1305 601 1379 628 illum
1396 599 1523 628 lleraclas
1533 600 1687 635 patriarcha
1698 601 1817 628 Alexan-

1032 647 1105 679 driae,
1123 647 1168 681 qui
1186 647 1281 682 viginti
1297 646 1442 674 constituit
1455 646 1610 681 episcopos.
1626 646 1701 674 Unus
1723 652 1814 674 autem

1031 701 1061 721 ex
1085 693 1128 720 his
1144 693 1281 728 episcopis
1295 693 1406 720 nomine
1419 691 1580 725 Eumenius,
1599 693 1626 720 in
1643 693 1728 728 legem
1746 702 1816 728 pra:-

1031 739 1167 766 raricattts
1179 743 1234 767 est.
1250 739 1318 766 Cum
1346 744 1436 766 autem
1451 738 1512 773 ejus
1532 738 1604 766 fama
1622 739 1654 766 ad
1673 739 1816 767 llcraclam

1031 785 1214 818 patriareham
1249 785 1338 813 delata
1369 789 1452 817 esset,
1481 785 1658 819 congregavit
1689 785 1817 813 lleraclas

1031 832 1185 866 patriarcha
1207 831 1338 867 synodum
1356 832 1559 866 episcoporum,
1585 832 1757 866 pcrretitque
1783 834 1817 860 ad

1031 879 1126 906 urbem
1142 877 1279 909 Eumeuii.
1294 883 1321 905 et
1345 878 1404 912 ejus
1423 882 1495 905 Statu
1512 878 1579 905 satis
1595 879 1715 911 cognito.
1735 884 1818 912 atque

1031 929 1175 960 perspecto
1188 924 1298 959 negotio
1312 924 1396 956 illius,
1413 932 1475 952 eum
1492 925 1524 951 ad
1541 925 1681 951 veritatem
1698 926 1815 952 reduxit.

1032 971 1110 998 Plebs
1117 978 1181 997 vero
1189 971 1304 997 audiens
1310 971 1452 1005 episcopos
1458 969 1641 1004 patriai-chain
1650 970 1818 1004 appellantes

1032 1023 1147 1052 patrem,
1158 1017 1226 1044 dixit
1237 1019 1307 1051 apud
1317 1024 1346 1044 se
1357 1025 1363 1043 :
1376 1016 1404 1044 Si
1416 1024 1464 1044 nos
1476 1016 1634 1051 episcopum
1649 1017 1818 1051 appellamus

1033 1069 1148 1098 patrem,
1163 1069 1191 1091 et
1209 1065 1355 1099 episcopus
1369 1064 1553 1098 patriarcham
1571 1069 1675 1099 patrem
1689 1064 1818 1098 appellat,

1032 1115 1151 1145 oportet,
1171 1115 1198 1138 ut
1215 1118 1264 1138 nos
1281 1110 1465 1145 patriarehant
1483 1110 1652 1145 appellemus
1669 1118 1776 1144 papam,
1791 1110 1818 1137 iul

1033 1164 1073 1187 est
1083 1165 1240 1191 arum,cum
1251 1157 1296 1184 ille
1304 1158 1337 1184 sit
1350 1161 1428 1192 pater
1436 1161 1554 1191 patrum.
1561 1155 1717 1191 Appellatns
1727 1156 1820 1190 itaque

1032 1209 1075 1233 est
1086 1211 1101 1231 a
1115 1203 1212 1232 diebus
1224 1202 1345 1230 lleraclae
1355 1202 1511 1237 patriarcha
1525 1202 1726 1230 Alexandrinus
1738 1211 1818 1237 papa,

1033 1251 1060 1279 id
1075 1255 1204 1278 estavus.
1217 1249 1304 1276 Porro
1316 1248 1456 1276 liananias
1466 1248 1623 1284 patriarcha
1635 1249 1818 1280 Alexandria‘.

1031 1297 1112 1324 quem
1136 1290 1317 1318 constituerat
1334 1289 1444 1316 Marcus
1465 1290 1631 1324 evangelista
1656 1291 1682 1316 in
1706 1297 1737 1315 ea
1756 1289 1821 1315 sede

1031 1335 1227 1369 patriarcham,
1246 1335 1316 1364 sedit
1326 1343 1416 1363 annos
1431 1335 1527 1371 viginti
1548 1336 1630 1369 duos,
1645 1340 1670 1362 ct
1693 1340 1821 1362 mortuus

1031 1385 1083 1409 est.
1105 1381 1214 1410 Marcus
1228 1389 1295 1410 vero
1309 1381 1479 1417 evangelista
1496 1388 1626 1416 egressus
1642 1385 1685 1408 est
1705 1379 1738 1406 ad
1756 1379 1822 1406 Bar-

1033 1435 1094 1455 eam
1109 1428 1235 1456 homines
1246 1434 1405 1456 convocans
1424 1427 1459 1456 ad
1475 1427 1555 1455 [idem
1575 1427 1602 1455 in
1620 1427 1760 1455 Christum
1779 1425 1823 1453 Fi-

1035 1474 1103 1501 lium
1118 1473 1178 1502 Dei.
1196 1473 1230 1501 Et
1246 1478 1372 1502 mortuus
1387 1477 1429 1502 est
1445 1473 1576 1500 Claudius
1591 1474 1685 1500 Caesar
1706 1473 1824 1506 impera-

1035 1524 1090 1554 tor,
1120 1520 1324 1555 imperavitquc
1347 1524 1411 1556 post
1436 1520 1512 1547 illum
1546 1520 1620 1547 illius
1645 1520 1706 1554 ejus
1731 1518 1822 1546 Neron

1031 1566 1126 1595 Ctesar
1147 1566 1242 1595 Romae
1268 1567 1398 1594 tredecim
1414 1567 1504 1598 annis,
1529 1572 1557 1593 et.
1579 1570 1624 1593 est
1642 1565 1758 1600 primus.
1775 1566 1823 1599 qui

188 1619 250 1638 Tum
267 1610 407 1646 Princeps:
422 1609 598 1645 Ενθηῧθιίυιη
611 1608 693 1636 “arei
706 1628 714 1642 ι
727 1615 789 1635 cum
804 1606 905 1639 marco:
924 1606 977 1633 ιλιι·
992 1615 1015 1646 C
1034 1613 1182 1640 concitavit
1207 1613 1235 1640 in
1255 1613 1433 1640 Christianos
1457 1611 1557 1639 tnalum
1568 1633 1576 1645 ,
1603 1615 1630 1638 rt.
1655 1611 1824 1646 persecutio-

187 1664 240 1692 gua
262 1655 397 1689 Romana,
423 1656 451 1683 in
475 1655 543 1683 urbe
566 1654 671 1687 Romae,
700 1654 749 1682 sed
765 1652 891 1681 attribuit
913 1651 979 1679 illud

191 1705 293 1731 Marco.
314 1703 402 1730 Etiam
423 1708 545 1738 tempore
568 1701 650 1736 hujus
671 1700 845 1736 imperatoris
867 1698 980 1734 scripsit

189 1747 278 1776 Lucas
295 1747 474 1783 Evangeliqu
490 1755 571 1775 suuut
583 1753 671 1783 graece
697 1746 731 1773 ad
754 1746 843 1772 virum
857 1744 978 1772 nobiletn

189 1802 221 1822 ex
242 1793 416 1829 sapientibus
443 1792 587 1825 Romanis,
610 1792 653 1819 cui
678 1798 780 1819 nomen
799 1788 978 1825 Theophilus,

188 1840 224 1868 ad
245 1848 330 1876 quem
351 1840 415 1867 item
430 1839 543 1874 scripsit
563 1838 630 1865 Acta
646 1845 695 1865 seu
709 1836 921 1872 discipulorum,
937 1835 980 1863 hi-

190 1886 315 1914 storiam.
332 1885 395 1912 Erat
409 1890 499 1912 autem
512 1884 599 1912 Lucas
617 1883 786 1918 evangelista
796 1889 889 1910 comes
902 1880 979 1908 Pauli

191 1933 317 1969 apostoli,
331 1940 448 1968 qum-um
470 1939 519 1967 per
534 1937 640 1965 tempus
657 1930 767 1966 aliquod
782 1929 892 1957 mansit.
904 1928 981 1957 Unde

188 1979 314 2014 estquod
327 1977 429 2005 Paulus
449 1977 593 2012 apostolus
615 1976 642 2002 in
660 1976 779 2011 quadam
794 1974 914 2010 Epistola
931 1981 980 2000 sua

190 2025 279 2052 dicit:
293 2023 377 2050 Lucus
389 2023 504 2049 medicus
527 2030 571 2048 vos
586 2021 699 2048 salutat.
734 2019 906 2055 (Colou.,tv,
924 2019 980 2054 Η.)

192 2070 361 2098 l'rebcnsum
382 2076 448 2096 vero
465 2068 577 2095 Petrum
591 2066 663 2095 Nero
678 2066 770 2094 Caesar
789 2066 866 2093 cruci
883 2065 978 2100 aliigit,

190 2121 306 2149 corpore
329 2113 436 2141 scilicet
455 2113 576 2146 inverso,
591 2116 675 2146 atque
693 2111 730 2138 ita
746 2114 836 2138 morte
858 2117 921 2138 eutn
935 2108 978 2136 af-

192 2159 268 2187 fecit.
286 2158 354 2186 Nam
373 2162 400 2185 et
420 2158 528 2185 dixerat
549 2158 574 2185 ei
606 2158 728 2186 Petrus:
754 2156 782 2183 Si
808 2156 851 2183 vis
877 2161 906 2182 ttt
930 2162 980 2190 ego

191 2206 266 2233 cruci
291 2205 395 2239 aliigar,
417 2211 531 2239 corpore
547 2211 591 2231 tne
613 2203 724 2230 inverso
746 2201 824 2236 aliige
840 2201 929 2234 cruci,
945 2209 980 2229 ne

191 2259 268 2278 mors
293 2251 360 2278 mihi
382 2250 485 2278 inllieta
510 2249 611 2277 similis
629 2249 665 2276 sit
686 2249 712 2276 ei
726 2256 788 2283 qua:
805 2247 981 2282 intligehatur

191 2297 308 2324 Domino
324 2305 384 2324 meo
399 2296 521 2329 Christo,
533 2296 579 2330 qui
593 2294 670 2322 cruci
683 2292 781 2321 aﬂixus
795 2298 848 2326 est,
864 2299 980 2327 corpore
997 2292 1019 2319 ι)

190 2348 293 2370 erecto.
320 2342 373 2370 Sed
404 2342 495 2377 gladio
528 2341 680 2368 trucidavit
710 2339 836 2367 Paulum.
862 2337 981 2366 Occisus

191 2393 282 2416 autent
302 2394 345 2416 est
372 2387 471 2416 Petrus
494 2387 547 2415 sub
571 2394 674 2414 annuat
694 2386 730 2413 “22
750 2391 813 2421 post
832 2385 976 2412 Dominum

190 2440 313 2462 nostrum
331 2434 483 2461 Christum.
500 2434 567 2461 Erat
584 2440 648 2461 vero
664 2436 726 2467 post
739 2431 850 2459 Petrum
863 2451 871 2464 ,
894 2430 980 2457 Linus

190 2481 347 2514 patriarcha
363 2479 468 2511 Ronue,
487 2486 542 2514 qua
557 2478 668 2506 iunctus
687 2478 820 2513 dignitate
835 2477 869 2503 η
890 2482 980 2503 annos

188 2527 266 2554 obiit.
288 2526 320 2554 Et
337 2526 381 2553 hic
393 2526 498 2560 primus
513 2529 573 2552 erat
586 2524 745 2559 patriarcha
761 2524 913 2552 Romanus.
930 2521 979 2548 At-

189 2580 243 2608 que
268 2577 328 2600 erat
345 2571 454 2599 Marcus
470 2569 612 2606 Evangelii
629 2575 738 2602 auctor,
764 2569 792 2596 in
813 2567 979 2596 Alexandria

189 2625 216 2646 et
239 2618 323 2645 Barca
341 2618 383 2653 (ut
403 2617 511 2645 scilicet
527 2619 729 2652 prOpagaretur
757 2614 828 2649 apud
851 2614 979 2641 homines

189 2665 256 2692 ﬁdes
266 2666 293 2692 in
304 2664 446 2692 Christum
457 2662 557 2690 Filium
571 2662 631 2697 Dei)
642 2661 723 2689 annis
733 2665 852 2696 septem.
862 2659 897 2686 Et
906 2666 979 2686 anno

189 2710 296 2745 imperii
320 2709 437 2737 Neronis
453 2708 570 2736 Caesaris
588 2709 645 2744 jam
670 2707 737 2735 dicti
757 2708 846 2742 primo
865 2707 993 2748 occisus‘

186 2759 229 2782 est
255 2754 364 2782 Marcus
389 2753 572 2787 Alexandriae,
601 2759 628 2782 et
652 2761 754 2789 corpus
772 2754 832 2788 ejus
855 2753 917 2788 igne
934 2757 977 2780 cst

187 2803 353 2827 crematum.

351 2950 485 2981 PATROL.
506 2951 565 2980 Gn.
580 2950 652 2982 CXI.

1035 1666 1108 1686 nem.
1127 1659 1192 1686 Erat
1207 1659 1308 1694 quippe
1323 1659 1406 1685 homo
1424 1657 1561 1694 pessimus
1591 1665 1624 1685 ac
1647 1657 1822 1692 improbissi-

1034 1705 1087 1732 mis
1118 1706 1252 1732 moribus.
1277 1704 1410 1739 Tempore
1436 1709 1528 1731 autent
1558 1703 1676 1731 Neronis
1703 1703 1822 1731 Ctesaris

1035 1751 1147 1785 scripsit
1164 1750 1261 1778 Petrus
1278 1751 1467 1786 apostolorum
1484 1750 1613 1785 princeps
1642 1749 1818 1785 Evangelium

1034 1797 1130 1830 Marci,
1158 1796 1251 1824 Marco
1263 1796 1426 1832 excipiente,
1442 1796 1535 1832 lingua
1557 1795 1680 1823 Romana
1706 1795 1733 1822 in
1754 1795 1823 1822 urbe

1035 1842 1141 1876 Romm,
1156 1847 1183 1870 et
1199 1843 1324 1870 attribuit
1338 1842 1404 1869 iliud
1418 1840 1521 1869 Marco.
1538 1841 1626 1876 llttjus
1639 1848 1750 1876 quoque
1770 1840 1823 1867 im-

1035 1889 1168 1923 peratoris
1181 1892 1304 1922 tempore
1319 1887 1431 1922 scripsit
1448 1886 1624 1922 Evangelium
1638 1893 1719 1913 suum
1733 1885 1823 1912 Lucas

1034 1933 1129 1962 Graeca
1151 1933 1243 1968 lingua
1258 1933 1291 1960 ad
1305 1933 1394 1960 vit-um
1415 1931 1559 1968 quemdam
1578 1931 1698 1959 nobilem
1723 1931 1757 1958 dc
1779 1938 1826 1958 sa‘

1036 1979 1176 2015 pientibus
1206 1979 1405 2010 Romanorum,
1435 1978 1479 2006 cui
1513 1985 1613 2005 nomen
1641 1976 1823 2011 Theophilus.

1035 2025 1177 2061 Inscripsit
1199 2025 1287 2052 eidem
1303 2029 1434 2060 praetcrea
1465 2024 1542 2058 Arta,
1569 2031 1631 2058 quae
1654 2027 1720 2051 sunt
1739 2023 1824 2050 histo-

1035 2071 1082 2099 ria
1106 2071 1318 2106 discipttlorum.
1342 2070 1432 2097 Lucas
1452 2069 1552 2105 quippe
1575 2069 1689 2096 Paulutn
1717 2073 1826 2104 aposto-

1034 2116 1091 2143 lum
1105 2116 1253 2144 comitatus
1273 2120 1341 2148 erat,
1355 2122 1387 2142 ac
1405 2122 1451 2149 per
1465 2114 1573 2149 aliquod
1588 2118 1696 2148 tempus
1716 2122 1825 2141 manse-

1035 2165 1077 2187 rat
1095 2168 1158 2188 cum
1184 2160 1250 2193 illo;
1275 2168 1339 2187 nam
1365 2159 1468 2189 Paulus
1495 2158 1636 2194 apostolus
1657 2158 1684 2185 in
1703 2157 1822 2193 quadam

1036 2213 1086 2233 sua
1111 2205 1227 2242 epistola
1253 2204 1346 2233 dicit:
1378 2204 1463 2231 Lucas
1494 2204 1610 2230 medicus
1636 2211 1680 2230 vos
1710 2203 1824 2230 salutat.

1034 2251 1108 2280 Nero
1120 2255 1211 2279 autem
1230 2251 1324 2279 Cmsar
1338 2255 1448 2286 captum
1464 2250 1576 2278 Petrum
1590 2249 1667 2277 cruci
1685 2248 1769 2276 aliixit
1782 2249 1824 2275 in-

1035 2306 1158 2331 versum,
1171 2303 1253 2333 atque
1264 2298 1340 2324 illum
1350 2296 1451 2324 occidit
1463 2296 1548 2330 ,fquia
1557 2295 1662 2322 dixerat
1673 2294 1697 2321 ci
1709 2294 1822 2322 Petrus:

1035 2344 1063 2372 Si
1081 2345 1123 2372 vis
1137 2352 1179 2371 me
1190 2344 1266 2371 cruci
1288 2343 1410 2378 aﬂigere,
1428 2348 1533 2377 quaso,
1555 2341 1656 2376 aliigito
1669 2347 1713 2367 me
1734 2340 1826 2367 inver-

1035 2398 1107 2422 sum,
1135 2398 1170 2418 ne
1192 2390 1295 2418 similis
1318 2389 1380 2416 ﬁam
1407 2387 1524 2415 Domino
1545 2395 1606 2414 meo
1621 2386 1751 2417 Christo,
1778 2386 1825 2420 qui

1035 2441 1127 2464 rectus
1149 2436 1224 2464 cruci
1248 2435 1345 2462 aﬂixus
1363 2439 1413 2462 est.
1433 2434 1510 2461 Pauli
1535 2442 1599 2461 vero
1618 2433 1719 2460 collum
1735 2432 1826 2467 gladio

1034 2482 1194 2510 trucidavit.
1210 2482 1326 2510 Occisus
1342 2486 1434 2509 autem
1458 2485 1500 2509 est
1525 2480 1623 2508 Petrus
1642 2478 1736 2514 viginti
1758 2479 1827 2506 duo-

1033 2528 1086 2555 bus
1109 2528 1210 2563 elapsis
1242 2532 1305 2563 post
1330 2527 1472 2554 Christum
1495 2525 1639 2553 Dominum
1669 2525 1768 2557 annis;
1800 2528 1827 2550 ct

1034 2575 1168 2602 suti‘ectus
1197 2579 1239 2602 est
1263 2571 1344 2602 Petro
1375 2572 1459 2601 Linus
1483 2571 1639 2608 patriarcha
1664 2570 1767 2603 Ronan,
1783 2577 1827 2597 sc-

1034 2619 1130 2654 ditque
1157 2621 1238 2647 anuis
1268 2619 1423 2652 duodecim,
1444 2624 1472 2646 et
1492 2623 1619 2645 mortuus
1642 2621 1696 2649 est,
1722 2620 1750 2644 et
1778 2615 1828 2642 luit

1035 2665 1151 2699 primus,
1168 2666 1216 2701 qui
1231 2663 1325 2693 Romae
1339 2664 1496 2700 patriarcha
1510 2663 1642 2691 suli‘ectus
1654 2667 1706 2690 est.
1718 2661 1828 2689 Marcus

1034 2716 1125 2738 autem
1157 2715 1257 2738 auctor
1282 2710 1424 2745 Evangelii
1456 2714 1518 2737 erat
1544 2709 1571 2736 in
1601 2708 1765 2736 Alexandria
1801 2712 1828 2735 et

1033 2758 1133 2790 Barca,
1148 2764 1304 2785 convocans
1331 2756 1457 2784 homines
1480 2756 1515 2783 ad
1538 2755 1619 2783 iidem
1640 2755 1668 2782 in
1686 2753 1826 2781 Christum

1034 2801 1134 2830 Filium
1160 2801 1207 2829 Dei
1236 2809 1284 2837 per
1298 2802 1418 2836 spatium
1446 2808 1581 2828 annorum
1603 2804 1719 2835 septem.
1750 2799 1828 2826 Auno

1029 2855 1119 2877 autem
1134 2849 1222 2884 primo
1234 2848 1315 2884 hujus
1325 2847 1441 2876 Neronis
1449 2847 1567 2875 Caesaris
1582 2847 1691 2874 occisus
1704 2849 1745 2872 est
1758 2844 1824 2871 Mar-

1028 2903 1078 2924 ctts
1090 2895 1271 2928 Alexandriae,
1287 2899 1314 2923 et
1330 2901 1430 2930 corpus
1445 2894 1504 2930 ejus
1520 2894 1580 2929 igne
1591 2897 1742 2921 crematum
1760 2894 1811 2918 est.

1623 2950 1661 2979 :19
