2015 3081
208 159 259 190 εἴη

213 235 299 243 ..ι-ος.

718 157 740 186 Ε
747 154 904 186 UTYCIIU
922 152 1189 183 ALEXANDRINI
1207 152 1314 182 PATR.

1774 149 1826 179 95ιῖ

345 306 396 337 ΙΝ
409 303 581 336 ΝΟΜΙΝΕ
603 304 688 340 DEI,
711 303 848 338 UNIUS,
870 301 1059 336 ‘ETERNI,
1080 299 1379 335 IMMUTABILIS,
1412 298 1690 334 IMMORTALIS,

631 366 656 395 Α
706 365 791 403 QUO
839 365 897 395 ET
942 363 1163 394 AUXILIUM
1202 363 1409 394 PETIMUS.

711 498 916 554 LIBER
958 496 1328 554 HlSTORl/E

521 647 647 679 JUXTA
676 646 905 676 ACCURATAM
937 644 1029 675 VERI
1057 644 1259 675 RATIONEM
1299 642 1515 674 COLLECTUS

259 708 383 741 OPERA
419 707 674 738 PATRIARCHJE
694 707 889 742 EUTYCHll,
914 706 983 743 QUI
1002 705 1301 736 COGNOMINATUS
1315 706 1385 736 EST
1406 706 1495 736 SAID
1516 705 1590 734 EBN
1613 703 1770 734 B.\T[’th.

436 766 542 801 QUEM
562 765 735 796 SCRIPSIT
754 766 804 795 AD
823 764 1005 795 FRATREM
1019 763 1127 793 SUUM
1148 763 1250 799 ISAM,
1281 763 1329 793 DE
1369 762 1601 793 COGNlTlONE

349 823 621 862 HISTORIARUM
640 821 936 855 UNIVERSALIUM
951 822 974 850 A
991 820 1172 850 TEMPORE
1192 820 1314 849 ADAMI
1332 819 1462 855 USQUE
1493 819 1543 849 AD
1568 819 1691 849 ANNOS

815 881 947 912 ΗΕΙΒΕ
977 879 1222 911 ISLAMlTlC/E.

357 1046 668 1132 EUTYCHII
731 965 1174 1127 PATlllAlsiCll/il
1241 1041 1686 1125 ALEXANDRINI

781 1193 907 1271 AN
915 1192 1248 1271 NALES.

246 1412 360 1448 Inspircl
376 1409 425 1438 tibi
443 1408 524 1441 Deus.
540 1408 576 1435 mi
592 1408 686 1439 frater.
706 1414 795 1435 rerum
820 1407 995 1441 pulchrarum
1010 1408 1033 1438 Α
1082 1405 1148 1441 5-7
1166 1406 1222 1439 Sic.
1238 1407 1275 1434 ait
1289 1407 1352 1434 sua
1368 1407 1424 1434 Ebn
1441 1406 1534 1434 Balrik
1558 1407 1691 1439 medicus,
1722 1408 1830 1436 ίυειῖυη,

211 1460 329 1495 optimas
341 1461 368 1484 ct
382 1455 629 1486 commodissimos,
647 1457 675 1481 ct
691 1457 796 1480 avertat
806 1461 821 1480 a
840 1457 884 1486 te,
898 1460 993 1480 earum

209 1513 271 1540 (piae
285 1502 424 1531 tristitiatn
439 1499 566 1532 alfernnt,
589 1499 722 1526 malarum
749 1499 882 1526 maximas
902 1502 929 1525 et
949 1505 996 1524 no-

210 1549 385 1578 centissimas
408 1555 416 1574 :
437 1546 542 1580 operiut
572 1550 597 1571 te
623 1544 801 1579 protectionis
829 1544 889 1571 velo
912 1550 994 1577 quam

210 1596 344 1624 latissime
358 1599 490 1629 expanso,
508 1594 535 1618 ct
550 1591 691 1617 continuet
709 1589 756 1616 tibi
777 1589 924 1623 potentiam
937 1596 995 1615 am-
1012 1619 1014 1621 μ

209 1643 361 1678 piissimam
379 1647 387 1668 :
405 1639 537 1672 largiatur
554 1636 601 1663 tibi
619 1636 645 1662 in
667 1640 781 1669 utroque
808 1635 907 1661 sazculo
931 1641 995 1668 por-

210 1688 323 1717 tionem,
338 1689 365 1711 et
380 1684 407 1711 in
424 1687 539 1716 utroque
552 1685 624 1707 statu
637 1685 736 1707 sortem
749 1689 755 1707 ς
767 1679 915 1714 intelligere
931 1678 996 1714 1-4

210 1735 237 1758 tc
254 1729 337 1757 faciat
352 1727 455 1757 omnia,
475 1733 534 1760 quae
560 1725 611 1759 ipsi
628 1725 753 1760 placent;
779 1731 865 1758 neque
889 1728 996 1757 separet

211 1780 237 1803 te
251 1783 267 1802 a
279 1774 381 1802 viclnio
393 1780 442 1799 suo
457 1779 517 1797 cum
534 1770 590 1797 illis
608 1777 667 1804 qua:
685 1769 763 1803 longe
777 1773 894 1796 amovet.
912 1768 994 1795 lutei-

211 1821 263 1848 lexi
281 1818 346 1854 quid
365 1815 484 1845 describi
501 1815 551 1841 tibi
563 1814 678 1849 jusseris
692 1813 799 1848 (bectle
814 1813 884 1841 Deus
895 1813 994 1840 amictu

210 1868 392 1898 virtutum,et
407 1861 538 1890 mundum
566 1866 593 1888 te
621 1863 773 1890 conservet,
808 1868 844 1887 ne
869 1859 995 1887 sordidas

211 1914 340 1941 vitiorum
373 1914 462 1937 restes
491 1908 610 1942 induas)
637 1906 663 1935 in
692 1905 847 1940 cognitione
870 1904 995 1932 Historia:

211 1956 372 1985 univchaIis
382 1963 395 1981 a
414 1958 534 1987 tempore
545 1951 639 1979 Adami
652 1958 736 1986 usque
745 1950 778 1977 ςιᾱ
791 1958 878 1977 annos
891 1950 996 1984 “egit-2

210 2003 383 2033 lslamiticzc;
401 2003 482 2034 atque
504 1997 569 2024 illud
594 1996 777 2024 demonstraui
798 1996 875 2030 juxta
898 1995 995 2022 seriem

211 2050 356 2080 mensium,
376 2046 551 2076 saeculorum,
571 2048 598 2070 et
612 2050 757 2074 annorum,
776 2047 804 2068 ttt
819 2042 845 2068 in
867 2040 926 2074 ejus
948 2048 995 2068 co-

1046 1455 1186 1488 capiemus
1203 1461 1218 1480 a
1234 1454 1314 1481 laude
1334 1453 1440 1481 Domini
1453 1454 1539 1480 nostri
1565 1458 1592 1481 et
1620 1455 1759 1481 Creatoris
1782 1456 1830 1488 qui

1045 1507 1097 1526 nos
1114 1499 1246 1532 condidit,
1259 1504 1286 1526 et
1300 1499 1328 1526 in
1345 1499 1427 1526 vitam
1444 1498 1582 1534 perduxit,
1596 1500 1676 1533 cujus
1688 1499 1758 1527 fama
1771 1501 1830 1535 glo-

1046 1545 1117 1572 riosa
1133 1550 1185 1577 est,
1203 1553 1265 1572 cum
1278 1546 1362 1581 ipsius
1373 1545 1433 1572 laus
1444 1545 1640 1579 (sanctilicctur
1649 1547 1708 1580 ejus
1720 1547 1831 1580 nonne»)

1045 1591 1131 1618 clavis
1146 1591 1181 1618 sit
1196 1592 1318 1618 omnium
1334 1591 1465 1619 librorunt
1490 1596 1516 1618 et
1543 1595 1720 1619 tractatuum.
1740 1592 1829 1627 Ipsum

1046 1636 1282 1670 (potentissimum
1300 1641 1327 1663 et
1343 1636 1590 1671 gloriosissimum)
1621 1641 1766 1670 rogantes,
1801 1642 1831 1662 ut

1046 1689 1124 1716 opem
1150 1681 1229 1709 nobis
1251 1682 1375 1709 conferat
1403 1682 1435 1709 ad
1465 1681 1530 1709 illud
1560 1682 1760 1716 praestandum,
1782 1690 1832 1716 pro

1048 1727 1173 1754 bonitate
1188 1734 1237 1754 sua
1255 1733 1397 1754 consueta.
1413 1727 1504 1754 Gloria
1520 1735 1586 1762 ergo
1602 1727 1668 1758 Duo,
1683 1727 1728 1762 qui
1743 1728 1831 1762 gleria

1047 1775 1148 1809 dignus
1164 1778 1204 1801 cst
1217 1774 1331 1808 ejusque
1347 1772 1495 1805 Dominus,
1515 1778 1541 1800 et
1561 1768 1595 1799 ob
1620 1780 1700 1806 quam
1725 1772 1830 1808 gratias

1046 1823 1188 1853 exspectat
1203 1826 1218 1845 a
1239 1820 1325 1846 servis
1346 1811 1478 1852 suis,'qui
1496 1825 1539 1845 res
1551 1817 1672 1844 decrevit
1682 1823 1828 1851 antequam

1046 1870 1149 1897 essent,
1164 1872 1265 1899 easque
1281 1865 1414 1898 gubernat
1431 1867 1572 1898 postquam
1589 1863 1727 1897 producat:
1742 1867 1805 1890 sunt
1820 1872 1827 1895 ;

1046 1912 1090 1945 qui
1108 1910 1322 1937 misericordiam
1336 1915 1361 1936 et
1375 1909 1510 1943 justitiam
1527 1916 1541 1934 e
1563 1908 1615 1935 viis
1630 1908 1751 1935 veritatis
1763 1915 1831 1934 eon-

1046 1956 1156 1982 stitutas
1171 1954 1315 1988 praecepit;
1337 1953 1484 1987 nequitiam
1501 1957 1591 1979 autem
1619 1957 1647 1978 et
1669 1953 1827 1987 injustitiam

1047 2007 1062 2027 e
1075 2000 1125 2026 viis
1141 1999 1200 2026 falsi
1218 1999 1303 2025 vetuit
1321 2007 1328 2024 :
1345 1998 1389 2033 qui
1407 2006 1461 2025 non
1480 1998 1553 2031 cogit
1574 2005 1668 2025 servos
1680 1998 1712 2024 ad
1727 1999 1830 2025 facien-

1046 2045 1110 2072 dum
1127 2044 1276 2079 quidquam
1291 2043 1363 2079 quod
1381 2045 1452 2070 vires
1469 2044 1589 2078 ipsorum
1604 2044 1728 2075 excedit;
1742 2051 1831 2078 neque

211 2095 334 2130 gnitione
351 2092 385 2119 sit
405 2090 478 2125 quod
499 2088 607 2116 abunde
630 2087 677 2114 tibi
700 2086 815 2114 sufficiat
828 2106 835 2117 ,
863 2093 896 2112 ne
923 2093 993 2119 opus
1009 2088 1031 2117 Β
1047 2090 1194 2124 praestituit
1211 2089 1345 2117 creaturis
1360 2089 1417 2116 suis
1432 2096 1513 2123 opera
1527 2088 1626 2122 quibus
1641 2089 1831 2122 imparcssnut

210 2141 313 2168 habeas
329 2138 481 2173 quemlibet
496 2143 510 2162 e
527 2134 679 2170 potioribus
705 2137 753 2160 aut
772 2133 850 2167 vulgo
876 2132 995 2159 interro-

210 2194 295 2222 gare;
312 2182 498 2222 descripsique
514 2180 561 2208 tibi
581 2179 702 2214 (indicet
720 2178 769 2205 tibi
783 2177 853 2204 Deus
879 2178 947 2205 viam
960 2177 995 2205 ad

211 2232 365 2259 felicitatem
383 2229 501 2256 maxime
515 2224 681 2260 expeditam,
696 2228 723 2250 ct
744 2229 835 2250 notam
862 2223 909 2250 tibi
931 2231 993 2258 per-

211 2282 292 2313 petuo
310 2276 391 2302 faciat
407 2272 552 2301 scientiam
565 2290 572 2303 ,
587 2275 616 2297 et
632 2270 777 2297 utilitatem
808 2269 993 2304 praecipuam)

210 2330 315 2358 typum,
330 2320 477 2353 exemplar,
492 2322 518 2344 et
535 2323 656 2344 normam
669 2323 676 2348 ;
693 2322 754 2350 qum
767 2314 897 2342 constitui
919 2322 995 2341 cout-

211 2368 341 2404 pendiosa
358 2370 384 2393 et
403 2364 492 2396 utilia,
506 2367 588 2397 prout
601 2361 720 2396 iudicavi
739 2364 893 2394 competere
910 2360 993 2386 animi

209 2413 247 2440 tui
264 2409 386 2447 prmclari
404 2406 571 2439 celsitudini,
587 2410 615 2433 ct
629 2405 770 2432 conforme
790 2411 851 2431 esse
877 2404 993 2430 acmnini

209 2456 310 2492 ingenii
322 2457 360 2482 tui
374 2452 528 2488 praestantis
541 2454 567 2478 et
582 2449 718 2481 sublimis,
729 2449 869 2477 succincte
883 2452 910 2476 ct
921 2456 992 2476 sum-

208 2501 303 2528 matim
318 2498 389 2526 tradi
404 2504 435 2524 ea
448 2503 508 2531 qua:
521 2503 537 2522 e
550 2495 609 2529 lege
622 2499 649 2520 et
670 2493 824 2528 Evangelio,
835 2493 994 2528 caeteristh

209 2546 286 2573 libris
303 2542 440 2571 veteribus
453 2546 480 2567 ct
500 2540 579 2567 novis
605 2539 720 2566 collecta
743 2539 902 2573 compleaus
932 2546 992 2565 sum

209 2591 279 2618 libro
296 2590 346 2616 hoc
362 2595 422 2614 meo
433 2593 513 2622 quem
531 2585 686 2620 composui,
697 2584 769 2619 qttod
779 2584 812 2611 ad
823 2584 992 2617 metitodum,

208 2637 289 2664 rebus
299 2633 491 2668 iuvestlgandis
499 2631 764 2667 praestantissimum,
771 2629 843 2664 quod
850 2629 882 2656 ad
892 2630 995 2657 doctri-

210 2690 282 2714 nam,
307 2681 480 2709 vcrissimum
494 2685 573 2712 ;eum
585 2677 612 2704 in
624 2677 683 2712 ipso
696 2681 838 2703 assecutus
848 2677 993 2703 terminum

207 2728 252 2762 qui
264 2725 388 2762 prudenti
399 2729 491 2760 gratus
499 2724 544 2756 sit,
555 2727 581 2750 et
591 2722 727 2749 intellecttt
739 2721 852 2755 prtedito
863 2721 992 2753 sufficiat,

207 2780 294 2806 caque
306 2771 354 2798 tibi
370 2775 396 2797 (ιι
420 2770 548 2796 fratribus
561 2769 615 2796 tuis
624 2767 757 2795 evidentia
768 2763 834 2802 (res)
859 2769 989 2802 explicui,

206 2825 267 2851 tunc
282 2817 359 2843 nobis
371 2816 475 2849 tibique
484 2814 585 2848 prtcmii
599 2819 625 2841 et
635 2813 696 2840 boni
708 2813 890 2848 consequendi
908 2821 991 2841 causa

207 2871 253 2890 ﬁll.

1045 2137 1118 2163 vires
1131 2137 1263 2170 ipsarum,
1280 2143 1374 2162 verum
1392 2135 1463 2168 ipsas
1481 2135 1621 2161 actionum
1647 2142 1759 2161 suarum
1785 2142 1831 2159 ar-

1044 2181 1140 2212 bitros,
1161 2189 1328 2216 operttmque
1349 2188 1460 2207 suorum
1490 2180 1685 2206 moderatriees
1700 2199 1707 2211 ,
1728 2187 1759 2206 ac
1789 2187 1831 2206 re-

1045 2234 1105 2254 rum
1121 2234 1232 2254 suarum
1251 2226 1429 2253 administras
1446 2225 1610 2257 constituit;
1630 2229 1710 2258 atque
1726 2225 1758 2251 ad
1774 2225 1828 2251 hoc

1045 2273 1106 2299 illas
1127 2272 1257 2298 instruxit
1270 2271 1429 2298 excellentia
1440 2270 1534 2304 judicii
1551 2274 1577 2297 et
1591 2269 1698 2296 consilii
1713 2289 1720 2301 ,
1737 2277 1768 2296 ac
1782 2270 1831 2296 bo-

1045 2318 1132 2344 nitate
1146 2316 1350 2343 deliberationis
1360 2321 1386 2343 ct
1407 2317 1539 2347 si-ientim,
1553 2323 1604 2350 ope
1615 2315 1674 2350 ejus
1690 2322 1772 2349 quem
1790 2315 1832 2341 in—

1044 2362 1113 2389 didit
1126 2362 1201 2396 ipsis,
1216 2362 1250 2389 de
1265 2368 1360 2389 natura
1375 2362 1550 2395 intellectus;
1569 2369 1649 2396 quem
1677 2361 1741 2389 fecit
1764 2368 1831 2388 cau-

1045 2415 1103 2435 sam
1119 2407 1299 2441 impellentem
1328 2408 1360 2434 all
1387 2408 1605 2434 confirmandum
1632 2412 1727 2433 contra
1756 2406 1831 2441 ipsos

1045 2457 1248 2486 argumentum,
1264 2457 1290 2479 et
1308 2453 1379 2479 viam
1396 2461 1467 2487 qua:
1492 2453 1567 2487 ipsos
1592 2457 1729 2486 compotes
1756 2452 1830 2478 dire-

1045 2499 1143 2525 ctiouis
1159 2498 1272 2530 faceret,
1289 2499 1362 2533 quod
1377 2499 1444 2532 ipsis
1460 2499 1635 2525 contntoduut
1648 2502 1690 2524 est
1715 2497 1829 2531 eligens,

1045 2548 1072 2571 et
1088 2544 1277 2571 misericordia
1291 2552 1354 2579 erga
1371 2544 1444 2577 ipsos
1460 2543 1644 2578 propendens.
1671 2543 1742 2569 Laus
1763 2549 1829 2576 ergo

1045 2590 1100 2617 Deo
1116 2591 1163 2624 qtti
1181 2590 1338 2617 individuus
1355 2593 1397 2616 est
1415 2590 1521 2616 ratione
1537 2589 1651 2616 unitatis
1673 2596 1729 2615 su.e
1742 2608 1749 2620 ,
1766 2589 1829 2622 qui-

1045 2642 1098 2668 que
1115 2635 1123 2669 (
1135 2635 1341 2669 potentissimus
1355 2635 1384 2669 8
1398 2641 1424 2661 et
1439 2634 1670 2668 gloriosissimus)
1683 2635 1719 2660 ob
1732 2641 1829 2660 essen-

1049 2681 1114 2707 tiam
1130 2688 1218 2711 suam,
1236 2681 1394 2715 sapientiam
1407 2701 1414 2713 ,
1426 2684 1455 2707 et
1469 2681 1550 2707 vitam
1569 2684 1686 2707 aeternas
1698 2698 1705 2711 ,
1728 2679 1828 2713 dignus

1045 2718 1086 2753 est
1100 2725 1178 2753 laude
1193 2730 1221 2753 et
1235 2727 1419 2753 celebratione
1430 2746 1438 2758 ,
1463 2730 1636 2760 utereturque
1661 2725 1775 2759 gloriam
1801 2729 1830 2749 ct

1046 2772 1237 2798 exaltationem
1252 2780 1260 2804 ;
1275 2771 1322 2806 qui
1340 2772 1408 2798 nihil
1427 2772 1453 2798 in
1472 2772 1528 2806 lege
1551 2779 1599 2799 sua
1625 2773 1716 2806 posuit
1740 2771 1827 2797 ambi-

1046 2825 1139 2852 guum,
1157 2817 1230 2852 quod
1243 2817 1386 2843 dubitandi
1402 2824 1497 2844 ansam
1522 2819 1651 2851 praeberet
1663 2836 1670 2848 ,
1698 2824 1786 2850 neque
1802 2816 1828 2841 itt

1045 2864 1186 2898 prrcceptis
1202 2863 1258 2890 suis
1273 2863 1416 2895 ittcertum,
1436 2863 1508 2898 quod
1523 2863 1722 2891 dissensionem
1745 2870 1824 2897 pure-
