2015 3081
216 202 270 229 9M

930 197 1109 227 ANNALES.

1779 189 1832 221 9W

215 261 257 282 ιϊι
272 263 279 288 ',
297 255 343 282 sed
359 255 416 289 ipsa
434 253 578 281 constituit
596 253 739 288 perspicua
756 257 781 279 et
795 250 937 278 manifesta
952 258 1001 285 po-
1015 250 1039 281 Α
1055 253 1124 278 inter
1137 259 1165 278 se
1177 251 1332 284 discrepant
1352 250 1473 276 homines
1489 248 1515 275 in
1534 247 1646 277 historia
1662 266 1670 279 ,
1685 246 1757 281 quod
1784 253 1834 270 au-

216 301 304 336 pulis.
318 308 371 327 non
388 301 514 327 obstante
531 299 671 327 nationum
686 302 713 326 ct
727 298 868 333 regionum
894 297 1001 324 discre-

216 348 329 382 pantia,
355 352 382 373 et
405 346 546 374 scientiam
571 345 673 372 claram
704 343 831 371 omnibus
858 343 1000 378 gentibus.

215 392 418 427 quantumlibet
434 399 559 418 sermone
573 394 600 418 et
616 390 742 417 dialectis
765 389 880 417 invicem
904 388 1001 415 distin-

220 439 287 466 ctis.
305 445 354 472 per
373 437 568 464 revelationem
592 435 733 471 prophetis
750 434 809 462 suis
827 438 854 461 ct
873 434 1003 468 apostolis

220 483 339 521 [factam
353 482 363 519 ]
377 487 404 510 et
420 490 480 517 quae
497 482 571 508 misit
587 481 621 508 ad
638 481 712 515 ipsos
724 480 856 507 miracula
870 480 1004 514 signaque

219 529 361 557 tremenda
381 529 414 555 ad
430 529 533 555 cultum
549 535 629 555 suum
648 527 787 558 inritans;
807 529 833 553 et
856 525 1002 559 benignum

219 580 359 610 aspectum
372 574 396 601 ei
412 574 458 608 qui
475 573 525 608 ipsi
544 572 692 600 crediderit
708 572 868 607 promittens
879 592 887 605 ,
901 571 1003 598 exitum

219 628 286 647 vero
306 619 454 654 pessimum
470 619 509 650 ei,
526 618 572 652 qui
589 618 623 645 ab
636 618 698 652 ipso
709 625 738 644 se
755 617 883 644 averterit
900 617 1003 651 ipsum-

218 672 274 698 que
300 663 461 698 negaverit.
490 662 621 688 minatus.
641 660 840 696 [Celebretur,
870 658 1004 694 inquam]

220 708 300 735 laude
329 715 390 741 qum
404 707 534 741 majorem
553 706 641 740 ipsius
655 704 861 732 beneficentiam
877 707 1005 738 provocet

208 748 400 780 'etacccssum
415 752 448 780 ad
462 754 551 786 ipsum
574 755 700 786 praestet.
724 750 816 785 Ipsum
840 757 905 785 rogo
920 771 926 782 ,
954 749 1004 784 ipsi

221 799 348 833 supplico
361 818 368 830 ,
387 803 418 825 ut
445 798 569 824 sinceras
595 796 691 823 reddat
707 796 873 823 intentiones
898 799 1006 823 nostras

219 846 253 872 ad
269 844 490 879 amplectendam
509 843 580 878 quod
598 843 649 878 ipsi
664 847 770 876 gratum
785 842 831 875 sit,
847 845 874 869 et
894 849 1007 869 conver-

218 896 259 918 tat
271 892 380 918 intimos
391 889 503 917 adiectus
514 894 623 916 nostros
632 887 665 915 ad
681 887 748 915 illud
760 887 832 922 quod
843 886 1004 921 obsequium

222 937 272 971 ipsi
285 936 468 970 pnestandum
489 939 661 970 promoveat,
672 938 697 960 et
710 933 841 968 consequi
859 940 909 960 nos
926 932 1007 960 faciat

221 982 336 1017 gradum
350 982 402 1009 sibi
418 981 614 1016 propinquum.

258 1027 321 1054 llaec
336 1027 479 1054 hactenus.
492 1026 654 1061 Quicunque
669 1032 724 1053 non
742 1025 867 1053 habuerit
881 1026 1005 1054 notitiam

218 1072 393 1100 fundamenti
411 1071 528 1106 alicujus
543 1071 685 1103 scientiae,
711 1070 746 1099 de
769 1077 823 1106 qua
854 1078 1006 1098 sermonem

222 1119 367 1146 instituere
384 1118 459 1150 velit,
481 1120 511 1144 ut
526 1116 589 1145 inde
607 1116 724 1144 deducat
749 1123 820 1150 quas
846 1115 897 1151 ipsi
919 1116 1006 1143 visum

222 1164 306 1191 fuerit
331 1163 564 1198 consequentias.
590 1169 705 1196 quarum
732 1161 813 1188 etiam
839 1161 1007 1196 cognitioni,

218 1209 319 1244 9-11
348 1216 409 1236 cum
434 1208 469 1236 sit
493 1214 613 1243 propago
641 1207 761 1241 ejusdem
791 1205 932 1237 scientia,
951 1214 1007 1233 non

223 1255 318 1281 subest
331 1253 404 1280 abud
417 1253 529 1287 aliquod
543 1251 751 1279 fundamentum
763 1252 795 1278 ad
808 1251 879 1286 quod
892 1251 1008 1279 subinde

223 1304 392 1332 recurratur,
409 1303 490 1327 erunt
506 1306 597 1327 sermo
607 1303 633 1326 et
647 1300 718 1326 ratio
730 1299 909 1327 concludendi
920 1298 1007 1333 ipsius

222 1354 292 1373 vana
312 1351 338 1374 et
356 1346 455 1379 futilis,
471 1346 602 1380 laborque
616 1349 641 1373 et
660 1345 781 1372 studium
807 1345 831 1372 ei
848 1345 887 1371 rei
904 1344 1008 1378 impen-

219 1399 283 1419 sum
299 1394 453 1419 l'rustranea
468 1396 496 1419 et
510 1391 637 1418 ridicula.
653 1390 786 1417 Parabola
804 1394 912 1422 autent,
925 1397 1006 1424 qttam

222 1438 309 1465 edidit
323 1438 454 1464 Dominus
466 1441 493 1464 et
506 1437 636 1464 Servatur
652 1440 744 1464 uoster
758 1436 783 1462 in
799 1435 946 1470 Evangelio
958 1443 1008 1462 suo

224 1488 331 1515 sancto,
348 1483 442 1510 dicens
460 1492 467 1510 ι
483 1482 513 1510 Si
525 1483 582 1517 quis
598 1482 705 1508 domum
721 1490 797 1508 suam
810 1489 889 1515 super
900 1489 1008 1508 arenam

224 1530 351 1556 struxerit
367 1529 406 1556 te!
427 1529 597 1555 tenuissimus
616 1532 706 1555 uentus
730 1528 907 1562 pertransiens
924 1527 1008 1561 ipsam

1056 302 1109 324 tem
1123 297 1187 323 mihi
1203 297 1253 323 hac
1267 296 1295 323 in
1308 303 1337 322 re
1367 299 1428 329 post
1442 293 1660 329 disquisitionem
1683 292 1792 326 longam
1808 296 1835 318 et

1055 343 1175 369 laborem
1193 342 1321 373 multum.
1337 347 1507 376 eompertmn
1525 343 1584 372 est.
1604 339 1670 366 illttd
1695 342 1737 365 est
1763 337 1834 371 quod

1054 395 1085 414 ex
1105 388 1138 414 iis
1162 394 1222 421 qure
1235 387 1261 414 in
1278 387 1335 422 lege
1354 385 1517 420 exterisque
1532 383 1691 412 indubitata:
1718 382 1778 410 ﬁdei
1803 383 1837 409 li-

1054 433 1112 460 bris
1124 432 1288 464 exhibitum,
1304 430 1568 466 explicationejusta
1582 433 1608 457 et
1620 428 1767 457 sufficienti
1788 435 1838 455 ex-

1055 479 1208 514 plicaturos
1220 486 1291 510 sum.
1309 478 1446 513 adjunctis
1462 478 1486 504 ei
1507 475 1714 503 narrationibus
1728 473 1838 501 succin-

1056 525 1119 556 ctis,
1137 523 1354 558 compendiosis,
1370 530 1426 558 quo
1443 523 1479 550 sit
1492 522 1540 549 tibi
1555 520 1682 549 liberiste
1697 527 1774 547 mens
1790 527 1838 554 per

1057 579 1087 599 se
1099 570 1251 603 sufﬁciens,
1269 570 1408 605 faciatque
1438 577 1471 596 ne
1498 576 1568 603 opus
1595 568 1632 595 sit
1656 568 1689 594 ad
1715 567 1840 602 quemvis

1057 615 1153 647 alium,
1171 615 1209 642 rei
1227 614 1346 648 alicujus
1365 614 1391 640 in
1405 613 1519 641 historia
1531 612 1728 648 cognoscendae
1743 612 1840 646 gratia.

1058 669 1209 689 recnrrero.
1231 661 1403 695 Propositum
1418 665 1509 687 autem
1536 663 1578 687 est
1593 659 1676 686 ordiri
1692 658 1726 685 ab
1739 658 1817 685 initio
1834 677 1842 688 .

1058 715 1112 743 quo
1129 709 1200 735 Deus
1216 707 1348 733 Adamnm
1365 706 1485 733 condidit
1503 712 1589 738 usque
1604 704 1637 731 ad
1666 708 1772 736 tempus
1791 704 1842 729 hoc

1059 758 1195 785 nostrum,
1209 759 1239 780 ut
1250 755 1287 780 sit
1304 753 1365 788 ejus
1378 751 1498 785 cognitio
1512 750 1559 778 tibi
1576 749 1730 776 manifesta.
1742 749 1770 775 In
1788 749 1842 775 Deo

1059 805 1149 826 autem
1164 802 1205 826 est
1221 798 1354 826 auxilium
1372 802 1399 824 et
1417 797 1490 824 vires
1501 800 1528 823 et
1545 795 1675 831 potentia,
1687 802 1749 827 qua:
1763 801 1842 828 opem

1059 845 1139 872 nobis
1155 845 1243 872 ferant
1259 844 1292 870 ad
1308 843 1400 870 omnia
1416 851 1476 878 qua:
1486 847 1646 877 quaeruntur
1656 840 1842 876 percipienda.

1060 891 1214 918 etdireetio
1228 890 1262 917 ad
1277 889 1354 922 illud,
1374 896 1429 923 quo
1447 891 1644 923 prosperantur
1666 894 1711 914 res
1730 891 1843 917 natura;

1058 936 1221 971 obsequium
1239 936 1290 971 ipsi
1304 934 1488 970 praestandum
1502 939 1528 961 et
1541 933 1742 968 beneplacitum
1756 931 1844 964 ip<ins

1058 981 1274 1016 adimplendum.
1290 989 1350 1008 cum
1367 982 1425 1015 ipse
1440 982 1475 1007 sit
1488 980 1674 1015 omnipotens.
1690 979 1762 1006 Laus
1780 985 1844 1013 ergo

1058 1028 1125 1058 Deo.
1142 1028 1257 1055 Domino
1269 1032 1471 1054 creaturarum.

1095 1073 1145 1109 13
1164 1073 1215 1108 15
1227 1073 1335 1100 Creavit
1357 1073 1439 1106 Deus,
1451 1072 1666 1107 potentissimus,
1681 1069 1847 1106 gloriosissir

1059 1127 1131 1150 mns,
1146 1119 1277 1146 mundum
1302 1126 1363 1146 enm
1392 1119 1426 1146 iis
1441 1126 1501 1153 qua:
1518 1119 1545 1146 in
1571 1125 1604 1145 eo
1625 1121 1700 1150 sunt,
1718 1124 1767 1144 nec
1791 1123 1844 1143 non

1058 1165 1191 1192 Adamum
1208 1169 1233 1192 et
1252 1164 1346 1196 Evam,
1361 1172 1408 1192 sex
1425 1165 1534 1192 diebus.
1555 1163 1671 1191 Creatus
1692 1166 1734 1190 est
1754 1166 1844 1189 autem

1059 1210 1144 1236 Adam
1158 1210 1202 1237 die
1220 1215 1309 1241 sexto,
1333 1210 1528 1244 benedixitqne
1553 1209 1624 1237 Deus
1645 1209 1700 1236 diei
1717 1208 1845 1243 septimo,

1058 1255 1187 1288 quoniam
1217 1256 1242 1281 in
1269 1262 1301 1281 eo
1331 1263 1400 1288 opus
1426 1254 1572 1281 errationis
1587 1254 1713 1280 absolvit.
1742 1252 1846 1279 Adamn

1058 1305 1148 1327 autem
1163 1305 1190 1326 et
1207 1303 1268 1326 levae
1287 1300 1313 1326 in
1342 1300 1496 1334 paradisum
1519 1298 1685 1326 intromissis
1706 1298 1846 1332 praecepit,

1060 1351 1088 1373 ut
1102 1346 1135 1373 de
1151 1346 1281 1372 omnibus
1298 1345 1442 1372 arboribus
1469 1344 1652 1374 comederent.
1675 1347 1785 1376 excepta
1801 1350 1846 1368 ar-

1060 1391 1126 1418 bore
1140 1391 1272 1422 seientite,
1295 1391 1328 1418 de
1345 1398 1375 1417 ea
1395 1397 1457 1417 vero
1470 1398 1503 1417 ne
1516 1389 1699 1416 contedcrent.
1714 1387 1847 1415 Tentante

1059 1440 1148 1463 autem
1166 1437 1250 1463 Evam
1264 1437 1383 1468 diabolo,
1408 1441 1580 1470 transgressa
1601 1439 1642 1462 est
1667 1434 1711 1461 illa
1733 1433 1847 1460 manda-

1060 1487 1117 1509 tum
1134 1482 1190 1514 Dei,
1202 1488 1228 1510 et
1247 1483 1366 1509 comedit
1382 1483 1414 1509 de
1440 1482 1539 1509 arbore
1570 1481 1632 1513 ista,
1655 1487 1687 1507 ac
1702 1479 1847 1508 comeden-

1060 1527 1125 1554 dum
1142 1527 1175 1554 de
1191 1535 1221 1554 ea
1235 1527 1349 1561 praebuit
1365 1527 1479 1554 Adamo.
1497 1526 1566 1553 Cum
1582 1533 1645 1561 ergo
1659 1526 1686 1552 in
1702 1525 1846 1552 Dominum

219 1575 340 1608 .dcjim'et.
357 1578 380 1600 et
415 1574 540 1600 minimus
565 1581 641 1608 aqua:
668 1577 770 1599 torrens
802 1573 886 1606 ipsum
912 1572 1046 1610 diruet;c
1063 1580 1142 1600 suum
1163 1573 1351 1604 rebellassent,
1369 1572 1472 1607 expulit
1486 1572 1587 1606 ipsese
1618 1571 1757 1606 paradiso,
1780 1570 1847 1597 hora

233 1619 302 1652 quod
332 1619 356 1645 εἰ
380 1625 437 1644 eam
467 1625 544 1652 super
574 1623 674 1652 petram
700 1616 882 1651 aediﬁcaverit.
899 1624 1011 1651 nequeo.

225 1664 307 1690 ventis
321 1663 411 1698 dejici,
436 1670 518 1697 neque
541 1671 558 1689 a
588 1667 705 1689 torrente
726 1662 841 1689 subverti
864 1662 959 1695 poterit
981 1664 1011 1692 ’⁸,

226 1708 319 1742 regula
332 1711 374 1735 est
388 1711 415 1734 et
432 1707 585 1741 exemplum
602 1706 775 1742 intelligenti.
796 1706 927 1741 Quisquis
937 1706 1011 1733 enirn

231 1753 341 1780 locutus
357 1752 441 1779 fuerit
457 1753 490 1780 de
503 1752 592 1787 aliqua
607 1752 721 1779 scicntia
752 1752 811 1779 sine
836 1751 1012 1778 fundamento

224 1797 260 1825 ad
275 1798 346 1833 quod
366 1796 496 1832 respiciat
524 1797 624 1832 cuique
638 1797 771 1824 innitatur
784 1816 791 1828 .
809 1796 900 1824 subito
922 1795 1014 1823 incas-

222 1851 287 1870 sum
306 1843 395 1876 cedet,
411 1848 438 1871 et
449 1851 533 1878 quam
551 1843 686 1870 citissime
696 1841 814 1876 deﬁciet,
827 1844 912 1870 instar
926 1841 1011 1870 rediti-

227 1890 317 1917 cantis
332 1891 441 1917 domum
454 1897 531 1917 suam
550 1896 632 1924 super
654 1896 763 1916 arenam
777 1896 785 1921 ;
799 1893 826 1915 at
845 1889 868 1915 si
893 1889 955 1922 quis
979 1887 1012 1914 de

223 1935 342 1963 srientia
360 1935 470 1969 aliqua.
500 1935 659 1970 ρει-(ξοπιιὶιο
689 1934 765 1968 prius
799 1934 885 1968 ipsius
913 1933 1011 1961 funda-

229 1986 332 2012 mento,
349 1981 486 2015 loquatur,
505 1980 615 2008 futurus
631 1984 674 2007 est
687 1987 776 2006 sermo
796 1979 883 2014 ipsius
909 1987 990 2007 verus
1003 1998 1010 2010 .

228 2026 383 2053 luculentus
396 2044 403 2057 .
431 2026 591 2060 perspicuus
601 2045 609 2058 ,
633 2025 727 2052 firmus
739 2043 746 2056 .
759 2024 890 2059 quoniam
905 2024 1012 2052 locutus

224 2076 271 2100 .est
285 2072 424 2099 substrato
440 2071 628 2103 fundamento,
648 2070 721 2104 quod
741 2069 890 2104 respiciat.
913 2071 1014 2104 cuique

229 2118 375 2149 innitatur,
392 2121 421 2143 ut
439 2123 501 2143 cum
520 2115 582 2150 quis
597 2115 710 2142 domum
729 2122 806 2141 suam
821 2119 905 2149 petra
916 2121 1013 2148 super-

229 2162 370 2190 struxerit.
386 2161 471 2189 Porro
499 2161 527 2188 in
549 2161 621 2188 hanc
645 2160 808 2189 sententiam
829 2160 914 2187 multa
939 2160 1014 2187 dixe-

229 2212 293 2235 rnnt
309 2208 383 2235 Plato
396 2212 422 2234 et
436 2207 596 2234 Aristoteles
616 2206 643 2233 itt
660 2206 738 2233 libris
754 2205 917 2237 dialecticis.
937 2206 1013 2233 aliis-

1062 1618 1198 1645 nonadiei
1214 1617 1337 1648 Veneris.
1359 1618 1385 1644 in
1399 1618 1572 1652 qnemdame
1594 1618 1734 1645 ntontibus
1756 1616 1847 1648 lndiw.

1061 1664 1263 1698 eollocatosqne
1287 1664 1314 1690 in
1335 1667 1406 1690 terra
1432 1663 1513 1698 jussit
1542 1663 1663 1691 sobolem
1690 1671 1846 1698 procreare,

1062 1716 1116 1744 quo
1145 1710 1402 1744 multiplicarentur.
1421 1713 1447 1736 et
1471 1709 1614 1743 implerent
1637 1712 1750 1735 terram.
1772 1708 1847 1736 Cum

1062 1761 1175 1790 gressus
1189 1761 1255 1789 ergo
1269 1758 1310 1781 est
1336 1754 1422 1781 Adam
1441 1761 1500 1780 rum
1519 1753 1583 1785 Eva,
1599 1760 1669 1788 quae,
1689 1761 1750 1780 eum
1775 1761 1849 1780 eon-

1063 1800 1188 1835 cepisset,
1201 1802 1306 1835 peperit
1323 1807 1437 1834 puerum
1451 1804 1477 1826 et
1505 1799 1638 1833 puellam;
1662 1807 1775 1834 pnerum
1801 1806 1849 1832 ap—

1063 1845 1171 1879 pellavit
1184 1844 1264 1876 Kain,
1280 1844 1398 1879 puellam
1416 1845 1518 1871 Azrnn.
1537 1843 1606 1871 Tum
1635 1851 1732 1871 rursus
1759 1844 1850 1870 conci-

1064 1891 1155 1925 piente
1169 1890 1235 1922 Eva,
1253 1897 1285 1916 ac
1312 1897 1426 1924 puerum
1452 1895 1478 1916 et
1505 1890 1621 1924 puellam
1649 1891 1741 1921 enixa.
1765 1897 1851 1924 puero

1063 1943 1161 1963 nomen
1185 1936 1315 1969 imposuit
1338 1935 1415 1967 Abel,
1432 1935 1529 1969 puellm
1549 1934 1655 1967 Ovvain,
1674 1943 1735 1969 quat
1757 1934 1852 1962 Graece

1064 1979 1201 2014 Laphura.
1226 1979 1352 2014 Cumque
1377 1979 1432 2013 jam
1456 1980 1640 2013 provectiorcs
1669 1979 1732 2006 facti
1758 1983 1851 2007 essent

1064 2026 1152 2058 pueri,
1173 2025 1240 2052 dixit
1256 2025 1343 2052 Adam
1360 2025 1441 2052 Evze:
1463 2024 1548 2051 Ducat
1568 2025 1639 2051 Kain
1663 2023 1768 2057 Owain,
1792 2032 1852 2058 quae

1065 2081 1117 2100 una
1137 2081 1198 2100 cum
1211 2073 1296 2100 Abelc
1314 2078 1374 2100 nata
1391 2076 1443 2105 est,
1462 2072 1529 2099 Abel
1553 2077 1644 2099 autem
1662 2072 1766 2105 Azrun,
1791 2080 1852 2106 qua:

1065 2126 1126 2146 cum
1151 2118 1238 2146 Kaino
1267 2123 1341 2146 nata.
1366 2118 1436 2145 Dixit
1462 2123 1551 2146 autem
1574 2117 1643 2145 Kain
1666 2117 1745 2145 matri
1761 2125 1843 2145 suas:

1069 2163 1173 2191 Ducam
1189 2171 1240 2198 ego
1250 2171 1372 2191 sororem
1392 2171 1490 2195 meam.
1506 2168 1532 2191 et
1550 2164 1631 2190 dttcat
1644 2163 1710 2189 Abel
1729 2169 1852 2190 sororem

1067 2215 1154 2235 suam.
1175 2208 1280 2243 Quippe
1296 2208 1438 2244 pulcluior
1455 2213 1512 2236 erat
1526 2208 1616 2236 Azrun
1635 2208 1758 2240 Owaina.
1773 2208 1852 2241 Quod

228 2263 293 2290 que,
310 2255 343 2281 de
359 2253 543 2281 fundamentis
558 2253 732 2282 scientiarum
747 2259 898 2286 earumque
918 2252 1014 2280 detini-
1030 2251 1053 2278 D
1068 2260 1131 2280 eum
1144 2254 1268 2281 audiSset
1286 2254 1383 2285 Adam,
1402 2262 1417 2280 ιι
1430 2253 1470 2280 ale
1483 2253 1630 2281 admodum
1645 2253 1734 2288 ipsum
1747 2253 1852 2285 habuit.

229 2301 361 2331 tionibus,
385 2303 411 2327 ct
426 2299 615 2326 arithmetices
649 2297 836 2325 fundamentis
861 2305 894 2325 ac
910 2298 1014 2325 delini-

230 2347 359 2376 tiouibus.
371 2351 398 2372 ct
410 2353 492 2380 quatn
509 2345 641 2372 rationem
654 2348 747 2372 tenere
757 2344 853 2372 debeat
863 2343 1013 2375 studiosus,

229 2399 291 2419 cum
303 2391 428 2427 peritiam
452 2391 577 2426 cujusvis
601 2391 708 2418 tandem
733 2390 853 2418 scientia:
873 2391 1016 2425 acquirere

228 2438 304 2469 velit,
322 2437 382 2464 fuse
397 2444 459 2472 qua:
473 2437 525 2464 huc
543 2440 670 2471 spectant
681 2436 850 2471 explicantes
866 2436 916 2470 12
930 2441 957 2463 et
968 2444 1016 2463 ex-

230 2487 372 2517 ponentes,
389 2491 459 2517 quae.
478 2491 531 2510 non
546 2490 615 2517 opus
629 2487 673 2509 est
685 2482 764 2509 nobis
780 2483 825 2517 (ne
837 2483 943 2517 longior
952 2489 1015 2509 eva-

228 2529 274 2554 dat
290 2528 359 2555 liber
376 2528 427 2555 istc
440 2527 553 2562 noster)
570 2531 701 2562 repetere.
717 2527 786 2554 Cum
802 2531 905 2557 autent.
924 2527 967 2553 his
984 2527 1010 2553 in

227 2573 388 2604 pt'asfattittne
409 2573 471 2600 libri
492 2574 542 2600 mei
561 2572 708 2608 praemissis
721 2592 729 2605 .
752 2573 865 2600 dixerint
888 2579 1014 2607 oportere

227 2619 377 2653 quemlibet
400 2619 444 2652 qui
473 2619 545 2653 loqui
572 2619 638 2646 velit
662 2618 696 2645 de
715 2618 872 2654 cognitione
895 2618 1012 2654 alicujus

227 2666 360 2696 scientite,
369 2664 491 2698 ejusdem
500 2663 675 2691 fundamenta
683 2664 796 2696 callere;
807 2671 867 2691 cum
878 2664 1011 2699 (inquam)

226 2711 286 2737 inec
301 2710 338 2736 ita
351 2718 381 2737 se
398 2711 526 2741 habeant,
540 2717 652 2738 necesse
682 2714 725 2738 est
752 2714 782 2737 ιιι
802 2712 1013 2739 substernamus

224 2756 252 2781 ei
269 2756 340 2789 quod
356 2756 500 2790 postulasti
515 2756 722 2783 fundatncutttm
752 2757 786 2784 ad
801 2757 873 2791 quod
891 2764 1015 2784 recurra-

230 2805 285 2834 lut';
302 2802 402 2836 cuique
414 2802 552 2830 innitaris.
575 2802 718 2830 Manifesto
735 2808 808 2830 certe
824 2807 847 2829 et
863 2802 1012 2838 plntimnm

262 2895 270 2911 ί
286 2893 381 2921 Matth.
401 2900 446 2924 vn,
464 2892 556 2921 36-27.

1070 2299 1123 2334 16
1137 2300 1260 2334 dixitque
1276 2307 1283 2326 :
1302 2298 1357 2326 Hoc
1375 2304 1415 2326 est
1439 2307 1532 2326 conzra
1560 2306 1734 2334 prteeeptnm,
1756 2304 1785 2326 ut
1809 2307 1854 2325 so-

1069 2352 1158 2372 rorem
1179 2350 1252 2372 tuam
1266 2345 1409 2379 gemellam
1422 2344 1516 2372 ducas.
1532 2345 1561 2372 Et
1577 2345 1627 2371 fuit
1644 2345 1711 2372 Cain
1723 2345 1852 2379 agricola.

1069 2390 1135 2416 Abel
1154 2395 1246 2424 pastor
1265 2391 1369 2417 ovium.
1390 2390 1516 2424 Dixitque
1532 2391 1585 2418 illis
1611 2391 1696 2417 Adam
1714 2390 1854 2424 :Accipitc

1069 2437 1103 2464 de
1118 2437 1252 2464 fructibus
1268 2440 1361 2469 [ενι-ω,
1380 2441 1407 2464 et
1417 2437 1451 2465 de
1465 2437 1520 2464 fetu
1537 2438 1639 2468 ovium.
1658 2442 1684 2464 et
1702 2444 1853 2464 conscenso

1070 2484 1170 2512 montis
1186 2484 1268 2518 hujus
1283 2484 1355 2511 sacri
1373 2483 1484 2518 fastigio
1506 2483 1600 2511 offerte
1626 2492 1737 2510 munera
1754 2489 1852 2514 rostra,

1064 2529 1163 2556 deinde
1183 2536 1282 2556 uxores
1297 2535 1403 2556 vestras
1420 2529 1571 2563 accipietis.
1590 2528 1685 2555 Attulit
1697 2536 1762 2563 ergo
1780 2529 1850 2555 Kain

1064 2575 1098 2602 de
1116 2575 1251 2603 fructibus
1274 2581 1352 2602 terra:
1382 2575 1408 2602 in
1432 2575 1597 2602 oblationem
1627 2576 1692 2607 Deo,
1720 2575 1852 2609 optimos,

1063 2622 1276 2655 selectissimos;
1294 2622 1358 2650 Abel
1375 2629 1390 2650 e
1415 2622 1600 2656 primogenitis
1625 2622 1716 2649 ovium
1740 2629 1850 2648 suarum

1068 2667 1185 2701 optimas
1199 2672 1225 2694 et
1244 2667 1448 2694 selectissimas.
1478 2666 1582 2694 Interea
1603 2671 1692 2694 autent
1718 2668 1782 2693 dum
1805 2674 1849 2693 ea.

1068 2721 1165 2739 enmen
1185 2712 1286 2740 montis
1319 2713 1509 2744 asecndermtt.
1544 2712 1640 2739 indidit
1672 2712 1786 2739 Satanas
1814 2712 1851 2746 (3n

1069 2759 1198 2793 mentem)
1211 2757 1308 2790 Kaino,
1324 2762 1352 2785 ul
1365 2758 1476 2785 fratrem
1490 2766 1568 2785 suum
1583 2759 1692 2786 Abelem
1706 2758 1852 2790 occideret,

1069 2804 1171 2832 Sororis
1183 2811 1238 2832 sua!
1254 2804 1344 2830 Azrnn
1360 2805 1457 2840 gratia.
1472 2804 1592 2839 Cumque
1621 2804 1748 2831 offerrent
1776 2803 1851 2831 oi-la<
