2015 3081
206 152 255 183 ἓῖΠ

210 219 1458 236 _._.____..___._.________.__.__.._—————-——

715 150 737 178 E
744 147 900 178 UTYCHII
919 145 1186 176 ALEXANDRINI
1203 145 1311 175 PATR-

342 296 578 330 INNOMINE
600 296 685 332 DEI,
707 295 845 331 UNIUS,
867 293 1055 329 ΔξΤΕΒΝῙ,
1077 292 1375 328 IMMUTAIIILIS,
1408 291 1686 326 IMMORTALIS,

628 358 653 388 A
703 358 788 396 QUO
836 357 894 387 ET
939 356 1160 387 AUXILIUM
1199 355 1406 386 PETIMUS.

707 490 912 546 LIBER
955 488 1325 546 HISTOBL‘E

518 640 644 672 JUXTA
672 638 902 669 ACCURATAM
933 637 1026 668 VERI
1054 637 1255 667 RATIONEM
1296 635 1512 666 COLLECTUS

256 700 380 733 OPERA
415 700 671 730 PATRIARCI-IIE
691 699 886 734 EUTYCHll,
910 698 980 736 QUI
999 698 1298 728 COGNOMINATUS
1311 699 1382 728 EST
1403 699 1491 728 ΒΔΗ)
1512 698 1587 727 EBN
1609 697 1766 726 ΒᾹΤΒΙΚ-

432 759 539 794 QUEM
558 758 732 789 SCRIPSIT
750 759 801 788 AD
819 756 1002 787 FRATREM
1016 755 1124 786 SUUM
1145 755 1247 790 ISAM,
1278 755 1326 785 DE
1366 754 1598 785 COGNITIONE

346 816 618 847 HlSTORlARUM
637 814 933 847 UNIVERSALIUM
948 814 971 842 A
988 812 1169 843 TEMPORE
1189 812 1311 841 ADAMI
1329 811 1459 848 USQUE
1489 812 1539 842 AD
1564 811 1687 842 ANNOS

812 873 944 905 HEIIUE
974 872 1219 904 ISLAMlTlC/E.

354 1038 665 1124 EUTYCllll
727 957 1171 1119 PATlllllllCll/E
1237 1033 1683 1117 ALEXANDBINI

778 1186 903 1264 AN
911 1188 972 1264 N
979 1185 1245 1263 ALES.

243 1404 357 1440 Inspirct
373 1401 422 1430 tibi
439 1401 521 1434 Deus,
537 1400 573 1428 mi
588 1400 683 1432 frater,
702 1406 791 1427 rerum
817 1399 991 1434 pulchrarum
1007 1401 1030 1430 Δ
1079 1397 1144 1434 5-7
1163 1399 1218 1431 Sic,
1235 1399 1272 1426 ait
1285 1399 1348 1426 Said
1365 1399 1421 1426 Ebn
1438 1399 1531 1427 Batrik
1554 1399 1687 1432 medicus,
1719 1401 1827 1428 initium

207 1453 326 1487 optimas
338 1453 364 1477 ct
379 1447 625 1479 commodissimus,
644 1450 671 1473 et
688 1450 817 1473 avertata
837 1450 880 1479 te,
895 1453 989 1472 earum

206 1505 268 1533 quae
282 1495 421 1524 tristitiam
436 1492 563 1525 all'ernnt,
586 1491 719 1518 malarum
745 1491 878 1518 maximas
898 1495 925 1518 ct
945 1497 992 1517 no-

207 1542 381 1571 eentiSsimas
405 1547 412 1566 :
433 1539 539 1573 operiat
569 1543 593 1564 te
619 1537 798 1572 protectionis
826 1537 885 1563 velo
908 1543 990 1570 quam

207 1588 341 1617 latissime
355 1592 486 1621 expanso,
505 1587 532 1610 ct
547 1583 688 1610 continuet
706 1582 752 1609 tibi
773 1581 920 1616 potentiam
933 1588 992 1608 am-

206 1635 357 1670 plissimam
376 1640 383 1660 :
402 1631 534 1666 largiatur
550 1629 597 1655 tibi
615 1629 641 1655 in
663 1632 778 1662 utroque
804 1627 904 1654 smeulo
927 1633 991 1660 por-

207 1680 319 1709 tionem,
334 1681 361 1704 et
376 1677 404 1703 iu
421 1680 535 1709 utraque
548 1677 621 1700 statu
633 1678 733 1700 sortem
745 1681 752 1699 ι
763 1672 912 1707 intelligere
927 1670 992 1706 1-5

207 1728 234 1751 te
250 1722 334 1749 faciat
349 1721 451 1750 ouiuia,
471 1726 530 1753 qua:
556 1717 608 1752 ipsi
625 1718 749 1753 placent;
775 1723 862 1751 neque
885 1721 992 1750 separet

207 1773 234 1795 te
248 1776 263 1795 a
277 1767 377 1794 viciuio
390 1772 439 1792 suo
453 1771 513 1789 cum
531 1763 586 1790 illis
604 1770 664 1796 quae
681 1761 760 1795 longe
774 1765 890 1788 amovet.
908 1761 991 1788 lntel-

207 1813 259 1841 lexi
278 1811 343 1847 quid
361 1808 481 1838 describi
498 1808 547 1834 tibi
560 1807 675 1842 iusseris
688 1806 795 1840 (bectte
810 1805 881 1833 Deus
891 1805 990 1832 amictu

207 1860 388 1891 virtutum,et
403 1854 534 1883 mundum
562 1858 589 1881 te
617 1856 769 1882 conservet,
804 1861 841 1879 ne
866 1852 991 1879 sordidas

208 1906 336 1933 vitiorum
369 1906 458 1929 vestes
488 1900 607 1934 induas)
633 1899 660 1927 in
688 1898 843 1933 cognitione
866 1897 992 1924 Historiae

207 1948 369 1977 uniuersalis
378 1955 392 1974 a
410 1951 531 1980 tempore
542 1944 636 1971 Adatni
648 1942 774 1978 usquead
787 1950 874 1969 annos
888 1942 992 1976 lli-giras

206 1995 379 2026 islatniticar;
398 1996 479 2026 atque
501 1990 566 2017 illud
590 1989 774 2016 demonstravi
794 1989 871 2022 juxta
894 1988 991 2015 seriem

207 2042 352 2072 mensium,
372 2039 547 2068 saeculorum,
568 2040 594 2063 et
608 2042 753 2066 annorum,
772 2034 841 2060 utin
863 2033 922 2067 ejus
944 2040 992 2060 cn-

1043 1447 1182 1481 capiemus
1199 1453 1214 1473 a
1231 1447 1310 1474 laude
1330 1445 1436 1473 Domini
1450 1447 1536 1473 nostri
1561 1451 1588 1474 ct
1616 1448 1755 1474 Creatoris
1778 1448 1826 1481 qui

1043 1499 1094 1519 nos
1110 1492 1242 1525 condidit,
1255 1497 1282 1519 et
1296 1492 1324 1518 in
1341 1492 1423 1519 vitam
1441 1491 1578 1526 perduxit,
1592 1492 1672 1526 cuius
1685 1492 1754 1519 fatua
1768 1493 1827 1527 glo-

1042 1538 1113 1565 riosa
1129 1542 1181 1570 est,
1199 1545 1261 1565 cum
1274 1539 1358 1573 ipsius
1370 1538 1429 1565 laus
1440 1538 1636 1572 (sanctilicctur
1645 1539 1705 1572 ejus
1717 1539 1828 1572 omne»)

1042 1583 1127 1611 clavis
1142 1584 1177 1611 sit
1193 1584 1314 1611 omnium
1331 1584 1461 1611 librorum
1486 1588 1512 1610 et
1539 1587 1716 1611 tractatu-um.
1736 1585 1825 1620 Ipsum

1042 1629 1279 1663 (potentissimum
1296 1633 1323 1656 et
1339 1629 1586 1664 gloriosissimum)
1617 1634 1763 1662 rogantes,
1797 1634 1827 1655 ut

1043 1682 1120 1709 opem
1147 1674 1226 1702 nobis
1247 1674 1371 1701 conferat
1399 1675 1431 1701 ad
1460 1674 1525 1701 illud
1556 1674 1757 1708 praestandum,
1778 1682 1828 1708 pro

1045 1720 1169 1747 bonitate
1185 1727 1233 1747 sua
1251 1725 1393 1758 consueta.
1410 1719 1501 1747 Gloria
1517 1727 1582 1755 ergo
1598 1720 1664 1751 Duo,
1680 1720 1725 1754 qui
1739 1720 1827 1754 gleria

1043 1767 1144 1801 dignus
1160 1766 1328 1800 estcjusque
1343 1765 1491 1797 Dominus,
1511 1770 1537 1792 et
1557 1765 1591 1792 ob
1616 1772 1696 1799 quam
1721 1765 1826 1800 gratias

1043 1816 1184 1845 exspectat
1200 1818 1214 1838 a
1235 1812 1321 1838 servis
1342 1804 1474 1845 suisfqui
1492 1818 1535 1837 res
1547 1809 1825 1844 decrevitanthuam

1042 1862 1145 1889 essent,
1160 1865 1261 1892 easque
1277 1857 1410 1891 gubernat
1426 1860 1568 1891 postquam
1585 1855 1723 1890 producta:
1739 1860 1801 1882 sunt
1817 1865 1824 1888 ;

1043 1904 1087 1938 qui
1104 1903 1318 1930 misericordiam
1332 1907 1357 1929 et
1372 1902 1506 1936 justitiam
1523 1908 1537 1927 e
1559 1901 1611 1928 viis
1626 1901 1748 1927 veritatis
1759 1908 1828 1927 eon-

1043 1949 1152 1974 stitutas
1167 1947 1311 1982 praecepit;
1333 1945 1481 1980 nequitiam
1497 1949 1587 1972 autem
1616 1950 1642 1971 ct
1665 1945 1824 1979 injustitiatn

1044 1999 1058 2019 e
1071 1992 1122 2019 viis
1137 1991 1196 2018 falsi
1214 1992 1298 2017 vetuit
1317 1999 1324 2017 :
1341 1991 1386 2025 qui
1404 1998 1457 2017 non
1476 1991 1549 2024 cogit
1570 1998 1664 2018 εει-νος
1676 1991 1709 2017 ad
1724 1991 1827 2018 lanien-

1043 2037 1107 2064 dum
1124 2037 1272 2071 quidquam
1287 2036 1359 2071 quod
1377 2037 1448 2063 vires
1465 2036 1586 2071 ipsorum
1600 2036 1724 2067 excedit;
1738 2044 1828 2070 neque

207 2087 330 2123 gnitione
347 2084 381 2111 sit
401 2082 474 2117 quod
495 2080 603 2109 abunde
626 2080 673 2106 tibi
696 2078 811 2106 subiciat
824 2098 831 2110 ,
859 2085 893 2104 ne
919 2085 988 2111 opus
1006 2080 1027 2110 Β
1044 2082 1190 2117 praestituit
1207 2082 1341 2110 creaturis
1356 2081 1414 2108 Suis
1428 2088 1509 2115 opera
1523 2081 1622 2114 quibus
1637 2081 1754 2115 impares
1763 2085 1827 2107 sunt

206 2134 309 2160 balteus
325 2130 477 2166 quemlibet
492 2135 506 2154 c
524 2126 676 2162 potioribus
702 2130 749 2152 aut
769 2125 846 2160 vulgo
872 2125 992 2152 interro-

206 2186 291 2214 gare;
308 2174 494 2214 descripsique
511 2172 557 2199 tibi
577 2171 698 2205 (indicet
716 2171 765 2197 tibi
779 2170 850 2197 Deus
875 2171 943 2196 viam
957 2169 991 2198 ad

208 2225 362 2251 felicitatem
379 2221 498 2248 maxime
511 2216 677 2252 expeditam,
693 2220 719 2243 et
741 2222 831 2242 notam
858 2216 905 2243 tibi
927 2224 990 2250 per-

207 2274 288 2305 pcttto
307 2268 388 2294 faciat
403 2265 549 2292 scientiam
561 2283 569 2295 ,
584 2267 612 2289 et
629 2262 774 2288 utilitatem
805 2261 989 2296 prax-ipuam)

207 2322 311 2350 typum,
326 2311 474 2345 exetnplar,
488 2314 515 2336 et
531 2315 673 2340 normam;
690 2314 750 2342 quae
763 2307 893 2334 constitui
916 2314 991 2333 com-

207 2361 337 2396 pendiosa
354 2362 380 2385 et
399 2356 488 2388 utilia,
502 2359 584 2390 prout
597 2353 716 2388 iudicavi
735 2356 889 2386 competere
906 2352 989 2378 animi

205 2405 244 2432 tui
260 2401 383 2439 prteclari
400 2398 568 2430 eelsitudini,
583 2402 611 2425 et
625 2397 766 2424 confortue
786 2404 847 2423 esse
873 2396 989 2423 acumini

205 2448 306 2484 ingenii
318 2449 356 2474 tul
371 2444 525 2480 praestantis
537 2446 563 2469 et
578 2441 714 2473 sublimis,
725 2441 865 2469 succincte
879 2445 906 2468 et
917 2448 988 2468 sum-

204 2493 299 2520 matim
315 2490 385 2518 tradi
401 2496 431 2516 ea
444 2495 504 2522 quae
518 2495 533 2514 e
546 2487 605 2521 lege
619 2490 646 2512 et
665 2485 820 2520 Evangelia,
831 2485 990 2520 cwterisquc

205 2537 282 2564 libris
299 2534 437 2563 veteribus
449 2537 476 2559 et
496 2531 575 2559 novis
602 2531 715 2558 collecta
739 2530 898 2566 complexus
929 2538 988 2557 sutn

205 2583 275 2609 libro
291 2582 342 2608 hoc
358 2586 418 2606 meo
429 2585 509 2613 quem
527 2576 682 2611 composui,
693 2576 765 2611 qttod
775 2575 808 2602 ad
819 2576 988 2609 methodum,

205 2628 285 2655 rebus
295 2624 487 2660 investlgandis
495 2622 760 2659 praestantissimum,
767 2621 878 2656 quodad
888 2622 959 2649 docti
966 2623 976 2649 i
983 2636 991 2642 -

206 2682 278 2706 nam,
303 2673 476 2701 verissimqu
490 2677 569 2704 ;eum
581 2669 608 2696 in
621 2669 679 2703 ipso
692 2673 834 2696 assecutus
844 2669 988 2696 terminum

204 2719 249 2754 qui
260 2717 384 2754 prudenti
395 2721 487 2752 gratus
495 2716 540 2748 sit,
551 2719 577 2741 et
587 2714 723 2741 intellectu
736 2714 848 2747 praedito
859 2714 988 2745 sufﬁciat,

203 2772 290 2798 caque
302 2763 350 2790 tibi
365 2767 392 2789 et
416 2761 545 2788 iratribus
557 2761 611 2787 tuis
620 2760 754 2788 evidentia
764 2755 830 2795 (res)
855 2761 985 2795 explicui.

202 2817 264 2843 (μω
278 2809 355 2835 nobis
367 2808 470 2841 tibique
480 2807 582 2840 przetnii
596 2811 621 2833 et
631 2806 692 2833 boni
705 2806 886 2840 consequendi
905 2813 986 2833 causa

204 2863 249 2882 ﬁll.

1042 2129 1114 2156 vircs
1128 2130 1259 2162 ipsarum,
1276 2135 1370 2154 verum
1387 2127 1460 2161 ipsas
1477 2128 1617 2153 actionum
1643 2134 1755 2153 suarum
1781 2135 1828 2152 ar-

1041 2174 1137 2204 bitros,
1157 2181 1324 2208 operumque
1344 2180 1455 2200 suorum
1486 2172 1681 2199 moderatrices
1696 2192 1703 2204 .
1724 2179 1756 2198 ac
1785 2180 1827 2199 re-

1041 2227 1101 2246 rum
1117 2226 1228 2246 suarum
1248 2218 1424 2245 administras
1443 2217 1606 2249 constituit;
1626 2221 1706 2251 atque
1722 2217 1754 2244 ad
1771 2217 1824 2244 hoc

1041 2265 1102 2292 illas
1123 2264 1253 2290 instruxit
1265 2263 1425 2291 excellentia
1436 2263 1530 2296 judicii
1546 2267 1573 2289 et
1587 2262 1694 2289 consilii
1709 2281 1717 2293 ,
1733 2269 1764 2289 ac
1778 2262 1827 2288 bo-

1041 2310 1128 2336 nitate
1141 2308 1346 2336 deliberationis
1356 2313 1381 2336 ct
1402 2309 1535 2340 scientias,
1549 2315 1600 2343 ope
1611 2307 1671 2342 ejus
1687 2315 1768 2342 quem
1786 2308 1828 2334 in-

1040 2354 1109 2381 didit
1122 2354 1197 2388 ipsis,
1212 2354 1246 2381 de
1261 2360 1356 2381 natura
1371 2355 1545 2388 intellectus;
1565 2362 1645 2388 quem
1673 2353 1737 2381 fecit
1760 2361 1828 2380 cau-

1041 2407 1099 2427 sam
1115 2399 1295 2433 impelleutetn
1324 2400 1356 2426 ad
1383 2400 1601 2426 conﬁt-mandunt
1628 2404 1723 2426 contra
1752 2399 1827 2433 ipsos

1041 2449 1244 2478 argumentum,
1260 2449 1286 2471 et
1304 2445 1375 2471 viam
1402 2453 1464 2479 qua:
1488 2446 1562 2480 ipsos
1588 2450 1725 2478 compotes
1752 2445 1826 2470 dire-

1041 2490 1139 2517 ctionis
1155 2490 1267 2522 faceret.
1285 2491 1358 2525 quod
1373 2491 1440 2524 ipsis
1456 2492 1630 2517 commodum
1643 2494 1686 2517 est
1711 2490 1826 2524 eligens,

1041 2540 1068 2563 ct
1084 2536 1274 2563 misericordia
1287 2544 1350 2571 erga
1367 2536 1440 2570 ipsos
1456 2536 1640 2570 propendens.
1666 2535 1739 2561 Laus
1759 2541 1825 2568 ergo

1041 2582 1097 2610 Deo
1112 2583 1159 2616 qui
1177 2582 1334 2609 individuus
1351 2585 1393 2609 est
1411 2583 1517 2608 ratione
1533 2582 1646 2608 unitatis
1669 2589 1725 2608 su.e
1738 2600 1745 2612 ,
1762 2581 1826 2615 qui-

1041 2634 1093 2661 que
1111 2628 1119 2661 (
1131 2628 1338 2662 potentissimus
1351 2627 1380 2661 8
1395 2633 1421 2653 et
1435 2626 1665 2661 gloriosissimus)
1680 2627 1715 2653 ob
1727 2633 1826 2652 essen-

1045 2673 1110 2700 tiam
1126 2681 1214 2703 suam,
1231 2673 1389 2707 sapientiam
1402 2693 1410 2705 ,
1422 2677 1450 2699 et
1465 2673 1546 2699 vitam
1564 2676 1681 2699 internas
1694 2691 1702 2703 ,
1725 2672 1824 2706 dignus

1041 2711 1082 2745 est
1096 2718 1174 2746 laude
1189 2723 1217 2745 et
1231 2719 1415 2745 celebratione
1427 2738 1434 2750 ,
1459 2722 1632 2753 utereturque
1657 2717 1772 2752 gloriam
1797 2722 1826 2742 ct

1042 2765 1233 2791 exaltationem
1247 2773 1255 2796 ;
1271 2764 1317 2798 qui
1337 2764 1405 2790 nihil
1423 2764 1449 2790 in
1468 2764 1524 2799 lege
1547 2772 1595 2791 sua
1621 2766 1712 2799 posuit
1736 2763 1823 2790 ambi-

1041 2818 1134 2845 guum,
1152 2810 1225 2844 quod
1238 2809 1382 2836 dubitandi
1398 2817 1492 2836 ansam
1518 2811 1647 2844 prze'oeret
1659 2829 1666 2841 ,
1694 2816 1782 2843 neque
1798 2809 1824 2834 in

1041 2857 1182 2890 prreceptis
1198 2855 1254 2883 suis
1268 2855 1412 2888 incertum,
1432 2855 1504 2890 quod
1518 2855 1718 2884 dissensionem
1741 2863 1820 2890 parc-
