2015 3081
222 201 276 229 20‘)

936 197 1114 227 ANNAIES

1785 189 1838 221 9w

220 261 263 281 ιϊι
278 263 285 287 ',
302 255 348 282 sed
364 254 421 288 ipsa
440 253 583 281 constituit
602 253 745 288 perspicua
762 256 787 279 et
800 250 943 278 manifesta
958 258 1006 285 po-
1021 251 1045 281 Α
1060 253 1130 278 inter
1143 259 1171 279 sc
1182 251 1338 285 discrepant
1357 250 1479 276 homines
1495 249 1521 276 iii
1540 247 1652 279 historia
1668 266 1675 279 ,
1691 246 1763 281 quod
1790 253 1839 271 au-

222 301 309 336 pulis,
324 307 377 327 non
393 300 520 327 obstaule
536 299 676 327 nationum
691 302 719 326 et
733 298 873 333 regionum
900 297 1007 324 discre-

222 348 335 382 pantia,
361 352 388 373 et
410 346 552 373 scientiam
576 345 679 372 claratn
710 344 836 371 omnibus
863 343 1006 377 gentibus,

221 392 424 427 quantumlibet
440 399 565 418 sermone
578 394 605 418 et
622 389 747 417 dialectis
770 389 885 417 invicem
910 388 1007 416 distin-

226 439 293 466 ctis.
311 445 359 472 per
377 437 573 464 revelationem
598 436 739 471 prophetis
755 435 814 462 suis
833 438 860 461 ct
878 434 1009 468 apostolis

225 483 345 520 {factam
358 482 368 518 ]
382 487 409 510 et
425 490 486 517 quae
503 481 577 509 misit
592 481 627 508 ad
644 481 718 515 ipsos
730 480 861 507 miracula
876 480 1009 514 signaque

224 528 367 557 tremenda
386 529 419 556 ad
436 528 538 555 cultum
555 535 635 555 suum
654 527 793 558 invitans;
812 530 839 553 et
861 525 1008 559 benignum

225 579 364 609 aspectum
377 574 402 600 ei
418 573 463 608 qui
481 573 531 608 ipsi
550 572 698 600 crediderit
714 572 873 607 promittens
885 592 892 605 ,
907 571 1008 598 exitum

225 628 291 647 vero
311 619 459 654 pessimum
476 619 514 650 ei,
531 618 578 652 qui
595 618 628 644 ab
642 618 703 651 ipso
714 625 743 644 sc
761 617 889 644 averterit
906 616 1009 651 ipsum-

224 672 279 698 que
306 663 467 698 negaverit.
495 662 627 688 minatus.
646 660 846 696 [Celebretur,
876 657 1010 694 inquam]

226 708 305 734 laude
334 714 395 741 quae
409 706 539 740 majorem
558 706 646 740 ipsius
661 704 867 732 beneficentiam
882 707 1010 738 provocet

214 747 405 780 Aetacccssum
420 752 453 779 ad
468 753 556 786 ipsum
580 755 706 786 praestet.
729 750 821 785 Ipsum
846 757 911 784 rogo
925 771 932 781 ,
959 749 1010 784 ipsi

227 799 354 833 supplico
367 818 374 829 ,
390 803 424 824 ut
451 797 574 824 sinceras
601 796 696 823 reddat
712 795 878 823 intentiones
903 799 1011 822 nostras

225 845 259 872 ad
275 844 495 879 amplectendam
514 843 585 878 quod
603 843 654 878 ipsi
669 847 775 877 gratum
790 842 836 874 sil,
852 845 880 869 et
899 848 1012 869 conver-

224 895 265 917 tat
276 891 385 917 intimos
397 889 508 917 affectus
520 894 628 916 nostros
637 887 670 914 ad
686 887 753 915 illud
765 887 837 922 quod
848 886 1010 920 obsequium

227 937 277 971 ipsi
290 935 474 970 prmstandum
495 938 666 969 promoveat,
677 938 702 960 et
715 933 847 967 consequi
865 939 914 960 nos
931 932 1012 960 faciat

225 981 341 1017 gradum
356 981 407 1008 sibi
423 981 620 1016 propinquum.

264 1027 326 1054 llrcc
342 1026 484 1054 hactenus.
497 1026 660 1060 Quicunque
674 1032 729 1053 non
747 1025 872 1053 habuerit
886 1025 1011 1053 notitiam

223 1072 398 1100 fundamenti
416 1071 533 1106 alicujus
548 1071 690 1103 Scientias,
716 1070 751 1098 de
774 1077 829 1105 qua
859 1077 1011 1098 sermonem

225 1119 372 1146 instituere
389 1117 464 1150 velit,
486 1120 516 1144 ut
531 1116 595 1144 inde
612 1115 729 1143 deducat
753 1123 825 1150 quas
851 1115 902 1150 ipsi
924 1115 1011 1142 visum

227 1163 311 1190 fuerit
335 1163 568 1197 consequentiae,
595 1168 710 1196 quarum
737 1161 818 1188 etiam
844 1161 1013 1195 cognitioni,

224 1209 324 1244 9—11
352 1215 414 1235 cum
439 1208 474 1235 sit
498 1214 618 1242 propago
646 1206 766 1240 ejusdem
796 1205 937 1236 scientias,
956 1214 1012 1233 non

228 1254 323 1280 subest
336 1253 409 1279 aliud
422 1252 534 1287 aliquod
548 1251 756 1278 fundamentum
767 1251 801 1278 ad
813 1251 884 1286 quod
897 1251 1013 1279 subinde

228 1303 397 1332 recurratur,
414 1303 495 1327 erunt
511 1306 602 1326 sermo
612 1303 638 1326 et
652 1299 723 1326 ratio
735 1298 915 1326 concludendi
925 1298 1012 1333 ipsius

227 1353 297 1373 vana
317 1350 343 1373 et
361 1346 460 1378 futilis,
476 1345 607 1379 laborque
622 1349 646 1372 et
665 1344 786 1372 studium
812 1345 836 1371 ei
853 1345 892 1371 rei
909 1345 1013 1378 impen-

225 1399 288 1418 sum
304 1393 458 1418 frustranea
473 1395 501 1418 et
515 1391 642 1418 ridicula.
657 1390 791 1417 Parabola
809 1393 917 1422 autem,
930 1396 1012 1424 quam

228 1438 314 1464 edidit
328 1437 458 1464 Dominus
471 1441 498 1464 et
511 1436 640 1463 Scrvator
657 1440 750 1464 noster
762 1435 788 1462 in
804 1436 951 1470 Evangelio
963 1443 1013 1462 suo

230 1487 335 1514 sancto,
353 1482 447 1510 dicens
465 1491 472 1509 :
488 1482 518 1509 Si
530 1482 588 1517 quis
603 1482 710 1508 domum
726 1489 801 1508 suam
816 1489 894 1515 super
905 1489 1013 1508 arenam

229 1529 356 1555 struxerit
372 1528 411 1555 te!
432 1529 602 1555 tenuissimus
620 1531 710 1554 uentus
734 1528 912 1562 pertramiens
928 1527 1012 1560 ipsam

1061 302 1114 324 tein
1128 297 1193 323 mihi
1209 297 1258 324 hac
1273 296 1301 323 in
1313 303 1343 323 re
1372 299 1433 330 post
1448 294 1666 329 disquisitionem
1689 293 1797 326 longam
1813 297 1841 318 et

1060 343 1181 370 laborem
1198 342 1327 374 multum,
1343 347 1513 376 compertum
1530 343 1590 373 est,
1609 339 1675 366 illud
1700 342 1742 365 cst
1768 338 1840 372 quod

1059 395 1091 414 ex
1110 388 1143 415 iis
1167 395 1227 421 qua!
1240 387 1266 414 in
1283 387 1341 422 lege
1360 386 1522 420 cteterisque
1538 383 1696 412 indubitata:
1724 383 1783 410 fidei
1809 383 1843 409 ll-

1060 433 1117 460 bris
1129 433 1294 465 exhibitum,
1309 431 1573 467 explicationejusta
1587 433 1614 457 et
1626 428 1772 457 sufficienti
1793 435 1843 455 ex-

1061 479 1214 514 plicaturus
1225 486 1296 510 sum,
1315 478 1452 513 adjunctis
1467 479 1491 504 ei
1512 475 1720 503 narrationibus
1733 474 1843 501 succin-

1061 526 1125 556 ctis,
1143 524 1360 558 compendiosis,
1375 530 1431 558 qtto
1448 523 1484 550 sit
1497 522 1546 549 tibi
1560 520 1687 549 liberiste
1702 527 1780 547 meus
1795 527 1843 554 per

1062 579 1092 599 se
1104 570 1256 603 sufﬁciens,
1275 570 1413 605 faciatque
1443 577 1476 597 ne
1503 576 1574 603 opus
1601 568 1637 596 sit
1661 568 1694 594 ad
1720 567 1845 602 quemvis

1062 615 1159 647 alium,
1176 615 1215 642 rei
1232 614 1351 649 alicujus
1370 615 1396 641 in
1410 613 1524 641 historia
1536 612 1733 648 cognoscendas
1748 612 1846 647 gratis,

1063 669 1214 689 recurrere.
1236 661 1408 695 Propositum
1423 665 1515 687 autem
1542 664 1584 687 est
1598 659 1682 686 ordiri
1698 658 1732 686 ab
1744 659 1822 685 initio
1839 677 1847 689 ,

1063 715 1117 743 quo
1134 709 1205 735 Deus
1221 707 1354 733 Adamum
1370 706 1490 733 condidit
1508 713 1594 738 usque
1610 705 1642 731 ad
1672 709 1778 737 tempus
1796 705 1847 730 hoc

1064 758 1200 785 nostrum,
1214 759 1244 780 ut
1256 755 1293 780 sit
1309 753 1369 788 ejus
1383 751 1503 786 cognitio
1518 751 1564 778 tibi
1581 750 1735 777 numifesta.
1747 749 1775 776 In
1793 749 1848 775 Ι)ιύ

1064 804 1155 826 autem
1169 803 1211 826 est
1227 798 1359 825 auxilium
1378 802 1404 824 et
1422 797 1495 824 vires
1506 800 1533 823 et
1551 795 1680 831 potentia,
1692 802 1754 828 qua:
1768 801 1847 828 opem

1064 845 1144 872 nobis
1160 845 1248 872 ferant
1265 844 1297 870 ad
1314 843 1405 870 omnia
1421 851 1482 878 qua-
1491 847 1651 877 quaeruntur
1662 840 1847 876 percipienda,

1065 891 1219 918 etdirectio
1233 890 1267 917 ad
1282 889 1359 922 illud,
1379 896 1434 923 quo
1452 891 1650 923 prosperentur
1672 894 1716 914 res
1735 891 1848 917 nostra.

1063 936 1226 971 obsequium
1244 936 1295 971 ipsi
1309 935 1493 970 praestandum
1507 939 1534 961 et
1545 933 1747 968 beneplacitum
1762 932 1849 964 ip<ins

1063 981 1279 1016 adimplendum,
1295 989 1355 1008 cum
1372 982 1430 1015 ipse
1444 982 1480 1007 sit
1493 980 1679 1014 omnipotens.
1695 979 1768 1006 Laus
1786 985 1850 1013 ergo

1063 1028 1130 1058 Deo.
1147 1028 1262 1054 Domino
1274 1032 1476 1054 creaturarum.

1100 1073 1160 1109 13A
1169 1073 1221 1108 15
1232 1073 1340 1100 Creavit
1363 1073 1444 1106 Deus,
1456 1072 1671 1107 potentissimus,
1686 1070 1851 1106 gloriosissii-

1064 1127 1136 1150 nius,
1152 1119 1282 1146 mundum
1307 1126 1368 1146 cum
1397 1119 1431 1146 iis
1446 1126 1506 1153 qua:
1523 1119 1551 1145 in
1576 1125 1609 1145 eo
1631 1121 1705 1150 sunt,
1723 1124 1773 1144 nec
1797 1123 1850 1143 non

1064 1165 1196 1191 Adamum
1213 1169 1239 1192 et
1257 1164 1351 1196 Evam,
1366 1172 1413 1192 sex
1430 1165 1539 1192 diebus.
1561 1163 1676 1191 Crestus
1697 1166 1739 1189 est
1759 1166 1849 1189 autem

1064 1210 1149 1236 Adam
1163 1210 1207 1237 die
1225 1215 1314 1241 sexto.
1338 1210 1533 1244 hencdixitquc
1558 1209 1629 1237 Deus
1651 1209 1705 1236 dici
1723 1208 1850 1243 septimo,

1063 1255 1192 1288 quoniam
1222 1256 1247 1281 in
1274 1262 1306 1281 eo
1336 1262 1404 1288 opus
1431 1254 1577 1281 creationis
1592 1254 1718 1280 absolvit.
1747 1252 1851 1279 Adamn

1063 1305 1154 1327 autem
1168 1304 1195 1326 et
1212 1302 1272 1326 [uvae
1292 1300 1318 1326 in
1347 1299 1501 1334 paradisum
1525 1299 1690 1326 intromissis
1712 1297 1851 1332 prmeepit,

1064 1351 1093 1373 ut
1106 1346 1140 1373 de
1156 1346 1286 1372 omnibus
1303 1345 1447 1372 arboribus
1474 1344 1657 1374 comederent,
1680 1347 1790 1376 excepta
1806 1350 1851 1368 ιιι-η

1065 1391 1130 1417 bore
1146 1391 1277 1422 scientiae,
1299 1391 1333 1418 dc
1350 1398 1380 1417 ca
1400 1397 1462 1417 vero
1474 1398 1509 1417 ne
1521 1390 1704 1417 comedorcnt.
1719 1387 1852 1416 Tcntantc

1064 1440 1153 1463 autem
1171 1437 1255 1463 Evam
1269 1436 1388 1468 diabolo,
1413 1440 1585 1470 transgressa
1606 1439 1647 1462 est
1672 1435 1716 1461 illa
1738 1434 1852 1460 manda-

1065 1486 1121 1509 tum
1139 1482 1195 1514 Dei,
1207 1487 1233 1509 et
1251 1482 1371 1509 comedit
1387 1482 1419 1508 de
1445 1481 1544 1509 arbore
1576 1481 1638 1513 ista,
1661 1487 1692 1507 ac
1707 1480 1853 1508 comeden-

1065 1527 1130 1554 dum
1147 1526 1180 1554 de
1196 1534 1226 1554 ea
1240 1527 1354 1561 praebuit
1369 1527 1484 1553 Adamn.
1503 1525 1571 1553 Cum
1587 1533 1650 1561 ergo
1664 1526 1691 1552 in
1707 1525 1851 1552 Dominum

225 1574 345 1608 deﬁciet,
362 1578 385 1600 et
420 1574 545 1600 minium:
570 1581 645 1608 aqua:
673 1578 774 1599 torrem
807 1573 891 1606 ipsum
917 1572 1050 1610 Μηλέας
1068 1580 1146 1600 suum
1168 1573 1356 1604 rebellassent,
1374 1572 1478 1607 expulit
1491 1572 1592 1606 ipsose
1624 1571 1762 1606 paradiso,
1785 1570 1852 1598 liora

237 1618 307 1652 quod
337 1619 360 1645 si
385 1625 442 1644 eam
472 1625 549 1651 super
578 1623 679 1652 petram
705 1616 887 1650 tedi/icacerit.
904 1624 1015 1650 neque

230 1663 312 1690 ventis
326 1663 416 1697 dejici,
441 1669 523 1696 neque
546 1670 562 1688 a
593 1666 710 1688 torrente
731 1662 846 1688 subuerti
869 1662 964 1695 poterit
986 1664 1016 1692 ·¹,

231 1708 324 1742 regula
336 1711 379 1734 est
392 1711 419 1734 et
436 1707 590 1741 exemplum
607 1706 780 1741 intelligenti.
801 1705 932 1741 Quisquis
942 1705 1016 1733 enim

235 1753 346 1780 locutus
361 1752 446 1779 fuerit
462 1753 494 1779 de
507 1751 596 1786 aliqua
612 1751 725 1778 scicntia
757 1752 816 1778 sine
842 1751 1017 1778 fundamento

228 1797 265 1824 ad
280 1798 351 1832 quod
371 1796 500 1832 respiciat
528 1797 628 1831 cuique
643 1796 776 1823 innitatur
789 1816 797 1828 ,
814 1796 905 1823 subito
927 1795 1018 1823 incas-

227 1851 292 1870 sum
311 1843 400 1875 cedet,
415 1847 443 1870 et
454 1851 538 1878 quam
556 1842 691 1870 citissime
701 1841 819 1875 deﬁciet,
832 1844 917 1869 instar
931 1841 1016 1870 tedii}-

231 1889 322 1916 cantis
336 1891 446 1916 domum
459 1897 536 1917 suam
555 1896 637 1924 super
658 1895 767 1915 arenam
782 1896 790 1921 ;
804 1892 832 1915 at
850 1888 873 1915 si
898 1888 960 1922 quis
984 1887 1017 1914 de

228 1934 347 1963 orientia
365 1935 475 1969 aliqua,
504 1934 664 1970 pcrcognito
693 1934 770 1968 prius
804 1934 890 1968 ipsius
918 1933 1016 1960 funda-

233 1985 337 2012 mento,
354 1981 491 2014 loquatur,
510 1980 619 2008 futurus
636 1984 678 2007 est
691 1987 781 2006 seruio
801 1979 888 2013 ipsius
914 1987 995 2007 verus
1008 1998 1015 2010 ,

232 2025 387 2053 luculentus
400 2043 408 2056 ,
436 2025 596 2060 perspicuus
606 2044 614 2058 ,
637 2025 732 2052 firmus
744 2043 751 2056 ,
764 2024 895 2059 quoniam
910 2024 1017 2052 loeutus

228 2076 275 2099 .est
289 2072 429 2099 subslrato
444 2071 633 2103 fundamento,
652 2069 725 2104 quod
745 2070 894 2104 respiciat,
917 2071 1018 2103 cuique

234 2118 379 2150 innitatur,
396 2122 425 2144 ut
443 2123 506 2144 cum
524 2115 587 2150 quis
602 2115 713 2142 domum
733 2122 811 2141 suam
826 2119 910 2149 petrae
920 2121 1018 2148 super-

229 2163 374 2190 struxerit.
390 2161 475 2189 Porro
504 2161 531 2188 in
554 2161 625 2188 hanc
649 2161 812 2188 sententiam
834 2160 918 2187 multa
944 2160 1019 2187 dixe-

233 2212 297 2235 runt
313 2209 388 2235 Plato
400 2212 427 2235 et
441 2207 601 2234 Aristoteles
620 2206 648 2233 iii
665 2206 742 2233 libris
758 2205 922 2237 dialecticis,
942 2206 1018 2233 aliis-

1067 1617 1203 1645 nonadici
1219 1617 1341 1648 Veneris,
1364 1618 1549 1652 inquemdant
1563 1626 1577 1645 e
1599 1618 1739 1645 montibus
1761 1616 1852 1649 Indizr,

1066 1664 1268 1698 collocatosque
1292 1664 1319 1690 in
1339 1668 1410 1690 terra
1437 1663 1518 1698 jussit
1546 1663 1668 1691 sobolem
1696 1671 1852 1697 procreare,

1066 1716 1121 1744 quo
1150 1710 1406 1744 nniltiplicarcutur,
1426 1713 1451 1736 et
1476 1709 1619 1743 implerent
1642 1713 1755 1735 terram.
1778 1708 1852 1736 Coo»

1066 1761 1180 1790 gressus
1195 1762 1260 1789 ergo
1274 1758 1315 1782 est
1341 1754 1427 1781 Adam
1446 1762 1505 1780 cum
1524 1753 1588 1785 Eva,
1605 1760 1674 1788 quzc,
1694 1761 1755 1780 cum
1780 1761 1854 1780 con-

1066 1799 1193 1834 cepisset,
1206 1802 1311 1835 peperit
1327 1807 1442 1834 puerum
1455 1804 1482 1826 et
1509 1799 1643 1833 puellam;
1667 1807 1780 1834 puerum
1807 1806 1855 1833 ap-

1068 1844 1176 1879 pellavit
1189 1844 1269 1877 Kaiu,
1285 1845 1402 1879 puellam
1421 1845 1523 1871 Azrun.
1541 1843 1611 1871 Tum
1640 1851 1737 1871 rursus
1764 1844 1855 1871 conci-

1069 1891 1160 1925 piente
1173 1890 1239 1922 Eva,
1258 1897 1290 1916 ac
1317 1897 1430 1923 puerum
1456 1895 1483 1916 ct
1509 1890 1625 1924 puellam
1654 1891 1746 1921 enixa,
1770 1897 1856 1924 puero

1069 1942 1166 1962 nomen
1190 1935 1320 1969 imposuit
1342 1935 1420 1967 Abel,
1437 1936 1533 1969 puellae
1553 1935 1660 1968 Owain,
1679 1943 1740 1969 quat
1763 1934 1856 1962 Grmce

1069 1979 1206 2014 Laphura.
1231 1979 1356 2014 Cumque
1382 1979 1437 2013 jam
1460 1980 1645 2014 provectior-es
1673 1979 1737 2006 facti
1763 1983 1856 2007 essent

1069 2026 1157 2058 pueri,
1178 2025 1245 2052 dixit
1261 2025 1347 2052 Adam
1364 2025 1446 2052 Erae:
1467 2024 1552 2051 Ducat
1573 2026 1644 2052 Kain
1668 2024 1773 2057 Owain,
1797 2032 1857 2058 quae

1070 2081 1122 2100 una
1142 2081 1203 2100 cum
1216 2073 1300 2100 Abelc
1319 2077 1379 2100 nata
1396 2076 1448 2105 est,
1467 2072 1534 2099 Abel
1557 2077 1649 2099 autem
1667 2072 1771 2105 Azrun,
1796 2079 1857 2107 quze

1070 2126 1131 2146 cum
1156 2118 1243 2146 Kaino
1271 2123 1345 2146 nata.
1370 2118 1441 2145 Dixit
1466 2123 1555 2146 autem
1579 2117 1648 2145 K-iin
1671 2118 1750 2144 matri
1766 2125 1847 2145 sum:

1074 2163 1178 2191 Ducam
1193 2171 1244 2198 ego
1255 2171 1377 2191 sororem
1397 2171 1495 2195 meatu,
1511 2167 1538 2190 et
1555 2163 1636 2190 ducat
1649 2163 1715 2189 Abel
1733 2170 1857 2190 sororem

1072 2215 1159 2235 suam.
1180 2209 1285 2243 Quippe
1301 2208 1442 2244 pulchrior
1459 2213 1516 2236 erat
1531 2209 1621 2236 Azruu
1640 2208 1763 2240 Owaina.
1778 2207 1856 2240 Quod

233 2263 298 2290 que,
314 2255 348 2281 de
364 2253 547 2281 fundamentis
563 2252 737 2282 scientiarum
751 2259 903 2286 earumque
923 2252 1019 2279 defini-
1035 2251 1058 2278 ἰ)
1073 2260 1136 2280 cum
1149 2254 1272 2281 audisset
1290 2254 1387 2285 Adam,
1406 2262 1421 2280 ιι
1434 2254 1475 2280 alo
1488 2253 1635 2281 admodum
1649 2253 1738 2288 Ipsum
1752 2253 1857 2285 habuit.

235 2301 366 2331 tionibus,
389 2304 416 2326 ct
431 2299 620 2326 arithmetices
654 2297 841 2326 fundamentis
866 2305 898 2325 ac
915 2298 1019 2325 delitui-

235 2347 364 2377 tionibus,
377 2350 402 2372 ct
415 2353 497 2380 quam
514 2344 646 2372 rationem
659 2348 751 2372 tenere
761 2344 857 2372 debeat
868 2343 1018 2375 studiosus,

234 2399 296 2419 cum
308 2391 433 2427 peritiam
457 2391 581 2426 cujusvis
606 2391 713 2418 tandem
738 2391 858 2418 scientia:
878 2391 1020 2425 acquirere

233 2438 309 2469 velit,
327 2437 387 2464 fuse
402 2444 463 2472 qua:
478 2437 530 2464 huc
548 2440 674 2471 spectant
685 2436 855 2471 explicantes
871 2437 921 2470 12
934 2441 962 2463 et
973 2444 1021 2463 ex-

235 2487 377 2518 ponentes,
393 2491 464 2517 qnze,
483 2491 536 2509 non
551 2490 620 2517 opus
634 2487 678 2509 cst
690 2482 769 2509 nobis
785 2483 830 2517 (ne
842 2483 947 2517 longior
957 2489 1019 2508 eva-

233 2529 279 2554 dat
295 2528 363 2556 liber
381 2528 432 2555 isto
445 2527 558 2562 noster)
575 2531 706 2561 repetere.
722 2527 791 2554 Cum
807 2530 910 2557 autent.
929 2527 971 2553 his
989 2527 1015 2553 in

231 2573 393 2604 praefatione
414 2573 476 2600 libri
497 2574 547 2600 niei
566 2572 713 2608 pnnmissis
726 2592 734 2605 ,
757 2573 870 2600 dixerint
893 2579 1019 2607 oportere

232 2619 381 2653 qumnlibet
404 2619 449 2652 qui
477 2619 550 2653 loqui
577 2619 643 2646 velit
667 2618 701 2645 de
720 2618 876 2654 cognitione
900 2618 1017 2654 alicujus

232 2665 365 2696 scientiaa,
374 2664 495 2698 ejusdem
505 2663 680 2691 fundamenta
688 2664 801 2695 callere;
811 2671 872 2691 cum
882 2664 1016 2700 (inquam)

230 2711 291 2737 hzee
305 2710 343 2737 ita
356 2718 386 2737 se
402 2711 530 2741 habeant,
545 2717 657 2738 necesse
686 2714 729 2738 est
757 2714 786 2738 ut
807 2711 1017 2739 substernamus

229 2756 257 2782 ci
274 2756 344 2789 quod
360 2756 505 2790 postulasti
521 2756 727 2783 fundamentum
757 2757 791 2784 ad
806 2757 878 2791 quod
896 2764 1020 2785 recurra-

235 2806 289 2834 tur;
307 2802 406 2836 cuique
418 2801 557 2830 innitaris.
579 2802 722 2830 Manifesta
740 2808 813 2830 certe
829 2807 853 2829 ct
868 2802 1017 2837 plurimum

266 2895 274 2911 ¹
291 2894 386 2921 Matth.
405 2899 451 2924 \'ll,
469 2892 561 2920 “lt—27.

1075 2299 1127 2334 ιϐ
1142 2299 1264 2334 dixitque
1281 2307 1288 2326 :
1307 2299 1361 2326 Hoc
1379 2304 1420 2326 ρει
1443 2306 1537 2326 contra
1564 2306 1739 2334 praereptum,
1760 2305 1790 2326 ut
1814 2307 1859 2325 so-

1074 2352 1163 2371 rorem
1184 2350 1257 2371 tuam
1271 2345 1413 2379 gemellam
1426 2344 1521 2372 ducas.
1536 2345 1566 2371 Et
1582 2345 1632 2371 fuit
1649 2345 1715 2372 Cain
1728 2345 1858 2379 agricola,

1074 2389 1140 2416 Abel
1159 2395 1251 2423 pastor
1270 2391 1373 2417 ovium.
1394 2390 1520 2424 Dixitque
1536 2390 1590 2417 illis
1615 2390 1700 2417 Adam
1719 2389 1858 2424 :Accipitc

1073 2437 1108 2464 de
1123 2436 1258 2464 fructibus
1273 2440 1365 2468 terrae,
1384 2441 1410 2463 et
1421 2437 1455 2464 de
1469 2437 1523 2464 fetu
1542 2437 1644 2468 ovium,
1663 2441 1689 2464 ct
1706 2443 1858 2464 conscenso

1074 2483 1175 2511 montis
1191 2483 1272 2517 bujns
1288 2483 1359 2510 sacri
1377 2482 1487 2518 fastigio
1510 2483 1605 2510 offerte
1630 2491 1741 2510 munera
1758 2489 1857 2515 vestra,

1069 2528 1168 2556 deimle
1187 2535 1286 2555 uxores
1301 2533 1407 2556 vestras
1424 2528 1576 2563 accipietis.
1594 2528 1690 2555 Attulit
1702 2536 1767 2563 ergo
1784 2528 1856 2555 Kain

1069 2575 1103 2602 de
1120 2575 1256 2602 fructibus
1279 2580 1357 2602 terrae
1387 2575 1412 2601 in
1436 2575 1602 2602 oblationem
1631 2575 1696 2606 Deo,
1724 2575 1857 2609 optimos,

1068 2621 1281 2654 selectissimos;
1299 2621 1363 2649 Abel
1380 2629 1394 2649 e
1419 2622 1604 2656 primogenitis
1630 2622 1721 2649 ovium
1745 2629 1856 2648 suarum

1072 2667 1189 2701 optimas
1204 2671 1230 2693 ct
1249 2666 1452 2694 selectissimas.
1482 2666 1587 2693 Interea
1607 2670 1696 2694 autem
1723 2668 1788 2693 dum
1810 2674 1854 2693 ca-

1073 2720 1169 2739 cumen
1190 2712 1291 2739 montis
1324 2712 1513 2744 ascenderant,
1548 2712 1645 2739 indidit
1677 2711 1791 2739 Satanas
1819 2712 1857 2746 (in

1073 2758 1202 2793 mentem)
1215 2757 1313 2790 Kaino,
1329 2762 1357 2785 ut
1369 2758 1480 2785 fratrem
1494 2766 1572 2785 suurn
1587 2758 1696 2785 Abelcm
1711 2758 1857 2789 occideret,

1073 2804 1176 2832 sororis
1187 2811 1242 2831 sum
1258 2804 1349 2830 Azrun
1365 2805 1462 2839 gratia.
1476 2804 1596 2840 Cumque
1625 2804 1753 2832 offerrent
1781 2803 1857 2831 obla-
