2015 3081
182 181 231 214 9η

696 180 877 211 EUTYCHII
899 178 1166 211 ALEXANDRlNl
1190 181 1298 212 P.\Tlt.

1747 183 1799 213 ηιξ

184 243 270 265 tiones
298 244 371 268 suas,
397 240 536 271 acceptam
575 235 670 262 hatuit
701 235 770 262 Deus
800 234 1109 266 oblationemAsancti
1127 236 1355 268 conscendentes,
1386 237 1464 270 proni
1487 236 1570 263 Dentri
1597 237 1757 269 adorabant,
1775 243 1801 263 et

183 281 289 314 Abelis,
301 290 355 309 non
371 287 459 309 autem
477 282 569 308 Kaini.
584 280 676 314 Quare
702 280 787 316 magis
803 280 829 306 in
852 280 963 307 Abelem

183 328 223 355 ira
235 332 262 355 ct
275 331 342 355 testu
358 331 515 355 commotus
531 327 607 357 Kain.
620 326 715 353 invidit
726 325 803 353 fratri
817 332 965 358 suo,cum-

181 382 235 409 quc
247 373 280 400 de
295 377 387 401 monte
399 372 618 404 descendisscnt,
636 372 663 398 in
678 372 768 407 ipsum
786 371 908 403 irruens,
933 377 965 398 ac

182 417 271 453 lapide
285 422 367 452 caput
380 417 440 451 ejus
455 416 567 449 feriens,
585 416 674 450 ipsum
689 414 837 443 interfecit.
849 416 965 443 Summo

181 471 247 498 ergo
262 469 379 490 maerore
398 462 485 490 allecti
501 462 586 489 Adam
609 467 637 489 et
660 462 715 489 Eva
737 467 847 489 centum
878 469 965 489 annos

181 510 289 537 Abelem
304 509 441 544 lugebant.
456 509 595 537 Maledixit
620 513 710 537 autem
727 508 800 537 Deus
825 508 914 535 Kaino
938 512 966 535 et

181 555 268 583 soboli
283 555 386 590 ipsius;
411 555 518 590 fuitque
533 555 604 582 Kain
635 555 760 589 pavidus,
784 553 907 588 trepidus
933 560 965 580 ac

180 601 354 628 errabundus
367 600 496 628 omnibus
509 601 570 627 vitae
594 607 650 627 suae
663 599 775 626 diebus.
801 598 837 625 Et
861 598 965 633 expulit

182 647 270 681 ipsum
282 645 364 678 Deus,
374 646 438 674 dum
449 646 539 673 adhuc
549 645 648 673 caelebs
658 649 742 677 esset,
756 645 781 671 in
806 643 965 679 (regionem)

180 694 252 721 Nud.
268 693 344 728 Cepit
361 700 426 728 ergo
439 692 507 719 Kain
523 699 615 720 secum
630 699 753 719 sororem
773 698 850 718 suam
870 690 962 717 Azrun

181 739 272 774 ibique
286 738 428 766 habitavit.
447 737 513 765 lnde
528 744 676 773 congresso
691 737 796 763 Adamo
819 743 879 763 cum
899 736 964 768 Eva,

180 784 306 820 concepit
318 783 374 815 illa,
391 791 453 810 cum
468 783 573 811 Adamo
592 783 656 809 anui
676 786 767 810 essent
782 781 893 809 ducenti
916 781 966 808 tri-

182 832 269 866 ginta,
285 829 444 864 peperitque
462 836 576 864 puerum
592 836 670 863 quem
686 827 797 855 Setinum
809 826 964 862 appellavit.

164 880 166 883 ‘
179 875 296 911 Fuitque
311 875 377 903 Setb
391 875 504 910 pulchra
518 874 598 906 facie,
617 873 707 907 fortis,
727 877 831 901 statura
844 872 965 908 perfecta

1016 288 1119 315 corpus
1140 282 1235 307 Adami
1253 282 1388 316 (visendo)
1403 282 1622 309 benedictionem
1643 283 1799 317 captabant.

1016 326 1141 362 Cumque
1169 326 1226 360 jam
1248 327 1478 362 appropinquaret
1504 327 1580 354 Sethi
1612 335 1697 359 mors,
1730 328 1801 356 ﬁlios

1016 379 1082 399 suos
1100 379 1149 407 per
1165 372 1258 399 Abelis
1273 373 1436 407 sanguinem
1452 372 1600 407 adjnravit,
1621 373 1756 399 neminem
1768 380 1801 399 ex

1016 419 1083 453 ipsis
1098 418 1132 445 de
1152 422 1244 445 monte
1257 418 1310 445 isto
1331 423 1428 446 sancto
1441 418 1650 449 descensurum,
1675 426 1725 445 nec
1739 427 1802 451 per-

1015 464 1150 492 missuros
1174 471 1204 491 se
1229 468 1258 491 ut
1276 463 1411 499 quispiam
1432 471 1447 491 e
1465 464 1559 491 liberis
1583 464 1640 492 suis
1659 465 1692 490 ad
1716 463 1805 491 Kaino

1015 510 1160 538 maledicto
1185 515 1334 545 prognatos
1357 511 1499 545 migraret.
1522 509 1620 537 Totum
1637 517 1703 544 ergo
1727 510 1802 545 quod

1015 554 1082 581 vixit
1098 554 1199 582 Setinus
1216 560 1277 582 erat
1302 562 1439 582 annorum
1467 560 1668 590 nongentorum
1684 559 1711 581 et
1731 555 1803 581 duo-

1014 601 1116 628 decim.
1145 601 1266 632 Enosho.
1295 609 1357 628 cum
1382 609 1517 628 annorum
1543 605 1616 629 esset
1639 607 1749 628 centum
1773 606 1802 627 ct

1014 647 1175 682 nonaginta,
1192 651 1273 674 natus
1285 651 1328 674 est
1349 646 1476 678 Kainan;
1497 647 1577 682 rujas
1596 652 1719 682 tcmpore
1736 654 1804 683 con-

1015 692 1199 720 ficiebantfilii
1227 692 1305 719 Kaini
1332 693 1474 719 maledicti
1503 697 1641 728 tympana,
1665 693 1802 727 cymbala,

1014 739 1121 766 barbita
1137 743 1164 766 et
1190 739 1374 765 instrumenta
1396 738 1514 770 musica,
1541 738 1677 773 primique
1697 738 1800 765 ferrum

1014 784 1295 815 etreselaborabant,
1320 790 1434 818 qumque
1459 791 1491 811 ex
1518 784 1585 818 ipsis
1613 783 1797 810 coniiciuntur

1006 830 1105 861 .omnia
1124 829 1297 857 tabernacula
1317 829 1440 864 21-23
1451 831 1532 857 etiam
1554 831 1673 856 fixerunt
1689 830 1717 856 in
1731 829 1793 863 qui—

1016 876 1068 903 bus
1082 875 1221 910 degerent.
1239 875 1325 902 Porro
1352 883 1425 903 anno
1449 875 1512 902 vita:
1538 875 1642 902 Enoshi
1667 879 1802 901 trecente-

179 910 268 949 instar
283 921 369 956 patris
397 920 451 953 sui,
472 921 583 955 ipseque
601 923 676 954 pater
691 919 829 954 gigantum
842 918 887 953 qui
903 922 965 946 ante
982 910 1002 937 Β
1017 922 1087 950 εἰιιιο
1100 923 1207 948 occisus
1233 926 1276 948 est
1294 921 1360 948 Kain
1389 922 1560 952 maledictus.
1588 921 1686 948 Adami
1717 921 1798 953 ﬁ'ius,

179 968 308 995 diluvium
323 965 445 993 fuerunt.
460 965 526 1000 1⁵1-
536 964 589 1000 l9
601 964 725 999 Cumque
739 963 825 991 Setho
843 963 965 992 dedisset

178 1014 264 1040 Adam
277 1013 304 1040 in
322 1019 436 1040 uxorem
463 1011 571 1042 Owain,
600 1010 692 1037 Abelis
721 1017 856 1041 sororem,
884 1014 964 1036 natus

178 1059 280 1094 estipsi
294 1066 326 1086 ex
343 1058 388 1085 illa
403 1057 510 1089 Enosh;
528 1060 660 1092 natusque
674 1061 716 1083 est
728 1054 962 1088 EnoshoJiainan,

177 1111 229 1132 ncc
243 1112 297 1131 non
316 1104 419 1130 Adamn
439 1102 609 1136 postmodum
636 1101 714 1128 liberi
743 1101 908 1135 complures.

214 1148 337 1176 Adamus
346 1152 436 1180 antea,
450 1147 689 1182 appropinquante
698 1146 753 1179 jam
766 1149 853 1172 morte
866 1145 962 1179 ipsius,

178 1193 339 1222 convocatis
368 1192 426 1220 ﬁlio
451 1199 502 1220 suo
530 1191 636 1224 Setho,
667 1191 799 1225 Sctliique
831 1189 961 1222 Enosho,

179 1239 280 1268 Euashi
292 1237 431 1269 Kainano,
447 1241 474 1264 et
491 1236 606 1264 Kainani
626 1236 792 1268 Mahlaliele,
825 1236 961 1269 prmi-epit,

179 1285 274 1313 dicens
300 1284 389 1319 ipsis:
407 1283 449 1310 Sit
476 1284 530 1310 hoc
556 1282 714 1310 mandatum
739 1281 869 1308 omnibus
899 1281 962 1308 ﬁliis

178 1329 289 1357 vestris.
306 1328 358 1356 Ubi
375 1331 500 1354 mortutts
515 1325 604 1358 fuero,
621 1332 723 1360 corpus
737 1332 827 1352 meum
839 1323 961 1358 myrrha,

179 1376 261 1402 thure
283 1377 311 1401 et
336 1373 425 1400 caesia
452 1371 596 1399 conditum
628 1369 751 1405 reponite
777 1370 806 1396 in
832 1369 961 1404 spelunca

177 1419 298 1446 Alcanuz
316 1425 325 1446 ξ
343 1423 371 1446 et
386 1417 544 1453 quicunque
570 1415 652 1444 fuerit
677 1422 692 1443 e
717 1414 781 1442 ﬁliis
802 1414 901 1442 vestris
929 1421 962 1441 eo

179 1470 300 1500 tempore
314 1471 377 1492 cum
390 1470 406 1490 θ
425 1461 552 1490 conﬁniis
577 1460 697 1496 paradisi
714 1459 868 1488 abeundum
885 1459 961 1487 vobis

178 1511 226 1542 sit,
240 1516 342 1544 corpus
361 1515 451 1536 meum
465 1513 558 1534 secum
575 1506 713 1533 sublatum
729 1509 813 1540 ponat
827 1504 856 1532 in
868 1503 959 1531 medio

177 1563 268 1589 terra,
280 1555 409 1591 quoniam
426 1553 489 1581 inde
502 1553 595 1580 futura
608 1556 651 1580 est
667 1552 742 1579 salus
755 1558 825 1582 mea.
842 1554 869 1578 et
884 1550 959 1578 salus

177 1601 299 1630 omnium
327 1600 444 1628 ﬁliorum
482 1605 619 1627 meorum.
649 1597 749 1625 Totum
782 1600 872 1624 autem
899 1596 961 1623 vita:

176 1647 273 1676 Adami
293 1646 410 1681 spatium
427 1647 487 1672 erat
512 1647 712 1680 nongentarum
738 1641 849 1676 triginta
873 1647 960 1668 anno-

179 1700 251 1725 rum,
281 1699 313 1718 ac
336 1695 461 1718 mortuus
487 1693 528 1717 est
545 1689 589 1716 die
606 1688 732 1721 Veneris,
765 1688 831 1716 luna
856 1687 961 1716 decima

178 1741 288 1774 quarta,
303 1739 380 1765 sexto
396 1734 480 1763 Nisan
496 1734 555 1770 (qui
570 1739 613 1762 est
625 1733 793 1769 Barmudah)
809 1734 876 1761 hora
890 1740 960 1760 nona

178 1784 232 1812 diei
242 1782 434 1818 Veneris;qua
449 1781 530 1808 etiam
544 1779 610 1807 hora
624 1786 639 1806 e
654 1778 781 1813 paradiso
797 1778 892 1812 pulsus
905 1781 958 1804 est.

180 1829 317 1856 Nortuum
347 1833 413 1862 ergo
440 1825 576 1853 Adamum
604 1824 740 1860 pollinxit,
766 1823 844 1858 juxta
875 1824 962 1858 ipsius

179 1873 350 1906 mandatum,
380 1871 452 1898 ﬁlius
480 1870 540 1905 ejus
565 1869 643 1902 Setb,
669 1876 825 1904 corpusque
849 1868 910 1900 eius
927 1868 961 1895 ad

179 1918 318 1953 fastigium
342 1916 446 1944 montis
465 1915 604 1943 sublatum
632 1915 660 1941 in
686 1914 814 1949 spelunca
840 1913 961 1940 Alcanuz

178 1963 335 1999 sepelivit:
366 1962 513 1997 ipsumque
541 1965 651 1989 centum
683 1959 865 1995 quadraginta
903 1959 962 1986 dies

177 2010 354 2044 planxerunt.

213 2054 310 2087 Setho,
332 2059 395 2081 cum
422 2051 605 2079 ducentorum
633 2054 661 2077 et
684 2049 806 2085 quinque
826 2055 960 2076 annorum

178 2103 264 2132 esset,
281 2104 361 2126 natus
376 2101 418 2125 est
432 2096 533 2124 Euosb.
548 2095 614 2122 Post
630 2098 746 2123 mortem
759 2099 849 2122 autem
863 2094 961 2121 Adami

178 2145 309 2173 subduxit
324 2151 353 2172 se
367 2143 469 2170 familia
482 2141 559 2169 Selbi
575 2148 591 2168 a
606 2139 710 2167 familia
721 2139 799 2166 Kaini
813 2138 961 2167 maledicti.

180 2191 246 2219 Scth
262 2197 348 2225 ergo,
378 2187 532 2222 assumptis
562 2193 656 2214 secum
695 2185 751 2212 ﬁlio
780 2185 962 2220 primogenita

1016 967 1062 1001 qui
1085 967 1197 995 fratrem
1223 975 1303 995 suum
1333 968 1444 995 Abelcm
1474 966 1622 994 interfecit.
1660 967 1801 1001 Septimus

1015 1013 1086 1040 enim
1100 1021 1114 1040 e
1131 1014 1250 1047 posteris
1276 1012 1367 1045 Kaini,
1385 1013 1493 1040 nomine
1506 1012 1635 1043 Lamech,
1649 1014 1695 1046 qui
1708 1018 1800 1047 pastor

1016 1058 1076 1090 fuit,
1097 1059 1207 1093 sagitta,
1234 1067 1315 1093 quam
1346 1059 1419 1086 inter
1443 1059 1592 1086 ludendum
1617 1058 1695 1092 jecil.
1718 1057 1800 1084 corde

1014 1105 1054 1130 avi
1068 1104 1109 1131 sui
1126 1103 1202 1130 Kaini
1219 1104 1361 1136 transﬁxo,
1377 1106 1463 1138 ipsum
1480 1103 1634 1135 interfecit;
1653 1103 1721 1130 Kaizi
1743 1103 1800 1129 sci-

1014 1148 1077 1175 licet
1091 1149 1116 1175 in
1133 1155 1244 1175 nem0re
1258 1148 1524 1183 circumragabatur,
1548 1152 1643 1182 utpote
1665 1148 1710 1182 qni
1735 1154 1800 1174 cun-

1014 1198 1152 1221 sternatus
1166 1202 1221 1220 uno
1233 1194 1258 1220 in
1276 1193 1336 1221 loco
1352 1201 1404 1220 non
1421 1193 1595 1220 consisteret.
1620 1193 1743 1220 Mortuus
1759 1197 1800 1219 est

1012 1246 1077 1274 ergo
1092 1239 1161 1266 Kain
1178 1239 1343 1266 maledictus
1364 1247 1425 1266 cum
1450 1246 1537 1266 annos
1564 1238 1752 1273 septingentos
1772 1243 1799 1264 et

1013 1285 1123 1319 triginta
1139 1285 1263 1312 vixisset.
1280 1284 1378 1312 Totum
1401 1290 1492 1311 autem
1515 1284 1579 1311 vita:
1604 1284 1707 1310 Enoshi
1733 1290 1799 1317 spa-

1013 1329 1080 1356 tium
1112 1333 1171 1356 erat
1203 1337 1337 1357 annorum
1366 1334 1564 1366 nongentarum
1602 1334 1629 1357 et
1666 1329 1796 1364 quinque.

1012 1375 1136 1402 lainano
1158 1382 1222 1402 vero
1237 1382 1299 1402 eum
1325 1382 1458 1402 annorum
1475 1380 1548 1402 εςεοι
1572 1378 1682 1401 centum
1706 1377 1734 1400 ct
1756 1381 1799 1401 SC-

1015 1420 1170 1456 ptuagiita,
1181 1425 1261 1447 natus
1275 1425 1315 1447 est
1328 1419 1470 1448 Mablaliel.
1486 1420 1592 1447 Kainan
1608 1427 1686 1455 erga,
1701 1425 1799 1454 appro-

1012 1469 1162 1502 pinquante
1173 1466 1228 1501 jam
1246 1471 1343 1499 morte,
1356 1466 1520 1493 accersitum
1545 1465 1724 1493 Mahlaliclem
1750 1464 1799 1492 ad-

1010 1512 1112 1548 juravit
1130 1519 1177 1547 per
1193 1512 1289 1539 Abelis
1311 1511 1485 1547 sanguinem,
1514 1519 1568 1538 non
1594 1511 1798 1546 permissurum

1012 1565 1042 1586 se
1054 1564 1083 1585 ut
1097 1565 1112 1585 e
1128 1557 1225 1585 liberis
1238 1557 1294 1585 suis
1308 1557 1457 1592 quispiam,
1482 1557 1516 1584 de
1541 1562 1632 1584 monte
1657 1556 1690 1583 ad
1714 1555 1798 1582 Kaini

1012 1602 1149 1630 maledicti
1190 1606 1315 1637 posteros
1364 1601 1553 1630 descenderet.
1603 1601 1671 1628 'l’ota
1707 1605 1798 1628 autem

1012 1647 1128 1675 Kainani
1163 1651 1230 1675 actas
1259 1655 1393 1675 annorum
1440 1652 1498 1675 erat
1538 1652 1737 1681 nongentornm
1771 1650 1799 1673 et

1013 1694 1118 1721 decem.
1133 1692 1282 1721 Mahlalieli
1294 1693 1350 1728 jam
1365 1699 1500 1720 annorum
1513 1696 1624 1719 centum
1654 1691 1799 1727 sexaginta

1011 1739 1132 1773 quinque
1148 1743 1230 1766 natus
1246 1743 1288 1765 est
1311 1737 1403 1771 Jared,
1437 1744 1562 1772 annoque
1581 1737 1730 1765 centesimo
1752 1737 1799 1764 tri-

1011 1783 1114 1810 cesimo
1124 1782 1221 1817 quinto
1228 1782 1316 1810 aetatis
1328 1781 1498 1814 Mahlalielis,
1511 1787 1633 1809 mortuus
1641 1787 1682 1809 est
1693 1781 1799 1808 Kainmr

1011 1834 1038 1855 et
1053 1829 1177 1863 sepultus
1203 1827 1230 1855 in
1254 1826 1383 1861 spelunca
1413 1826 1517 1855 Canuz.
1543 1827 1680 1854 Mablaliel
1705 1831 1797 1853 autem

1012 1873 1249 1907 appropinquante
1259 1872 1316 1907 jam
1336 1876 1424 1899 morte
1439 1872 1526 1907 ipsius
1540 1872 1626 1899 ﬁlium
1655 1879 1735 1899 suum
1750 1870 1798 1897 Ja-

1013 1919 1109 1946 redum
1129 1918 1291 1945 accersitum
1307 1925 1354 1952 per
1366 1919 1526 1953 sanguinem
1544 1918 1636 1945 Abelis
1649 1917 1797 1951 adjuratit,

1012 1971 1047 1991 ne
1062 1965 1233 1998 permitteret
1244 1968 1274 1990 ut
1289 1971 1304 1991 e
1318 1964 1391 1990 natis
1404 1963 1490 1998 ipsius
1505 1964 1641 1999 quispiam
1657 1964 1689 1990 de
1705 1967 1798 1990 monte

1011 2009 1045 2036 ad
1061 2014 1184 2043 posteros
1201 2008 1280 2036 Kalni
1293 2009 1430 2036 maledicti
1442 2009 1586 2036 homicidae
1607 2009 1796 2036 descenderet.

1011 2051 1110 2080 Totum
1123 2060 1188 2088 ergo
1204 2054 1276 2088 quod
1293 2053 1361 2080 vixit
1373 2053 1429 2089 24
1442 2053 1591 2085 Mahlalicl,
1608 2053 1725 2087 spatium
1747 2060 1798 2078 2n-

1012 2105 1110 2125 norum
1135 2103 1194 2126 erat
1228 2099 1451 2134 octingentorum
1477 2098 1626 2133 nonaginta
1665 2098 1796 2132 quinque.

1011 2141 1123 2175 Jaredo,
1152 2150 1215 2170 cum
1245 2150 1379 2170 annorum
1416 2146 1491 2170 esset
1516 2149 1626 2170 centum
1656 2143 1798 2177 sexaginta

1012 2188 1141 2221 duorum,
1156 2193 1237 2216 natus
1246 2193 1289 2216 est
1306 2188 1408 2216 Enoch.
1423 2187 1502 2220 Quod
1521 2187 1554 2214 ad
1568 2191 1692 2222 posteros
1706 2192 1796 2214 autem

179 2237 302 2267 Enoslio,
328 2240 354 2262 et
382 2233 508 2261 Kainano
537 2231 640 2259 Enoshi
672 2231 728 2258 ﬁlio
755 2234 783 2257 et
809 2229 1258 2265 MablalieleoKainihomicidaa,
1277 2233 1475 2260 adbinniebant
1496 2233 1545 2259 viri
1568 2232 1730 2259 mulieribus
1757 2233 1799 2259 iu-

180 2281 310 2312 Kainani,
326 2277 378 2307 una
395 2279 449 2315 20
460 2286 522 2305 cum
534 2276 666 2304 uxoribus
680 2280 707 2304 et
722 2275 816 2303 liberis
826 2275 961 2310 ipsorum,

178 2327 297 2355 traduxit
325 2326 352 2352 in
383 2320 484 2352 induti:
510 2323 662 2358 fastigium,
689 2321 737 2349 ubi
765 2321 890 2356 sepultus
919 2325 962 2348 est

177 2373 274 2405 Adam,
292 2370 362 2398 Kain
377 2377 452 2402 vero,
470 2376 620 2404 omnesque
637 2369 722 2403 ipsius
743 2366 790 2394 lilii
805 2367 875 2394 infra
892 2367 960 2395 sub-

177 2418 306 2446 stiterunt
324 2416 352 2444 in
367 2415 437 2444 valle
453 2415 500 2443 ubi
517 2415 627 2442 occisus
642 2417 685 2441 est
704 2412 782 2440 Abel.

211 2464 362 2493 Colueruut
384 2466 476 2489 autem
490 2461 538 2487 lilii
557 2459 632 2487 Sethi
653 2460 681 2486 in
699 2459 751 2486 isto
769 2462 860 2486 monte
882 2458 959 2494 puri-

177 2515 262 2538 tatem
279 2513 306 2537 et
325 2507 547 2538 sanctimoniam,
561 2513 654 2534 vocem
675 2505 845 2540 angelorum,
864 2512 878 2532 a
895 2505 956 2540 qui-

176 2555 230 2584 bus
247 2562 334 2590 prope
347 2553 471 2585 aberant,
486 2551 641 2583 audientes,
669 2557 778 2585 unaque
802 2557 865 2577 cum
893 2549 961 2584 ipsis

179 2601 262 2630 Deum
282 2601 424 2628 laudantes
441 2602 469 2626 ct
483 2596 673 2630 celebrantes;
689 2595 875 2631 appellatique
897 2599 962 2622 sunt

178 2648 229 2684 ipsi
245 2655 307 2675 cum
324 2645 458 2673 uxoribus
479 2646 506 2672 et
519 2642 615 2670 liberis
631 2643 702 2675 suis,
716 2642 761 2669 ﬁlii
787 2641 844 2668 Dei.
866 2640 962 2676 Neque

177 2696 235 2720 erat
251 2692 317 2726 ipsis
331 2690 479 2724 opiﬁcium,
506 2694 558 2714 nec
581 2694 672 2722 seges,
697 2693 747 2713 nec
771 2686 890 2717 messis;
907 2685 955 2712 sed

178 2739 279 2765 victum
311 2735 469 2772 priebebant
499 2731 775 2760 artorumfructus:
806 2737 857 2757 nec
888 2730 959 2756 ullus

178 2783 249 2818 apud
276 2784 350 2817 ipsos
379 2780 455 2807 locus
482 2777 602 2810 invidia},
628 2776 781 2811 injustitim,
808 2780 857 2803 aut
883 2783 960 2802 men-

180 2830 276 2860 dario;
291 2830 480 2861 juramentnm
494 2825 617 2858 ipsorum
633 2827 710 2850 erat:
727 2821 798 2852 Non,
825 2829 873 2856 per
896 2828 961 2847 aan-

181 2874 288 2908 guinem
312 2870 399 2897 Abeli.
421 2868 548 2902 Quotidie
574 2872 663 2894 autem
689 2868 826 2902 fastigium
855 2867 958 2893 montis

1013 2285 1071 2307 star
1094 2286 1239 2314 equorum,
1264 2279 1418 2313 eodemque
1445 2279 1525 2306 modo
1553 2279 1657 2313 absque
1694 2278 1799 2313 pudore

1012 2324 1078 2351 viris
1091 2323 1209 2356 feminae,
1224 2327 1386 2355 scortantes,
1404 2323 1509 2357 aliique
1531 2329 1593 2349 cum
1617 2321 1681 2348 aliis
1707 2321 1796 2356 turpia

1011 2373 1162 2405 patrantes,
1190 2368 1336 2403 palamque
1362 2368 1583 2402 congredientes,
1608 2367 1704 2394 eadem
1733 2374 1796 2393 cum

1013 2414 1112 2442 femina
1137 2413 1204 2441 viris
1222 2413 1331 2440 duobus
1350 2417 1398 2439 aut
1423 2412 1513 2440 tribus
1543 2419 1600 2439 rem
1616 2411 1796 2444 habentibus,

1011 2463 1143 2493 erantque
1157 2457 1407 2491 vetulazjuvenibus
1431 2458 1597 2490 salaciores;
1625 2462 1716 2492 patres
1733 2465 1796 2484 eum

1013 2504 1130 2535 ﬁliabus,
1157 2504 1273 2538 juvenes
1287 2510 1349 2530 cum
1374 2503 1509 2531 matribus
1538 2504 1598 2531 suis
1615 2511 1714 2531 venere
1734 2510 1796 2537 pro-

1013 2549 1118 2576 miscua
1139 2549 1295 2581 utebantur,
1313 2548 1381 2576 adeo
1398 2553 1428 2575 ut
1445 2556 1496 2577 nec
1511 2549 1589 2576 liberi
1613 2553 1705 2583 patres
1725 2555 1792 2575 suos

1013 2601 1064 2621 nec
1080 2599 1174 2629 patres
1190 2594 1294 2622 liberos
1309 2594 1515 2629 dignoscerent,
1533 2594 1661 2622 omnibus
1687 2594 1796 2622 interim

1013 2639 1206 2667 instrumentis
1221 2640 1336 2667 musicis
1354 2640 1512 2673 utebantur,
1532 2642 1603 2669 adeo
1614 2646 1644 2668 ut
1667 2641 1797 2668 clamoris

1012 2689 1039 2712 et
1052 2686 1130 2712 lusus
1145 2685 1264 2720 ipsorum
1277 2693 1363 2713 sonus
1378 2686 1413 2713 ad
1427 2686 1566 2722 fastigium
1581 2687 1681 2715 montis
1705 2685 1796 2714 sancti

1012 2733 1282 2766 ascenderet;quetn
1308 2739 1369 2758 cum
1392 2732 1563 2760 audivissent
1586 2733 1661 2760 Selhi
1681 2732 1794 2767 posteri,

1011 2782 1200 2805 convenerunt
1221 2785 1254 2804 ex
1279 2777 1346 2812 ipsis
1359 2782 1469 2805 centum
1490 2779 1540 2805 viri
1564 2783 1592 2806 ut
1610 2786 1624 2805 e
1643 2782 1734 2805 monte
1758 2778 1792 2805 ad

1012 2827 1137 2857 posteros
1151 2822 1232 2850 Kaini
1251 2824 1387 2851 maledicti
1398 2824 1613 2857 descenderent,
1629 2832 1699 2859 quos
1717 2824 1795 2858 jura-

1013 2872 1105 2894 mento
1122 2876 1170 2903 per
1182 2869 1343 2904 sanguinem
1370 2869 1464 2897 Abelis
1486 2870 1673 2897 ohstriinerat
1698 2869 1793 2901 Jared,
