2015 3081
184 124 238 156 9η

913 125 1101 156 ANNALES.

1767 134 1819 167 ΓΗ

182 191 217 210 ne
237 183 274 210 de
294 188 387 211 monte
415 189 512 212 sancto
543 186 754 215 descenderent.
787 185 843 222 Ipsi
873 190 976 216 tamen,
993 182 1015 210 Α
1032 182 1145 210 Sabbati
1162 184 1303 212 occidente
1326 187 1381 221 jam
1396 187 1466 220 sole,
1488 189 1568 215 trrtio
1584 189 1694 217 Tishrin
1707 191 1818 225 prioris.

180 230 285 257 dictum
301 230 363 264 ejus
375 230 444 258 nihil
468 232 579 264 morali,
606 232 833 266 descenderunt;
857 240 976 268 cumque

180 276 394 304 descendisscnt
409 277 478 306 ﬁlias
494 278 576 306 Kaini
591 279 729 307 maledicti
742 280 834 314 specie
844 279 973 314 pulchras

181 327 209 349 et
242 323 302 350 sine
327 324 432 358 pudore
463 324 552 352 nti-das
589 326 802 360 conspicientes,
846 325 974 361 cupidine

180 374 360 397 exarserunt:
374 377 422 397 eos
445 371 570 398 similiter
585 372 785 407 conspicientes
803 372 884 400 Kaini
901 373 973 406 ﬁlim,

180 414 256 441 viros
264 415 355 449 specie
366 415 492 449 pulchra.
504 421 608 444 statura
620 417 754 453 gigantea,
764 418 839 453 ipsos
850 417 909 445 fera
915 426 974 446 rum

182 459 271 487 instar
305 460 460 488 insilientes
493 469 610 493 corpora
648 470 746 490 eorum
776 463 972 498 inquinarunt,

181 510 264 540 atquc
282 507 318 533 ita
336 514 398 534 cum
426 507 535 536 ﬁliabus
551 508 631 536 Kaini
653 509 804 537 scortando
830 511 974 546 perierunt

181 551 229 578 ﬁlii
258 552 345 580 Sethi.
366 552 534 587 Pepererunt
550 559 640 582 autem
656 555 781 591 25-27
805 556 865 583 ﬁliae
893 556 972 584 Kaini

181 597 316 624 maledicti
342 597 405 625 ﬁliis
430 599 508 626 Sethi
541 599 675 635 gigantes.
702 601 731 628 In
751 601 810 635 lege
834 602 971 636 siquidem

180 644 219 670 ait
236 652 244 670 :
265 643 350 671 Filios
370 644 418 672 Dei
431 646 510 679 (Bani
528 645 633 674 Eiohim
651 648 813 682 appellatos)
839 657 897 675 cum
909 657 972 675 con-

180 690 327 722 spexissent
340 690 412 724 ﬁlias
421 691 504 719 Kaini
516 693 654 727 pulchras.
667 693 701 720 ad
711 694 783 728 ipsa:
796 694 971 727 descendisse,

179 741 258 770 atque
273 745 305 763 ex
322 738 385 771 ipsi:
402 744 546 773 prognatos
564 741 682 774 gigantes
695 741 717 767 '.

216 782 268 814 Qui
297 787 388 810 autem
414 789 520 817 errant,
536 793 625 820 neque
651 786 743 813 sciunt
767 786 833 821 quid
865 787 971 819 dicant,

181 828 259 854 aiunt
273 829 385 863 angelos
399 829 577 862 descendisse
592 831 625 857 ad
649 831 717 858 ﬁlias
735 832 889 864 hominum,
905 840 967 860 cum

181 874 375 910 (intelligendi)
398 876 453 904 sint
481 876 529 903 ﬁlii
555 876 632 904 So-thi
650 878 696 912 qui
727 885 741 904 a
763 883 855 905 monte
872 883 969 906 sancto

180 920 214 947 ad
244 920 312 947 ﬁlias
326 921 404 948 Kaini
431 922 567 950 maledicti
592 924 807 951 descenderunt.
835 924 971 952 Scthiadzc

180 967 254 994 cnim
271 967 306 994 ob
320 968 494 996 sanctitatem
512 977 603 1000 suam,
618 974 644 997 et
661 970 733 1004 quod
760 975 880 998 montem
905 979 970 999 san-

178 1017 254 1040 ctum
281 1013 444 1044 incolerent.
470 1015 598 1049 appellati
625 1020 690 1044 sunt
713 1016 784 1043 Boni
810 1017 924 1048 Elohim.
945 1017 970 1044 id

181 1065 232 1092 cst,
252 1059 318 1086 Filii
359 1059 416 1088 Dei.
434 1061 533 1088 Errant
561 1069 636 1095 ergo.
661 1062 709 1095 qui
741 1062 835 1090 dicunt
860 1064 972 1097 angi-los

181 1105 358 1133 descendisse
375 1105 409 1133 ad
436 1106 506 1133 ﬁlias
537 1106 691 1140 hominum,
723 1115 786 1135 cum
816 1109 970 1137 substantia

181 1151 341 1186 angelorum
359 1152 516 1179 substantia
542 1152 657 1187 simplex
688 1154 733 1184 sit.
763 1161 813 1181 nec
835 1159 974 1189 computat

183 1202 291 1224 natura:
309 1197 431 1232 ipsorum
456 1198 565 1225 veneris
583 1206 660 1230 usus,
681 1199 765 1226 homo
788 1204 877 1227 autem
908 1201 972 1227 sub-

182 1243 290 1270 stantia:
315 1243 475 1278 compositre
505 1245 550 1275 sit,
574 1246 653 1279 cujus
684 1249 790 1273 natura).
817 1246 878 1280 ejus
903 1255 972 1274 usus

181 1292 329 1322 competat,
354 1289 512 1323 pariterque
531 1291 623 1318 omnia
650 1292 812 1319 animantia.
839 1292 918 1324 Quod
944 1293 966 1320 si

182 1334 271 1368 angeli
297 1334 372 1369 (cum
398 1335 571 1369 mulieribus)
594 1337 840 1371 congrederentur,
870 1337 972 1365 nullam

181 1379 288 1414 uspiam
302 1388 317 1407 e
334 1380 442 1408 ﬁlialms
463 1382 604 1409 hominum
621 1383 769 1417 virginem,
786 1385 973 1419 incorruptam

182 1427 369 1461 reliquissent.
383 1428 451 1455 Cum
467 1433 561 1457 autem
586 1430 688 1457 vellent
707 1430 753 1458 ﬁlii
772 1430 860 1462 Sctbi,
892 1431 938 1466 qui
959 1438 975 1459 c

182 1477 275 1499 monte
288 1473 322 1500 ad
347 1473 418 1500 ﬁlias
440 1474 519 1501 Kaini
547 1475 687 1503 maledicti
715 1476 926 1508 descenderant.
947 1478 972 1505 in

1029 231 1077 265 qui
1093 231 1163 258 idem
1175 236 1218 260 est
1233 240 1265 260 ac
1279 232 1383 266 Babah,
1400 242 1462 262 cum
1488 235 1602 263 vixisset
1620 243 1710 264 annos
1741 238 1820 273 quin-

1029 283 1083 309 que
1113 277 1183 304 ullra
1205 284 1358 313 nongentos
1385 288 1392 307 :
1420 288 1501 316 quem
1526 283 1650 317 myrrha,
1674 283 1765 317 thure,
1791 289 1820 312 et

1030 323 1117 350 cassia
1133 324 1293 357 pollinctum
1318 327 1425 361 sepeliit
1441 327 1513 356 ﬁlius
1537 329 1624 364 ipsius
1650 331 1760 358 Kainan
1791 330 1819 359 in

1029 366 1159 400 spelunca
1175 368 1296 396 Alcanuz
1314 377 1321 396 :
1339 370 1562 407 planxeruntque
1586 373 1676 409 ipsum
1700 376 1820 410 quadra-

1029 411 1104 445 ginta
1146 413 1215 440 dies.
1253 414 1391 443 Lamecbo
1433 418 1538 446 exactis
1575 419 1656 447 annis
1708 426 1819 449 centum

1029 457 1168 491 octoginta
1198 459 1318 491 duobus,
1349 465 1431 489 natus
1451 466 1493 490 est
1511 462 1606 496 Noah;
1634 468 1721 492 totum
1754 473 1820 501 ergo

1028 502 1084 537 29
1101 503 1152 538 31
1181 505 1254 538 quod
1271 505 1338 534 vixit
1362 505 1517 537 Lamachus
1538 509 1658 543 spatium
1684 517 1820 540 annorum

1029 547 1080 574 fuit
1114 551 1351 584 septingentorum
1378 554 1550 589 septuaginta
1586 560 1690 590 septem
1718 564 1822 584 :anno

1027 598 1120 621 autem
1152 595 1216 623 vita;
1242 595 1373 625 Lamechi
1412 599 1521 627 decimo
1547 602 1640 634 tertio,
1678 603 1820 630 Enochum

1027 640 1142 668 electum
1159 642 1192 669 ad
1209 649 1238 670 se
1250 645 1359 671 sustulit
1379 645 1514 675 Dominus
1526 648 1643 683 (Arabes
1653 656 1719 677 vero
1731 649 1820 684 ipsum

1028 685 1108 715 Edris
1123 689 1244 723 vocant),
1266 690 1420 726 habuitque
1439 693 1577 726 Enochus,
1596 695 1707 729 quando
1729 695 1821 731 ipsum

1026 731 1060 758 ad
1075 740 1104 759 se
1118 735 1221 769 recepit
1238 736 1381 768 Dominus.
1395 745 1484 766 annos
1500 744 1656 768 tercentum
1677 740 1819 776 sexaginta

1027 778 1158 813 quinque.
1175 780 1346 817 Sublatoque
1360 783 1418 818 jam
1436 783 1562 818 Enocho,
1580 785 1660 813 Kaini
1682 786 1820 814 maledicti

1027 824 1140 857 posteri,
1158 833 1220 853 cum
1240 827 1293 855 illis
1312 828 1388 856 Setbi
1408 830 1471 858 ﬁliis
1486 831 1532 865 qui
1550 831 1585 859 ad
1612 832 1688 866 ipso:
1703 832 1820 860 desecu-

1022 869 1128 914 derant,
1143 874 1335 909 unusquisque
1346 876 1418 910 quod
1434 877 1485 911 ipsi
1496 877 1628 912 placeret,
1640 883 1688 906 aut
1699 877 1732 905 ad
1745 879 1819 914 quod

1023 913 1176 950 inclinaret,
1188 920 1424 956 propenderctque
1436 923 1547 951 animus
1558 923 1818 958 ipsius,coluerunt.

1060 963 1140 991 Anno
1163 969 1253 993 autem
1287 967 1348 995 vita:
1374 968 1503 997 Lamechi
1528 971 1701 1005 sexagesimo
1728 971 1818 1004 primo

1023 1009 1092 1036 obiit
1110 1009 1229 1043 Kainan,
1246 1011 1291 1040 die
1302 1013 1433 1041 Mercurii
1452 1015 1526 1042 circa
1542 1015 1689 1043 meridiem
1709 1016 1817 1044 decimo

1024 1057 1107 1083 tertio
1136 1056 1280 1091 llazirani,
1300 1060 1403 1094 quiest
1431 1060 1561 1093 Baunab;
1586 1069 1667 1095 quem
1693 1062 1819 1098 myrrha,

1024 1103 1106 1130 tbure
1129 1108 1156 1131 et
1181 1105 1271 1132 cassia
1300 1105 1460 1140 pollinctum
1492 1107 1604 1142 sepeliit
1631 1107 1705 1137 ﬁlius
1730 1108 1819 1144 ipsius

1024 1149 1160 1177 Ilablaliel
1191 1150 1217 1177 in
1246 1151 1377 1184 spelunca
1405 1152 1545 1185 Alcanuz;
1569 1153 1717 1190 ipsumque
1750 1163 1820 1190 qua-

1025 1194 1151 1230 draginta
1182 1196 1242 1225 dies
1265 1197 1440 1232 planxerunt.
1458 1197 1588 1234 Vixitquo
1609 1200 1713 1228 Kainan
1731 1208 1820 1229 annos

1024 1241 1120 1269 decem
1149 1242 1222 1270 ultra
1252 1248 1420 1279 nongentos.
1447 1244 1562 1278 Noaho,
1589 1253 1653 1274 cum
1682 1254 1819 1276 annorum

1024 1293 1098 1315 esset
1113 1288 1342 1324 quingentorum,
1363 1291 1419 1317 nati
1442 1296 1507 1318 sunt
1532 1295 1589 1319 tres
1613 1292 1673 1325 ﬁlii,
1701 1301 1819 1328 quorum

1026 1333 1158 1368 majorem
1183 1335 1330 1369 appellavit
1359 1335 1485 1368 Semum,
1510 1337 1663 1365 secundum
1689 1338 1820 1372 ﬂantum,

1026 1380 1138 1408 Iertium
1158 1380 1317 1415 Japhetum.
1341 1380 1441 1410 Totum
1456 1387 1547 1411 autem
1574 1385 1636 1412 vita:
1657 1383 1734 1412 Noab
1754 1393 1821 1420 spa-

1027 1425 1095 1453 tium
1122 1426 1174 1453 fuit
1199 1433 1336 1455 annorum
1362 1433 1567 1464 nongentarum
1595 1430 1836 1469 quinquagintal

1028 1478 1156 1506 annoque
1169 1471 1313 1500 tricesimo
1328 1478 1429 1508 quarto
1444 1474 1509 1501 vita:
1524 1473 1612 1502 Noahi
1634 1476 1703 1503 obiit
1717 1476 1822 1510 Mahlag

182 1522 303 1545 montem
327 1523 453 1546 sanctum
485 1520 654 1553 asrendere,
685 1521 751 1549 facti
778 1527 843 1550 sunt
870 1523 972 1557 lapides

1027 1517 1084 1548 liel.
1103 1517 1147 1545 die
1165 1518 1243 1549 solis,
1263 1517 1330 1545 hora
1347 1518 1401 1546 diei
1423 1519 1504 1546 tertia
1530 1525 1630 1549 exacto
1643 1520 1738 1550 Nisani
1755 1522 1822 1556 (qui

183 1564 286 1590 montis
312 1565 397 1599 ignis,
425 1566 462 1593 ita
481 1570 511 1593 ut
537 1567 616 1594 nullo
636 1567 717 1594 modo
733 1572 839 1603 pateret
866 1569 978 1603 ipsisin

182 1615 304 1638 montem
323 1611 438 1640 reditus.
458 1612 561 1640 Deinde
587 1618 733 1645 coeperunt
758 1615 803 1641 alii
821 1618 884 1649 post
910 1615 979 1642 alios

183 1658 217 1685 de
238 1662 331 1686 monte
356 1663 452 1686 sancto
476 1659 646 1688 descendere
668 1660 701 1688 ad
724 1661 804 1687 Kaini
835 1660 977 1689 maledicti

183 1704 262 1732 ﬁlias.
277 1704 345 1732 Cum
363 1712 430 1740 ergo
446 1704 502 1739 jam
519 1706 756 1741 appropinquaret
770 1706 862 1734 Jaredi
889 1715 974 1739 mors,

183 1752 343 1777 convocatis
366 1750 421 1778 ﬁlio
433 1758 484 1778 suo
505 1751 630 1784 Enocho,
658 1752 763 1780 Enochi
788 1753 977 1782 Mathusbale-

183 1795 246 1827 ('Im,
267 1795 484 1825 Mathushalecbi
499 1797 647 1829 Lamecbo,
665 1804 692 1827 et
712 1799 842 1827 Lamecbi
869 1801 976 1833 Noaho,

182 1841 249 1868 dixit
269 1842 345 1877 :28
365 1842 464 1871 Cavete
492 1852 526 1871 ne
548 1845 696 1872 desrendat
719 1849 841 1873 vestrum
862 1847 924 1881 quis
942 1846 976 1874 de

183 1890 276 1913 monte
291 1887 341 1914 hoc
355 1893 462 1915 sancto.
480 1887 541 1915 Filii
565 1890 639 1916 enim
657 1890 741 1917 vestri
770 1890 841 1926 lapsi
867 1897 930 1919 sunt
950 1897 976 1918 et

183 1931 338 1964 perierunt.
354 1932 423 1960 Novi
435 1937 526 1960 autem
541 1934 625 1961 Deum
639 1939 777 1968 potentem
790 1935 973 1970 etgloriosum

183 1983 238 2003 non
254 1977 415 2005 relicturum
431 1987 481 2005 vos
494 1979 520 2006 in
540 1979 591 2007 hoc
609 1985 702 2007 monte
719 1986 825 2008 sancto.
842 1981 975 2016 Quisquis

182 2030 248 2057 ergo
263 2028 385 2050 vestrum
406 2032 438 2051 ex
456 2025 508 2051 hoc
529 2025 589 2052 loco
602 2026 772 2058 discesserit,
790 2027 865 2054 tollat
878 2035 973 2055 secum

182 2077 283 2103 Corpus
299 2069 409 2102 Adami,
424 2078 475 2097 una
493 2078 554 2098 cum
571 2071 758 2101 oblationibus
781 2073 854 2105 istis,
869 2074 974 2107 ipsum-

183 2122 237 2148 que
251 2114 352 2141 condat
368 2114 524 2150 ubicunque
538 2115 638 2143 dixerit
652 2116 703 2151 ipsi
718 2117 858 2145 Dominus.
872 2117 972 2146 Totum

183 2164 272 2187 alitem
286 2161 352 2187 vita:
377 2160 467 2188 Jarcdi
485 2162 604 2196 spatium
632 2170 767 2190 annorum
781 2168 840 2190 erat
850 2171 973 2200 nongent-

182 2212 271 2234 torum
285 2207 428 2241 sexaginta
450 2207 578 2235 duorum.
595 2208 706 2236 Euocho
726 2216 791 2237 vero
804 2216 866 2238 cum
883 2217 972 2238 anno-

182 2262 242 2280 rum
258 2257 332 2281 csset
355 2258 465 2281 centum
498 2255 641 2290 sexaginta
668 2255 801 2291 quinque,
831 2261 912 2284 natus
931 2262 973 2285 cst

183 2299 406 2332 Mathushalech;
430 2307 557 2335 annoque
598 2300 702 2328 Enochi
738 2302 869 2331 vicesimo
902 2302 971 2332 obiit

182 2345 248 2373 Seth
261 2346 304 2373 die
321 2345 426 2378 Martis,
445 2345 512 2373 hora
527 2346 581 2374 dici
596 2354 680 2378 nona,
695 2347 829 2374 vicesimo
852 2349 971 2383 septimo

183 2392 285 2420 mensis
312 2391 354 2418 Ab
377 2392 434 2427 (qui
459 2396 500 2419 est
523 2391 637 2426 Meshri)
661 2400 723 2419 cum
748 2393 861 2421 vixisset
885 2402 971 2421 annos

182 2437 324 2465 duodecim
334 2439 406 2466 ultra
417 2443 579 2473 nongentos,
590 2438 735 2473 ipsumque
745 2439 865 2474 myrrha,
877 2439 970 2472 thure,

182 2489 209 2512 ct
221 2485 308 2512 cassia
321 2485 481 2520 pollinctum
497 2485 602 2518 sepeliit
623 2484 696 2511 ﬁlius
723 2484 811 2519 ipsius
833 2485 926 2513 Enosb
942 2487 969 2513 in

182 2531 311 2564 spelunca
335 2531 457 2558 Alcanuz
477 2531 553 2566 juxta
575 2531 722 2564 Adamum,
752 2531 973 2567 planxeruntque

183 2584 272 2611 Ipsum
301 2577 481 2612 quadraginta
506 2577 575 2605 dies.
602 2577 841 2609 Mathushalecho,
868 2580 973 2606 exactis

183 2623 263 2649 annis
283 2628 393 2649 centum
406 2624 547 2657 octoginta
560 2627 677 2657 septem,
691 2628 771 2651 natus
786 2628 828 2650 est
839 2623 975 2656 Lameeh;

184 2671 271 2694 totum
289 2672 380 2694 autem
396 2668 470 2701 quod
487 2669 555 2696 vixit
581 2669 789 2699 Mathushah-ch
813 2669 877 2697 anui
906 2673 972 2697 sunt

185 2712 314 2746 nongenti
327 2713 470 2747 sexaginta
483 2721 593 2741 novem.
618 2714 701 2742 Porro
715 2722 787 2742 anno
801 2715 973 2751 quinquage-

184 2758 256 2784 simo
283 2758 365 2784 tertio
379 2759 440 2786 vitae
471 2759 687 2788 Mathnsbalecbi
709 2760 776 2788 obiit
802 2760 904 2794 Enosh,
928 2760 972 2789 die

223 2848 230 2861 ‘
247 2845 315 2872 (Seu.
332 2854 368 2874 VI,
381 2847 407 2874 Α.

1032 1561 1103 1588 idem
1123 1566 1165 1590 est
1189 1570 1221 1589 ac
1241 1561 1415 1599 Barmudab)
1444 1564 1575 1597 secundo,
1589 1573 1670 1602 quem
1698 1567 1821 1602 myrrha,

1032 1608 1112 1635 thure
1138 1614 1165 1635 et
1185 1608 1275 1636 cassia
1301 1608 1477 1643 pollinctum,
1504 1610 1612 1645 sepeliit
1637 1610 1709 1638 ﬁlius
1733 1612 1822 1646 ipsius

1029 1654 1110 1681 Jared
1133 1656 1160 1683 in
1175 1655 1304 1689 spelunca
1331 1654 1465 1692 Alcanuz,
1480 1656 1624 1692 ipsumque
1638 1658 1822 1692 quadraginta

1030 1700 1088 1727 dies
1101 1701 1274 1735 planxerunt.
1286 1701 1359 1729 Vixit
1375 1705 1466 1730 autem
1484 1701 1620 1731 Mablaliel
1631 1711 1720 1731 annos
1731 1704 1822 1732 octin-

1029 1750 1125 1780 gentos
1138 1747 1288 1783 nonaginta
1301 1747 1434 1783 quinque.
1447 1747 1533 1776 Porro
1556 1756 1628 1776 anno
1654 1749 1716 1777 vitae
1731 1750 1820 1778 Noahi

1028 1791 1080 1826 32
1103 1791 1275 1828 sexagesimo
1300 1797 1390 1824 sexto.
1417 1793 1486 1822 obiit
1501 1792 1594 1826 Jared,
1622 1793 1668 1822 die
1693 1794 1820 1830 Veneris,

1027 1837 1170 1865 occidente
1193 1838 1261 1870 sole,
1286 1838 1369 1867 Adari
1394 1837 1452 1874 (qui
1468 1842 1510 1866 est
1536 1838 1698 1873 Bormahat)
1713 1840 1822 1868 decimo

1027 1882 1126 1915 tertio;
1144 1890 1224 1918 quem
1251 1883 1413 1918 pollinctum
1436 1885 1615 1918 sepelierunt,
1643 1885 1715 1912 ﬁlius
1732 1885 1820 1920 ipsius

1026 1930 1404 1962 Mathushalcch,Lamecbct
1414 1930 1538 1963 Noah,’in
1547 1933 1675 1966 spelunca
1686 1932 1820 1964 Alcanuz:

1027 1976 1173 2011 ipsumque
1198 1976 1380 2011 quadraginta
1406 1977 1464 2005 dies
1486 1977 1670 2012 planxerunt;
1695 1978 1820 2013 vixitque

1025 2022 1106 2050 Jared
1123 2030 1210 2054 annos
1226 2028 1382 2058 nongentos
1398 2024 1539 2058 sexaginta
1551 2023 1632 2057 duos.
1648 2023 1736 2052 Porro
1747 2033 1821 2053 anno

1025 2069 1087 2096 vita:
1106 2068 1191 2097 Noahi
1202 2069 1422 2104 quingentesimo
1443 2069 1622 2104 nonagesimo
1633 2070 1731 2104 quinto
1750 2070 1820 2098 obiit

1025 2119 1102 2149 pater
1114 2114 1201 2150 ipsius
1217 2114 1347 2145 Lamcch.
1365 2113 1484 2142 Lamech
1508 2119 1599 2142 autem
1618 2119 1680 2142 ante
1701 2119 1818 2142 mortem

1025 2169 1114 2194 suam,
1129 2161 1224 2189 Noaho
1240 2161 1296 2188 ﬁlio
1316 2168 1368 2188 suo
1392 2161 1537 2193 accersito,
1558 2160 1628 2187 dixit
1645 2170 1653 2188 :
1669 2159 1728 2188 Non
1747 2161 1819 2188 siuet

1027 2212 1054 2234 te
1077 2207 1148 2237 Deus
1173 2210 1282 2241 potens,
1306 2206 1454 2242 gloriosus,
1478 2206 1504 2233 in
1531 2209 1623 2233 monte
1653 2205 1727 2240 isto;
1754 2214 1817 2233 cum

1026 2261 1092 2289 ergo
1108 2252 1365 2286 descendes,_tollas
1381 2257 1471 2280 tecum
1484 2252 1581 2281 Adami
1594 2259 1696 2287 corpus
1708 2260 1819 2288 unaque

1027 2305 1082 2328 tres
1095 2300 1259 2332 oblationes,
1275 2299 1379 2327 scilicet
1395 2306 1506 2332 aurum,
1530 2299 1684 2335 myrrham,
1708 2303 1737 2327 et
1753 2299 1819 2328 thus

1027 2347 1145 2378 deferas,
1171 2346 1281 2380 ﬁlioque
1298 2350 1346 2373 tuo
1362 2345 1479 2380 praecipe
1496 2349 1526 2372 ut
1552 2353 1616 2373 mox
1637 2352 1652 2372 a
1667 2351 1757 2373 morte
1772 2350 1818 2373 tua

1028 2399 1129 2426 corpus
1155 2391 1250 2424 Adam‘i
1279 2390 1417 2421 sublatum
1445 2390 1472 2417 in
1501 2389 1591 2418 medio
1619 2394 1700 2418 terra!
1722 2396 1816 2426 ponat,

1027 2438 1118 2471 ibique
1136 2438 1170 2464 ad
1186 2436 1361 2464 serviendum
1380 2443 1394 2463 e
1412 2435 1475 2464 ﬁliis
1499 2435 1559 2464 suis
1581 2436 1727 2471 quemdam
1748 2445 1815 2464 con-

1027 2484 1133 2514 stituat,
1148 2482 1194 2518 qui
1211 2481 1246 2510 sit
1263 2489 1313 2516 per
1336 2485 1422 2508 totam
1443 2481 1529 2509 vitam
1557 2489 1636 2509 suam
1660 2481 1816 2517 religiosus,

1025 2530 1134 2560 caelebs,
1154 2536 1242 2563 neque
1256 2527 1419 2562 sanguinem
1441 2527 1548 2560 fundat,
1577 2534 1666 2562 neque
1688 2528 1715 2554 in
1730 2527 1817 2556 sacri-

1026 2575 1118 2602 ﬁcium
1132 2574 1227 2601 oll‘erat
1248 2574 1290 2600 vel
1306 2573 1446 2601 volucrem
1463 2573 1505 2600 vel
1531 2572 1628 2604 feram,
1651 2572 1701 2601 sed
1718 2580 1815 2607 panem

1027 2623 1132 2646 tantum
1147 2623 1175 2645 et
1187 2617 1299 2649 vinum;
1314 2615 1442 2652 quoniam
1460 2615 1494 2643 ab
1505 2615 1558 2644 isto
1574 2616 1634 2644 loco
1653 2616 1704 2643 erit
1718 2616 1814 2644 Adami

1025 2667 1118 2700 salus;
1145 2665 1331 2699 induaturque
1361 2663 1479 2699 pellibus
1507 2662 1622 2694 ferinis,
1648 2669 1699 2690 nec
1723 2662 1816 2690 crines

1027 2713 1114 2744 radat,
1134 2719 1184 2739 nec
1201 2719 1307 2746 ungues
1322 2714 1466 2745 prmsecel,
1484 2708 1614 2743 solusque
1629 2712 1787 2744 permaneat
1806 2717 1814 2736 :

1026 2756 1171 2785 vocabitur
1184 2756 1256 2783 cnim
1275 2753 1404 2783 sacerdos
1421 2753 1544 2786 Domini;
1566 2753 1684 2780 innucns
1702 2751 1815 2779 Melchi-
