2015 3081
180 121 233 154 ΗΒ

178 179 335 206 actim-hum.
360 179 427 206 Cu’m
451 188 515 214 ergo
541 181 715 216 praecepisset
730 180 818 216 (ista)
847 180 963 208 Lameeh

179 224 237 252 filio
249 232 300 252 suo
316 223 422 257 Nolina,
440 230 563 252 mortuus
578 231 630 257 est,
641 226 683 252 die
699 225 840 252 Dominico
852 225 903 252 sub
918 232 965 252 oc-

178 277 274 298 casum
299 270 382 302 solis,
409 271 489 297 Adari
517 270 574 305 (qui
601 276 644 298 est
672 270 828 305 Barmaltat)
857 270 966 297 decimo

177 322 269 349 nono;
297 316 440 350 ipsumque
464 316 624 350 pollinctum
640 317 747 351 sepeliit
768 315 844 344 Νοςιιι
861 316 886 343 in
903 323 964 351 spe-

177 362 259 390 lunca
273 362 404 393 Aleanuz,
421 362 637 396 planxeruntque
649 363 738 398 ipsum
765 363 823 390 dies
844 363 964 397 quadra—

178 408 263 442 ginta.
282 407 334 442 33
349 407 402 442 35
416 406 478 434 Fuit
495 412 587 434 autem
601 408 657 434 vita
679 407 806 434 Lameebi
827 415 963 434 annorum

177 454 414 488 septingentorum
434 455 607 488 septuaginta
633 459 749 487 sr-ptem.
775 454 858 480 Porro
890 460 963 480 anno

176 501 240 528 vitae
255 499 318 527 Naze
333 501 533 528 sexcentesimo
555 505 677 528 mortuus
693 507 732 528 est
749 499 964 533 Mathuslialech,

177 546 221 574 die
243 545 356 574 Veneris
372 546 444 574 circa
456 547 611 580 meridiem,
635 547 765 574 vicesimo
789 546 876 581 primo
901 545 963 578 Ilul,

176 593 223 627 qui
241 596 282 620 est
296 592 391 619 'l'ltut:
411 600 491 627 quem
513 592 673 626 pollinctutn
699 592 867 628 sepelierunt
887 590 963 618 Noalt

175 643 203 664 et
219 638 281 665 Scm
298 638 325 665 in
340 638 468 674 spelunca
482 639 611 668 Alcanuz,
627 638 772 673 ipsumque
784 637 964 672 quadraginta

176 683 235 710 dies
262 682 436 716 planxerunt.
462 681 524 708 Fuit
551 687 641 709 autern
670 681 724 708 vita
749 681 965 708 Matbushaleclii

176 733 311 755 annorum
346 732 545 762 nongentarum
573 727 712 761 sexaginta
735 734 841 754 novem.
873 726 965 760 Neque

175 770 230 808 jam
246 774 307 808 quis
327 773 461 808 superfuit
478 777 503 801 tn
523 778 613 800 monte
637 779 732 801 sancto
758 776 856 808 praeter
876 772 964 800 solum

177 820 302 847 Nozthum
321 821 460 855 ipsiusque
475 828 587 847 uxorem
602 820 656 854 (cui
673 827 770 846 nomen
784 824 842 846 erat
859 817 963 853 liaical)

709 126 892 156 EUTYCIIII
914 125 1177 157 ALEXANDRINI
1198 127 1307 157 PATR.

1753 123 1805 157 916

981 195 1002 222 Α
1016 180 1121 214 cribus,
1138 180 1215 210 feris.
1234 181 1388 214 reptilibus,
1411 183 1523 211 dict-ns:
1539 183 1704 210 introducas
1716 188 1808 211 tecum

1016 232 1048 253 ex
1079 224 1133 253 illis
1158 225 1281 261 37-39
1299 234 1360 260 qum
1388 227 1459 254 inter
1486 228 1544 255 lucc
1574 227 1676 255 munda
1706 227 1807 255 fuerint

1015 277 1119 307 septem
1137 274 1223 308 paria.
1239 281 1329 302 mares
1343 279 1460 308 septem,
1476 280 1501 302 et
1519 275 1642 302 femellas
1662 274 1775 302 totidem
1792 283 1799 304 :

1013 323 1047 342 ex
1071 315 1219 343 immundis
1252 320 1342 344 autem
1374 317 1457 349 bina.
1495 325 1597 345 marem
1636 318 1742 346 scilicet
1779 320 1807 345 et

1015 360 1155 388 feminam.
1171 361 1314 397 ingressus
1331 370 1396 398 ergo
1416 363 1492 390 Noah
1518 363 1608 390 navim
1624 371 1687 390 cum
1710 372 1805 396 uxore,

1014 406 1088 438 ﬁliis,
1105 406 1278 442 ﬁliorumque
1293 409 1435 440 uxoribus.
1449 416 1550 443 corpus
1561 409 1657 435 Adami
1673 409 1700 436 in
1714 409 1804 436 navim

1015 452 1189 487 importatum
1207 454 1234 481 in
1249 454 1309 489 ejus
1324 455 1413 482 medio
1427 455 1583 487 collocavit,
1601 455 1741 489 impositis
1755 455 1806 489 ipsi

1014 498 1214 526 oblationibus.
1232 498 1407 535 Fueruntque
1421 500 1500 528 Noah
1519 505 1545 528 ct
1561 501 1606 527 filii
1625 500 1684 534 eius
1699 501 1731 527 ad
1746 508 1810 535 par-

1015 549 1069 572 tem
1087 544 1164 573 navis
1181 545 1361 579 orientalem;
1377 553 1447 574 uxor
1460 553 1524 573 vero
1539 547 1627 581 ipsius
1642 550 1667 573 et
1686 546 1805 573 ﬁliorum

1017 597 1116 617 uxores
1132 590 1165 617 ad
1183 591 1392 623 occidentalem,
1425 599 1458 619 ne
1481 592 1532 618 viri
1555 592 1588 618 ad
1606 591 1733 623 feminas.
1760 597 1807 618 aut

1017 637 1124 664 feminae
1146 637 1178 664 ad
1195 638 1270 665 viros
1286 638 1460 666 accederent.
1475 636 1599 673 Cumque
1629 639 1720 665 omnia
1744 646 1805 672 qua:

1015 684 1110 711 inferri
1133 683 1254 718 iusserat
1276 684 1348 712 Deus
1375 691 1469 712 secum
1490 683 1647 715 intulisset,
1663 684 1804 718 aperiente

1017 729 1130 756 Domino
1157 737 1288 764 aquarum
1312 730 1417 763 fontes,
1440 730 1585 757 scaturivit
1611 734 1703 761 terra,
1729 737 1806 759 com:

1017 775 1093 802 mista
1114 780 1178 802 sunt
1193 776 1289 808 maria,
1310 776 1487 812 pluviamque
1511 776 1581 804 Deus
1603 783 1618 803 e
1635 776 1705 803 ccelo
1721 775 1809 802 demi—

1017 821 1064 847 sit.
1087 820 1202 855 Fuitque
1224 821 1357 849 diluvium
1385 829 1448 849 cum
1466 822 1543 849 Noali
1569 828 1704 848 annorum
1732 824 1808 848 esset

179 866 262 893 filiam
287 866 413 892 Namnsa:
440 866 487 892 filii
513 866 629 898 Euochi,
655 873 716 893 cum
741 866 830 893 tribus
843 865 964 900 ipsomut
982 870 1002 897 Β
1016 871 1220 900 sexcentorum,
1237 866 1309 894 filius
1325 875 1389 895 vero
1405 867 1494 902 ipsius
1509 866 1573 894 S~~m
1588 873 1710 894 centum.
1736 866 1805 893 Pro-

177 910 242 937 flliis
265 909 358 943 Semo,
385 910 482 942 llamo,
506 914 532 937 et
553 909 678 945 Japlteto,
705 911 848 944 tribusque
870 915 965 936 eorum

177 956 345 990 ronjugibus
359 963 420 991 qua
443 964 458 983 e
481 956 591 983 filiabus
620 955 841 983 Mathushaleclti
866 954 964 982 fuere:

178 1002 256 1029 uxori
271 1001 350 1029 Semi
362 1009 461 1030 nomen
487 1002 571 1032 Salit;
596 1002 685 1034 flanti,
707 1000 829 1034 Nabiat;
848 1000 966 1037 Japheti,

177 1048 313 1075 Arisisah.

215 1092 422 1128 ingravescente
445 1099 535 1122 autem
563 1095 591 1122 in
616 1099 689 1122 terra
717 1093 880 1129 iniquitate,
902 1100 965 1120 cum

178 1138 254 1165 Sethi
277 1139 389 1173 posteri,
415 1139 495 1166 Kaini
518 1139 657 1167 maledicti
681 1139 803 1174 posteris
828 1137 966 1173 p’ermisti,

178 1185 282 1211 scelera
307 1186 520 1216 committerent,
547 1183 635 1219 tui-pia
657 1188 807 1220 patrantes,
824 1187 851 1211 et
873 1183 906 1210 ad
925 1183 967 1209 lu-

178 1230 255 1256 dicra
273 1230 418 1262 conversi,
443 1231 575 1258 indicavit
601 1230 673 1258 Deus
699 1238 746 1264 per
771 1229 968 1256 revelationem

178 1274 274 1302 Noaho
292 1284 297 1302 :
319 1275 455 1304 Missurus
467 1284 527 1304 sum
544 1276 570 1303 in
585 1280 686 1303 terram
702 1276 845 1306 diluvium,
865 1279 892 1302 et
908 1282 967 1301 om-

179 1320 226 1347 nia
245 1327 306 1354 quae
320 1328 405 1354 super
417 1328 447 1347 ea
472 1322 643 1355 reperientur
661 1321 830 1355 perditurus.
856 1317 967 1354 Ipsique

178 1365 213 1392 de
237 1374 252 1391 ιι
264 1371 328 1393 onte
344 1370 450 1399 sancto,
479 1374 533 1394 una
552 1374 614 1394 cum
638 1366 701 1393 ﬁliis
721 1370 748 1393 et
773 1373 867 1398 uxore,
896 1365 967 1392 filio-

179 1419 296 1446 rumque
311 1413 454 1444 uxoribus,
467 1412 635 1441 descendere
651 1413 741 1446 iusso,
761 1412 889 1448 praecepit
904 1415 934 1439 ut
951 1418 965 1438 c

180 1457 260 1491 tignis
277 1458 419 1492 quadratis
435 1457 525 1485 navim
539 1462 692 1485 exstrueret
708 1458 797 1493 (juxta
815 1457 965 1484 nonnullos

178 1510 194 1529 e
210 1503 292 1538 lignis
303 1504 402 1538 platani
419 1503 528 1537 Indicae)
550 1503 630 1538 cujus
647 1503 789 1536 longitudo
802 1507 876 1531 esset
892 1503 968 1529 cubi-

179 1553 270 1576 torum
288 1552 329 1576 ter
344 1553 466 1581 centum,
485 1549 600 1576 latitudo
618 1549 828 1584 quinquaginta,
849 1548 966 1575 altitudo

179 1597 308 1630 triginta;
325 1603 440 1632 eamque
457 1597 574 1624 interius
590 1601 617 1624 et
636 1597 757 1625 exterius
774 1598 833 1632 pice
845 1604 878 1624 ac
894 1597 968 1624 bitu-

181 1643 255 1670 mine
277 1643 391 1670 oblitam
414 1643 440 1670 in
466 1648 522 1671 tres
546 1644 767 1679 contignationes
793 1644 847 1678 36
867 1643 967 1671 distin-

180 1692 287 1724 gueret,
311 1696 426 1723 quarum
448 1689 552 1721 infima,
582 1690 646 1718 feris
672 1695 747 1717 esset
768 1694 796 1717 et
816 1690 966 1724 iumentis;

181 1733 280 1766 media,
304 1733 480 1766 volucribus;
507 1741 646 1768 suprema,
672 1735 723 1770 ipsi
752 1739 779 1762 et
802 1735 866 1762 filiis
890 1736 968 1768 suis;

180 1781 310 1812 essetque
336 1784 414 1813 porta
435 1778 513 1806 navis
541 1779 567 1805 in
593 1779 677 1806 latere
702 1779 789 1814 ipsius
810 1780 843 1807 ad
863 1785 967 1815 partem

180 1823 353 1856 orientalem,
366 1824 516 1859 fierenlque
528 1825 554 1852 in
565 1825 623 1860 ipsa
639 1825 692 1853 loci
702 1833 781 1860 aqua:
795 1826 966 1860 recipienda,

180 1876 214 1895 ac
231 1869 309 1897 locus
323 1870 396 1897 cibo.
414 1871 558 1906 Ingressus
572 1878 638 1906 ergo
659 1870 734 1898 Noalt
749 1872 907 1907 speluncam
921 1872 969 1899 Al-

179 1920 278 1948 canuz‘,
307 1915 458 1948 et‘Setbi,
486 1915 603 1949 Enoclti,
632 1915 769 1950 Kainani,
794 1915 967 1950 Mahlalielis,

179 1961 281 1994 Jaredi,
294 1961 521 1994 Matlmshalechi,
533 1967 559 1989 et
570 1962 698 1990 Latuechi
712 1970 828 1998 corpora
851 1962 968 1990 deoscu-

182 2008 265 2039 latus,
282 2015 385 2043 corpus
412 2007 508 2035 Adami
535 2016 644 2043 unaque
666 2009 819 2036 oblationes
845 2009 968 2043 sustulit,

181 2053 285 2080 ferente
309 2053 390 2081 Semo
409 2061 524 2086 aurum,
548 2053 635 2081 Ilamo
662 2056 819 2090 myrrham,
851 2054 968 2090 Japbeto

180 2100 254 2127 thus.
272 2099 381 2134 Egressi
399 2100 482 2136 igitur
499 2105 528 2127 ut
553 2108 568 2127 e
587 2106 678 2128 monte
698 2106 794 2129 sancto
819 2101 969 2129 descende-

181 2150 252 2177 rent,
268 2146 386 2174 sublatis
402 2147 434 2174 ad
451 2146 610 2181 paradisum
632 2147 731 2180 oculis,
754 2147 852 2174 ﬂevere
875 2147 969 2174 dicen-

179 2196 222 2219 tes
239 2202 246 2219 :
262 2192 337 2224 Vale,
353 2193 477 2227 paradisc
489 2198 584 2221 sancte
603 2201 610 2220 :
629 2193 788 2228 lapidesque
804 2193 966 2227 deosculati,
984 2207 1006 2234 ι)

180 2245 213 2265 ac
226 2238 337 2266 arbores
352 2239 468 2274 amplexi
482 2239 515 2266 de
528 2243 618 2267 monte
641 2245 736 2266 sancto
749 2239 967 2273 descenderunt;

181 2284 386 2320 fabricatnsque
403 2289 445 2312 est
464 2284 539 2311 Noah
554 2285 656 2312 navim.
671 2285 721 2313 Cui
741 2285 870 2312 indicavit
885 2286 967 2313 etiam

180 2329 314 2357 Dominus
336 2335 365 2357 ιιι
380 2338 539 2365 campanam
557 2339 572 2359 e
585 2331 657 2366 ligno
673 2330 774 2365 platani
791 2331 890 2359 indica:
907 2339 969 2359 cou-

181 2377 276 2404 ficcrct
294 2382 350 2404 tres
369 2377 478 2404 cubitus
505 2377 627 2411 longam,
652 2377 796 2404 latitudine
822 2379 968 2412 sesquicu-

180 2423 303 2454 bitalem,
319 2423 397 2457 cujus
414 2422 495 2449 etiam
519 2421 632 2449 malleus
645 2431 677 2449 ex
701 2423 795 2450 eadem
818 2427 891 2450 esset
915 2431 969 2450 nta-

181 2470 248 2496 teria
264 2478 271 2496 :
286 2476 368 2504 quam
388 2472 429 2495 ter
450 2467 572 2501 quotidie
598 2468 739 2502 pulsaret;
759 2475 849 2499 mane,
866 2475 920 2501 quo
935 2468 968 2494 ad

181 2514 270 2548 ipsum
285 2517 521 2548 congregarentur
535 2519 636 2547 operte,
654 2512 754 2540 deinde
769 2511 802 2539 ad
816 2513 968 2545 meridiem,

181 2563 305 2595 tempore
319 2558 446 2594 prandii;
460 2566 492 2586 ac
503 2565 600 2586 rursus
617 2558 805 2593 vesperi,.cum
826 2557 969 2585 disceden-

181 2605 245 2632 dum
260 2609 350 2638 esset;
367 2604 492 2639 dixitque
507 2604 558 2639 ipsi
578 2613 585 2631 :
602 2603 670 2632 Cum
687 2605 830 2631 audientes
853 2609 878 2631 te
894 2611 970 2629 cam-

183 2659 280 2686 panam
302 2650 467 2686 pulsantem,
482 2650 601 2677 dixerint
618 2650 668 2676 tibi
686 2659 693 2676 :
710 2649 781 2682 Quid
800 2649 850 2675 hoc
869 2649 906 2677 rei
929 2653 971 2676 est

182 2698 254 2732 quod
272 2697 357 2724 facis?
374 2696 508 2732 responde
534 2698 623 2731 ipsis:
653 2696 831 2723 lmmissurus
853 2700 894 2722 est
916 2694 970 2722 Do-

183 2743 275 2770 minus
288 2742 431 2770 diluvium.
443 2741 520 2769 Fet-it
537 2749 601 2777 ergo
617 2741 694 2768 Noab
708 2741 799 2768 omnia
813 2749 874 2776 quae
887 2741 969 2775 jussit

183 2787 272 2822 ipsum
300 2787 441 2815 Dominus.
468 2787 596 2822 Misitque
620 2787 653 2814 ad
685 2795 746 2814 eum
781 2787 912 2814 Dominus
936 2795 969 2814 rx

186 2832 259 2860 omni
274 2832 455 2860 animantium
472 2840 582 2867 genere,
596 2833 702 2860 scilicet
716 2833 876 2867 pecudibus,
893 2833 969 2860 \‘clu-

1018 915 1160 945 rumpente
1174 916 1264 938 autem
1284 919 1298 939 e
1313 916 1384 938 terra
1405 919 1486 946 aqua,
1502 912 1649 947 pluviaque
1671 911 1705 938 de
1723 912 1806 942 cmlo,

1018 957 1196 992 quadraginta
1212 957 1272 985 dies
1288 963 1438 992 noctesque
1454 958 1602 986 ccutinuos
1627 966 1714 992 usque
1737 958 1809 984 adeo

1019 1004 1134 1032 invaluit
1156 1011 1226 1038 aqua
1254 1012 1336 1038 super
1353 1009 1466 1037 terram,
1482 1009 1512 1032 ut
1533 1005 1698 1032 altissimum
1712 1006 1759 1039 qui
1776 1005 1805 1032 in

1018 1053 1089 1077 terra
1108 1050 1194 1086 (sunt)
1209 1051 1341 1078 montium
1361 1050 1516 1086 quindecim
1531 1051 1632 1078 cubitis
1649 1055 1809 1085 superaret,

1017 1099 1153 1130 terrmque
1168 1095 1341 1129 superficiem
1358 1099 1467 1123 centum
1485 1100 1512 1123 et
1529 1096 1727 1131 quinquaginta
1744 1096 1806 1123 dies

1017 1144 1147 1176 operiret,
1165 1143 1252 1171 donec
1267 1150 1322 1170 non
1335 1147 1493 1178 superesset
1507 1143 1535 1169 in
1552 1147 1626 1170 terra
1644 1143 1746 1170 animat
1765 1143 1807 1170 vel

1019 1190 1109 1223 planta
1127 1190 1191 1223 quin
1217 1189 1387 1223 perderetur.
1417 1189 1476 1216 .iam
1503 1191 1538 1218 ab
1553 1190 1658 1217 Adamo
1682 1189 1715 1216 ad
1737 1189 1812 1216 dilui

1019 1234 1089 1261 vium
1115 1234 1179 1261 anni
1198 1239 1279 1261 erant
1303 1233 1347 1261 bis
1371 1234 1445 1261 mille
1468 1235 1579 1262 ducenti
1609 1234 1810 1269 quinquaginta

1018 1286 1076 1306 sex.
1092 1278 1157 1306 Post
1171 1278 1229 1306 dies
1246 1286 1309 1306 vero
1325 1287 1340 1306 ει
1361 1279 1466 1308 diluvio
1481 1284 1590 1307 centum
1617 1285 1644 1307 et
1668 1280 1808 1314 quinqua-

1018 1324 1104 1360 ginta,
1123 1325 1246 1352 mittente
1265 1324 1320 1352 Deo
1337 1329 1446 1352 ventum
1463 1325 1511 1360 qui
1529 1332 1613 1360 super
1635 1330 1737 1352 terram
1761 1324 1808 1351 fla-

1019 1375 1071 1403 ret,
1085 1370 1154 1397 adeo
1170 1374 1199 1397 ut
1212 1369 1368 1405 quiesceret
1394 1377 1473 1404 aqua,
1496 1374 1638 1397 cessarent
1663 1370 1763 1402 fontes,
1781 1374 1809 1397 et

1019 1421 1194 1444 coerceretur
1209 1416 1313 1451 pluvia,
1330 1417 1414 1451 coapit
1439 1423 1507 1450 aqua
1526 1416 1658 1443 continue
1671 1416 1726 1451 ω
1739 1416 1807 1442 sub-

1018 1463 1107 1490 sidere
1126 1466 1153 1489 et
1168 1462 1327 1490 decrescere
1341 1469 1427 1497 usque
1449 1461 1483 1488 ad
1496 1469 1617 1489 mensem
1645 1462 1805 1496 septimum.

1021 1506 1123 1535 Mensis
1147 1510 1237 1534 autem
1263 1506 1384 1541 septimi,
1415 1507 1523 1534 scilicet
1549 1507 1653 1534 mensis
1674 1506 1725 1533 llul
1747 1507 1807 1541 (qui

1019 1552 1090 1580 idem
1115 1557 1157 1580 est
1174 1551 1258 1588 Thut)
1285 1552 1331 1580 die
1348 1552 1453 1580 decimo
1469 1553 1584 1586 septimo
1608 1552 1711 1580 resedit
1733 1553 1809 1580 naris

1019 1607 1101 1634 super
1116 1603 1208 1626 monte
1230 1598 1304 1626 dicto
1326 1598 1435 1628 Ararat,
1454 1597 1501 1632 qui
1515 1601 1557 1625 est
1575 1605 1653 1624 mons
1668 1597 1765 1624 Alluda
1780 1598 1808 1623 in

1019 1643 1115 1675 Musal,
1144 1643 1171 1670 in
1184 1642 1295 1678 regione
1325 1642 1492 1675 Diarrabiae,
1520 1643 1546 1669 in
1579 1643 1640 1668 vico
1671 1642 1811 1677 appellato

1019 1688 1126 1721 Korda;
1148 1692 1263 1715 vocatur
1281 1691 1372 1714 autem
1391 1688 1474 1715 hodie
1495 1692 1567 1715 terra
1593 1687 1759 1719 Tltamauin,
1780 1693 1810 1715 et

1019 1733 1108 1761 insula
1123 1733 1189 1760 B.tni
1208 1733 1300 1760 Omar.
1316 1733 1440 1769 Cumque
1457 1741 1511 1761 non
1530 1738 1652 1761 cessaret
1669 1741 1741 1768 aqua
1759 1734 1809 1760 dc-

1019 1786 1144 1806 crescere
1157 1784 1183 1806 et
1200 1778 1343 1806 subsidere
1363 1787 1450 1814 usque
1470 1779 1503 1806 ad
1519 1786 1639 1806 mensem
1654 1779 1808 1811 decimum,

1021 1825 1108 1859 primo
1125 1825 1169 1851 die
1185 1824 1286 1851 mensis
1301 1823 1400 1851 decimi
1417 1831 1568 1859 apparuere
1584 1824 1716 1851 montium
1729 1823 1807 1858 jnga,

1020 1869 1118 1897 deinde
1132 1873 1196 1904 post
1215 1869 1396 1904 quadraginta
1421 1869 1490 1901 dies,
1513 1874 1607 1903 aperta
1623 1869 1700 1896 navis
1717 1874 1805 1904 porta,

1019 1916 1108 1943 emisit
1125 1915 1201 1942 Noab
1222 1922 1336 1942 corvum
1366 1915 1398 1942 ad
1423 1914 1619 1950 explorandum
1636 1923 1699 1942 num
1719 1916 1808 1942 exsic-

1019 1965 1079 1988 cata
1102 1965 1174 1988 esset
1197 1968 1266 1995 aqua
1283 1968 1297 1987 a
1312 1961 1457 1995 superficie
1476 1964 1566 1991 terrae,
1584 1960 1631 1994 qui
1652 1960 1748 1987 abiens
1764 1968 1807 1987 re-

1020 2015 1116 2034 versus
1144 2014 1199 2034 nou
1219 2011 1271 2034 est.
1293 2005 1368 2034 Misit
1390 2013 1456 2041 ergo
1480 2006 1647 2038 columbam,
1663 2013 1723 2040 quzc
1747 2006 1808 2034 siue

1020 2060 1100 2080 mora
1114 2060 1225 2080 reversa
1244 2057 1287 2080 est
1301 2052 1418 2087 pedibus
1436 2059 1507 2087 aqua
1524 2051 1709 2084 madentibus,
1736 2052 1809 2080 unde

1019 2099 1146 2134 cognovit
1156 2096 1231 2126 Noah
1248 2098 1337 2126 adhuc
1355 2106 1416 2126 esse
1436 2106 1534 2133 aquam
1549 2106 1633 2132 super
1648 2103 1757 2126 terram.
1774 2099 1810 2125 At

1020 2150 1081 2180 post
1092 2150 1193 2180 septem
1210 2144 1270 2172 dies
1286 2151 1348 2171 cum
1371 2144 1490 2171 mitteret
1511 2151 1609 2171 rursus
1636 2144 1804 2176 columbam,

1020 2197 1052 2217 ea
1072 2189 1106 2217 ad
1123 2191 1211 2225 ipsum
1230 2189 1348 2224 vesperi,
1374 2188 1401 2214 in
1417 2195 1465 2214 ore
1482 2187 1576 2215 folium
1598 2188 1676 2215 oliva:
1697 2197 1804 2224 gerens,

1021 2242 1128 2262 reversa
1153 2239 1205 2262 est.
1229 2232 1298 2260 Tum
1316 2233 1361 2260 ubi
1380 2238 1482 2268 septem
1510 2233 1600 2261 adhuc
1624 2234 1683 2261 dies
1706 2242 1805 2270 exspe-

1019 2284 1132 2312 ctasset,
1147 2279 1302 2307 columbam
1323 2279 1421 2306 iterum
1445 2279 1547 2311 emisit,
1570 2288 1630 2315 qua).
1656 2281 1690 2308 ad
1713 2282 1803 2317 ipsum

1021 2334 1074 2354 non
1088 2326 1179 2354 rediit.
1194 2326 1261 2354 Cum
1285 2333 1350 2360 ergo
1368 2329 1428 2358 post
1448 2326 1504 2353 haec
1519 2333 1621 2362 septem
1642 2327 1700 2355 dies
1715 2336 1807 2355 mora-

1021 2378 1076 2404 tus.
1103 2373 1181 2400 navis
1199 2377 1304 2407 portam
1328 2374 1493 2408 aperuisset,
1513 2374 1665 2409 prospexit,
1686 2378 1712 2401 et
1740 2382 1806 2401 ecce

1021 2423 1092 2446 turra
1121 2419 1232 2447 herbam
1252 2420 1365 2447 viridem
1384 2420 1558 2455 produxerat,
1586 2424 1613 2447 et
1635 2419 1669 2447 ab
1688 2420 1747 2455 ipsa
1763 2428 1808 2447 rc-

1020 2470 1162 2492 cesseraut
1179 2472 1268 2500 aquae.
1289 2464 1422 2500 Egressus
1438 2470 1480 2494 est
1505 2473 1569 2500 ergo
1599 2466 1677 2494 Noah
1703 2474 1718 2494 e
1737 2475 1807 2495 nare

1019 2519 1083 2538 cum
1101 2511 1164 2538 filiis
1179 2511 1247 2543 suis,
1262 2511 1353 2544 Smto,
1375 2511 1460 2538 Hamo
1475 2515 1501 2538 et
1517 2511 1643 2547 Japheto,
1662 2513 1807 2546 suaque‘et

1023 2557 1138 2584 filiorum
1155 2557 1299 2589 uxoribus,
1322 2557 1506 2592 omnibusque
1523 2565 1583 2593 quae
1608 2558 1633 2585 in
1658 2559 1718 2586 navi
1743 2566 1806 2586 cum

1021 2603 1081 2638 ipso
1101 2602 1176 2630 fuere
1199 2603 1394 2635 animantibus,
1421 2607 1485 2639 post
1512 2603 1581 2631 duos
1608 2604 1680 2631 ultra
1704 2612 1808 2632 annum

1021 2656 1140 2680 menses,
1158 2649 1201 2676 die
1216 2649 1322 2676 decimo
1349 2650 1463 2684 septimo
1485 2649 1610 2685 n.1‘43
1636 2651 1739 2678 mensis
1761 2659 1807 2678 se-

1021 2695 1114 2727 cundi,
1129 2695 1224 2723 Nisaui
1237 2695 1342 2722 scilicet
1354 2695 1400 2729 qui
1415 2700 1442 2722 et
1452 2695 1523 2722 idem
1540 2695 1704 2722 Barmudah.
1719 2696 1786 2723 Cum
1798 2710 1804 2716 -

1021 2749 1074 2775 que
1098 2741 1201 2776 egressi
1229 2745 1321 2768 essent
1356 2741 1451 2767 urbem
1477 2745 1695 2773 exstruxerunt,
1724 2750 1805 2776 quam

1022 2786 1175 2814 Tltamanin
1207 2786 1398 2822 appellarunt,
1434 2785 1513 2820 juxta
1541 2794 1686 2813 ntnuerntu
1726 2794 1805 2813 suum

1022 2833 1100 2869 quasi
1118 2833 1187 2861 dicat
1204 2843 1210 2861 :
1247 2832 1303 2860 Nos
1327 2837 1388 2859 octo
1407 2839 1513 2859 sumus.
1526 2832 1651 2867 Dixitque
1671 2832 1801 2859 Dominus
