2015 3081
211 133 262 166 91ῗ

930 129 1115 159 ANNALES.

1778 131 1830 162 “iii

209 195 319 226 potens.
334 190 479 225 gloriomts.
496 189 590 217 Noalto
609 197 615 214 :
638 187 695 214 Non
713 187 836 214 futurum
862 190 905 213 est
921 189 995 221 posl-
1009 183 1033 212 Α
1049 193 1105 215 tum
1125 193 1215 215 autem
1233 188 1293 215 vitze
1307 187 1425 215 Kaiuani
1450 188 1512 214 anni
1537 187 1726 222 qnmlringenti
1743 191 1768 212 cl.
1782 189 1831 214 ll'i-

207 238 262 264 ltac
278 245 397 272 unquam
414 237 560 266 diluvium.

245 282 317 314 Quin
345 285 373 309 et
391 282 483 316 posuit
512 281 642 308 Dominus
663 279 756 307 Noalto
774 279 874 312 foedus,
893 279 998 306 scilicet

213 335 307 355 arcum
324 327 351 354 in
372 327 490 354 nubibus
516 331 708 361 apparentem,
731 326 827 354 dicens
849 326 900 360 ipsi
920 335 925 353 τ
943 325 996 353 Ubi

210 373 386 408 conspexu-is
402 380 494 400 arcutu
511 373 605 404 istum,
620 373 672 400 erit
691 373 748 407 ipse
759 373 807 400 tibi
822 373 929 406 signum
947 372 998 400 fos-

209 419 294 446 deris.
313 418 529 453 Plantaruntqtte
548 419 594 446 filii
614 418 676 446 Noae
693 420 812 451 vineam,
836 427 851 445 e
866 426 919 454 qua
934 427 995 446 cum

210 464 302 491 viuum
319 471 413 492 recens
432 471 590 498 expreSsutn
604 465 673 499 patri
689 471 740 492 suo
756 464 850 492 Nuaho
863 465 997 499 praebuis-

209 515 282 542 sent,
312 510 410 537 bibens
439 510 497 544 ipse
525 510 680 537 inebriatus
703 514 756 542 est,
775 511 843 537 adeo
869 516 898 538 ut
925 511 996 539 inter

209 555 439 582 obdormiendum
465 560 634 590 relegaretur
648 556 789 590 turpitudo
805 557 905 591 ipsius;
923 557 995 592 quod

209 601 307 628 videns
330 601 444 633 Hamus,
467 601 539 634 risit,
556 608 588 628 ac
615 601 748 634 fratribus
768 602 826 630 suis
851 601 994 630 indicavit.

209 646 355 681 Arecptam
380 654 447 682 ergo
465 632 568 675 vestem
597 632 831 683 Se.et1aplret
859 648 909 676 sibi
934 649 997 683 inji-

204 694 324 725 cientes,
351 693 497 727 aversique
520 697 631 726 euntes,
656 700 690 721 ne
704 694 836 728 pudorem
852 695 938 730 patris
954 696 995 723 sui

208 739 414 774 conspicerent,
441 739 529 774 patris
550 740 682 774 pudorem
698 740 872 768 obtexerunt.
892 741 994 775 Exper-

209 790 303 812 rectus
328 790 420 813 autem
445 793 461 813 e
478 793 576 813 somno
602 793 653 813 suo
678 785 766 818 Noah,
789 793 919 814 narrante
943 787 994 822 ipsi

210 831 276 865 quid
301 835 409 865 gestum
428 831 527 862 fuerat,
552 839 649 864 uxore,
666 832 753 859 Hamo
768 839 819 860 suo
837 832 893 860 tilio
908 833 995 861 iratus
1011 852 1031 880 Β

206 876 360 909 maledixit,
375 876 664 905 dicettszllaledictus
691 877 727 905 sit
751 878 831 911 llam,
845 883 872 906 et
898 887 994 908 servus

210 922 344 949 fratribus
366 922 434 949 sutis.
453 923 518 950 Post
536 923 604 955 haec,
618 931 680 950 cum
695 924 845 957 accepisset
859 924 910 952 sibi
927 924 993 952 Ham

207 968 302 995 omnia
327 967 511 995 instrumenta
538 968 654 1001 ludicra,
679 969 730 996 hac
755 970 838 996 etiam
863 977 894 997 ex
919 975 995 1005 parte

209 1014 386 1041 maledictum
401 1019 442 1042 est
457 1015 521 1049 ipsi,
537 1014 681 1050 factusque
692 1020 737 1043 est
752 1023 849 1044 servus
864 1016 996 1045 fratribus

209 1060 288 1091 Suis;
321 1060 379 1094 ipse
407 1060 514 1088 scilicet
540 1067 572 1088 ae
601 1061 703 1095 posteri
731 1061 829 1096 ipsius.
856 1063 902 1097 qui
930 1067 994 1090 sunt

209 1104 342 1141 Aigyptit,
369 1104 491 1140 Nigritte,
508 1104 663 1141 Ethiopes,
678 1111 705 1134 et
729 1107 776 1141 (ut
793 1107 911 1141 dicitur)
927 1108 994 1135 Bar-

209 1149 278 1176 bari.
301 1149 411 1177 Duobus
441 1156 533 1177 autem
559 1155 621 1185 post
646 1151 780 1178 diluvium
808 1153 888 1181 annis
913 1157 995 1181 natus

209 1199 252 1222 est
264 1194 346 1222 Semo
369 1196 577 1229 Arpltaeltshad,
593 1195 676 1225 Semo
691 1198 746 1232 jam
759 1202 867 1225 centum
885 1203 912 1226 et
927 1199 995 1227 dttos

204 1249 298 1269 annos
319 1245 397 1269 nato.
414 1241 541 1276 Vixitqne
555 1241 630 1269 Noalt
647 1242 703 1278 Μ
717 1248 779 1278 post
798 1243 929 1271 diluvium
944 1251 994 1273 an-

207 1295 259 1315 nos
281 1291 433 1315 tercentum
451 1293 478 1316 et
495 1288 704 1323 quinquaginta.

244 1332 323 1360 Morti
337 1339 428 1360 autent
447 1333 502 1367 jam
521 1334 626 1361 vicinus
639 1335 768 1369 praecepit
780 1334 854 1362 Noah
867 1335 950 1364 Semo
965 1337 995 1364 li-

207 1379 245 1406 lio
258 1386 318 1409 suo.
331 1380 401 1406 clam
421 1380 472 1414 ipsi
494 1380 672 1408 dicens:Fac
685 1385 715 1408 ut
735 1388 851 1416 corpore
871 1382 967 1410 Adami
980 1392 995 1411 e

208 1425 280 1457 navi,
296 1425 405 1452 nemine
417 1426 541 1457 conscio,
562 1426 683 1459 sublato,
709 1428 885 1462 acceptisque
906 1434 994 1456 tecum

205 1471 236 1497 in
256 1470 386 1498 viaticum
398 1478 468 1505 pane
489 1478 519 1498 ac
540 1472 615 1504 vino.
636 1477 662 1500 et
675 1472 761 1500 ascito
781 1473 996 1502 Melchisedech!)

1048 235 1134 270 ginta.
1165 233 1301 261 Sitaleclto
1330 239 1390 268 post
1417 241 1504 262 annos
1528 238 1638 261 contum
1667 237 1693 259 et
1719 233 1830 267 triginta

1049 287 1131 309 natus
1159 288 1202 309 est
1232 281 1322 313 Elter;
1351 285 1492 315 totumque
1519 280 1590 315 quod
1620 279 1688 306 vixit
1714 278 1830 306 Shaleelt

1048 329 1241 364 quadringenti
1256 335 1278 355 et
1298 327 1451 362 sexaginta,
1467 327 1537 354 Eber
1549 331 1639 353 autem
1657 325 1831 353 ΙΙιτιιι-ιροι-ιιιιι

1048 379 1124 409 pater
1138 379 1190 406 est,
1208 382 1289 408 quem
1307 373 1409 400 Arabes
1425 372 1484 400 llud
1500 373 1648 407 appellant.
1667 371 1755 398 Ebero
1771 375 1832 405 post

1047 428 1133 448 annos
1153 425 1262 448 centum
1288 421 1398 455 triginta
1416 424 1533 452 quatuor
1552 423 1631 445 nattts
1651 423 1692 444 est
1709 416 1830 449 Plialek;

1047 468 1094 501 qui
1114 468 1175 494 ideo
1193 467 1245 493 huc
1271 466 1381 493 nomine
1398 466 1552 500 appellatus
1577 467 1620 492 est
1644 463 1716 498 quod
1743 463 1831 497 ipsius

1047 518 1172 549 tempore
1186 514 1274 541 divisa
1289 517 1364 541 esset
1380 517 1465 539 terra.

1082 558 1168 586 Porro
1183 558 1282 590 Ebero,
1306 561 1368 593 post
1382 555 1544 588 Pitalekum,
1562 559 1642 583 natus
1657 559 1700 582 est
1713 553 1831 587 Kalitao,

1046 606 1092 640 qui
1117 605 1236 633 Arabum
1257 609 1343 639 pater.
1361 604 1426 638 Ejus
1442 608 1563 638 tempore
1578 603 1701 638 cujusvis
1717 601 1758 629 vel
1776 601 1832 628 for-

1047 651 1176 682 titudine,
1197 650 1239 678 vel
1264 650 1358 677 forma:
1379 650 1534 685 prtestantia
1552 649 1679 683 insignis,
1704 647 1747 674 vol
1764 655 1831 675 cun-

1047 697 1110 724 silio
1126 696 1292 731 praestantis,
1313 696 1353 723 vel
1370 695 1440 722 fama
1457 694 1570 722 illustris
1591 694 1736 729 imaginem
1754 693 1832 727 depi-

1046 745 1118 769 ctam
1132 742 1259 769 colebant
1272 741 1409 768 ltomines.
1425 740 1514 768 Causa
1538 740 1610 768 enim
1629 740 1721 767 cultus
1737 739 1833 774 imagi-

1046 787 1127 815 nibus
1143 787 1256 821 praestiti
1271 787 1328 814 hac
1345 786 1406 817 fuit,
1422 786 1492 820 quod
1508 786 1574 813 olim
1589 793 1650 812 cum
1677 789 1833 812 moreretur

1046 840 1079 860 ex
1100 833 1166 868 ipsis
1182 833 1224 860 vir
1243 833 1342 868 aliquis
1357 832 1503 868 prudentia
1519 836 1546 859 et
1559 831 1677 859 consilio
1701 831 1759 859 sive
1779 830 1834 858 for—

1048 879 1168 906 titudine
1189 884 1334 912 praestans.
1358 878 1474 914 effigiem
1494 878 1580 913 ipsius
1603 877 1631 904 in
1654 877 1833 904 concessibtts

1048 925 1247 960 depingerent;
1264 924 1363 952 deinde
1383 932 1445 951 cum
1463 923 1528 958 quid
1547 923 1615 958 grati
1634 923 1703 958 ipsis
1725 923 1832 950 accide-

1050 975 1090 998 ret
1106 971 1140 998 de
1153 979 1209 1006 quo
1222 970 1387 1005 captandum
1402 974 1476 998 esset
1498 969 1657 1001 consilium,
1675 969 1745 1004 apud
1762 968 1834 995 ima-

1049 1017 1139 1051 ginem
1156 1017 1236 1044 istam
1257 1016 1453 1043 convenientes
1468 1012 1524 1050 ιε
1539 1015 1738 1047 consultarent,
1755 1015 1834 1049 quasi

1050 1064 1159 1090 adesset
1182 1063 1248 1097 ipsis
1275 1062 1347 1090 inter
1369 1061 1583 1089 consultandum
1605 1062 1695 1096 imago
1719 1061 1783 1093 ista,
1801 1068 1834 1087 ne

1048 1109 1157 1136 deesset
1183 1109 1252 1143 Ipsis
1279 1108 1306 1135 in
1333 1107 1451 1135 consilio
1480 1107 1598 1141 alicujus
1626 1111 1832 1134 antecesserunt

1049 1154 1139 1190 imago
1157 1163 1164 1182 :
1181 1154 1253 1189 quod
1271 1161 1333 1182 cum
1352 1153 1441 1181 facere
1456 1157 1674 1188 perseverarent,
1689 1153 1721 1179 ad
1738 1153 1835 1187 imagi-

1049 1208 1114 1228 nmn
1133 1200 1235 1227 cultum
1262 1198 1366 1234 delapsi
1383 1204 1459 1227 sunt.
1480 1200 1502 1227 A
1517 1203 1641 1234 tempore
1656 1204 1747 1236 autem
1765 1199 1836 1226 dilu«

1048 1247 1085 1274 vii
1108 1246 1141 1274 ad
1161 1245 1331 1273 nativitatem
1348 1245 1458 1272 Plialeki
1496 1244 1743 1280 (intercesserunt)
1770 1244 1834 1271 anni

1049 1292 1189 1327 quingenti
1205 1291 1318 1326 triginta
1332 1295 1359 1318 et
1374 1298 1456 1318 unus.
1470 1291 1511 1318 Ab
1523 1291 1627 1317 Adamo
1637 1290 1670 1318 ad
1686 1289 1834 1317 Phalekum

1050 1341 1145 1366 natum
1163 1337 1225 1365 anni
1239 1338 1282 1364 bis
1299 1337 1371 1364 mille
1385 1336 1547 1371 septingenti
1561 1336 1699 1370 octoginta
1716 1340 1834 1370 septem.

1050 1383 1136 1411 Natus
1156 1389 1199 1411 est
1224 1389 1314 1410 autem
1342 1382 1461 1410 Pltaleko
1486 1381 1669 1410 ltlelcliisedek
1695 1381 1834 1408 sacerdos.

1050 1429 1126 1457 Fecit
1149 1437 1215 1464 ergo
1233 1429 1296 1456 Sem
1313 1429 1384 1455 sicut
1411 1432 1578 1463 prmeeperat
1599 1429 1648 1462 ipsi
1666 1433 1743 1463 pater
1762 1427 1834 1461 ejus,

1050 1474 1148 1506 Noalt;
1177 1479 1205 1501 et
1234 1475 1322 1501 navim
1355 1478 1436 1501 noctu
1467 1473 1607 1508 ingressus
1639 1473 1702 1500 inde
1731 1480 1832 1507 corpus

208 1517 1157 1556 Phalckifilio,proﬂciscamini§doneeibiipsumdepona-CAdami.
1195 1521 1304 1547 nemine
1333 1519 1394 1547 facti
1425 1520 1550 1550 conscio.
1580 1519 1707 1552 susmlit;
1736 1519 1835 1545 deinde.

203 1564 246 1591 tis
267 1564 312 1591 ubi
328 1564 502 1592 indicaturus
517 1569 558 1592 est
572 1565 686 1600 angelus
703 1565 822 1593 Domini.
836 1565 869 1594 Et
882 1567 995 1595 Melchi-

207 1610 326 1638 sedecho
340 1611 499 1646 praecipiens
509 1612 610 1645 jubcas
629 1612 718 1647 ipsum
744 1620 777 1640 eo
797 1613 849 1640 loci
862 1615 942 1642 sedes
966 1616 998 1642 ti-

208 1663 282 1689 gere,
308 1663 418 1683 uxorem
443 1664 498 1684 non
524 1656 634 1689 ducere,
650 1657 698 1685 sed
721 1658 817 1692 pietati
841 1666 888 1693 per
911 1664 997 1687 totam

207 1703 289 1728 vitam
303 1710 333 1730 se
347 1702 490 1736 addicere;
503 1704 630 1738 quoniam
652 1704 740 1738 ipsum
763 1705 845 1738 elegit
863 1706 997 1734 Dominus

209 1748 335 1775 nteultui
357 1749 417 1782 ejus
433 1749 578 1777 inserviat.
592 1748 647 1777 Nec
667 1756 732 1783 ergo
752 1749 862 1778 domttm
883 1751 935 1778 sibi
949 1760 998 1780 ex-

206 1797 314 1826 struat;
328 1800 378 1821 nec
386 1794 547 1829 sanguinem
560 1793 595 1820 ibi
609 1794 660 1820 loci
671 1794 777 1826 fundat,
790 1795 831 1822 vel
841 1795 944 1828 bestiae,
956 1796 998 1823 vel

208 1839 340 1871 volucris,
358 1840 400 1867 vel
423 1839 549 1866 animalis
569 1839 712 1874 cujusvis;
744 1847 834 1875 neque
851 1841 932 1868 alia'n
961 1841 998 1869 ibi

208 1885 306 1911 otl'erat
335 1885 503 1912 oblationem
532 1893 613 1920 quam
636 1893 734 1920 panem
760 1890 788 1913 et
809 1886 913 1919 vintttu,
937 1895 999 1921 qua;

213 1931 328 1958 Domino
345 1931 454 1962 oderet.
478 1932 569 1966 sitque
593 1939 609 1958 e
635 1931 751 1966 pellibus
777 1932 894 1960 leoninis
918 1933 999 1960 indu-

212 1982 333 2006 mentum
360 1978 464 2013 ipsius;
490 1985 541 2006 nec
560 1979 653 2006 crines
678 1978 799 2010 tondeat,
822 1987 871 2007 nec.
894 1988 998 2015 ungues

209 2023 353 2058 praecidat,
383 2024 514 2059 solusque
542 2029 712 2059 permaneat,
745 2025 846 2060 quippe
875 2026 921 2060 qui
952 2027 997 2054 Dei

211 2069 339 2097 altissimi
365 2070 497 2098 sacerdos
513 2074 566 2097 est.
584 2069 694 2097 Pt'aaibit
714 2075 806 2098 antem
820 2071 899 2099 vobis
915 2079 998 2106 ange-

212 2115 255 2142 lus
281 2115 387 2142 Dmnini
415 2115 503 2143 donec
530 2116 563 2143 ad
592 2116 682 2142 locum
701 2117 746 2144 ubi
773 2117 908 2152 sepulturi
932 2117 1000 2145 estis

212 2160 310 2187 Adami
343 2167 444 2196 corpus
473 2161 659 2196 pcrveniatis;
687 2161 760 2189 scias
789 2165 880 2189 autem
907 2162 996 2190 locum

1047 1567 1204 1594 convocatis
1230 1565 1370 1598 fratribus,
1391 1565 1461 1592 dixit
1475 1574 1481 1592 :
1496 1564 1526 1592 In
1540 1563 1678 1592 mandatis
1701 1563 1768 1590 milii
1785 1564 1836 1590 sub

1048 1618 1136 1640 morte
1161 1621 1209 1639 sua
1237 1612 1312 1638 dedit
1337 1614 1425 1645 pater,
1444 1615 1474 1638 ut
1502 1610 1529 1638 in
1557 1614 1630 1638 terra
1655 1609 1837 1645 progrederer

1048 1666 1135 1693 usque
1159 1658 1224 1685 dum
1241 1657 1275 1684 ad
1287 1656 1558 1691 marepertingerem,
1575 1654 1753 1689 videremque
1766 1662 1836 1688 quo-

1049 1704 1130 1731 modo
1151 1711 1181 1731 se
1205 1703 1318 1731 haberet
1340 1706 1412 1730 terra
1436 1702 1551 1736 ejusque
1573 1701 1648 1728 fluvii
1681 1708 1713 1728 ac
1741 1701 1836 1732 valles,

1049 1755 1106 1778 tum
1125 1749 1158 1777 ad
1189 1756 1238 1777 vos
1262 1753 1427 1777 reverterer.
1444 1746 1564 1775 Uxorem
1589 1755 1656 1783 ergo
1679 1755 1711 1774 ac
1736 1747 1837 1774 liberos

1050 1804 1124 1824 meos
1155 1796 1225 1830 apud
1253 1803 1301 1823 vos
1331 1795 1465 1830 relinquo,
1496 1801 1565 1829 quos
1596 1793 1712 1821 servetis
1753 1793 1834 1820 velim

1050 1851 1135 1877 usque
1160 1843 1225 1869 dum
1249 1843 1281 1869 ad
1299 1849 1347 1869 vos
1371 1844 1512 1873 revertar;
1531 1840 1650 1867 Plialeko
1677 1843 1767 1866 atttem
1786 1839 1836 1865 di-

1050 1890 1113 1916 sit:
1135 1887 1207 1915 Cede
1229 1887 1295 1915 milii
1321 1887 1404 1914 tilium
1427 1891 1502 1913 tuum
1529 1884 1759 1912 Melcliisedekam
1789 1884 1835 1918 qui

1050 1935 1117 1962 mihi
1143 1934 1243 1962 auxilio
1262 1933 1299 1962 sit
1319 1934 1346 1960 in
1370 1933 1427 1961 via.
1443 1931 1512 1959 Cum
1527 1939 1606 1966 ergo,
1629 1930 1779 1964 assumptis
1795 1937 1838 1957 sc-

1051 1989 1111 2008 cum
1137 1980 1233 2008 Adami
1256 1987 1371 2014 corpore
1388 1983 1415 2006 et
1444 1978 1676 2009 Melchisedeclto,
1699 1977 1838 2012 proin-elus

1051 2031 1124 2055 esset
1149 2026 1224 2058 Sem,
1239 2025 1361 2053 occurrit
1382 2025 1449 2059 ipsis
1465 2024 1578 2059 angelus
1596 2023 1718 2054 Domini,
1737 2030 1787 2050 nec
1804 2024 1839 2049 ab

1051 2073 1119 2107 ipsis
1145 2071 1282 2103 discessit.
1308 2071 1395 2098 donec
1419 2069 1460 2097 eis
1478 2070 1511 2097 ad
1536 2069 1654 2096 mediuttt
1678 2073 1758 2096 terra:
1774 2076 1837 2102 per-

1052 2119 1140 2147 ductis
1167 2119 1258 2146 locum
1275 2117 1459 2150 ostendisset;
1480 2117 1524 2144 cui
1539 2124 1600 2144 cum
1624 2123 1727 2151 corpus
1743 2115 1837 2142 Adomi

1052 2164 1259 2200 imposuissent,
1294 2166 1390 2198 sponte
1425 2169 1474 2190 sua
1509 2161 1670 2190 dehiscebat
1702 2170 1709 2188 :
1741 2162 1840 2188 deinde

213 2207 297 2233 istum
324 2210 404 2234 terra:
432 2206 550 2234 medium
576 2214 647 2235 esse.
664 2205 728 2234 Haec
743 2215 805 2234 cum
831 2207 913 2235 Semo
929 2215 999 2243 prze~
1016 2200 1038 2228 Β
1053 2210 1179 2246 deposito
1204 2210 1232 2236 itt
1255 2210 1315 2245 ipso
1338 2215 1465 2243 corpore,
1495 2215 1606 2235 rursum
1633 2207 1761 2235 occlusns
1785 2212 1838 2235 est.

211 2253 342 2287 cepisset,
369 2257 493 2280 tnortuus
513 2258 554 2281 est
580 2252 668 2283 Noalt.
696 2254 741 2281 die
766 2252 904 2285 Mercurii,
933 2255 998 2281 liora

213 2298 268 2326 diei
293 2299 426 2330 secunda,
444 2299 567 2326 secundo
589 2299 693 2327 mensis
708 2300 791 2335 Ayar,
809 2300 855 2334 qui
871 2300 942 2327 idem
959 2306 1002 2327 est

217 2350 250 2370 ac
281 2343 421 2377 Dashnes;
439 2344 549 2379 fuitque
574 2345 630 2376 vita
655 2343 743 2372 Noabi
769 2352 902 2372 annorum
928 2353 999 2373 non-

214 2394 357 2424 gentoer
377 2391 585 2425 quinquaginta.
601 2390 724 2425 Contigit
745 2396 834 2417 autent
854 2390 906 2418 hoc
929 2399 1002 2418 anno

214 2435 303 2462 aetatis
314 2434 389 2462 Semi
403 2435 677 2470 quadringentesimo
691 2436 927 2470 quinquagesimo.
940 2435 1002 2463 Pol-

211 2481 328 2517 linctum
342 2489 408 2517 ergo
422 2482 511 2517 ipsum
527 2482 693 2517 sepelierunt
715 2482 837 2518 45-47
855 2483 901 2510 (iiii
914 2483 1001 2518 ipsius

214 2528 290 2561 Sent,
308 2527 387 2560 llam,
413 2532 440 2555 et
458 2527 566 2564 Japltet,
583 2535 615 2555 ac
636 2528 818 2563 quadraginta
846 2529 904 2556 dies
923 2529 1001 2564 plan-

213 2577 326 2601 xcrnnt.
343 2573 441 2601 Totum
464 2579 556 2602 autem
585 2576 659 2609 quod
685 2574 754 2601 vixit
771 2573 844 2606 Sem,
866 2581 1001 2602 annorum

213 2623 272 2646 erat
288 2623 502 2652 sescentorum;
518 2627 635 2654 quorum
651 2624 760 2647 eentttm
776 2623 842 2646 ante
859 2619 1004 2653 diluvium,

218 2669 280 2700 post
303 2665 437 2692 diluvium
455 2666 609 2700 quingenti.
627 2665 854 2701 Arphachsbado,
878 2670 940 2700 post
955 2673 1004 2692 an-

217 2719 267 2737 nos
291 2715 401 2738 centum
433 2711 546 2746 triginta
570 2711 702 2746 quinque,
722 2716 802 2739 natus
823 2716 865 2738 est
881 2710 1004 2745 Kaioan;

214 2761 300 2783 totum
315 2762 407 2784 autem
420 2757 493 2792 quod
506 2757 574 2784 Vixit
588 2757 783 2791 Arpltachsltad
794 2762 853 2785 erat
868 2764 1001 2784 annorum

215 2803 479 2839 quadringentorum
495 2804 634 2838 sexaginta
650 2804 780 2839 quinque.
798 2802 924 2830 Kainano
941 2807 1001 2838 post

218 2856 305 2878 annos
331 2853 441 2878 centum
456 2854 484 2878 et
509 2851 619 2885 triginta
644 2855 724 2878 notus
741 2849 781 2878 est
798 2849 935 2882 Sitaleclt;
961 2854 1003 2877 to-

1051 2255 1154 2283 Nnmcn
1177 2260 1266 2281 autem
1287 2254 1338 2282 loci
1359 2254 1438 2282 istius
1457 2258 1499 2282 est
1517 2252 1643 2288 Jaljalalt,
1660 2251 1780 2288 49-51
1811 2253 1836 2279 id

1051 2304 1103 2334 est,
1123 2299 1258 2327 craniutn.

1087 2345 1157 2373 Tum
1173 2345 1300 2381 praecepit
1314 2345 1375 2372 Sem
1389 2343 1588 2372 Melcitisedeko
1603 2343 1695 2371 omnia
1711 2351 1771 2378 quae
1781 2343 1840 2377 jus-

1053 2396 1126 2420 serat
1141 2392 1229 2427 ipsum
1247 2390 1333 2423 Noah,
1350 2390 1444 2418 dicens
1459 2389 1496 2417 illi
1514 2397 1521 2416 :
1536 2388 1585 2416 Hic
1599 2396 1712 2424 manens
1728 2389 1767 2416 sis
1785 2388 1839 2415 Do-

1054 2437 1129 2464 mino
1144 2435 1284 2467 sacerdos,
1298 2435 1427 2469 quoniam
1445 2435 1528 2470 elegit
1544 2438 1570 2462 te
1583 2434 1715 2461 Dominus
1731 2434 1763 2460 ad
1782 2434 1842 2461 cul-

1056 2487 1112 2509 tnm
1128 2482 1179 2509 sibi
1197 2472 1402 2516 praestandum}
1418 2484 1501 2515 atque
1524 2480 1638 2516 angelus
1662 2481 1714 2507 iste
1735 2479 1842 2506 Domini

1056 2528 1091 2556 ad
1105 2532 1132 2555 te
1147 2528 1278 2555 continue
1293 2527 1450 2554 descendet.
1474 2527 1576 2554 Deinde
1596 2526 1628 2553 ad
1653 2526 1752 2553 fratres
1780 2533 1843 2552 suos

1056 2581 1193 2605 reversus,
1214 2574 1394 2608 interroganti
1414 2572 1542 2605 Pitaleko,
1560 2572 1670 2599 ttbinam
1685 2576 1759 2599 esset
1775 2571 1843 2598 Mel-

1057 2619 1185 2647 cltisedek
1199 2619 1284 2654 puer?
1297 2618 1449 2653 respondit,
1462 2625 1492 2646 se
1508 2618 1596 2652 ipstnn
1611 2619 1638 2645 in
1650 2618 1690 2645 via
1705 2622 1842 2644 mortuum

1058 2665 1217 2700 sepeliisse;
1236 2663 1331 2700 magna
1348 2671 1412 2698 ergo
1439 2663 1474 2690 ob
1500 2663 1589 2698 ipsum
1617 2663 1728 2690 tristitia
1755 2662 1843 2690 affecti

1058 2717 1134 2740 sunt.
1151 2711 1229 2738 Anno
1247 2715 1335 2738 autent
1352 2710 1414 2737 vitae
1430 2709 1511 2736 Eberi
1544 2709 1745 2743 septuagesimo
1770 2716 1845 2735 mor-

1059 2762 1123 2784 tuus
1140 2760 1182 2784 est
1193 2755 1402 2791 Arpltachsbad,
1418 2762 1511 2782 mense
1527 2755 1611 2782 Nisan
1626 2754 1683 2788 (qni
1709 2757 1752 2788 est
1777 2752 1844 2779 Bar-

1060 2803 1188 2837 tnndalt);
1208 2802 1313 2836 fuitque
1330 2801 1386 2828 vita
1403 2801 1491 2836 ipsius
1509 2808 1643 2827 annorum
1659 2799 1845 2834 quadringen-

1061 2854 1150 2877 torum
1173 2847 1313 2883 sexaginta
1340 2846 1472 2882 quinque.
1494 2845 1572 2873 Anno
1596 2851 1660 2872 vero
1677 2845 1736 2872 vita:
1765 2843 1845 2870 liberi
