2015 3081
188 120 240 149 919

714 122 898 153 EUTi’Cilll‘
921 123 1185 155 ALEXANDBINI
1209 124 1317 155 PATR.

1759 126 1817 159 920

189 175 340 202 centesimo
357 177 435 204 tertio
444 184 566 207 mortuus
577 183 619 207 est
634 179 695 206 Sent
710 200 717 211 ,
734 180 817 207 Noalti
835 180 917 211 ﬁlius.
933 181 977 209 die
990 182 1013 210 Α
1029 181 1177 217 Tngm'gar,
1191 182 1322 213 Al—Toht,
1340 180 1418 217 Yajni
1433 186 1460 209 ct
1473 181 1567 216 Majui,
1582 182 1746 215 Al-Chotar,
1767 184 1814 211 Ai-

189 221 314 253 Veneris.
329 230 422 250 nti-use
441 223 488 251 llul
506 225 561 259 (qui
576 229 617 251 cst
632 224 716 258 Thut)
733 232 794 252 cum
808 234 896 253 annos
908 234 972 253 sex-

188 270 284 293 centos
301 268 425 295 vixisset.
445 269 598 304 Tntnmque
617 270 689 304 quod
706 271 773 297 vixit
793 271 863 299 Eber
881 279 970 299 anno—

187 318 248 338 rum
262 317 321 339 erat
334 314 595 349 quadringentorum
609 321 751 351 sexaginta
764 322 892 352 qiuaumr.
908 317 973 345 Fuit

188 361 254 385 tunc
274 359 405 393 temporis
420 359 509 394 lingua
526 361 666 390 hominum
677 369 740 393 una,
758 369 849 390 sermo
869 371 941 391 unus
962 370 970 389 :

187 403 279 438 lingua
309 405 413 431 scilicet
425 404 502 440 juxta
520 407 667 435 nonnullos
681 407 804 443 Syriaca.
815 409 892 443 juxta
905 409 973 437 alios

187 449 334 482 llebraica,
360 450 438 484 juxta
468 452 538 480 alios
558 451 666 487 Graeca;
693 461 809 488 quorum
836 455 973 482 sententia

186 497 251 523 mihi
270 497 425 524 verisimilis
445 498 555 526 videtur
570 519 579 532 ,
595 501 667 535 quod
683 501 775 536 lingua
794 501 898 536 Graeca,
922 501 973 538 Sy-

186 543 259 569 riaca
276 548 305 570 et
326 542 458 573 llebraica
482 545 587 574 ﬁrmius
604 546 729 579 fundata.
745 547 881 582 latiorque
892 549 928 576 sit
943 555 977 576 ac

186 588 312 623 amplior.
329 589 493 624 Congrcgati
510 598 576 626 ergo
593 598 624 618 ex
641 591 708 626 ipsis
731 593 781 619 viri
805 594 975 628 septuaginta

185 636 240 659 uno
264 633 393 660 dixerunt
420 643 428 661 :
451 634 612 663 Condamus
628 636 746 669 urbem,
774 643 889 671 eamque
913 644 976 666 arce

186 680 344 707 muniamus
360 680 387 707 in
406 688 459 716 qua
474 681 569 708 turrim
585 686 760 709 cxstruamus
778 690 838 717 quae
857 683 889 710 ad
914 691 973 711 cce-

185 727 242 752 lttm
261 727 411 761 pertingat.
427 731 457 754 ut
476 730 500 755 si
517 727 588 755 forte
608 728 751 763 contingat
768 729 915 763 aliquando
932 729 975 756 di-

185 772 301 804 luvium,
315 772 351 799 ab
362 779 394 799 eo
404 772 564 800 liberemur.
577 772 644 800 Tres
657 780 722 808 ergo
739 781 826 800 annos
841 773 977 802 lateribus

185 815 365 843 conﬁciendis
375 820 401 843 ct
410 816 561 850 coquendis
572 816 787 851 insumpserunt;
797 817 849 852 52
860 825 975 852 quorum

1024 227 1091 256 Ι,.ιιι.
1113 227 1285 258 Al-Anchaz,
1302 227 1330 253 Al
1348 226 1507 254 Sanarebah
1519 248 1526 259 .
1543 227 1643 254 Jarzan
1655 249 1663 260 .
1682 227 1811 255 Armenia

1024 273 1111 306 major
1130 277 1159 300 ct
1171 273 1272 304 minor,
1291 272 1412 306 ilauran,
1433 272 1590 305 Antiochia,
1605 273 1813 305 Al—Chalediah,

1024 319 1225 354 Aphlaguniah.
1239 318 1423 353 Cappadocia,
1439 318 1630 352 Cltarshenah,
1646 318 1745 351 Grazci.
1762 318 1815 346 Ro-

1026 365 1119 397 mani,
1137 364 1296 400 Byzantium
1312 384 1320 396 ,
1342 364 1461 391 Rutheni
1476 385 1484 397 ,
1501 365 1638 392 Al-Dilam
1649 385 1656 397 .
1685 364 1791 400 Bolgari
1804 386 1813 397 .

1027 409 1131 441 Sclavi,
1145 409 1343 442 Al-Ancirdah,
1368 409 1477 443 Franci,
1493 409 1672 442 Al-ialfatini,
1689 409 1814 445 Hispani.

1025 455 1149 490 Suntque
1163 455 1231 490 ipsis
1247 456 1346 483 insulae
1362 455 1520 489 duodecim,
1533 464 1548 483 e
1564 457 1666 491 quibus
1684 457 1811 489 Rhodus.

1027 501 1132 532 Sicilia.
1151 501 1269 537 Cyprus.
1287 501 1395 532 Samos.
1412 506 1479 532 etc.;
1497 507 1523 529 et
1536 503 1678 537 scriptura:
1692 503 1817 538 (genera)

1026 555 1085 581 sex,
1100 548 1209 575 scilicet
1223 547 1317 575 Graeca
1329 567 1337 579 ,
1353 547 1475 575 Romana
1489 570 1495 579 ,
1512 549 1676 576 Armeniaca
1690 569 1697 581 .
1716 547 1818 583 Hispa-

1025 594 1098 627 nica,
1108 593 1246 624 Francica.
1257 592 1408 629 barbarica
1423 602 1432 626 ;
1454 597 1481 621 ct
1493 593 1608 629 Japheto
1624 601 1639 621 e
1655 593 1747 622 ﬂuviis
1763 593 1818 629 56

1025 625 1218 674 grandioribus
1243 625 1475 673 Tigriskorro
1504 625 1646 666 {diluvio
1672 625 1817 673 nsquevatvi

1026 684 1232 711 aediﬁcationem
1261 683 1344 711 turris
1384 688 1411 711 et
1438 683 1595 718 linguarum
1622 684 1815 712 confusionem

1026 730 1090 756 anni
1113 733 1178 757 sunt
1200 729 1341 764 quingenti
1361 729 1498 763 octoginta
1523 735 1643 765 septem;
1654 731 1689 757 ab
1712 730 1817 758 Adams

1026 779 1116 802 autem
1141 773 1175 801 ad
1203 775 1300 801 turrim
1317 774 1455 802 conditam
1473 775 1543 802 anni
1563 775 1605 802 bis
1631 775 1706 802 milia.
1727 775 1817 802 octin-

1026 821 1099 855 genti
1122 820 1232 854 triginta
1245 826 1374 856 quatuor.
1389 819 1510 849 Phaleko
1527 826 1592 856 post
1603 828 1691 849 annos
1705 824 1815 849 centum

185 860 285 895 singuli
301 860 432 888 tredecim
446 861 554 889 cubitos
570 862 655 897 longi,
672 862 766 889 decem
781 862 840 894 lati,
850 870 882 890 ac
897 862 977 897 quin,
992 859 1013 886 Β
1028 866 1137 900 triginta
1156 870 1236 892 natus
1254 870 1297 893 est
1312 865 1388 901 Ragu
1403 874 1410 898 ;
1425 873 1503 893 anno
1516 870 1607 894 autem
1633 867 1694 894 vita;
1707 865 1821 894 Phalek's

141 927 145 931 .
186 915 240 942 que
251 908 297 934 alti
310 914 420 941 eaSent;
436 908 589 944 urbemque
609 909 680 935 inter
691 908 793 943 Tyrum
807 913 833 936 et
847 908 973 936 Babelem

185 957 382 981 exstruxerunt
393 961 491 989 orgyas
504 954 610 989 longam
624 957 774 983 tercentum
791 958 819 982 et
834 954 975 984 tredecim.

186 1000 269 1027 tatam
285 1005 394 1028 centum
412 1001 609 1035 quinquaginta
624 1008 706 1029 unam
724 1009 731 1027 :
749 1000 830 1034 cuius
841 999 912 1027 muri
924 1000 974 1027 alti

187 1053 288 1081 ogyras
314 1046 462 1081 quinquies
487 1047 563 1075 mille
585 1047 750 1082 quingentas
771 1046 882 1081 triginta
897 1050 975 1078 tres;

188 1093 236 1118 lati
254 1092 366 1127 triginta
384 1093 555 1126 tres-,turris
575 1097 664 1120 autern
685 1100 784 1128 orgyas
797 1092 889 1120 decies
901 1092 975 1119 mille

187 1138 241 1164 alta
256 1146 263 1165 :
277 1138 376 1173 quibus
393 1138 565 1167 exstruendis
573 1139 754 1174 quadraginta
767 1146 853 1166 annos
870 1138 976 1166 insum-

187 1187 312 1216 pserunt.
342 1183 438 1211 Adhuc
472 1189 563 1212 autem
591 1184 791 1212 aediﬁcantibus
817 1183 884 1219 ipsis
911 1190 976 1212 ecce

186 1230 302 1258 immisit
318 1229 389 1258 Deus
405 1230 532 1265 angelum
550 1237 565 1257 e
582 1230 652 1257 cmlo
664 1230 711 1264 qui
728 1229 836 1264 linguas
851 1229 978 1264 ipsorum,

186 1274 388 1308 confunderet,
403 1280 430 1302 et
448 1275 579 1302 dialectos
602 1279 720 1302 mtttaret
735 1295 742 1306 .
768 1274 837 1302 adeo
859 1278 889 1301 ut
912 1281 975 1301 cum

187 1320 250 1353 quis
264 1320 422 1353 loqueretur
441 1327 495 1346 non
514 1319 676 1354 intelligeret
691 1320 762 1347 alius
779 1320 844 1355 quid
861 1320 974 1355 diceret.

186 1365 253 1391 lude
267 1365 418 1399 appellatus
439 1370 482 1392 est
495 1365 572 1392 loetts
590 1365 640 1392 iste
655 1365 748 1397 Babel,
765 1365 840 1400 quod
856 1365 891 1391 ibi
908 1372 974 1392 cou-

189 1412 258 1438 fusae
272 1415 364 1441 essent
382 1411 481 1446 lingua:
502 1418 509 1438 :
530 1416 612 1444 atque
633 1412 670 1439 ita
685 1411 803 1446 dispersi
820 1411 931 1438 fuerunt
946 1411 977 1438 in

187 1460 262 1482 ιρι-ιιι
275 1465 288 1489 ς,
299 1456 380 1490 idque
395 1464 466 1483 anno
491 1465 506 1484 a
530 1457 648 1485 Phaleko
673 1461 739 1486 nato
764 1457 976 1492 quadragesimo

188 1506 276 1529 sexto.
295 1501 330 1528 Ex
348 1501 402 1529 illis
418 1507 509 1529 autem
526 1502 697 1538 septuaginta
725 1506 752 1530 et
774 1501 882 1529 duobus
897 1500 975 1532 viris,

187 1551 266 1574 orant
283 1555 298 1575 c
316 1547 378 1574 ﬁliis
404 1547 478 1574 Semi
502 1547 596 1583 viginti
625 1548 768 1583 quinque.
795 1547 840 1582 qui
862 1546 897 1574 ab
922 1545 976 1573 Eu-

188 1593 286 1627 phrate
298 1598 322 1620 et
333 1593 419 1620 Musal
436 1592 469 1620 ad
484 1597 637 1620 extremum
651 1600 738 1628 usque
748 1592 886 1620 Orientem
902 1591 978 1618 habi-

188 1644 282 1665 tarunt
301 1648 307 1665 :
330 1646 345 1666 e
362 1639 461 1672 quibus
477 1643 541 1666 sunt
558 1639 619 1675 Syri
636 1659 643 1669 ,
670 1638 767 1666 incolae
784 1638 867 1673 Diyar
885 1636 977 1664 Rabite

187 1690 215 1711 ut
232 1684 445 1718 Mesopotamiae,
461 1684 629 1717 Jarmakani.
648 1684 765 1711 Chaldaei
781 1684 891 1719 (incolze
923 1682 978 1710 sci-

188 1730 251 1756 ticct
267 1729 383 1763 Babclis)
398 1733 424 1757 et
441 1729 560 1764 (populi)
585 1729 683 1757 Persia:
694 1750 702 1763 .
718 1734 745 1757 et
760 1730 899 1757 Chorasan
914 1749 922 1761 ,
946 1733 974 1756 et

189 1774 352 1809 Pharganab
365 1794 372 1807 ,
387 1778 414 1802 ct
426 1774 528 1802 Sindiie
538 1794 545 1806 ,
560 1779 587 1802 et
601 1774 695 1808 Indiae,
711 1779 737 1801 et
754 1774 851 1802 insulse
865 1774 913 1801 Sin
929 1793 937 1806 ,
952 1777 979 1801 et

191 1820 307 1852 Hebraei,
326 1824 352 1846 et
369 1820 487 1855 (incolae)
503 1819 619 1851 Y'aman.
632 1825 659 1848 et
672 1819 818 1856 Al-Paycf,
834 1825 861 1847 et
874 1819 978 1847 Al-Ya-

191 1865 311 1897 mamoh,
327 1869 354 1893 et
365 1864 542 1897 Al—Bahraiu.
555 1868 581 1892 et
594 1866 702 1892 diversa
722 1865 841 1892 Arabum
859 1872 956 1899 genera
969 1874 977 1898 ;

190 1914 308 1945 suntque
324 1910 389 1945 ipsis
416 1911 559 1945 scripturae
574 1918 673 1945 genera
691 1915 772 1943 octo;
799 1910 905 1938 scilicet
920 1909 976 1939 lie-

190 1955 296 1987 braica,
315 1955 438 1990 Syriaca,
457 1954 577 1986 Persii-a.
590 1955 693 1987 Indica,
707 1953 832 1982 Cbaldaaa
854 1954 926 1987 (qua;
947 1958 975 1981 et

190 2001 368 2037 Babylonica)
386 2001 521 2032 Sinensis.
537 2000 748 2035 ilamyarensis;
765 1999 890 2035 53-55.
911 2000 979 2029 Ara-

191 2049 251 2075 bica
270 2056 277 2075 :
294 2051 412 2082 suntque
428 2047 510 2075 Semo
535 2046 612 2074 ﬁuvii
635 2046 752 2082 majores
777 2046 928 2081 Euphrates
951 2049 980 2073 et

190 2093 290 2120 ﬂuvius
307 2093 402 2120 Balch.

227 2137 248 2164 Ε
264 2138 326 2169 ﬁliis
350 2143 441 2166 autem
466 2137 545 2165 Hami
561 2137 610 2164 viri
629 2137 741 2172 triginta
756 2137 821 2169 duo,
836 2137 881 2172 qui
899 2137 977 2164 inco-

1027 910 1166 939 trieesimo
1183 915 1261 939 sexto
1288 911 1356 938 obiit
1377 911 1487 939 Kainan
1498 930 1506 944 ,
1535 918 1636 939 mense
1653 911 1696 938 Ab
1712 911 1771 946 (qui
1785 915 1819 938 et

1027 956 1126 985 Mesbri
1150 957 1203 991 est)
1226 957 1332 992 fuitque
1349 957 1404 984 vita
1424 957 1514 992 ipsius
1525 964 1661 984 annorum
1678 956 1816 992 quadrin-

1027 1007 1170 1038 gentorum
1188 1007 1215 1030 et
1231 1002 1353 1037 triginta.
1370 1002 1525 1037 Totamque
1540 1003 1614 1036 quod
1632 1002 1698 1029 vixit
1715 1002 1818 1029 Phalclt

1026 1048 1090 1075 anni
1110 1051 1261 1075 tercentum
1280 1047 1392 1083 triginta
1410 1054 1521 1075 novem.
1535 1047 1624 1082 Ragu,
1640 1051 1703 1082 post
1720 1055 1811 1075 annos

1026 1097 1136 1120 centum
1152 1092 1262 1127 triginta
1274 1093 1355 1125 duos.
1369 1096 1450 1120 natus
1463 1096 1506 1120 est
1519 1091 1637 1124 Sbarua,
1650 1093 1732 1128 cujus
1746 1096 1817 1119 tem-

1027 1138 1138 1172 poribus
1154 1138 1300 1165 coluerunt
1317 1137 1443 1165 homines
1459 1137 1542 1168 idola,
1559 1144 1727 1172 unoquoque
1739 1137 1820 1172 quod-

1027 1183 1078 1210 sibi
1094 1182 1220 1210 alliberet
1234 1183 1342 1210 colente
1360 1187 1387 1209 et
1403 1181 1547 1210 adorante.
1566 1181 1690 1209 Fuerunt
1704 1189 1768 1217 ergo
1781 1190 1818 1209 ex

1028 1228 1097 1261 ipsis
1109 1228 1154 1255 alii
1169 1227 1216 1262 qui
1233 1227 1345 1259 coelum,
1359 1227 1406 1254 alii
1420 1227 1466 1262 qui
1478 1227 1577 1258 solem.
1594 1227 1639 1254 alii
1651 1227 1697 1261 qui
1710 1227 1818 1259 lunam,

1026 1273 1072 1300 alii
1091 1273 1138 1308 qui
1155 1272 1250 1300 stellas
1263 1293 1271 1306 ,
1288 1272 1334 1300 alii
1349 1272 1395 1307 qui
1412 1272 1551 1303 volucres.
1565 1272 1610 1298 alii
1627 1272 1674 1306 qui
1695 1277 1794 1298 terram
1805 1292 1818 1304 ,

1027 1318 1073 1346 alii
1091 1318 1137 1353 qui
1156 1317 1239 1350 feras,
1255 1318 1301 1345 alii
1321 1318 1366 1353 qui
1391 1317 1490 1345 ﬂuvios
1507 1338 1515 1350 ,
1539 1317 1584 1345 alii
1611 1318 1658 1352 qui
1676 1317 1791 1345 arbores
1804 1337 1815 1349 .

1026 1364 1072 1392 alii
1090 1364 1135 1399 qui
1151 1368 1257 1391 montes
1272 1364 1410 1397 colerent;
1429 1363 1474 1390 alii
1490 1363 1536 1399 qui
1552 1363 1586 1390 ad
1602 1363 1816 1391 similitudinem

1027 1410 1113 1445 patris
1131 1414 1177 1437 aut
1195 1409 1292 1437 matris
1306 1409 1360 1442 sui,
1378 1413 1425 1437 aut
1439 1409 1498 1444 eius
1512 1416 1593 1444 quem
1609 1417 1642 1436 ex
1659 1409 1710 1436 sibi
1725 1408 1823 1436 charis

1027 1455 1132 1483 honore
1148 1459 1390 1490 prosequerentur.
1409 1462 1470 1481 cum
1496 1458 1622 1482 mortuus
1646 1457 1731 1485 essi‘t.
1750 1454 1818 1480 ima-

1030 1502 1122 1537 ginem
1138 1501 1290 1529 conﬂarem
1304 1507 1387 1535 quam
1405 1500 1542 1531 colerent,
1563 1507 1595 1527 ac
1612 1500 1664 1527 sibi
1685 1500 1712 1526 in
1732 1499 1816 1527 Deum

1030 1551 1223 1579 assumerent;
1246 1546 1292 1573 alii
1309 1546 1356 1581 qui
1381 1545 1527 1580 imaginem
1546 1553 1578 1573 ex
1595 1553 1674 1577 auro.
1691 1548 1816 1579 argento.

1029 1590 1130 1626 lapide,
1152 1595 1198 1616 aut
1213 1590 1288 1626 ligno
1308 1590 1487 1618 conﬁcerent.
1500 1589 1583 1617 Primi
1599 1595 1689 1617 autem
1706 1589 1758 1618 hoc
1775 1589 1817 1617 fe-

1029 1639 1128 1663 cerunt
1153 1635 1289 1671 Aigyptii,
1313 1634 1467 1670 Babylonii,
1493 1633 1605 1667 Franci.
1633 1639 1661 1663 et
1690 1635 1820 1663 lacerum

1032 1680 1234 1707 maritimorum
1259 1679 1369 1707 incolat.
1384 1679 1489 1707 Dicitur
1513 1680 1595 1707 etiam
1612 1679 1704 1707 cultus
1726 1680 1816 1708 idolo-

1030 1733 1090 1753 rum
1107 1726 1240 1761 originem
1268 1726 1336 1753 hanc
1358 1724 1457 1756 fuisse.
1478 1725 1549 1760 quod
1574 1732 1636 1753 cum
1662 1732 1819 1754 moreretur

1030 1772 1101 1807 apud
1117 1772 1178 1799 illos
1196 1771 1333 1806 quispiam
1351 1771 1497 1806 imaginem
1522 1771 1555 1799 ad
1579 1771 1640 1806 eius
1657 1771 1820 1800 similitudi-

1030 1826 1092 1845 nem
1109 1817 1230 1853 57-59
1244 1817 1390 1846 conﬂatam
1407 1818 1513 1846 tumulo
1528 1818 1614 1854 ipsius
1630 1819 1816 1854 imponerent.

1030 1872 1083 1899 quo
1106 1865 1197 1891 minus
1218 1864 1348 1892 oblivioni
1375 1864 1531 1892 traderetur
1552 1865 1684 1892 memoria
1708 1865 1820 1900 ipsius.

1030 1911 1094 1946 (qua
1109 1910 1226 1945 ratione)
1242 1910 1352 1946 impleta
1366 1915 1409 1938 est
1425 1915 1496 1938 terra
1511 1910 1610 1939 idolis:
1623 1911 1744 1939 virorum
1760 1911 1821 1940 δαίς

1030 1957 1105 1989 licet.
1126 1956 1288 1984 feminarum
1303 1960 1330 1984 et
1345 1963 1491 1991 puerorum
1509 1956 1676 1984 simulacris.

1065 2002 1165 2032 Eodem
1180 2007 1301 2038 tempore
1317 2010 1378 2030 cum
1395 2006 1521 2030 mortttus
1546 2006 1620 2030 esset
1643 2003 1685 2030 vir
1703 2002 1820 2038 quidam

1030 2047 1116 2079 dives.
1135 2047 1208 2075 ﬁlius
1224 2048 1313 2084 ipsius
1331 2052 1448 2075 statuam
1467 2048 1537 2081 sibi,
1562 2048 1595 2075 ad
1611 2048 1697 2084 patris
1712 2049 1755 2076 sui
1781 2049 1822 2077 si-

1030 2093 1212 2121 militudinem
1242 2093 1405 2126 confectam,
1427 2094 1530 2121 tumulo
1552 2094 1638 2129 ipsius
1664 2094 1816 2129 imposuit.

1030 2140 1166 2167 collocato
1176 2140 1256 2168 etiam
1272 2139 1307 2168 ibi
1321 2147 1400 2168 servo
1410 2139 1457 2175 qui
1473 2139 1560 2174 ipsam
1573 2141 1735 2168 custodiret.
1747 2140 1819 2169 Cum

190 2183 302 2212 luerunt
316 2183 433 2218 Syriam,
451 2190 511 2217 qua:
525 2186 553 2209 et
567 2186 638 2209 terra
657 2182 827 2209 Chauaanaea
851 2182 923 2209 dicta
937 2187 978 2209 est
995 2188 1016 2215 ι)
1031 2185 1208 2212 advenientes
1231 2184 1330 2212 deinde
1348 2184 1422 2212 fures
1437 2184 1570 2220 quidquid
1590 2185 1647 2213 lilio
1664 2184 1737 2213 domi
1761 2193 1819 2213 suae

191 2231 273 2264 (quod
290 2233 363 2257 esset
378 2229 463 2255 Hamo
475 2227 546 2259 ﬁlius
560 2228 604 2255 cui
624 2235 723 2258 nomen
734 2227 873 2261 Chanaan)
890 2235 977 2262 usque

191 2276 224 2302 ad
237 2279 378 2303 extremos
396 2274 552 2302 Occidentis
564 2274 715 2301 terminos:
728 2278 846 2308 suntque
862 2281 894 2300 ex
910 2273 978 2307 ipsis

190 2321 353 2350 Chanaanmi
364 2341 372 2354 ,
391 2321 520 2349 Philistzci
534 2340 541 2352 .
559 2320 654 2347 incolae
668 2319 776 2355 [Ευριί
788 2339 796 2351 ,
810 2319 947 2353 Kophtitcc
962 2339 970 2351 ,

191 2367 423 2398 lii.nrisii.diversa
439 2366 607 2401 Nigritarum
623 2373 736 2401 genere.
751 2365 907 2400 Ethiopes,
923 2364 979 2392 Nu-

191 2413 311 2445 hicnscs,
336 2412 504 2446 Al-Bajnitm,
529 2411 666 2444 Al-Zenii.
689 2411 821 2443 Al-Z'utti.
838 2411 952 2438 Karrani
969 2431 976 2443 .

192 2459 346 2490 Samaritm.
363 2458 517 2489 Al-Zabeii.
534 2457 741 2493 Al-Mogrebini.
760 2457 882 2485 Barbari.
897 2456 979 2485 Sunt-

191 2513 244 2538 que
271 2504 326 2531 illis
350 2503 447 2532 insulc
471 2503 565 2537 viginti
589 2510 648 2534 sex.
667 2511 682 2530 e
701 2503 800 2538 quibus
827 2502 953 2531 Sardinia
969 2523 976 2535 ,

192 2550 271 2577 blatta
283 2572 290 2581 .
305 2550 385 2578 Creta
397 2570 405 2581 .
426 2555 453 2577 ct
470 2557 533 2585 pars
557 2549 655 2577 insula;
679 2549 780 2585 Cypri.
806 2556 867 2576 cum
895 2548 979 2581 aliis;

192 2596 334 2631 scriptura.-
348 2601 438 2624 autem
455 2597 576 2632 (genera)
594 2604 640 2624 sex
655 2604 662 2623 :
678 2596 793 2625 scilicet
806 2595 978 2630 (Egyptian.

195 2641 357 2676 i‘iubiensis,
373 2643 540 2679 AStbinpica.
559 2642 690 2670 Francica
708 2663 716 2674 ,
736 2642 849 2674 Punica.
871 2642 980 2669 Kanke-

197 2689 260 2716 iica.
281 2689 366 2716 Porro
380 2689 466 2716 llamo
481 2698 496 2717 c
509 2689 599 2716 ﬁuviis
614 2688 804 2724 grandioribus
819 2687 906 2715 Nilus.
930 2688 982 2715 Eo-

194 2743 256 2762 rum
281 2735 400 2770 dcniquc
417 2743 432 2763 e
449 2736 513 2763 ﬁliis
536 2735 635 2772 Japhct
663 2735 712 2762 viri
739 2734 908 2770 quindecim.
934 2734 981 2769 qui

194 2780 352 2807 habitarunt
368 2788 381 2806 a
393 2781 467 2816 Tigri
478 2789 566 2817 usque
575 2781 608 2808 ad
620 2786 758 2809 extremas
771 2780 790 2807 S
799 2779 981 2815 cplcntrionis

195 2831 304 2861 partes;
327 2830 447 2860 suntque
462 2833 494 2853 ex
524 2827 591 2864 ipsis
617 2827 713 2858 ται-επ
727 2848 734 2860 ,
761 2825 913 2860 Al-Baitac,
934 2826 980 2854 Al-

1032 2230 1082 2257 fnit
1096 2231 1312 2265 subripuissent.
1325 2230 1461 2265 profectus
1474 2230 1562 2266 illeiad
1575 2231 1660 2266 patris
1673 2230 1715 2258 sui
1727 2235 1819 2258 tumu-

1031 2277 1085 2306 luzn
1107 2276 1170 2304 ﬂere
1184 2281 1210 2303 et
1229 2277 1361 2310 conqueri
1374 2276 1446 2311 apud
1463 2281 1582 2304 statuam
1595 2276 1674 2304 istam
1694 2283 1817 2308 auream.

1031 2322 1109 2356 quasi
1133 2321 1204 2357 apud
1227 2325 1331 2356 patrem
1357 2329 1451 2350 suum.
1469 2322 1613 2350 Allocutus
1636 2329 1702 2357 ergo
1729 2323 1819 2357 ipsum

1031 2367 1156 2396 diabolus
1171 2375 1186 2395 c
1199 2371 1293 2395 ventre
1312 2371 1408 2395 statua:
1421 2375 1430 2394 :
1442 2366 1480 2395 Ne
1494 2367 1569 2399 ﬂeas.
1587 2367 1685 2402 inquit,
1699 2367 1742 2394 abi
1759 2373 1822 2394 tan-

1032 2418 1100 2443 tum.
1116 2416 1143 2440 et
1157 2412 1238 2440 allato
1250 2412 1304 2440 tilio
1317 2417 1366 2440 tuo
1381 2416 1447 2439 natu
1465 2413 1577 2440 minimo
1593 2413 1682 2447 ipsum
1696 2413 1762 2439 milii
1785 2412 1813 2439 in

1032 2458 1197 2486 sacriﬁcium
1209 2462 1333 2485 mactans
1345 2459 1477 2493 sanguine
1487 2459 1551 2492 ejus
1559 2457 1657 2485 calenti
1672 2462 1698 2485 te
1711 2457 1820 2489 abluas.

1033 2504 1069 2532 ita
1101 2504 1158 2538 (Ιίνι
1179 2504 1217 2539 ιιι)
1233 2511 1283 2537 ego
1302 2503 1394 2531 omnia
1417 2503 1465 2532 tibi
1484 2511 1546 2538 qua;
1567 2502 1717 2539 perdideris
1742 2504 1822 2531 resti-

1034 2554 1119 2576 tuam.
1144 2548 1212 2579 Cum
1227 2556 1293 2583 ergo
1316 2548 1361 2576 ille
1383 2547 1470 2575 ﬁlium
1489 2555 1569 2577 suum
1593 2547 1704 2577 allatum
1728 2555 1821 2576 coram

1034 2595 1106 2622 idolo
1131 2598 1288 2627 mactasset,
1314 2594 1430 2629 ejusque
1457 2594 1590 2629 sanguine
1616 2601 1646 2621 se
1672 2593 1820 2624 abluisset.

1034 2648 1161 2676 egressus
1177 2648 1208 2667 ex
1226 2640 1299 2668 idolo
1313 2640 1451 2672 diabolus.
1469 2640 1666 2674 hominemque
1684 2639 1760 2666 illum
1777 2639 1821 2666 in-

1035 2694 1159 2721 gressus,
1169 2686 1257 2721 ipsum
1275 2685 1427 2721 prtestigias
1438 2690 1464 2713 et
1476 2685 1680 2712 incantamenta
1690 2684 1818 2712 edocuit:

1037 2737 1118 2766 atque
1133 2731 1195 2759 hinc
1221 2736 1365 2767 cceperunt
1389 2731 1514 2758 homines
1531 2731 1602 2759 ﬁlios
1626 2738 1691 2759 suos
1705 2729 1823 2758 diabolis

1036 2783 1167 2810 mactare,
1182 2783 1209 2805 ct
1225 2777 1370 2813 pratstigiis
1382 2777 1446 2813 (uti)
1461 2777 1626 2805 didicerunt.

1072 2825 1157 2853 Porro
1169 2823 1264 2852 diebus
1279 2823 1353 2860 Bagu
1366 2824 1466 2853 multos
1481 2831 1570 2852 annos
1593 2821 1714 2858 regnavit
1729 2820 1822 2857 regina
