2015 3081
170 121 221 153 921

891 127 1079 159 ANNALES.

1746 133 1800 166 922

173 181 253 209 Saba!
265 201 272 212 ,
287 187 319 207 ea
337 187 398 215 qua
411 180 505 211 urbem
521 179 620 208 Sabam
638 181 771 210 condidit.
789 181 855 210 Post
874 185 957 216 quam
973 191 996 220 Α
1010 183 1156 217 accedens,
1173 185 1262 220 ipsum
1282 186 1437 214 adoravcrit
1451 196 1458 214 :
1475 187 1566 223 ibique
1583 188 1728 223 quemdam
1744 194 1801 217 sta-

171 227 230 254 urbi
247 226 335 260 Saba,
353 234 440 262 usque
458 227 490 254 ad
507 234 621 262 regnum
635 226 792 255 Salomonis
806 227 854 254 ﬁlii
877 227 958 254 Davi-

169 274 225 307 tlis,
238 275 368 302 continue
381 275 549 310 imperarunt
561 275 617 311 60
632 275 750 303 feminae.
762 275 862 304 Diebus
874 276 957 303 etiam

171 319 247 355 Ragu
268 320 393 356 regnavit
413 321 507 348 Karon
523 322 568 357 qui
591 321 687 349 urbem
703 321 803 349 Ultinin
820 321 959 349 condidit.

171 366 269 393 Fertur
289 369 380 393 autem
395 367 483 402 ipsum
498 367 629 396 lateribus
644 375 678 396 ex
693 376 761 395 auro
780 368 841 395 l'uso
853 367 958 396 conﬁa-

171 413 207 438 tis
231 412 326 439 urbem
352 411 454 440 Ukinin
481 414 666 442 exstruxisse.
695 414 776 441 Anno
797 415 858 441 vitze
884 414 958 450 Ragu

171 459 344 493 sexagesimo
372 463 451 486 sexto
482 463 609 487 morttttts
637 463 678 487 est
712 459 840 492 Shalech,
866 468 959 488 mense

171 503 311 538 Adar(qui
328 508 370 531 est
383 505 556 540 Dormahut,)
575 513 637 532 cum
654 505 769 533 vixisset
783 514 872 534 annos
888 515 954 541 qua-

171 548 332 584 dringentos
346 554 373 577 et
396 551 550 584 sexaginta.
566 549 665 578 Totum
683 556 773 578 autem
795 551 870 586 quod
893 551 960 578 vi\it

172 594 247 630 llagu
263 602 397 623 annorum
411 600 471 623 erat
489 601 641 624 tercentum
659 596 769 631 triginta
782 604 890 625 novem.
908 597 959 624 Sa-

172 649 251 675 rugo,
266 647 326 676 post
340 650 428 670 annos
442 646 552 670 centum
567 647 595 670 et
612 642 736 678 triginta,
748 647 828 670 natus
847 647 890 670 est
904 642 960 671 Na.

170 688 254 721 ebor;
268 695 339 715 anno
355 692 445 716 autem
463 688 526 715 vitae
543 688 640 723 Sarugi
668 689 838 723 sexagesimo
858 694 956 716 octavo

167 733 237 760 obiit
259 733 330 761 Eber
351 741 446 761 mense
470 733 568 761 Canun
586 733 722 766 secundo,
740 734 798 770 (qui
818 737 845 762 et
865 733 958 761 Tubah

168 778 255 814 audit)
272 787 337 808 cum
352 779 466 807 vixisset
480 787 566 808 annos
582 780 804 814 quadringentos
817 779 960 815 sexaginta

167 830 296 861 quatuor.
315 826 450 861 Annoqne
472 826 535 853 vitae
550 825 649 861 Sarugi
668 826 872 861 septuagesimo
889 833 956 860 sep-

169 873 246 904 timo,
264 872 334 899 obiit
345 871 479 904 Phalech,
497 879 592 900 mense
609 872 659 899 llul
676 872 733 908 (qui
749 877 775 900 et
798 871 881 905 Thut)
894 878 957 899 cum

168 918 282 946 vixisset
304 925 392 945 annos
421 921 559 945 trecentos
583 917 695 952 triginta
725 925 834 946 novem.
861 917 960 945 Totum

171 967 261 990 autem
275 962 349 996 quod
365 962 434 989 vixit
455 961 544 998 Sarng
561 963 625 990 anni
650 968 715 990 sunt
737 963 850 990 trecenti
868 966 896 990 et
911 962 961 990 tri-

167 1008 254 1044 ginta.
275 1007 401 1038 Nachoro
416 1013 477 1043 post
500 1016 589 1036 annos
603 1008 776 1043 septuaginta
796 1016 892 1036 novem
908 1016 962 1036 na-

167 1059 211 1082 tus
228 1059 269 1082 est
285 1054 411 1082 Tharech
425 1063 433 1088 ;
448 1055 563 1090 ejusque
585 1055 682 1083 diebus
700 1055 877 1090 multiplicati
894 1059 961 1083 sunt

168 1101 303 1135 gigantes.
331 1100 448 1136 Fuitque
466 1101 523 1129 Aad
549 1101 621 1130 ﬁlius
644 1101 747 1134 Aratni,
774 1102 845 1129 ﬁlius
865 1102 957 1135 Semi,

168 1146 240 1173 lilius
259 1145 324 1173 Nom
341 1155 348 1173 :
371 1146 422 1183 sub
434 1146 530 1174 eodem
548 1146 681 1174 instituta‘
694 1150 760 1174 sunt
782 1153 918 1174 mensurae
931 1150 960 1174 et

167 1192 300 1227 pondera.
325 1193 393 1227 Ejus
413 1193 496 1221 etiam
517 1197 641 1228 tempore
657 1192 761 1221 accidit
787 1197 959 1221 terrzemotus

167 1238 295 1273 insignis,
309 1238 471 1270 vehemens,
487 1246 550 1265 cum
575 1237 667 1266 nulltts
683 1242 763 1266 antea
787 1241 959 1266 terramotus

168 1283 276 1315 fuisset,
292 1284 373 1318 idque
386 1283 458 1317 quod
473 1283 518 1311 ubi
535 1283 710 1318 multiplicati
725 1282 973 1312 essentidololatras

167 1330 213 1363 qui
229 1330 300 1358 ﬁlios
313 1337 380 1358 suos
404 1335 430 1357 et
453 1328 528 1358 ﬁlias
545 1330 691 1358 daamoniis
706 1330 891 1362 immolarent,
904 1330 957 1358 im~

166 1377 287 1404 mitteret
301 1377 327 1403 in
355 1377 430 1411 ipsos
456 1382 568 1405 ventum
598 1377 802 1413 procellosum,
827 1380 956 1410 essetque

165 1422 246 1449 turbo
259 1423 304 1457 qui
324 1422 393 1450 idola
416 1424 508 1450 omnia
526 1423 720 1458 contingeret,
737 1428 891 1456 eorumque
906 1421 955 1447 de-

166 1468 245 1495 lubra
261 1469 400 1502 dirueret;
416 1469 541 1505 61-33
554 1469 623 1497 adeo
646 1472 677 1496 ut
699 1467 822 1503 pulreris
845 1466 957 1494 tumulis

165 1513 360 1546 olmmreutur;
376 1514 423 1549 qui
437 1515 587 1541 etiamnum
602 1514 752 1542 exsistunt.

201 1560 279 1586 Anno
292 1563 381 1586 autem
399 1560 460 1587 vitae
471 1559 590 1587 Nachori
607 1560 810 1594 septuagesimo
827 1560 949 1594 septimo

166 1609 293 1632 mortuus
312 1610 355 1632 est
366 1605 454 1640 Ragu.
471 1613 566 1633 mense
580 1605 664 1633 Nisan
680 1607 738 1641 (qui
754 1605 824 1633 idem
839 1610 880 1634 est
894 1606 958 1633 Bar-

165 1650 280 1685 mudah)
295 1659 358 1678 cum
375 1659 463 1680 annos
478 1656 617 1680 trecentos
635 1652 747 1688 triginta
764 1660 860 1679 novem
871 1652 958 1679 vixis-

164 1700 216 1723 set.
236 1695 362 1730 Ejusdem
388 1700 510 1732 tempore
534 1697 625 1725 ﬂoruit
642 1698 683 1724 vir
702 1698 812 1732 quidam
828 1697 955 1732 (origine)

164 1742 260 1773 Persa,
275 1742 385 1770 nomine
401 1742 554 1770 Zorodasht
567 1763 574 1775 ,
589 1742 636 1777 qui
654 1743 793 1778 religionis
809 1742 955 1770 Sabiorum

169 1792 265 1815 auctor
285 1788 358 1820 fuit,
387 1793 518 1824 regnante
546 1789 573 1816 in
599 1789 691 1817 Persia
718 1797 781 1825 rege
808 1788 957 1816 Tachmurt

165 1831 311 1866 appellato.
344 1832 494 1860 Autumant
514 1841 578 1861 vero
603 1833 726 1860 nonnulli
751 1833 867 1868 primttm
890 1833 956 1861 reli-

166 1878 256 1913 gionis
274 1878 418 1915 Sabiorum
434 1884 576 1907 auctorem
596 1879 683 1907 fuisse
706 1879 831 1907 Gracum
857 1887 956 1915 quent-

165 1923 227 1950 dam
244 1923 354 1951 nomine
369 1923 472 1955 .luuan,
489 1923 652 1953 Jearaltliusi
670 1924 768 1957 ﬁlium,
784 1925 864 1959 cujus
876 1925 956 1953 sedes

165 1969 217 1996 fuit
229 1969 312 2004 Alyas
327 1977 335 1997 :
349 1974 378 1997 at
389 1970 466 2004 juxta
477 1970 546 1997 alios
563 1970 613 1997 fuit
626 1978 659 1998 ex
675 1970 743 1997 urbe
754 1970 954 2003 Al-Zaitunah,

164 2022 225 2049 quae
236 2015 346 2042 condita
359 2019 400 2042 est
416 2015 443 2042 in
456 2015 625 2042 Athenarum
643 2016 789 2051 (regione.)
802 2016 888 2044 Graeci
903 2024 955 2044 au-

166 2067 219 2088 tem
240 2061 321 2096 primi
347 2061 419 2089 ltanc
445 2062 610 2089 sententiam
629 2062 746 2096 amplexi
765 2067 851 2095 sunt,
868 2062 956 2098 deque

163 2112 302 2134 astrorum
334 2106 464 2139 scientia,
491 2114 523 2134 ac
552 2107 660 2134 orbium
699 2107 852 2135 caelestium
878 2112 954 2136 motu

164 2153 249 2179 libros
265 2151 365 2179 multos
383 2153 619 2187 conscripserunt.
639 2153 739 2181 Fertur
765 2153 848 2181 etiam
876 2154 951 2182 illum

1012 229 1095 256 tuerit
1111 230 1158 265 qui
1175 230 1230 266 igni
1246 231 1399 265 inserviret,
1417 233 1495 267 eique
1512 233 1576 261 tbus
1593 234 1717 272 injiceret
1732 243 1740 262 :
1755 239 1800 262 at-

1012 282 1066 310 que
1085 282 1117 302 ex
1133 282 1166 303 eo
1182 280 1303 311 tempore
1325 282 1468 311 cmperunt
1495 279 1567 314 magi
1588 279 1677 314 ignem
1698 280 1799 314 colere,

1009 327 1128 356 eumque
1152 322 1278 351 adorare.
1299 322 1365 351 Fuit
1382 327 1473 351 autent
1490 324 1558 358 viri,
1579 334 1658 360 quem
1684 327 1717 353 ad
1743 327 1800 361 igni

1010 366 1197 396 famulandum
1213 369 1356 397 constituit
1371 369 1494 402 Nimrod,
1509 378 1608 399 nomen
1627 371 1772 400 Andcshan
1789 382 1798 406 ς
1819 363 1908 398 ἀνεβίω
1918 392 1924 395 -
1945 380 1965 389 ιλ
1980 379 1995 389 ι’

1010 412 1064 445 cui,
1078 420 1094 441 e
1110 414 1200 441 medio
1220 414 1294 449 ignis
1312 415 1402 450 ipsum
1419 415 1568 449 allocutus,
1580 409 1706 446 diafoltis
1719 419 1798 446 dixit:

1010 457 1069 486 Non
1102 464 1194 494 potest
1221 461 1282 495 quis
1308 460 1362 496 igni
1389 461 1536 494 inservire.
1564 466 1611 489 aut
1643 463 1800 497 religionem

1011 511 1100 531 meam
1115 505 1269 537 addiscere.
1287 507 1338 534 nisi
1357 507 1434 542 prius
1447 514 1510 534 cum
1535 513 1624 535 matre
1647 515 1707 541 sua,
1723 517 1801 536 soro-

1011 557 1094 586 reque
1108 555 1136 578 et
1153 551 1207 579 ﬁlia
1233 560 1290 580 rem
1316 553 1455 580 habuerit.
1471 552 1548 582 Fecit
1564 561 1631 589 ergo
1655 555 1802 582 Andesltan

1011 597 1084 624 sicut
1097 597 1168 625 dixit
1180 598 1233 634 ipsi
1250 598 1395 633 diabolus;
1412 604 1495 635 atque
1510 601 1609 628 exinde
1625 601 1710 634 (soliti
1726 601 1801 633 sunt)

1012 651 1152 678 magorum
1172 645 1329 672 sacerdotes
1344 653 1406 672 cum
1434 646 1579 678 matribus,
1597 647 1757 678 sororibus,
1775 650 1802 673 et

1012 688 1118 715 ﬁliabus
1136 689 1193 716 suis
1210 696 1265 716 rem
1281 689 1391 717 habere.
1405 689 1514 718 Primus
1529 694 1620 718 autem
1639 691 1721 726 hujus
1739 699 1800 718 sen-

1012 733 1102 760 tentia:
1119 739 1215 762 auctor
1232 733 1284 761 fuit
1300 734 1448 762 Andeshan
1475 736 1538 764 iste.
1557 736 1643 764 Porro
1669 737 1802 764 exstruxit

1011 777 1106 806 Nimio
1117 779 1136 811 l,
1150 779 1307 814 Aderbijan.
1324 780 1462 812 llabelem,
1480 780 1601 808 Nineven
1613 799 1620 811 ε
1641 781 1741 812 Rusm,
1757 789 1803 808 ur-

1012 824 1115 860 besque
1139 832 1219 860 quam
1245 825 1393 860 plurimas.
1411 825 1512 853 Totum
1537 830 1627 854 autem
1645 827 1718 861 quod
1736 826 1803 854 vixit

976 869 1135 898 B'l‘harech
1163 870 1228 897 anni
1255 876 1322 898 sunt
1347 871 1456 899 ducenti
1490 872 1633 907 sexaginta
1660 872 1801 907 quinque,

1012 915 1110 943 deinde
1124 915 1203 943 obiit.
1218 915 1278 944 lam
1296 924 1311 944 a
1325 917 1446 946 Phaleko
1468 917 1501 944 ad
1527 918 1712 945 Abrahamum
1738 918 1802 945 anni

1011 966 1076 989 sunt
1099 962 1242 997 quingenti
1259 963 1439 998 quadraginta
1457 967 1485 990 et
1501 971 1589 996 unus;
1608 971 1622 990 a
1646 963 1750 991 diluvio
1767 964 1801 990 ad

1011 1006 1195 1034 Abrahamum
1211 1007 1285 1035 mille
1307 1008 1480 1043 septuaginta
1495 1008 1570 1041 duo;
1589 1008 1624 1035 ab
1645 1008 1750 1036 Adamo
1765 1008 1800 1035 ad

1011 1052 1197 1081 Abraltamum
1225 1057 1267 1081 ter
1295 1054 1370 1081 mille
1395 1058 1438 1081 ter
1460 1059 1570 1082 cenatun
1601 1054 1698 1089 viginti
1726 1059 1800 1082 octo.

1009 1098 1179 1132 Abrahamo,
1193 1107 1256 1127 cum
1273 1107 1409 1128 annorum
1432 1106 1505 1129 esset
1525 1101 1698 1136 septuaginta
1717 1101 1800 1136 quit.-

1010 1151 1074 1179 que,
1092 1145 1221 1180 praecepit
1239 1144 1311 1173 Deus
1327 1149 1356 1173 ut
1369 1153 1384 1173 e
1399 1150 1471 1173 terra
1485 1146 1572 1181 patria
1589 1146 1694 1174 Harran
1706 1154 1801 1182 egres-

1010 1197 1059 1218 sus
1076 1189 1102 1217 in
1120 1194 1193 1218 terra
1209 1189 1363 1218 Chananaaa
1380 1191 1452 1226 (quae
1465 1191 1576 1232 Alsllam
1588 1191 1644 1224 est)
1653 1191 1799 1218 habitaret.
1850 1191 1859 1197 "

1009 1236 1122 1271 Accepit
1136 1243 1201 1272 ergo
1215 1236 1353 1264 Abraham
1376 1244 1489 1265 uxorem
1511 1236 1634 1272 35-37
1656 1244 1734 1264 suam
1750 1237 1802 1264 Sa-

1009 1290 1079 1315 ram,
1093 1290 1154 1318 qua
1168 1288 1195 1311 et
1207 1283 1259 1318 ipsi
1276 1290 1309 1311 ex
1326 1287 1403 1318 patre
1415 1291 1495 1310 soror
1510 1288 1567 1310 erat
1577 1283 1716 1314 :Tharerh
1726 1283 1798 1310 enim

1007 1327 1155 1356 Abrahami
1170 1332 1257 1363 pater,
1274 1332 1381 1356 ntortua
1402 1327 1510 1360 Yuuna,
1530 1327 1678 1355 Ahrahami
1694 1331 1797 1360 matre,

1008 1374 1090 1402 aliam
1105 1373 1184 1401 duxit
1200 1382 1312 1402 uxorem
1328 1373 1436 1402 nomine
1451 1374 1587 1405 Tohwait,
1605 1381 1639 1401 ex
1664 1381 1718 1408 qua
1736 1379 1800 1401 nata

1007 1425 1050 1449 est
1069 1421 1118 1456 ipsi
1136 1421 1235 1452 Surah,
1250 1429 1332 1456 quam
1347 1420 1425 1448 duxit
1440 1421 1599 1454 Abraham;
1616 1424 1701 1456 atque
1727 1421 1798 1448 hanc

1008 1467 1043 1495 ob
1058 1474 1168 1494 causam
1185 1467 1255 1494 dixit
1274 1466 1412 1494 Abraham
1427 1475 1435 1493 :
1452 1466 1535 1494 Soror
1558 1474 1616 1493 utea
1636 1471 1678 1494 est
1690 1484 1698 1497 ,
1715 1467 1801 1501 patris

1009 1513 1082 1544 mei,
1102 1518 1129 1539 at
1149 1521 1201 1540 non
1225 1513 1317 1540 matris
1335 1520 1400 1539 mea
1426 1512 1484 1546 ﬁlia
1501 1512 1521 1538 '.
1539 1512 1696 1546 Assumpsit
1719 1513 1802 1539 ctiam

1014 1557 1150 1590 Lothnm,
1169 1558 1262 1585 fratris
1278 1558 1318 1585 sui
1331 1557 1415 1585 ﬁlium
1428 1577 1436 1589 ,
1455 1561 1483 1584 et
1498 1557 1525 1584 itt
1543 1561 1643 1584 terram
1659 1556 1802 1594 Al-hlana-

1010 1603 1142 1631 rieusium
1171 1603 1373 1630 Amorrznorum
1404 1603 1543 1636 profectus
1572 1605 1634 1633 est.
1667 1601 1711 1628 tibi
1738 1608 1800 1628 eum

1009 1649 1111 1683 egressi
1124 1653 1218 1676 contra
1230 1649 1317 1683 ipsnm
1332 1648 1456 1676 nonnulli
1471 1647 1588 1675 Lothum
1600 1647 1735 1682 captivum
1751 1648 1799 1674 ab-

1014 1694 1168 1726 duxissent,
1185 1694 1326 1721 insecutus
1340 1694 1414 1728 ipsos
1427 1693 1577 1725 Abraham,
1593 1692 1710 1720 Lothum
1720 1699 1802 1720 ema-

1009 1741 1090 1769 nibns
1107 1741 1230 1776 ipsorum
1246 1740 1381 1768 liberavit.
1401 1739 1522 1768 Reverso
1536 1742 1627 1767 autem
1640 1738 1674 1765 ad
1691 1742 1799 1765 montes

1007 1787 1193 1816 Jebusaaorum
1212 1788 1333 1816 occurrit
1353 1786 1546 1819 Melehisedelt,
1569 1786 1616 1821 qtti
1630 1785 1705 1821 pacis
1723 1792 1768 1812 rex
1785 1803 1793 1817 ,

1009 1834 1056 1861 Dei
1077 1834 1222 1863 celsissimi
1249 1835 1399 1868 sacerdos,
1414 1834 1501 1862 audit.
1520 1833 1607 1867 Quem
1622 1840 1638 1861 e
1651 1832 1800 1868 longinquo

1009 1885 1186 1916 conspectum
1204 1880 1328 1908 adoravit
1340 1880 1489 1911 Abraham,
1504 1879 1602 1907 deinde
1619 1879 1708 1914 ipsum
1725 1885 1801 1905 com-

1009 1926 1106 1962 plexus
1131 1930 1214 1962 atqtte
1237 1927 1426 1957 deosculatus.
1451 1925 1670 1954 benedictionem
1688 1924 1722 1952 ab
1739 1925 1800 1958 ipso

1007 1973 1095 2007 petiit.
1112 1972 1257 2000 Benedixit
1269 1980 1335 2006 ergo
1351 1973 1402 2008 ipsi
1417 1971 1602 2000 Melehisedek
1616 1990 1625 2004 ,
1644 1977 1801 2006 panemque

1007 2023 1035 2046 et
1048 2019 1139 2046 vinum
1158 2019 1208 2054 ipsi
1233 2019 1353 2052 obtulit;
1379 2019 1454 2047 dedit
1470 2021 1560 2046 autem
1575 2017 1714 2045 Abraham
1732 2017 1800 2044 Mel-

1007 2064 1155 2094 chisedeko
1171 2065 1295 2092 omnium
1310 2072 1371 2100 quae
1397 2064 1492 2093 habuit
1517 2063 1649 2091 decimas.
1665 2063 1735 2091 Tum
1751 2070 1800 2098 per

1008 2109 1201 2138 revelationem
1225 2110 1295 2138 dixit
1322 2110 1392 2138 Deus
1409 2110 1565 2138 Abrahamo
1584 2119 1591 2138 :
1611 2110 1648 2138 Ab
1666 2110 1715 2137 hac
1730 2113 1798 2136 rem-

1008 2163 1070 2190 pore
1089 2163 1200 2190 magnus
1211 2155 1315 2188 evades,
1336 2155 1487 2183 benedicam
1507 2157 1577 2183 ertim
1594 2155 1656 2187 tibi,
1673 2159 1697 2182 et
1713 2161 1800 2182 sentem

163 2199 209 2231 qui
224 2198 328 2233 primus
339 2197 485 2226 Sabiorutn
504 2198 662 2234 religionem
678 2199 798 2231 instituit
809 2207 842 2227 ex
855 2207 950 2227 eorum
968 2205 990 2233 ι)
1005 2204 1080 2226 tuum
1092 2199 1281 2232 multiplicabo.
1300 2199 1422 2234 Cumque
1432 2199 1489 2235 jam
1506 2200 1672 2227 lnttotuisset
1687 2198 1799 2226 Melchi-

163 2251 278 2271 numero
295 2243 380 2272 fuisse
396 2244 442 2279 qui
464 2244 534 2271 turri
552 2244 658 2272 Babelis
674 2245 845 2273 exstrueudte
857 2245 955 2273 adfue-

162 2294 237 2318 runt.
261 2290 360 2318 Totum
376 2295 466 2319 autem
485 2290 557 2326 quod
576 2291 644 2319 vixit
670 2290 788 2323 Nachor,
813 2298 948 2319 annorum

161 2335 213 2363 luit
228 2336 408 2364 ducentorum
427 2343 454 2365 et
468 2343 541 2366 octo.
558 2337 701 2366 Tharecho
719 2343 780 2373 post
796 2345 884 2366 annos
905 2345 950 2365 sc-

162 2383 301 2418 ptuagiuta
322 2387 402 2411 natus
417 2389 460 2412 est
485 2385 636 2413 Abraham.
661 2384 751 2420 llujus
766 2389 887 2419 tempore
903 2384 955 2412 fuit

162 2428 274 2456 Nimrod
302 2429 390 2464 gigas,
414 2437 461 2457 rex
489 2430 606 2465 Babelis,
631 2430 677 2458 ubi
700 2430 806 2465 primus
831 2429 952 2457 omnimn

160 2481 291 2509 regnasse
307 2475 411 2509 fertur;
433 2483 551 2511 cumqtte
567 2476 594 2503 in
614 2475 686 2504 ccelo
710 2483 819 2503 coronae
836 2475 950 2502 formam

160 2526 175 2545 e
190 2519 262 2546 nube
279 2520 402 2551 vidisset.
424 2522 558 2549 accersito
574 2520 771 2557 [metallorum]
787 2520 882 2548 lusere
897 2526 946 2547 co-

160 2571 257 2590 ronam
272 2565 325 2592 sibi
341 2564 487 2598 conﬁasse,
502 2573 585 2601 quam
601 2565 685 2601 capiti
698 2565 863 2600 imponeret,
879 2563 952 2591 unde

160 2609 262 2638 factum
276 2611 442 2640 utdicerent
455 2612 582 2640 homines
606 2619 738 2641 coronam
765 2612 817 2648 ipsi
841 2619 856 2640 e
878 2611 950 2639 male

159 2656 302 2690 delapsam
317 2665 391 2684 esse.
408 2657 513 2685 Dicitur
527 2657 582 2694 64
597 2663 625 2685 et
639 2658 713 2686 hunc
725 2658 843 2693 primum
859 2657 948 2692 ignem

158 2701 287 2735 coluisse,
306 2703 380 2736 quod
396 2703 504 2730 scilicet
527 2703 562 2731 ad
581 2704 681 2740 ignem,
703 2711 784 2739 quem
808 2703 902 2738 procul
919 2702 946 2729 in

158 2746 268 2776 Oriente
279 2757 293 2776 ε
307 2753 378 2776 terra
391 2750 571 2784 prodeuntem
584 2750 784 2786 conspexisset,
797 2749 944 2779 vidottdtnn

196 2835 286 2866 ‘Gen.
305 2847 350 2873 xx,
369 2838 411 2866 12.

1005 2244 1098 2276 sedek,
1115 2245 1161 2280 qui
1177 2245 1211 2273 de
1231 2253 1263 2272 eo
1281 2244 1457 2273 audivissent
1470 2252 1558 2280 reges,
1573 2244 1606 2272 ad
1619 2244 1709 2280 ipsum
1731 2250 1799 2271 con-

1006 2292 1109 2326 gregati
1126 2296 1208 2326 sunt;
1228 2300 1243 2320 c
1257 2292 1359 2327 quibus
1380 2296 1441 2319 erat
1463 2290 1620 2318 Abimelech
1635 2298 1683 2318 rex
1698 2289 1796 2320 Gcrar,

1007 2338 1109 2366 Matkal
1125 2346 1170 2366 rex
1186 2338 1267 2370 Zoar,
1283 2337 1384 2366 Ariush
1400 2345 1446 2365 rex
1459 2337 1566 2370 Destar,
1580 2336 1740 2364 .lardaomer
1751 2343 1797 2363 rex

1006 2384 1064 2412 llau
1078 2405 1085 2416 ,
1102 2384 1211 2418 Targali
1227 2393 1274 2412 rex
1300 2384 1392 2420 Zaglai
1405 2404 1413 2415 ,
1429 2384 1499 2411 Baaz
1517 2391 1564 2410 rex
1582 2382 1688 2411 Gailath
1701 2401 1710 2414 ,
1727 2385 1798 2414 Yaez

1008 2439 1054 2459 rex
1070 2430 1193 2462 Sudomi,
1215 2429 1317 2457 Barsha
1342 2438 1388 2457 rex
1408 2429 1568 2458 Gomorrhm
1581 2448 1590 2459 ,
1605 2428 1722 2455 Scbaath
1738 2427 1794 2462 68

1008 2484 1054 2504 rex
1070 2476 1166 2508 Edam,
1181 2475 1276 2503 Banbu
1294 2483 1340 2503 rex
1356 2474 1493 2506 Damasci,
1512 2473 1612 2502 Balttar
1629 2481 1675 2501 rex
1691 2472 1796 2500 Al-iia-

1006 2523 1071 2550 bah.
1088 2522 1205 2550 Samaan
1222 2529 1269 2548 rex
1287 2520 1497 2548 Amorlneorum
1519 2529 1525 2546 :
1543 2527 1620 2553 reges
1636 2519 1680 2547 isti
1694 2518 1797 2546 duode-

1008 2569 1061 2596 cim
1075 2569 1109 2596 ad
1122 2566 1362 2599 Melchisedekum,
1372 2567 1418 2602 qui
1432 2571 1458 2594 et
1465 2573 1511 2594 rex
1528 2566 1603 2601 pacis
1618 2565 1704 2596 audit,
1717 2571 1796 2592 acce-

1005 2615 1111 2645 dentes,
1131 2613 1178 2640 ubi
1200 2613 1288 2648 ipsum
1307 2612 1528 2647 conspexissent.
1547 2616 1575 2639 et
1590 2611 1676 2646 ipsius
1690 2616 1796 2638 sermo-

1005 2667 1054 2687 nes
1071 2659 1236 2691 audiissent,
1250 2659 1284 2686 ab
1309 2658 1358 2686 illo
1386 2662 1416 2685 ut
1429 2665 1481 2685 una
1491 2665 1551 2686 cum
1566 2657 1731 2692 ipsisfabirct
1748 2663 1796 2684 ro-

1003 2710 1102 2741 garunt
1116 2725 1123 2737 ,
1149 2706 1197 2740 qui
1229 2705 1391 2740 respondit:
1409 2704 1468 2733 Non
1487 2711 1598 2739 possum
1615 2710 1665 2739 ego
1679 2702 1713 2729 ab
1741 2701 1792 2728 hoc

1000 2751 1060 2779 luto
1070 2750 1218 2780 disudcrc.
1226 2749 1376 2780 Consilium
1388 2750 1532 2786 ergo‘jnter
1543 2756 1572 2778 se
1583 2748 1616 2777 de
1627 2746 1793 2777 exstruenda
