2015 3081
221 117 274 148 923

737 117 918 148 EUTYClill
938 117 1209 150 ALEXANDRINI
1224 121 1333 151 PATR.

1796 129 1851 160 924

223 172 274 206 ipsi
302 172 382 209 urbe
395 178 527 206 repetunt
541 194 548 205 ,
567 173 689 200 dicentes
709 182 714 199 :
736 173 838 200 lievcra
865 174 907 200 hic
922 174 1007 201 totius
1023 175 1043 200 A
1060 175 1118 205 bib.
1135 184 1203 203 uxor
1218 177 1277 204 Sini
1294 179 1444 206 saec-nimis
1471 180 1584 212 montisl
1609 187 1668 215 qum
1692 180 1799 209 Nisibin
1822 189 1850 212 et

221 223 301 245 terra:
314 227 359 246 rex
375 224 427 249 est,
445 227 591 255 regumque
604 220 725 246 omnium
758 226 846 255 pater.
864 221 1008 249 Exstructa

223 271 288 298 ergo
308 265 359 298 ipsi
380 265 457 296 urbe.
478 273 564 298 regem
592 266 618 291 in
635 273 664 292 ea
682 266 769 300 ipsum
794 268 1006 294 constituerunt.

222 311 480 345 Appellavitautcm
499 311 682 338 Melchisedek
704 320 803 340 nomen
830 314 905 341 urbis
929 314 1009 342 istius

221 354 385 383 Jerusalem.
401 356 485 383 Porro
502 365 563 383 cum
581 359 614 384 de
630 365 713 392 regno
733 359 924 387 Melchisedeki
943 369 1007 395 per-

223 401 344 428 venisset
361 401 431 428 fama
458 402 490 428 ad
522 402 677 430 Machulum
704 403 817 432 Al-Taiu
831 406 874 432 ani
896 414 985 440 regem
1000 427 1007 438 ,

223 447 357 475 accedens
374 447 417 475 ille
430 448 463 475 ad
485 449 573 484 ipsmu
588 451 815 485 conspiciendum
835 457 917 486 atque
936 454 1006 480 allo-

221 493 371 527 qui-nulum,
388 501 512 527 magnam
529 495 581 530 ipsi
604 504 686 531 oputn
703 497 810 532 copiam
828 497 912 525 dedit.
930 497 1007 526 Fuit-

220 545 273 571 que
288 538 467 566 Mclchiscdek
485 541 556 574 apud
573 548 669 569 omnes
685 549 763 577 rcges
780 543 807 569 in
822 543 926 571 honore
941 543 1006 570 dum

220 583 310 617 ipsttm
324 592 418 619 regum
440 590 543 621 patrem
559 588 736 622 appellarent.
756 587 816 616 Jam
841 590 886 624 qui
913 589 1007 617 dicunt

220 629 422 658 Melchisedeko
436 639 487 659 nec
505 633 610 660 initium
628 634 734 661 dierum
747 654 754 666 ,
771 643 821 662 nec
842 636 903 662 vitae
926 636 1005 663 linem

220 675 307 703 fuisse
321 697 328 708 ,
347 677 466 705 adducto
482 678 514 705 ad
532 679 583 706 hoc
599 679 816 707 conﬁrmandum
840 680 916 708 Pauli
941 689 1007 716 apo-

219 722 282 749 stoli
297 723 381 755 dicto,
397 723 440 750 uhi
459 725 496 751 ait
517 733 524 751 :
542 724 625 760 Cujus
642 726 732 753 diebus
744 735 790 753 nec
812 726 917 754 initium
933 728 985 762 fuit
997 748 1005 759 ,

219 777 266 795 nec
281 769 340 795 vitta
352 769 435 803 ipsius
454 771 580 797 terminus
591 771 613 803 ⁸,
627 771 718 799 locum
731 771 806 799 Pauli
820 774 934 806 apostoli
952 782 1005 801 non

218 814 380 849 intelligunt.
401 814 467 842 Nam
480 823 541 843 cum
554 816 628 848 Scm,
641 817 727 844 Noahi
740 817 820 850 ﬁlius,
831 818 1008 847 Melchisede-

218 858 283 886 kum
303 866 474 892 assumptum
492 869 507 888 a
526 863 684 895 parentibus
702 864 759 891 suis
773 864 928 897 abduxerit,
948 873 1003 892 non

219 905 380 940 inscriptum
394 911 435 934 est
448 907 517 934 libro
533 907 634 942 [sacro]
647 913 714 942 quot
728 916 815 937 annos
827 913 908 944 natas
921 916 1004 943 esset,

219 952 329 984 quando
343 959 376 978 ex
393 951 509 980 Oriente
523 954 753 987 proﬁcisceretur,
770 963 818 982 nec
836 960 904 989 quot
917 963 1006 984 annos

218 1002 298 1024 natus
314 997 385 1024 diem
407 999 516 1026 obierit.
538 999 661 1034 Cumque
680 1000 860 1028 Melchisedek
882 1002 1002 1037 69-71

219 1045 291 1070 tilius
306 1049 378 1071 esset
395 1044 515 1076 Phaleki,
530 1045 577 1072 ﬁlii
593 1046 673 1074 Eberi
687 1066 695 1077 ,
713 1047 761 1074 lilii
788 1047 916 1075 Shalechi
930 1069 937 1080 .
955 1049 1003 1075 lilii

219 1088 344 1120 liminani,
363 1090 410 1116 lilii
431 1090 708 1125 Arphacbshadi,ﬁlii
731 1092 816 1124 Semi,
842 1094 889 1120 lilii
904 1093 1003 1127 Nuahi,

218 1136 310 1163 nullus
325 1136 424 1163 horum
439 1141 557 1171 patrum,
578 1138 666 1172 ipsius
687 1144 765 1173 pater
787 1145 912 1167 vocatu.
936 1141 1005 1168 Dicit

216 1181 287 1207 enim
305 1181 406 1210 Paulus
422 1191 430 1210 :
449 1182 532 1210 Nemo
546 1183 579 1210 de
593 1185 675 1218 ipsius
699 1193 791 1219 genere
815 1187 909 1219 templo
924 1188 1004 1214 servi-

215 1225 252 1250 vit
267 1225 297 1256 ’ς
316 1233 403 1259 neque
421 1232 524 1260 patrem
545 1228 597 1261 ipsi
616 1229 684 1256 inter
698 1230 786 1257 tribus
803 1231 1002 1265 ascripserunt.

219 1269 361 1297 lllatthzcus
384 1271 456 1297 enim
484 1275 512 1299 et
539 1272 629 1300 Lucas
658 1275 841 1309 evangtlistze.
867 1277 1004 1311 principes

217 1319 322 1340 tantum
340 1315 462 1342 tribuutn
478 1317 704 1352 descripserunt;
719 1319 834 1354 ideoque
853 1330 903 1349 nec
917 1323 1003 1356 patris

216 1367 267 1386 nec
291 1361 386 1387 matris
405 1361 491 1396 ipsius
508 1371 607 1390 nomen
625 1365 751 1400 ascripsit
775 1366 874 1395 Paulus
891 1374 1002 1402 aposlo~

216 1405 268 1432 l-vs.
283 1405 341 1433 Non
355 1411 444 1434 autem
459 1409 526 1436 dicit
539 1409 639 1437 Paulus
654 1418 708 1438 non
723 1410 808 1439 fuisse
821 1413 871 1447 ipsi
886 1420 1001 1448 patrem;

214 1460 328 1485 verum,
346 1461 398 1480 non
417 1455 564 1488 ascriptum
584 1455 668 1483 fuisse
692 1457 781 1490 ipsum
802 1458 875 1485 inter
898 1461 999 1487 tribus.

1062 221 1166 249 1101111111
1188 224 1323 250 exstruxit
1351 233 1482 259 murique
1507 226 1592 252 cinxit
1612 235 1619 252 :
1636 227 1703 261 quin
1727 233 1753 255 et
1781 233 1850 256 tctu-

1060 267 1132 301 plum
1159 275 1285 302 maguum
1314 268 1340 294 in
1369 269 1494 298 llarrauo
1510 272 1649 304 condidit,
1669 272 1786 300 conflato
1814 282 1847 301 ex

1059 319 1126 339 auro
1143 313 1216 340 idolo
1235 314 1279 340 cui
1307 322 1407 342 nomen
1433 316 1481 343 Sin
1508 316 1626 348 indidit.
1648 317 1794 353 ipsumque
1820 319 1847 346 iu

1060 357 1150 385 medio
1169 359 1262 394 templi
1286 360 1402 394 positum
1418 368 1514 389 omnes
1535 361 1651 389 llarraui
1670 363 1759 390 incola
1782 365 1849 391 ado-

1060 411 1121 430 rare
1134 404 1225 438 jussit.
1248 404 1307 432 Non
1331 405 1473 433 desierunt
1499 414 1564 442 ergo
1587 399 1776 437 Ha'rraneuses
1799 417 1847 444 per

1059 455 1148 475 annos
1172 449 1369 484 quinquaginta
1398 451 1501 478 idolum
1533 452 1639 479 colere.
1656 452 1754 481 Postea
1784 462 1848 482 vero

1058 494 1123 521 Baal
1145 495 1252 527 Samin,
1273 496 1392 523 Al-lraki
1417 504 1491 531 rege.
1507 497 1617 530 Talbin,
1634 498 1783 526 Thamurm
1804 508 1849 526 re-

1058 541 1099 574 gis
1115 541 1200 568 Musal
1217 549 1330 569 uxorem
1344 562 1353 574 ,
1368 543 1542 577 depereunte,
1565 543 1672 577 fugiens
1696 552 1758 571 eum
1785 545 1844 579 ipsa

1060 586 1181 614 llarrano
1194 587 1282 622 ignem
1300 587 1395 622 injecit
1416 596 1471 622 quo
1491 589 1579 621 arsit,
1608 597 1717 624 unaque
1732 594 1760 617 et
1776 594 1846 617 tem-

1058 633 1131 667 plqu
1147 637 1174 660 et
1188 633 1301 660 idolum.
1319 633 1400 661 Anno
1426 634 1489 661 vita:
1506 634 1655 661 Abrahatui
1673 635 1844 669 quinquage-

1057 679 1128 706 simo
1155 686 1237 712 nono,
1254 683 1379 706 mortuus
1401 684 1443 706 est
1467 679 1577 707 Naehor
1602 687 1697 707 mense
1712 679 1845 708 Tammuz

1058 724 1115 758 (qui
1138 728 1179 751 est
1201 725 1282 759 Ahlb)
1302 732 1364 751 cum
1394 732 1481 752 annos
1500 725 1633 753 ducentos
1652 731 1678 752 et
1699 731 1761 753 octo
1786 727 1846 753 vix-

1058 769 1135 796 isset.
1157 770 1237 796 Auno
1259 769 1341 796 etiam
1365 770 1426 797 vita:
1452 769 1570 805 73-75
1591 772 1729 797 Abraham
1753 775 1845 798 cente-

1058 815 1127 842 simo
1142 814 1282 842 tricesimo
1300 815 1418 850 septimo
1433 815 1514 851 jussit
1541 816 1631 850 ipsum
1659 817 1729 843 Deus
1753 816 1838 844 ﬁlium

1059 859 1182 887 lsaacum
1201 865 1349 887 mactatum
1367 861 1393 888 in
1413 861 1602 889 holocaustum
1621 863 1682 896 igne
1698 870 1845 890 assumen-

1057 906 1123 934 dum
1144 906 1261 937 tradcre,
1278 915 1367 934 annos
1393 913 1448 934 tum
1474 908 1585 942 triginta
1613 912 1717 943 septem
1735 913 1842 936 natum.

1093 951 1170 984 Quod
1185 953 1207 979 si
1224 952 1324 979 dixerit
1348 953 1427 987 quis:
1451 952 1595 985 Quomodo
1612 954 1743 988 probatur
1767 954 1843 981 lsaa-

1057 1005 1119 1024 cum
1143 1004 1231 1024 annos
1255 998 1368 1032 triginta
1388 1003 1491 1032 septem
1513 999 1653 1030 habuisse.
1668 1007 1729 1026 cum
1753 999 1843 1033 ipsum

1057 1048 1178 1069 mactare
1198 1043 1224 1069 in
1248 1043 1341 1069 animo
1365 1043 1459 1070 habuit
1485 1050 1559 1079 pater
1577 1044 1675 1079 ipsius?
1700 1051 1844 1080 regeretur

1057 1088 1108 1120 illi,
1126 1088 1264 1123 peperisse
1277 1089 1364 1124 ipsum
1380 1094 1494 1117 tuatrem
1507 1089 1602 1117 Saram
1613 1091 1670 1125 jam
1687 1098 1844 1126 nouagena~

1056 1135 1136 1166 riam,
1164 1134 1355 1169 ipsamautem
1386 1135 1481 1162 audito
1500 1135 1685 1163 Abrahamum
1720 1137 1842 1164 lsaacum

1056 1180 1141 1208 lilium
1157 1189 1236 1208 suum
1259 1186 1430 1216 assumptum
1448 1181 1476 1208 in
1495 1187 1614 1210 montem
1628 1182 1792 1214 sustulisse.
1813 1187 1844 1210 ut

1055 1233 1117 1252 cum
1139 1226 1306 1259 immolaret,
1322 1234 1419 1262 magna
1441 1227 1566 1254 aﬂ'ectam
1588 1228 1700 1254 tristitia
1716 1248 1723 1260 ,
1742 1232 1769 1255 et
1787 1236 1843 1262 pra:

1055 1270 1159 1297 doloris
1185 1279 1265 1305 quem
1280 1272 1407 1306 concepit
1423 1271 1593 1299 vehementia
1611 1272 1638 1299 in
1659 1273 1783 1300 morbum
1797 1273 1842 1299 ia-

1057 1315 1172 1349 cidisse,
1187 1325 1220 1344 ex
1248 1325 1303 1352 quo
1330 1323 1436 1344 mortua
1456 1322 1508 1350 est,
1543 1324 1631 1345 annos
1649 1323 1719 1344 nata
1730 1322 1841 1344 centum

1053 1363 1148 1397 viginti
1166 1367 1290 1397 septem;
1305 1371 1417 1391 necesse
1438 1367 1480 1391 est
1499 1371 1565 1399 ergo
1586 1363 1671 1392 fuisse
1691 1369 1755 1391 tunc
1772 1369 1843 1392 tem-

1059 1408 1133 1441 poris
1153 1408 1248 1435 lsaaco
1273 1416 1361 1437 annos
1385 1409 1495 1444 triginta
1523 1414 1639 1444 septem.
1663 1410 1840 1444 Assuntptum

1053 1460 1117 1487 ergo
1135 1453 1258 1481 lsaacum
1274 1455 1358 1481 lilium
1382 1463 1461 1482 suum
1492 1463 1554 1482 cum
1575 1456 1601 1482 in
1620 1460 1739 1483 montem
1754 1456 1840 1483 adduc

214 1497 310 1529 Porro,
333 1507 405 1526 anno
426 1500 487 1526 vita:
503 1501 646 1528 Abrahami
662 1503 888 1539 quinquagesimo
916 1507 1000 1540 primo

1055 1500 1142 1527 xisset
1157 1500 1305 1533 Abraham,
1318 1500 1400 1534 lignis
1409 1507 1436 1528 et
1450 1501 1512 1536 igne
1527 1501 1577 1536 ipsi
1589 1501 1735 1535 impositis.
1749 1509 1781 1528 ac
1797 1501 1842 1528 [11-

212 1549 337 1588 mortuus
351 1549 393 1572 est
403 1545 500 1581 Sarug.
512 1554 606 1575 mense
618 1548 692 1575 Adar
705 1550 762 1584 (qui
779 1557 819 1578 est
836 1551 997 1588 Burmahat)

211 1585 275 1617 ctuti
292 1599 379 1619 annos
395 1597 532 1620 trecentos
543 1598 570 1620 et
582 1595 691 1629 triginta
707 1596 830 1623 vixisset.
847 1597 996 1625 Abraliami

212 1637 294 1662 etiam
320 1640 442 1670 tempore
466 1639 567 1666 scelera
597 1645 739 1674 patrarunt
750 1642 796 1676 qui
821 1651 883 1669 cum
909 1643 1000 1670 Lollio

211 1679 294 1707 Arani
313 1681 368 1708 ﬁlio
382 1687 469 1712 erant.
480 1684 589 1710 urbium
604 1686 709 1713 scilicet
725 1687 835 1715 Sodomi
848 1694 874 1715 et
886 1691 1000 1718 Gomor-

212 1727 388 1755 rhaaineola‘.
409 1728 529 1756 Perdidit
553 1738 618 1765 ergo
644 1731 718 1766 ipsos
736 1733 867 1762 Dominus
889 1742 999 1763 servato

216 1772 316 1801 Lotho.
333 1774 401 1801 Cum
420 1780 509 1802 autem
533 1777 633 1805 sterilis
653 1778 825 1807 esSetSarah
851 1782 998 1810 Abrahami

213 1827 283 1847 uxor
297 1821 332 1847 ita
348 1826 377 1848 ut
392 1829 444 1848 non
471 1823 639 1857 conciperet.
662 1824 801 1851 Abraham
828 1834 894 1854 vero
915 1836 996 1862 opum

212 1867 298 1899 dives,
319 1867 430 1894 tradidit
446 1867 532 1895 Sarah
559 1869 713 1897 Abrahamo
739 1873 866 1899 ancillam
884 1876 995 1902 nomine

211 1913 320 1947 "agar.
337 1921 397 1947 qum
418 1914 528 1948 gravida
547 1923 580 1942 ex
603 1916 761 1944 Ahrahatno
794 1920 866 1945 facta
891 1921 998 1954 peperit

211 1959 263 1992 ipsi
284 1959 380 1989 lilium,
395 1966 475 1992 quem
496 1959 638 1987 lsmaeleut
663 1962 824 1995 nominavit,
850 1968 914 1990 nato
941 1970 996 1992 111111

211 2004 366 2031 Abraliamo
382 2012 469 2032 annos
500 2006 638 2040 octoginta
655 2014 712 2033 sex.
727 2008 856 2041 Cumque
878 2009 932 2042 jam
949 2018 999 2036 an—

211 2057 262 2076 nos
276 2050 424 2084 nonaginta
441 2058 538 2077 novem
559 2052 705 2084 attingeret
723 2052 860 2079 Abraham
878 2054 998 2081 circunh

210 2097 285 2123 cisus
301 2100 353 2129 est,
370 2097 510 2131 liliumque
525 2105 604 2124 suum
623 2096 776 2130 lsmaelem,
793 2108 926 2126 annorum
940 2101 996 2135 jam

211 2141 354 2173 tredecim,
368 2143 548 2170 circumcidit.
564 2143 632 2170 Cum
651 2149 741 2170 autem
763 2145 841 2178 plene
860 2145 915 2180 jam
936 2154 999 2173 ceu-

1059 1554 1093 1573 ue
1105 1546 1263 1581 colligatum
1277 1550 1306 1573 et
1324 1554 1405 1581 super
1423 1546 1494 1580 ligna
1514 1547 1691 1579 collocatum,
1709 1555 1840 1581 procum-

1050 1591 1235 1619 berelecisset
1247 1595 1276 1618 ut
1295 1591 1382 1626 ipsum
1405 1597 1555 1623 mactaret,
1570 1593 1727 1620 inclamavit
1743 1600 1759 1620 e
1780 1599 1838 1620 εω·

1050 1637 1076 1663 lo
1089 1637 1218 1672 angelus:
1237 1637 1311 1664 lleus
1328 1637 1476 1670 Abraham,
1494 1638 1577 1665 tiliuzu
1596 1643 1671 1665 tuum
1681 1638 1839 1672 nejugulcs:

1051 1683 1210 1716 patientiam
1226 1683 1298 1710 enim
1311 1687 1337 1710 et
1352 1683 1534 1711 obedientiam
1554 1689 1628 1710 tuam
1643 1685 1759 1718 experti,
1777 1684 1841 1710 iuti-

1051 1737 1164 1763 mosque
1175 1729 1260 1756 anitni
1276 1729 1388 1756 aﬂ‘ectus
1399 1730 1550 1764 explorati,
1566 1730 1667 1764 ipsum,
1682 1731 1720 1757 tui
1735 1729 1840 1757 tuiserti

1049 1774 1225 1801 redemimus.
1248 1774 1340 1802 Ariete
1369 1783 1433 1809 ergo
1458 1783 1556 1810 magno
1575 1775 1696 1802 lsaacum
1721 1775 1839 1802 redemit

1050 1818 1190 1846 Dominus.
1207 1819 1274 1846 Sara
1301 1826 1410 1853 autem,
1427 1821 1520 1847 audito
1540 1820 1741 1852 Abrahamum,
1764 1820 1840 1847 151111-

1051 1872 1113 1892 cum
1129 1872 1298 1899 assumptum
1314 1866 1340 1892 in
1356 1871 1474 1893 montem
1489 1867 1663 1894 tuaetaudnm
1677 1867 1837 1899 abduxisse,

1050 1911 1208 1938 exclamans
1222 1931 1229 1943 ,
1243 1916 1325 1945 atque
1336 1911 1451 1945 eiulans,
1469 1919 1525 1946 prae
1542 1919 1657 1944 summa,
1673 1921 1727 1947 qua
1741 1912 1836 1940 aﬂecta

1049 1963 1099 1990 est,
1110 1957 1220 1984 tristitia
1230 1958 1324 1985 morbo
1334 1958 1388 1993 76
1397 1963 1535 1992 correpta,
1543 1959 1636 1986 eodem
1645 1967 1717 1986 anno
1729 1964 1834 1986 mortua

1050 2008 1101 2036 est,
1121 2012 1182 2030 cum
1206 2011 1294 2031 annos
1319 2008 1429 2031 centum
1459 2005 1555 2039 viginti
1582 2010 1685 2039 septem
1709 2005 1835 2032 vixisset.

1051 2049 1186 2083 Duxitque
1204 2049 1351 2081 Abraham,
1370 2055 1432 2083 post
1452 2055 1566 2076 tnortem
1583 2050 1670 2082 Sane,
1688 2051 1830 2077 mulierem

1054 2096 1166 2122 nomine
1183 2095 1316 2127 Keturalt,
1328 2094 1438 2122 Bactari
1462 2096 1534 2130 regis
1555 2095 1657 2123 “abba;
1671 2097 1762 2130 ﬁliam;
1777 2105 1836 2131 quae

1052 2142 1101 2176 ipsi
1124 2143 1194 2169 ﬁlios
1212 2142 1304 2177 plures
1319 2144 1512 2176 peperit,quos
1526 2142 1626 2169 viatico
1641 2143 1790 2170 instructos
1802 2143 1836 2170 ab

210 2187 333 2214 lemnius
347 2168 425 2215 esse:
438 2188 588 2221 Abraham,
608 2190 710 2223 peperit
723 2168 776 2224 ipsri
793 2168 929 2226 "xm-'72
945 2194 997 2220 sa-
1013 2168 1037 2197 Β
1053 2188 1135 2214 Isaaci
1154 2189 1298 2222 praesentia
1320 2188 1420 2221 abegit.
1443 2187 1542 2214 Totum
1559 2193 1649 2215 autem
1675 2188 1748 2223 quod
1770 2188 1837 2216 vixit

210 2234 259 2260 rah
282 2243 396 2268 puerum
411 2243 491 2268 quem
516 2235 639 2263 lsaaenm
659 2237 813 2271 appellavit,
829 2238 914 2266 Sarait
938 2244 995 2267 tum

209 2281 403 2314 unnageuaria.
424 2281 457 2308 Et
477 2282 658 2310 circumcisus
678 2288 721 2310 est
739 2283 813 2312 Isaac
828 2286 872 2312 die
885 2293 898 2312 a
917 2292 994 2321 partu

208 2335 232 2353 111
245 2331 317 2354 tavo.
333 2327 419 2354 Sarali
440 2332 531 2354 autem
550 2336 612 2355 cum
625 2329 680 2363 jam
696 2329 819 2357 lsaacum
836 2333 995 2366 peperisset,

208 2373 277 2400 dixit
299 2373 455 2400 Abrahamo
483 2382 491 2400 :
511 2373 584 2408 Ejice
609 2382 624 2402 e
647 2380 795 2411 conspectu
821 2385 882 2404 meo
909 2377 998 2412 111111111-

204 2426 268 2446 cam
291 2420 347 2446 lilio
363 2419 486 2448 lsmaele.
508 2420 645 2448 Abraham
668 2430 734 2457 ergo
757 2422 841 2450 ﬁlium
861 2431 941 2451 suutn
959 2423 998 2451 ls-

207 2465 322 2493 maelem
335 2466 433 2500 opibus
447 2469 473 2492 et
486 2467 588 2493 viatico
605 2468 769 2494 instructum
787 2476 840 2495 una
856 2476 918 2496 cum
937 2476 1006 2496 nta-‘

206 2515 250 2538 tre
268 2518 319 2538 sua
334 2511 440 2546 expulit
455 2511 482 2537 in
497 2515 597 2538 terram
621 2511 740 2539 Yathreh
755 2517 781 2540 et
795 2513 898 2540 Yaman
912 2535 919 2546 ,
937 2513 983 2540 ubi

206 2557 340 2585 habitavit
353 2563 390 2591 et,
403 2566 487 2586 uxore
499 2559 593 2591 ducta,
602 2558 670 2586 tilios
677 2559 778 2594 genuit.
791 2559 888 2586 Totum
904 2566 994 2587 auiem

206 2603 277 2637 quod
293 2603 360 2631 vixit
376 2604 474 2631 lsmael
501 2612 635 2632 annorum
660 2609 719 2632 erat
744 2609 852 2632 centum
880 2604 992 2639 triginta

205 2655 321 2684 septem.
343 2651 437 2683 Porro,
457 2655 580 2686 tempore
605 2652 753 2679 Ahrahami
770 2651 820 2679 fuit
837 2651 863 2678 in
880 2650 993 2678 Oriente

207 2701 253 2720 rex
272 2696 384 2722 nomine
398 2695 497 2730 Cyrus,
517 2696 555 2723 illi
574 2696 619 2729 qui
645 2696 792 2729 Somaisat,
810 2695 950 2723 Claudiam
967 2700 994 2723 et

205 2741 237 2767 .Al
253 2741 312 2768 lrak
329 2742 452 2770 condidit
468 2750 474 2769 :
489 2742 550 2777 ejus
565 2743 646 2771 ctiam
664 2743 762 2771 diebus
777 2742 902 2779 regnavit
920 2742 993 2770 Cha-

243 2831 252 2846 ³
267 2829 351 2855 lli-br.
369 2829 457 2858 1·11.ὖ.
498 2831 506 2844 ⁵
523 2830 590 2857 ibid.
607 2832 632 2857 b'.

1052 2234 1200 2264 Abraham,
1221 2234 1282 2260 1111111
1299 2238 1362 2260 sunt
1377 2238 1486 2261 centum
1514 2235 1686 2268 septuaginta
1704 2234 1836 2268 quinque.

1051 2278 1135 2305 Porro
1158 2287 1230 2305 anno
1247 2279 1403 2306 \iiazlsaaci
1429 2279 1569 2306 triCesimo
1590 2279 1686 2313 quinto
1711 2284 1837 2307 mortuus

1049 2330 1090 2350 cst
1104 2324 1298 2351 'l‘arabtut-nse
1321 2324 1368 2350 llul
1382 2343 1389 2354 ,
1410 2324 1531 2358 (quiest
1555 2323 1640 2357 Tut,)
1662 2331 1724 2350 cum
1749 2331 1838 2351 annos

1049 2370 1184 2397 ducentos
1196 2373 1222 2396 et
1237 2369 1358 2403 quinque
1376 2369 1500 2398 vixisset.
1518 2374 1545 2396 et
1570 2369 1596 2395 in
1618 2369 1724 2395 llarrau
1740 2369 1832 2403 sepul-

1049 2420 1105 2442 tus.
1132 2415 1209 2442 lsaac
1234 2420 1325 2442 antem
1349 2415 1583 2449 quailragenarius
1609 2422 1721 2441 uxorem
1745 2414 1834 2447 duxit,

1048 2461 1091 2487 cui
1107 2467 1205 2487 nomen
1216 2460 1349 2492 Rebecca,
1363 2460 1444 2487 tiliam
1460 2459 1611 2490 Bathuelis.
1629 2459 1675 2486 ﬁlii
1688 2459 1836 2490 Nachoris.

1048 2507 1142 2535 fratris
1156 2507 1317 2535 Abrahami.
1343 2507 1424 2534 Anno
1437 2514 1500 2533 vero
1516 2509 1577 2533 vita:
1594 2506 1680 2533 lsaaci
1696 2507 1837 2541 sexagesi-

1049 2561 1094 2581 mo
1112 2553 1254 2588 gravidata
1272 2560 1340 2580 uxor
1353 2552 1439 2586 ipsius
1456 2551 1588 2586 Rebecca,
1603 2551 1794 2586 angustiisque
1809 2554 1837 2578 et

1049 2600 1143 2628 dolore
1157 2607 1252 2634 preSSa
1270 2607 1332 2627 cum
1348 2597 1594 2626 Melchisedechum
1622 2597 1747 2630 adiisset,
1759 2605 1836 2624 com-

1049 2650 1177 2681 precatus
1190 2645 1253 2680 ipsi,
1266 2645 1335 2672 dixit
1347 2645 1409 2672 ille:
1425 2644 1484 2671 Duo
1507 2647 1573 2671 sunt
1588 2643 1614 2670 in
1632 2648 1710 2670 utero
1723 2648 1771 2670 tuo
1786 2651 1836 2677 po-

1051 2693 1117 2728 puli,
1139 2693 1262 2727 duasque
1275 2693 1396 2726 paritura
1408 2699 1438 2720 es
1456 2692 1555 2722 tribus.
1583 2690 1669 2725 major
1680 2695 1771 2718 autem
1782 2689 1835 2717 mi-

1049 2740 1110 2768 nori
1133 2740 1306 2775 subjicietur.
1324 2739 1431 2774 Peperit
1452 2746 1517 2774 ergo
1540 2737 1664 2766 Rebecca
1686 2744 1741 2764 uno
1756 2740 1836 2771 partu
