2015 3081
163 134 216 166 925

881 135 1065 166 ANNALES.

1735 137 1792 170 920

166 191 311 227 gemellos;
327 199 442 225 quorum
459 191 575 226 primum
588 190 732 226 appellavit
746 190 821 218 Isaac
837 189 949 222 Esanm;
965 193 987 221 Α
1002 191 1056 227 s3
1079 191 1158 219 Mane
1169 198 1234 226 ergo
1257 191 1326 220 dixit
1339 191 1424 220 Iacob
1436 189 1572 220 avunculo
1590 198 1641 220 suo
1656 201 1658 204 ·
1680 192 1791 227 Septem

163 236 328 268 secundum,
341 235 483 268 Iacobum,
493 236 537 262 cui
555 235 618 262 ideo
629 235 723 262 Jacobi
741 242 840 262 nomen
851 235 951 262 indidit

166 282 238 317 quod
252 290 314 311 cum
328 291 360 310 ex
382 287 459 310 tttero
485 287 608 310 materno
624 282 755 317 prodiret,
767 289 848 308 manu
866 281 950 308 Esaui

163 327 323 354 careaneum
346 328 462 354 teneret.
492 326 576 354 Ροιϊο
602 325 679 353 Isaac
705 326 805 354 Esanm
837 325 951 357 amavit,

164 372 290 400 Rebecca
310 380 374 400 vero
390 372 534 399 Iacobum.
557 372 620 399 Fuit
649 376 738 400 autem
763 372 834 399 Esau
860 372 952 399 hirsu-

164 425 221 453 tus,
234 420 351 454 pilosus,
380 419 536 446 subolidus.
549 419 643 446 jEtate
658 426 722 445 vero
734 419 789 453 jam
805 423 950 452 provectus

164 466 239 494 Isaac
254 466 310 493 tilio
338 473 389 493 suo
415 465 506 493 Esauo
530 465 665 493 accersito
680 465 766 492 dixit:
790 465 882 493 Armis
896 464 950 492 tuis

164 513 328 546 assumptis,
351 512 378 538 in
394 519 521 546 campum
533 518 695 546 progressus
714 509 838 546 77-79
853 517 954 537 venare

163 557 230 584 mihi
242 557 360 592 praedam
378 565 394 584 e
406 565 459 592 qua
475 557 566 584 cibum
585 557 650 583 mihi
664 564 744 591 pares
760 563 841 591 quem
857 563 951 583 come-

163 603 242 633 dens.
259 603 308 630 tibi
323 607 467 637 antequam
482 603 584 629 moriar
607 601 780 629 bencdicam.
795 601 870 634 Quod
886 608 950 628 cum

164 648 312 676 audivisset
334 648 470 680 Rebecca,
493 651 634 682 acceptum
649 647 781 675 Iacobum
799 647 881 674 Esaui
905 654 951 674 ve-

162 696 252 723 stibus
265 695 363 730 induit,
385 695 510 730 haedique
530 695 598 730 pelle
612 695 747 729 prehensa
772 699 876 728 partem
892 694 953 727 ejus

164 742 280 775 pectori,
301 741 438 773 humeris,
456 745 483 768 et
500 741 620 768 brachiis
634 741 722 775 ipsius
737 739 955 774 snperimposuit

163 793 315 823 paratoque
329 788 391 815 cibo
404 788 472 814 dixit
485 787 553 821 ipsi:
568 788 605 814 Ad
619 791 724 821 patrem
740 792 815 814 tuum
828 786 952 814 isaacum

162 833 307 868 ingressus
328 833 420 860 diras:
444 833 499 867 Ego
522 840 584 860 sum
609 831 681 859 Esau
706 831 779 859 [ilius
799 836 873 865 tuus,
899 839 954 867 quo

163 879 212 906 tibi
231 884 295 906 ante
313 883 427 905 mortctn
447 886 524 905 suam
543 878 697 905 benedicat.

199 925 323 959 Ingresso
336 932 401 959 ergo
417 925 448 951 ad
462 925 583 951 laaacum
594 923 708 957 Iacobo,
720 924 788 951 dixit
803 923 854 958 ipsi
865 924 952 951 lsaac:

163 971 286 998 Accedas
301 971 334 997 ad
353 979 407 997 me.
424 970 662 1004 Aecedentémque
674 978 735 996 cum
755 974 954 998 contrectasset

163 1017 250 1044 dixit:
274 1017 373 1044 Sermo
390 1021 463 1043 certe
480 1015 575 1043 Jacobi
594 1023 685 1043 sermo
702 1020 754 1047 est,
771 1022 797 1042 at
811 1022 953 1043 contac'us

163 1062 246 1089 Esaui
260 1065 414 1089 contactus.
426 1061 577 1088 Comedens
589 1069 656 1095 ergo
669 1061 742 1088 Isaac
757 1059 860 1088 Iacobo
871 1062 955 1088 διεπτ-

164 1108 371 1141 dixit,eumqne
390 1107 467 1134 fratri
486 1115 537 1134 suo
552 1107 704 1141 principem
718 1107 872 1134 constituit.
882 1106 952 1134 Tum

163 1160 291 1181 reversus
308 1153 378 1180 Esau
398 1161 413 1180 a
428 1157 529 1180 venatu
548 1153 653 1187 paravit
670 1153 752 1180 etiam
765 1153 856 1180 cibum
871 1160 952 1188 quem

164 1199 235 1233 patri
259 1207 309 1226 suo
329 1199 422 1226 lsaaco
445 1198 555 1226 obtulit.
578 1198 630 1225 Cui
660 1199 729 1226 dixit
750 1202 827 1233 pater
844 1198 952 1233 ipsius:

165 1243 233 1276 Quis
257 1248 299 1271 est
322 1251 369 1278 qut
393 1250 419 1271 te
435 1244 564 1278 praevenit
588 1247 618 1270 ιιι
641 1243 858 1271 benedictionem
882 1244 953 1270 acci-

165 1290 258 1324 peret?
271 1290 352 1317 Flens
362 1297 427 1323 ergo
440 1289 529 1317 Esau:
545 1289 611 1317 Omi
629 1295 715 1324 pater,
739 1289 838 1323 inquit,
861 1297 951 1315 annon

164 1335 267 1362 esttibi
287 1339 385 1370 praeter
400 1342 481 1362 unam
499 1333 738 1362 benedictionem?
763 1333 836 1361 Dixit
857 1333 951 1361 Isaac:

165 1379 232 1407 Eum
245 1381 294 1407 tibi
307 1380 456 1415 principem
473 1380 612 1412 constituiI
641 1385 668 1407 et
683 1379 749 1413 quid
766 1379 814 1406 tibi
835 1379 954 1407 faciam?

165 1426 323 1453 Accedente
346 1430 438 1453 autem
460 1425 564 1457 Esauo,
583 1425 723 1452 benedixit
742 1425 794 1460 ipsi
820 1424 907 1458 Isaac,
925 1429 953 1452 at

163 1471 295 1499 Iacobum
309 1472 360 1506 ipsi
386 1471 535 1506 principem
558 1471 718 1503 constituit;
746 1479 832 1506 quare
861 1471 954 1498 animo

1003 245 1090 264 annos
1103 237 1150 264 tibi
1163 238 1246 265 sevivi
1256 243 1281 265 ut
1295 238 1361 265 mihi
1374 238 1517 266 Rachelcm
1529 237 1556 265 in
1570 245 1680 266 uxorem
1693 238 1789 270 dares:

1003 283 1140 316 quomodo
1151 290 1215 318 ergo
1231 283 1263 310 ad
1279 291 1321 310 me
1341 290 1462 310 sororem
1491 283 1550 316 eius
1568 282 1649 310 Leam
1665 284 1792 310 intromi-

1005 328 1086 355 sisli'!
1104 327 1254 363 Respondit
1268 329 1307 356 illi
1322 328 1433 356 Laban:
1460 328 1487 355 Si
1502 329 1567 355 mihi
1583 336 1668 356 annos
1687 333 1790 363 septem

1002 372 1073 399 alios
1089 372 1278 405 iuserviveris,
1298 373 1380 400 etiam
1395 374 1542 400 Racltclcm
1556 373 1603 400 tilii
1621 373 1702 400 dabo.
1727 374 1792 407 Sep-

1004 423 1058 445 tcm
1068 426 1134 453 ergo
1150 426 1237 446 annos
1253 419 1322 446 alios
1339 427 1402 446 cum
1416 419 1464 452 ipsi
1480 419 1633 451 scrviissct,
1644 419 1789 446 Rachelem

1004 465 1055 500 ipsi
1075 473 1187 492 uxorem
1208 465 1293 497 dedit,
1307 469 1387 500 atque
1401 466 1437 492 ita
1455 466 1522 492 duas
1541 465 1619 492 duxit
1635 472 1752 492 sorores.

1040 511 1147 546 Peperit
1163 516 1254 539 autem
1269 511 1322 539 Lca
1335 512 1447 544 Iacobo,
1460 512 1610 542 lluhenem,
1622 510 1790 543 Simeonem,

1006 558 1109 591 Levim,
1126 558 1236 590 Iudam.
1250 559 1435 591 lssacharum,
1454 559 1633 589 Zabulonem,
1646 565 1708 585 cum
1721 565 1791 584 nono

1004 602 1068 630 dum
1086 606 1235 638 peperisset
1253 604 1362 632 Rachel.
1387 603 1457 631 Dixit
1472 612 1536 637 ergo
1552 602 1652 630 Rachel
1672 601 1790 630 Iacobo:

1005 650 1131 684 Accipias
1146 651 1272 677 ancillam
1289 657 1376 677 meam
1394 651 1511 681 Bilham.
1533 654 1572 682 ut,
1586 649 1631 676 illa
1644 656 1676 676 ex
1691 653 1716 676 te
1731 655 1792 683 gra-

1007 695 1067 721 vida
1088 695 1173 728 facta,
1191 696 1227 723 sit
1241 695 1308 723 mihi
1325 695 1425 730 proles.
1441 695 1549 730 Peperit
1567 695 1648 730 igitur
1661 694 1726 721 Billa
1738 693 1792 721 Ra—

1005 742 1093 770 clielis
1113 742 1214 769 ancilla
1235 742 1338 770 Iacobo
1359 750 1459 777 pueros
1485 743 1565 774 duos,
1585 741 1641 768 Dan
1658 743 1685 767 et
1699 740 1792 774 Naplt-

1008 787 1094 820 Ialim;
1113 792 1168 814 tum
1183 787 1254 814 dixit
1266 787 1319 815 Lea
1332 787 1445 815 Iacobo:
1461 787 1534 822 Cape
1552 787 1634 814 etiam
1661 785 1791 813 ancillam

1006 839 1092 859 meam
1107 837 1137 860 ut
1151 833 1196 860 illa
1212 840 1245 859 ex
1273 837 1299 860 te
1311 833 1482 868 concipiente
1498 833 1553 861 sin'.
1569 831 1637 858 mihi
1656 831 1728 858 ultra
1744 838 1794 858 na-

1006 881 1049 904 tos
1065 885 1140 905 meos
1154 878 1222 910 nati,
1247 876 1356 913 Peperit
1377 886 1443 913 ergo
1467 878 1549 905 etiam
1574 877 1669 912 Zilpha
1693 876 1793 904 ancilla

1005 922 1067 950 Lean
1083 924 1152 950 duos
1162 922 1264 951 Iacobo
1277 924 1356 956 ﬁlios,
1373 923 1430 951 Gad
1442 928 1469 951 et
1481 923 1582 951 Ashcr.
1594 922 1719 949 Posthac
1733 929 1795 956 gra-

1006 969 1095 995 vidata
1119 968 1219 996 Rachel
1244 970 1349 1003 peperit
1373 969 1522 1004 Iosephum
1544 973 1570 996 et
1591 968 1792 1002 Benjaminum,

1005 1013 1130 1047 Suntque
1141 1014 1185 1041 isti
1198 1015 1339 1042 duodecim
1350 1014 1441 1042 Iarohl
1452 1015 1509 1046 ﬁlii,
1523 1022 1538 1041 e
1549 1014 1647 1048 quibus
1668 1013 1721 1040 orti
1732 1017 1796 1040 sunt

1005 1067 1101 1086 omnes
1115 1059 1160 1086 lilii
1174 1060 1293 1088 Israelis.
1307 1060 1375 1087 Tum
1396 1067 1522 1087 reversus
1538 1063 1580 1087 est
1596 1058 1681 1086 Iacob
1699 1058 1727 1086 in
1740 1063 1796 1085 ter-

1006 1106 1208 1139 ramCllanaan;
1222 1104 1349 1134 lsraelem
1363 1113 1451 1134 autem
1462 1106 1700 1141 ipsumappellavit
1712 1105 1795 1132 Deus.

1006 1153 1083 1186 Anno
1093 1152 1186 1180 Jacobi
1202 1153 1370 1188 octogesimo
1379 1155 1494 1187 septimo
1507 1153 1610 1187 peperit
1623 1152 1675 1180 Lea
1688 1151 1794 1183 Levim.

1005 1199 1115 1225 tert'um
1147 1198 1233 1232 ipsius
1254 1198 1350 1226 filium.
1377 1198 1464 1226 Porro
1489 1199 1658 1233 descriptum
1672 1203 1714 1225 est
1728 1202 1797 1225 tem-

1005 1251 1056 1278 pus
1072 1244 1127 1271 nati
1143 1243 1206 1270 Levi
1227 1251 1283 1278 pra!
1310 1246 1415 1272 caeteris
1442 1245 1587 1276 fratribus.
1614 1253 1646 1272 eo
1668 1244 1742 1280 quod
1761 1252 1796 1271 ex

1006 1288 1094 1322 ipsius
1113 1289 1198 1323 stirpe
1222 1289 1305 1317 fuerit
1330 1289 1429 1317 Moses.
1453 1289 1620 1317 Prosecutus
1647 1294 1688 1318 est
1703 1294 1795 1317 autem

1004 1334 1088 1363 Iacob
1114 1335 1265 1370 Iosephum
1293 1343 1386 1364 amore
1412 1335 1578 1368 vehementi,
1601 1335 1657 1371 84
1676 1343 1794 1370 eumque

1006 1381 1138 1409 fratribus
1157 1382 1214 1409 suis
1228 1382 1359 1416 prmtulit,
1387 1382 1460 1409 unde
1481 1382 1519 1408 illi
1536 1381 1638 1408 invidia
1657 1381 1684 1408 in
1700 1382 1790 1416 ipsum

1005 1428 1134 1455 commoti
1153 1427 1186 1455 de
1203 1428 1262 1462 ipso
1273 1428 1386 1456 antedio
1403 1428 1522 1455 tollendo
1544 1428 1710 1462 cogitarunt.
1724 1427 1793 1454 Dum

1007 1474 1089 1508 igitur
1107 1474 1157 1508 ipsi
1178 1481 1243 1501 ores
1259 1482 1324 1502 suas
1344 1478 1371 1502 et
1399 1475 1519 1502 camelos
1538 1479 1694 1509 pascereut,
1727 1481 1792 1501 ecce

164 1517 262 1544 statuit
284 1517 355 1543 Esau
375 1516 510 1543 Iacobum
526 1516 689 1543 interlicere.
705 1515 817 1551 Aufugit
832 1523 897 1551 ergo
910 1514 951 1543 Ia-
967 1519 989 1548 c
1008 1518 1115 1545 lransiit
1142 1517 1219 1553 juxta
1243 1519 1316 1552 ipsos
1346 1525 1528 1546 mercatormn
1553 1518 1795 1554 Madayenitarum

164 1563 250 1590 cobus
265 1570 281 1590 a
296 1562 378 1590 fratre
393 1570 443 1590 suo
453 1562 542 1590 Esauo
557 1562 724 1596 Harranum,
740 1563 772 1589 ad
788 1563 953 1589 avunculum

165 1617 244 1636 suum
259 1608 412 1636 Labanum.
427 1607 513 1635 Porro
530 1611 654 1642 tempore
667 1606 750 1634 lsaaci
761 1627 768 1639 ,
788 1608 897 1634 condita
915 1612 956 1635 est

165 1653 289 1685 Iericho,
307 1653 514 1680 exstruentibus
529 1653 616 1687 ipsam
638 1657 742 1686 septem
761 1652 873 1686 regibus
889 1660 955 1685 quo-

164 1709 226 1728 rttm
240 1700 427 1734 Unusquisque
447 1698 503 1734 80
517 1706 624 1725 mttrum
644 1697 683 1725 illi
705 1698 851 1725 exstruxit.
877 1699 956 1724 Anno

166 1751 256 1774 autem
271 1747 332 1773 vitae
347 1745 432 1772 lsaaci
445 1744 648 1779 septuagesimo
666 1743 763 1777 quinto
779 1747 903 1770 mortuus
914 1746 956 1770 est

166 1793 301 1820 Abraham
311 1798 405 1818 mense
420 1789 502 1817 Nisan
516 1788 622 1823 (quiest
633 1787 800 1821 Barmudah)
813 1787 853 1823 [at
866 1787 893 1815 in
902 1787 957 1814 alio

166 1837 314 1872 exemplari
331 1837 438 1871 legitur,
469 1843 562 1862 mense
586 1834 681 1866 Adar,
711 1826 823 1868 qui‘est
845 1833 956 1860 Borma-

167 1882 230 1918 hatj
249 1891 310 1910 cum
332 1882 446 1909 vixisset
464 1889 552 1908 annos
568 1885 678 1907 centum
691 1880 863 1914 septuaginta
875 1879 957 1913 quin-

167 1936 232 1963 que.
255 1930 334 1956 Anno
354 1927 417 1954 vita).
444 1926 527 1954 lsaaci
551 1925 702 1953 centesimo
726 1925 859 1953 vicesimo
876 1925 956 1952 tertio

169 1979 293 2002 mortuus
309 1978 353 2002 est
365 1973 471 2005 lsmael,
489 1980 583 2000 mense
597 1972 682 1999 Nisan
703 1971 770 2006 (qui
785 1975 829 1998 est
843 1971 957 1997 Barmu-

168 2021 237 2056 dah)
259 2028 322 2048 cum
346 2020 460 2047 vixisset
479 2026 567 2047 annos
587 2022 696 2045 centum
717 2017 824 2052 triginta
839 2021 956 2051 septem.

169 2066 267 2094 Totmn
285 2072 375 2093 autem
392 2065 465 2100 quod
479 2065 546 2092 vixit
560 2065 636 2092 lsaac
652 2063 716 2091 anni
730 2067 794 2091 sunt
809 2067 918 2090 centum
930 2065 958 2089 et.

168 2112 318 2147 octoginta.
353 2111 425 2138 Esau
445 2118 533 2138 annos
566 2114 648 2138 natus
679 2109 860 2144 quadraginta
889 2115 958 2134 uxo-

169 2166 226 2186 rem
250 2158 327 2186 duxit
348 2167 363 2185 e
383 2158 491 2186 ﬁliabus
505 2158 593 2192 patrui
619 2157 661 2184 sui
683 2156 818 2186 lsmaelis,
847 2155 958 2182 nomine

1007 1563 1069 1598 (qui
1098 1563 1238 1591 lsmaeliiae
1263 1570 1337 1597 sunt,
1351 1569 1378 1591 et
1397 1564 1541 1600 Arabes),
1556 1572 1673 1598 quorum
1692 1571 1797 1591 merces

1007 1613 1085 1636 erant
1096 1617 1179 1637 nuccs
1193 1609 1289 1644 pineae.
1301 1610 1502 1641 terebinthinae,
1515 1615 1542 1636 et
1556 1610 1657 1640 oleum.
1671 1609 1696 1636 in
1712 1607 1796 1644 [Egy—

1007 1660 1083 1690 ptum
1100 1655 1269 1683 tendentium
1287 1660 1410 1688 caterva,
1430 1657 1529 1690 quibus
1545 1656 1708 1690 prehensum
1717 1654 1796 1683 Iose-

1007 1701 1090 1736 phum
1107 1701 1292 1729 vendiderunt
1318 1700 1417 1728 fratres
1443 1701 1528 1735 ipsius
1544 1701 1639 1735 viginti
1664 1700 1794 1731 nummis,

1008 1753 1095 1773 annos
1118 1751 1211 1774 natum
1232 1747 1438 1781 septemdecim.
1450 1746 1518 1773 Tum
1548 1750 1660 1780 accepto
1683 1744 1794 1779 Iosephi

1008 1792 1117 1820 indusio
1132 1792 1302 1827 manicisque
1322 1794 1384 1828 ejus
1416 1793 1548 1827 sanguine
1562 1792 1697 1827 impletis,
1718 1791 1796 1818 dixe-

1008 1842 1072 1864 runt
1085 1836 1189 1865 Iacobo
1201 1846 1208 1864 τ
1232 1837 1528 1872 ltevoravitIosephum
1537 1837 1629 1873 lupus.
1647 1836 1797 1872 Iosephum

1009 1887 1098 1910 autem
1113 1883 1140 1910 in
1156 1882 1304 1919 [Egyptum
1327 1891 1342 1910 a
1366 1884 1565 1911 mercatoribus
1590 1884 1738 1911 abductum
1763 1884 1797 1910 ab

1009 1928 1063 1956 illis
1084 1929 1151 1956 emit
1166 1929 1318 1956 Pharaonls
1341 1936 1458 1960 servus,
1485 1929 1634 1956 satellitum
1656 1929 1797 1964 princeps:

1009 1974 1088 2009 cujus
1105 1982 1173 2002 uxor
1185 1982 1246 2002 cum
1262 1974 1336 2001 illum
1353 1974 1499 2010 deperiret,
1514 1977 1547 2002 ab
1564 1982 1594 2002 ea
1614 1982 1644 2003 se
1661 1974 1798 2007 cohibuit;

1009 2028 1095 2056 quare
1108 2021 1153 2048 illa
1167 2021 1200 2048 de
1215 2021 1274 2055 ipso
1283 2021 1352 2054 apud
1365 2021 1493 2048 maritum
1511 2029 1591 2048 suum
1606 2021 1718 2047 mentita
1734 2028 1796 2047 cmn

1014 2067 1133 2094 diceret:
1151 2066 1223 2094 Puer
1235 2067 1287 2093 iste
1306 2065 1435 2093 Hebraeus
1451 2074 1492 2093 me
1513 2067 1600 2101 petiit.
1616 2066 1734 2100 conjecit
1754 2066 1799 2093 ille

1010 2113 1099 2148 ipsum
1118 2113 1145 2139 in
1165 2119 1313 2140 carcerem.
1337 2114 1416 2140 Anno
1437 2111 1531 2140 Jacobi
1553 2113 1706 2140 centesimo
1725 2112 1798 2139 vice-

1011 2158 1084 2185 simo
1109 2157 1176 2184 obiit
1197 2157 1273 2184 Isaac
1297 2165 1392 2185 mense
1408 2157 1491 2193 Aiyar
1509 2157 1574 2192 (qui
1599 2162 1640 2185 cst
1657 2157 1798 2190 Bashnes)

168 2206 301 2238 Naltalat,
321 2212 381 2239 quae
399 2205 468 2231 ﬂlios
486 2204 536 2239 ipsi
553 2203 728 2238 quamplures
741 2203 855 2237 peperit.
874 2201 955 2228 Duxit
974 2200 995 2228 D
1011 2211 1072 2230 cum
1091 2210 1178 2230 annos
1190 2207 1300 2230 centum
1316 2207 1343 2229 et
1359 2203 1498 2238 octoginta
1516 2202 1640 2230 vixisset.
1658 2203 1736 2230 Anno
1750 2210 1800 2229 au-

169 2252 250 2279 ctiam
278 2260 293 2279 e
324 2251 432 2279 filiabus
459 2251 571 2278 Canaan
598 2250 727 2276 feminam
754 2248 865 2276 nomine
888 2247 956 2279 Atla,

169 2298 252 2325 filiam
275 2298 341 2325 Elon
360 2297 469 2325 Hittmi:
495 2305 546 2324 nec
565 2305 617 2324 non
638 2305 653 2323 e
673 2295 780 2323 filiabus
798 2294 956 2322 Grzccornm

170 2346 242 2372 unde
258 2345 295 2372 illi
311 2345 382 2372 inter
395 2345 470 2379 ipsos
484 2344 640 2378 progenies.
657 2342 803 2376 Progenies
819 2347 908 2368 autem
916 2343 958 2368 est

171 2391 210 2419 illi
223 2392 446 2425 capiesiorquam
465 2395 493 2417 ut
506 2389 642 2416 numerari
660 2389 756 2423 possit.
775 2387 843 2415 Sunt
860 2395 875 2414 e
888 2387 957 2414 stir-

171 2446 204 2472 pe
217 2438 278 2472 ejus
297 2437 454 2464 Amalekitze
469 2442 496 2463 et
514 2435 614 2462 Komi.
641 2434 796 2468 'Totumque
817 2433 891 2467 quod
913 2432 956 2459 vi-

171 2485 211 2512 xit
222 2484 292 2511 Esau
303 2491 436 2511 annorum
451 2487 511 2511 erat
519 2486 630 2509 centum
643 2480 738 2515 viginti
754 2487 862 2507 novem.
873 2479 958 2506 Iacob

170 2537 235 2556 vero
259 2529 292 2556 ad
307 2529 472 2556 avunculum
493 2535 573 2555 suum
586 2525 679 2553 Laban
693 2525 845 2552 llarranum
860 2532 957 2559 perve-

171 2575 213 2603 nit
226 2596 232 2608 ,
247 2576 291 2603 cui
312 2576 383 2602 bitiae
397 2578 475 2602 erant
500 2573 571 2605 tiliae,
587 2579 703 2608 quarum
719 2575 784 2598 natu
797 2570 893 2605 maj0ri
907 2577 958 2597 no-

171 2629 234 2648 men
258 2621 387 2648 fuitLeah
403 2620 506 2655 (eaque
514 2619 603 2646 oculis
616 2617 717 2652 lippa),
729 2617 827 2644 minori
845 2615 957 2642 Rachel.

171 2666 280 2694 Amavit
297 2670 390 2693 autem
400 2665 484 2692 Iacob
494 2664 652 2694 Racheleui,
668 2669 783 2697 eamque
794 2662 828 2690 ab
838 2669 959 2689 avuncu-

172 2714 198 2740 Ιο
213 2720 264 2740 suo
280 2712 307 2738 in
324 2718 438 2738 uxorem
455 2710 545 2745 petiit;
572 2710 615 2737 cui
634 2709 695 2736 ille:
715 2709 743 2736 Si
762 2708 840 2740 mihi,
857 2708 956 2742 inquit,

172 2764 274 2792 septem
297 2765 383 2785 annos
398 2758 587 2790 inservircris,
609 2756 758 2784 Rachelem
777 2756 823 2782 tibi
835 2763 956 2790 ,uxorem

172 2804 253 2835 dabo;
266 2807 294 2830 at
306 2810 367 2830 cum
380 2807 482 2837 septem
499 2809 586 2830 annos
602 2802 652 2837 ipsi
670 2801 812 2830 scrriisset
827 2805 907 2828 noctu
923 2801 956 2827 ad

173 2850 262 2886 ipsum
290 2847 385 2883 Lcam,
408 2847 534 2878 llachelis
554 2856 677 2877 sororem
701 2846 863 2876 introduxit.
887 2847 956 2881 81-

1011 2252 1064 2276 tem
1084 2249 1146 2276 vita:
1164 2248 1257 2276 Jacobi
1272 2249 1422 2276 centesimo
1437 2248 1567 2276 vicesimo
1583 2256 1656 2276 nono
1671 2253 1799 2275 mortuus

1011 2299 1054 2322 cst.
1075 2294 1158 2328 Esau,
1179 2302 1273 2322 mense
1288 2295 1398 2322 Tishrin
1421 2295 1510 2329 pritno
1537 2295 1601 2329 (qui
1625 2301 1653 2322 et
1678 2294 1798 2326 Babab).

1010 2347 1096 2367 annos
1109 2344 1188 2367 natus
1200 2345 1306 2368 centum
1322 2341 1415 2376 viginti
1428 2349 1536 2369 novem.
1561 2341 1646 2368 Porro
1661 2341 1688 2368 in
1703 2348 1799 2368 carce-

1010 2393 1067 2413 rem
1084 2394 1136 2413 una
1150 2394 1212 2413 cum
1228 2386 1358 2421 Iosepho,
1372 2387 1491 2422 conjecit
1508 2387 1636 2414 Pharaoh
1662 2387 1798 2422 pistorum

1010 2437 1035 2460 ct
1052 2433 1413 2468 pocillatorum-principes,
1430 2434 1476 2461 ubi
1494 2434 1689 2461 dormientium
1713 2440 1798 2463 nmrc.

1010 2479 1077 2506 vidit
1092 2479 1164 2513 quia
1178 2479 1285 2513 poculis
1302 2484 1361 2507 erat
1379 2488 1408 2507 se
1419 2481 1498 2514 quasi
1516 2480 1643 2508 manibus
1659 2483 1799 2506 tenentem

1010 2533 1121 2553 uvarum
1135 2533 1287 2558 racemum,
1298 2533 1313 2553 e
1325 2534 1379 2561 quo
1386 2525 1441 2561 85
1456 2526 1511 2561 87
1523 2533 1634 2553 succum
1644 2526 1800 2560 exprimens

1010 2571 1145 2599 Pharaoni
1166 2572 1312 2599 bibendum
1336 2573 1479 2607 praeberet;
1507 2573 1551 2599 cui
1579 2571 1732 2607 Iosephus:
1759 2570 1798 2597 lta

1010 2618 1136 2653 (inquit)
1152 2618 1204 2645 crit
1219 2618 1294 2646 sicut
1309 2617 1414 2650 vidisti;
1429 2618 1478 2645 mei
1502 2622 1594 2644 autem
1615 2617 1685 2651 apud
1710 2616 1800 2644 domi»

1011 2672 1074 2690 num
1092 2669 1168 2691 tuum
1183 2663 1341 2691 memoriam
1351 2663 1522 2690 facias.Vidit
1536 2664 1616 2690 etiam
1632 2663 1718 2698 pistor
1729 2670 1780 2696 qua
1790 2676 1798 2682 -

1008 2708 1031 2738 'si
1041 2710 1189 2738 canistrum
1208 2711 1284 2745 panis
1294 2718 1377 2745 super
1388 2709 1478 2744 capite
1495 2716 1556 2741 suo,
1573 2716 1588 2736 e
1605 2716 1660 2743 quo
1671 2708 1799 2736 comede-

1011 2760 1073 2783 rent
1087 2756 1235 2784 volucres:
1253 2756 1297 2784 cui
1312 2756 1465 2792 Iosephus:
1482 2755 1573 2787 Cruci,
1593 2754 1692 2789 inquit.
1709 2753 1798 2787 allige-

1011 2803 1059 2834 ris,
1078 2802 1276 2838 comedentun
1293 2810 1403 2831 carnem
1422 2807 1496 2830 tuam
1515 2801 1660 2829 volucres:
1677 2800 1748 2834 quo!
1770 2803 1798 2825 et

1011 2849 1110 2876 factum
1132 2853 1183 2876 cst.
