2015 3081
237 109 288 140 927

750 115 935 146 EUTY:II|1
956 118 1224 151 ALEXANDRINI
1249 122 1359 153 PATR.

1807 127 1860 159 9.28

283 165 382 192 Deinde
398 175 459 194 cum
477 169 588 205 vidisset
604 171 685 197 etiam
703 171 824 199 l‘harauh
845 173 1021 208 insomnium,
1040 177 1060 204 Α
1077 179 1144 206 uixit
1158 187 1164 205 ε
1185 179 1213 206 Si
1227 179 1403 207 veraeessilis
1415 187 1464 207 nec
1475 180 1672 213 exploratores,
1688 181 1783 209 relicto
1792 183 1864 216 apud

236 212 305 254 dixit
327 212 365 239 illi
384 213 429 248 qui
454 222 469 241 a
496 216 600 250 poculis
625 216 674 251 ipsi
690 224 759 250 erat,
783 226 844 246 esse
869 220 896 246 in
913 228 1024 249 carcere

238 265 352 290 puerum
371 259 512 287 Hebrzeum
530 261 576 295 qui
592 263 698 289 somnia
724 263 962 300 interpretaretur;
979 269 1023 295 cui

237 312 303 338 ergo
318 304 415 332 adduci
428 306 506 340 jusso
520 306 587 334 dixit
605 307 743 342 l'haraoh,
758 310 861 339 vidisse
872 319 902 339 se
918 317 1022 347 septem

236 357 334 376 vaccas
345 371 352 382 ,
370 351 483 385 pingues
499 359 515 379 e
530 354 599 381 mari
618 354 792 390 prodeuntes,
807 361 834 384 et
851 363 912 392 post
925 366 971 386 eas
981 367 1024 387 sc-

238 401 309 430 ptem
318 396 549 433 maeilentas,qua:
559 400 673 434 pingues
683 401 862 431 devorarent:
874 409 931 431 tum
940 407 1022 433 etiam

236 441 337 468 vidisse
352 449 383 468 se
397 447 501 477 septem
517 445 607 479 spicas
620 453 728 474 crassas
742 455 758 475 e
773 454 843 476 terra
857 451 1022 485 prodeuntes

235 486 335 513 deinde
353 493 456 522 septem
472 490 600 524 graciles.
617 492 718 524 aridas,
745 501 805 528 quae
829 503 937 524 crassas
962 497 1023 525 illas

236 532 419 566 deglutirenl;
437 535 506 562 dixit
525 544 589 571 ergo
611 538 650 565 illi
668 538 785 574 Icscph:
805 540 901 569 Futuri
917 549 981 570 sunt
994 543 1022 571 itt

235 585 317 611 regno
332 583 378 605 tuo
391 584 495 615 septem
512 583 576 609 anni
590 583 695 612 feraces
706 604 714 617 ,
727 586 825 614 deinde
836 592 897 622 post
908 596 956 616 eos
976 597 1021 617 se-

233 628 306 657 p'em
332 626 396 652 anni
424 627 525 660 quibus
539 629 590 655 erit
608 637 723 658 annonae
747 633 861 666 penuria
890 639 917 660 et
937 634 1022 663 fames

233 668 362 714 insignis.
379 671 447 698 Tum
464 672 593 708 imposuit
611 675 735 704 Pharaon
752 677 872 714 Iosepho
888 681 963 714 regni
977 681 1021 709 sui

234 713 447 744 administrandi
463 726 570 752 curam,
591 722 751 757 traditoipsi
762 713 865 752 annulo
875 713 936 753 suo.
947 727 1020 754 Con-

232 759 301 787 did.t
317 769 382 795 ergo
398 761 533 798 Iosephus
547 770 649 800 septem
665 768 744 796 annis
758 769 887 797 uberibus
900 770 1022 799 frumen-

232 809 290 833 tum
311 806 337 833 in
354 808 439 841 spicis
454 810 530 842 suis,
547 811 635 839 donec
650 812 828 848 implerentur
841 824 900 850 quae
924 825 1018 845 nume-

233 858 292 878 rum
313 858 445 888 snperant
472 857 610 889 granaria.
629 859 700 886 Anni
723 864 788 888 tunc
801 867 879 889 erant
898 862 1019 898 Insepho

233 897 344 931 triginta
357 917 365 929 ,
391 900 438 934 qui
453 908 564 929 uxorem
579 903 657 931 duxit
671 905 781 934 nomine
803 907 916 936 Asinatlt
941 897 1018 939 urbis

233 942 394 972 l-Iiushemes
403 948 555 976 sacerdotis
566 949 659 983 filiam,
675 959 736 986 qua:
753 952 832 981 binos
847 955 897 989 ipsi
913 957 1017 990 peperit

231 989 312 1021 ﬁlios.
328 998 444 1026 quorum
455 994 597 1028 majorem.
610 997 821 1033 primogenitum
833 989 1019 1033 scilicet,7Ma-

230 1041 331 1062 nassen
348 1036 405 1071 88
416 1038 572 1073 appellavit,
587 1041 703 1069 alterum
720 1043 910 1078 Ephraimum.
929 1046 1016 1074 Porro

229 1083 368 1108 exstruxit
383 1083 522 1118 Iosephus
545 1087 688 1116 columnas
715 1091 877 1123 mensorias.
914 1093 1016 1126 quibus

229 1134 316 1161 aquae,
331 1134 473 1158 crescente
488 1130 559 1166 Nilo,
572 1140 701 1162 mensura
719 1136 828 1171 capitur
839 1137 866 1164 in
885 1137 1016 1174 Egypto,

233 1173 292 1201 loco
304 1182 384 1209 quem
402 1177 537 1212 Memphin
554 1184 663 1208 vocant.
694 1181 789 1210 Sinum
815 1184 896 1211 etiam
912 1173 1017 1218 cli'odit,

231 1219 278 1251 qui
292 1219 388 1248 Menha
404 1222 480 1249 audit
495 1230 502 1254 ;
530 1223 595 1258 quin
614 1229 641 1252 et
659 1225 763 1260 lapides
782 1227 888 1254 viarum
913 1229 1019 1257 indices

230 1265 326 1291 erexit.
339 1265 424 1293 Natus
434 1272 477 1295 est
488 1272 580 1295 autem
594 1269 670 1302 Levi,
685 1271 778 1299 Jacobi
791 1273 857 1304 filio,
875 1279 1020 1309 post-quae

228 1309 353 1343 draginta
372 1318 459 1339 annos
477 1313 580 1346 Kahat,
595 1315 621 1342 in
636 1319 706 1343 terra
715 1316 908 1352 Chauanitica,
929 1320 1018 1348 tribus

228 1359 376 1390 antequam
393 1357 542 1393 [Egyptum
555 1360 764 1396 ingrederentur
780 1365 872 1392 annis.
888 1365 943 1393 Illis
959 1367 1018 1394 die-

230 1400 282 1428 bus
295 1402 395 1429 accidit
410 1403 437 1430 in
458 1403 576 1440 Egypto
589 1411 616 1433 ct
630 1407 706 1442 Syria
720 1408 804 1437 fames
820 1410 944 1445 insignis;
957 1419 1018 1440 coe-

229 1452 338 1474 merunt
355 1455 420 1484 ergo
431 1457 446 1476 a
464 1449 583 1486 Ioacpho
599 1451 720 1489 Egyptii
738 1453 917 1489 frumentum,
931 1456 1018 1485 donec

229 1493 297 1527 ipsis
313 1502 366 1521 non
381 1501 536 1531 superesset
548 1506 676 1526 nummus
690 1507 791 1528 aureus
807 1501 848 1528 vel
860 1506 1017 1536 argenteus.
1033 1518 1054 1547 ρ

230 1539 302 1572 quod
317 1540 414 1569 deinde
425 1543 499 1577 agris
512 1563 519 1576 ,
535 1543 668 1577 iumentis
682 1549 709 1573 et
734 1545 839 1575 sedibus
861 1548 919 1575 suis
942 1555 1017 1576 eme-

229 1589 353 1617 runt-,ac
379 1593 484 1621 postea,
508 1596 569 1616 cum
591 1591 657 1617 nihil
681 1591 748 1626 ipsis
763 1593 898 1627 reliquum
922 1600 1016 1628 esset,

228 1630 355 1658 dixerunt
368 1631 488 1667 Iosepho
509 1633 585 1662 :Nos
616 1636 689 1670 ipsos
715 1636 849 1665 Pharaoni
870 1638 896 1665 in
923 1647 1018 1668 servos

227 1676 389 1709 vendemns,
402 1678 483 1705 modo
495 1680 576 1707 nobis
592 1680 759 1709 frumentum
777 1684 810 1710 ad
821 1684 1017 1712 comedendum

227 1724 254 1745 et
269 1721 413 1747 serendum
432 1723 574 1757 largiatur.
608 1725 680 1753 Emit
702 1734 767 1761 ergo
793 1727 930 1764 Iosephus
948 1730 1017 1758 Pha-

229 1766 306 1792 raoni
323 1773 336 1792 a
353 1767 621 1805 seipsisJEgyptios,
638 1772 700 1799 dato
710 1772 763 1799 illis
781 1774 928 1807 frumento,
938 1777 1012 1811 quod

227 1811 342 1839 ederunt
354 1817 381 1840 et
392 1819 470 1841 terrae
481 1816 656 1849 mandarunt,
673 1818 824 1853 accipiente
841 1820 876 1847 ab
891 1821 959 1855 ipsis
969 1821 1016 1849 Io-

229 1858 314 1892 sepho
330 1858 463 1886 decimam
486 1864 600 1894 partem,
616 1863 688 1897 quod
704 1863 738 1890 ad
751 1863 801 1891 hoc
812 1872 897 1899 usque
912 1870 1018 1901 tempus

229 1904 255 1929 in
273 1905 358 1938 legem
374 1905 451 1937 abiit,
468 1905 587 1941 faetique.
599 1912 663 1934 stitit
675 1907 794 1944 [Egyptii
813 1909 1016 1939 Pharaoniser-

227 1951 265 1977 \i.
285 1950 350 1984 Ejus
361 1951 460 1979 diebus
483 1951 577 1979 floruit
591 1953 698 1981 Jobille
716 1955 820 1989 justus,
844 1957 948 1984 scilicet
962 1957 1016 1986 Job

228 1997 299 2024 lilins
322 1998 415 2025 Δηιοεὶ
431 2018 439 2031 ,
471 1997 519 2026 filii
552 1999 688 2034 Zarachi,
715 2002 761 2029 lilii
787 2001 937 2037 liaguelis,
967 2004 1015 2032 lilii

228 2042 322 2074 Esaui,
334 2043 380 2072 filii
393 2043 492 2076 lsaaki,
501 2045 712 2078 filiiAhrahami,
724 2054 805 2081 opum
814 2048 902 2079 dives,
914 2049 1016 2083 quique

227 2086 363 2119 aélligentc
375 2088 462 2122 ipsum
478 2089 602 2122 Domino,
619 2091 720 2125 gratias
732 2092 786 2126 egit
797 2096 824 2118 et
835 2092 969 2126 patienter
986 2102 1016 2122 se

226 2131 322 2163 gessit,
337 2139 422 2166 quare
439 2137 528 2160 amota
543 2133 576 2161 ab
589 2135 647 2169 ipso
668 2135 815 2164 aﬂlictioue
830 2137 948 2165 restituit
963 2139 1014 2171 ipsi

226 2176 298 2205 Deus
317 2185 384 2212 opes
397 2186 474 2206 suas.

263 2222 460 2251 Aceiditetiam
471 2224 497 2251 in
507 2225 617 2260 regione
627 2225 713 2261 Syriae
721 2226 806 2256 fames
816 2228 938 2264 89-91
951 2237 1015 2264 gra-

228 2268 281 2301 vis,
295 2269 363 2296 adeo
384 2274 412 2296 ut
428 2269 531 2298 diceret
545 2269 662 2300 Iacobus
679 2272 741 2301 ﬁliis
756 2280 813 2301 sus
831 2283 839 2303 :
853 2274 971 2303 Profecti
987 2276 1015 2303 in

227 2314 373 2349 {Egyptum
386 2315 467 2343 emite
482 2315 560 2344 nobis
574 2316 751 2345 frumentum:
765 2317 903 2346 Venerunt
916 2321 1014 2354 ergoin

226 2358 372 2394 (Egyptum
385 2359 494 2395 Iosephi
519 2360 626 2394 fratres,
638 2370 706 2397 quos
730 2363 803 2391 visos
814 2364 904 2391 statim
915 2372 1017 2400 cogno-

225 2406 264 2432 vit
277 2405 423 2441 Iosephus,
439 2408 496 2442 ipse
508 2408 542 2435 ab
553 2407 605 2436 illis
620 2408 785 2443 incognitus,
796 2418 849 2437 non
859 2415 949 2439 autem
964 2413 1015 2440 fuit

224 2459 286 2480 cun
305 2453 370 2489 ipsis
380 2453 465 2481 frater
479 2454 539 2489 ejus
555 2455 679 2483 uterinus
692 2456 851 2490 Beujamiu:
868 2457 936 2485 dixit
950 2466 1015 2493 ergo

227 2499 293 2532 ipsis
316 2499 452 2534 Ioscplnts
481 2508 488 2526 :
513 2500 629 2534 Quinam
657 2502 725 2529 estis
747 2503 820 2530 vos?
839 2503 911 2531 unde
935 2505 1013 2531 veni-

226 2545 289 2573 stis?
305 2550 330 2572 et
348 2546 412 2580 quid
425 2546 585 2574 vultis?Cui
603 2547 642 2575 illi
656 2556 663 2574 :
679 2547 779 2576 Sumus
791 2556 841 2575 nos
849 2548 1013 2582 Iacobililii;

226 2591 372 2618 duodecim
390 2591 442 2627 ipsi
458 2600 520 2620 cum
539 2593 595 2620 nati
619 2601 756 2627 essemus,
783 2602 868 2621 unum
895 2595 1015 2624 comedit

227 2638 317 2673 lupus,
333 2638 414 2673 cujus
439 2639 521 2667 etiam
543 2639 628 2667 frater
659 2640 784 2668 uterinus
810 2641 880 2676 apud
908 2645 1011 2676 patrem

226 2691 306 2711 suum
323 2689 385 2717 est;
399 2690 476 2720 pater
486 2689 560 2713 enim
572 2689 676 2718 noster,
694 2693 755 2713 cum
770 2693 853 2714 senex
868 2685 1013 2714 admodum

227 2730 274 2763 sit,
290 2735 370 2759 noctu
386 2737 466 2767 atque
477 2732 596 2760 interdiu
621 2732 706 2760 filium
725 2739 805 2760 suum
818 2739 833 2759 a
849 2732 915 2767 lupo
928 2731 1013 2760 devo-

229 2780 319 2803 ratum
341 2777 426 2810 luget.
461 2778 611 2812 Respondit
644 2777 697 2805 illis
721 2777 840 2811 Ioseph:
863 2777 922 2805 Non
946 2778 1014 2806 estis

231 2828 278 2849 \‘os
294 2822 337 2848 alii
354 2830 434 2856 quam
447 2824 644 2857 exploratores.
660 2825 690 2850 lit
705 2824 861 2859 jnrautibus
878 2823 929 2859 ηυξ
946 2824 1011 2857 illis,

1076 232 1119 251 me
1138 229 1255 252 vestrutn
1273 233 1337 257 uno,
1354 225 1387 252 ad
1406 232 1509 261 patrem
1529 232 1650 253 vestrum
1668 227 1837 254 revertimini
1855 248 1864 259 ,

1075 277 1107 296 ac
1122 270 1232 298 fratrem
1248 275 1370 298 vestrum
1389 271 1543 304 minimum,
1562 272 1643 306 cujus
1656 271 1771 300 fratrem
1785 273 1865 299 devo-

1077 316 1147 342 ravit
1161 316 1254 351 lupus,
1271 316 1476 351 adducite,’quo
1489 317 1625 344 dictorum
1641 322 1797 345 vestrorum
1815 325 1862 344 vc-

1076 361 1182 388 ritatem
1199 367 1367 397 perspectam
1387 363 1512 392 habeam.

1128 407 1197 434 Cum
1221 415 1287 442 ergo
1321 407 1432 436 fratrem
1460 408 1581 442 ipsorum
1595 409 1753 436 Simeonem
1789 408 1861 444 apud

1076 453 1165 488 ipsum
1200 454 1384 489 reliquissent,
1408 455 1481 482 sacci
1506 455 1628 490 ipsorum
1648 455 1761 490 Iosephi
1781 456 1861 489 jussu

1075 498 1212 526 frumento
1237 499 1341 533 impleti
1358 503 1439 530 sunt,
1458 498 1677 533 uniuscujusque
1703 498 1818 534 pecunia
1835 499 1862 525 in

1074 550 1155 571 sacco
1179 550 1230 570 suo
1253 543 1385 578 reposita.
1404 543 1471 570 Cum
1488 543 1572 578 igitur
1594 544 1627 570 ad
1651 548 1756 578 patrem
1781 551 1862 570 suum

1073 588 1205 616 Jacobqu
1231 589 1436 622 pervenientes.
1459 596 1491 616 ac
1513 589 1578 623 quid
1601 588 1771 625 [accidisset]
1797 596 1863 615 nar-

1075 639 1166 662 rantes
1186 636 1332 668 pecuniam
1359 642 1437 661 suam
1462 635 1489 662 in
1511 635 1601 663 saccis
1618 635 1806 670 reperissent.
1828 636 1862 662 ad

1074 679 1239 707 frumentum
1262 688 1295 708 ex
1312 679 1431 716 [Egypto
1448 681 1628 708 coemendum
1645 682 1760 712 reversi,
1777 689 1862 716 pecu-

1073 726 1145 753 niam
1164 726 1254 757 islam,
1284 734 1316 754 ac
1333 734 1456 754 summas
1472 727 1540 754 istas
1562 732 1739 761 acceperunt,
1751 734 1862 761 unaque

1072 770 1280 805 Benjaminum,
1306 772 1360 807 92
1379 772 1489 807 Iosephi
1511 772 1623 799 fratrem
1646 772 1794 804 uterinum,
1809 771 1860 798 ad-

1072 817 1220 844 duxerunt.
1237 817 1298 851 Quo
1320 819 1378 845 viso
1396 818 1550 846 honorifice
1565 818 1639 853 ipsos
1650 818 1762 845 tractari
1777 817 1861 852 jussit

1072 863 1172 898 Ioseph
1187 863 1378 890 misericordia
1397 871 1460 898 erga
1477 864 1553 898 ipsos
1568 863 1859 897 conunotus.lmplet.t

1073 913 1137 936 sunt
1161 916 1228 944 ergo
1253 917 1317 936 vasa
1336 909 1457 943 ipsorum
1474 908 1630 940 frumento,
1656 913 1684 936 et
1728 908 1861 935 uniuscu-

1069 956 1170 990 jusque
1186 955 1243 982 vasi
1261 956 1374 990 pecunia
1387 955 1476 990 ipsius
1491 955 1617 988 imposita
1633 957 1679 986 ;at
1692 955 1749 982 vasi
1767 954 1861 982 fratris

1072 1000 1113 1028 sui
1129 999 1279 1034 Benjamini
1306 999 1433 1034 poculum
1462 1006 1588 1029 attreum,
1612 999 1685 1033 quod
1707 997 1860 1024 Pharaonis

1072 1046 1171 1076 fuerat.
1199 1045 1342 1079 imposuit.
1367 1044 1491 1079 Cumque
1509 1052 1525 1072 a
1543 1043 1663 1078 Iosepho
1683 1043 1786 1079 egressi
1811 1051 1859 1070 es-

1071 1096 1144 1123 sent.
1157 1091 1263 1127 Syriam
1280 1099 1375 1118 versus
1389 1090 1542 1121 tendentes,
1559 1089 1674 1117 insecuti
1690 1089 1766 1124 ipsos
1780 1089 1860 1117 Iose-

1072 1138 1118 1173 phi
1148 1137 1219 1166 servi
1243 1136 1374 1164 dixerunt
1404 1136 1470 1171 ipsis
1484 1144 1492 1163 :
1506 1134 1673 1163 Omnimode
1695 1135 1764 1162 bene
1780 1134 1860 1161 vobis

1071 1183 1136 1210 fecit
1162 1182 1289 1210 dominus
1316 1186 1418 1213 uoster,
1444 1188 1493 1208 vos
1510 1187 1576 1207 vero
1592 1179 1750 1207 omnimode
1776 1180 1857 1210 male.

1071 1229 1202 1264 poculum
1214 1228 1287 1262 regis
1311 1234 1423 1254 aureum
1437 1225 1530 1254 furati.
1544 1225 1757 1260 Responderunt
1771 1225 1857 1259 ipsis:

1070 1273 1148 1308 Apud
1161 1280 1354 1307 quemcunque
1366 1273 1453 1307 ipsum
1462 1271 1630 1306 repereritis,
1643 1271 1767 1299 abducite
1781 1270 1857 1297 illum

1073 1324 1101 1346 ut
1111 1319 1148 1348 sit
1167 1319 1281 1346 domino
1295 1322 1388 1346 vestro
1408 1325 1514 1345 servus.
1530 1317 1631 1345 Saccos
1648 1317 1857 1352 ergoipsornm

1072 1365 1249 1400 perscrutati.
1276 1365 1405 1400 poculum
1422 1364 1450 1391 in
1468 1363 1621 1397 Benjamini
1644 1370 1725 1390 sacco
1742 1362 1857 1389 invene-

1071 1415 1156 1438 runt:
1184 1417 1266 1445 quem
1290 1417 1355 1444 ergo
1378 1410 1546 1444 prehensum
1569 1408 1602 1435 ad
1630 1408 1780 1443 Iosephum
1811 1415 1856 1434 re-

1072 1457 1220 1487 duxerunt.
1238 1456 1419 1484 redeuntibus
1443 1463 1498 1482 una
1523 1455 1656 1482 fratribus
1674 1455 1779 1489 ipsius,
1809 1454 1855 1488 qui

1071 1501 1189 1537 Josepho
1215 1501 1367 1528 dixerunt:
1399 1500 1524 1530 Domine,
1546 1505 1622 1534 pater
1652 1505 1745 1527 noster
1771 1506 1855 1527 senex

1071 1551 1113 1575 est
1133 1551 1213 1573 aetate
1229 1550 1384 1580 provectus,
1402 1545 1484 1579 hujus
1505 1549 1594 1572 autem
1614 1545 1725 1572 fratrem
1747 1553 1760 1570 a
1779 1545 1854 1578 lupo,

1070 1593 1109 1619 uti
1129 1593 1178 1620 tibi
1198 1592 1381 1624 narravimus,
1403 1592 1561 1619 devoratum
1581 1591 1632 1618 hoc
1645 1598 1732 1625 usque
1748 1596 1856 1624 tempus

1069 1639 1167 1671 deflet;
1198 1638 1220 1665 si
1245 1645 1311 1674 ergo
1334 1638 1406 1665 hunc
1430 1644 1445 1664 a
1468 1637 1549 1664 nobis
1573 1636 1730 1668 abstuleris,
1753 1643 1856 1670 nequa—

1069 1693 1150 1719 quam
1167 1685 1245 1712 nobis
1266 1684 1354 1712 estad
1372 1688 1476 1718 patrem
1493 1683 1674 1715 redeundum,
1689 1687 1784 1716 utpote
1794 1683 1854 1716 qui,

1069 1730 1121 1757 nisi
1153 1730 1295 1757 nobiscum
1322 1729 1441 1756 adfuerit
1472 1736 1551 1763 puer,
1576 1728 1669 1755 dolore
1704 1728 1855 1754 moriturus

1066 1780 1107 1802 est
1118 1783 1124 1800 :
1137 1772 1252 1800 dimisso
1267 1779 1334 1806 ergo
1349 1771 1409 1805 ipso
1423 1775 1452 1797 ut
1467 1770 1500 1797 ad
1516 1775 1618 1805 patrem
1634 1771 1735 1802 redeat,
1748 1780 1763 1797 e
1775 1772 1854 1797 uoiiis

1068 1824 1259 1853 quemcunque
1276 1816 1396 1843 volueris
1417 1816 1466 1842 tibi
1491 1816 1517 1842 in
1538 1823 1646 1842 servum
1668 1815 1778 1842 habeas.
1798 1815 1852 1842 lie-

1069 1865 1177 1899 spomiit
1186 1863 1286 1898 Ioseph
1299 1872 1305 1890 :
1315 1862 1391 1890 Absit
1400 1868 1428 1888 ut
1437 1861 1521 1888 alium
1532 1869 1612 1896 quam
1623 1869 1684 1886 eum
1694 1861 1764 1895 apud
1772 1867 1852 1894 quem

1069 1919 1114 1938 res
1131 1914 1239 1937 nostras
1251 1908 1437 1935 invenerinms
1452 1907 1632 1933 cletineamus.
1646 1905 1714 1932 Tum
1729 1906 1852 1940 ipsorum

1070 1959 1201 1986 misertus
1220 1966 1227 1983 ε
1246 1956 1312 1990 Ego,
1334 1955 1432 1989 inquit,
1448 1952 1567 1988 9395
1583 1953 1666 1979 frater
1684 1960 1744 1979 sum
1763 1956 1853 1979 vester

1071 2003 1183 2037 Ioseph,
1202 2010 1236 2029 ne
1257 2001 1327 2028 male
1342 2009 1390 2027 vos
1406 2000 1512 2031 habeat,
1527 2007 1616 2034 neque
1636 1998 1764 2025 timentis.

1103 2049 1192 2077 Missis
1213 2055 1280 2082 ergo
1305 2047 1338 2073 ad
1360 2045 1494 2074 Iacobum
1513 2046 1640 2072 tentoriis
1666 2050 1693 2071 et
1708 2044 1853 2079 plaustris,

1068 2094 1155 2128 ipsum
1183 2101 1246 2120 cum
1277 2096 1333 2120 tota
1357 2091 1485 2126 progenie
1504 2098 1553 2118 sua
1580 2098 1595 2116 a
1619 2094 1691 2117 terra
1722 2091 1852 2117 Chanaan

1069 2140 1096 2166 in
1123 2138 1268 2172 Aigyptum
1294 2136 1426 2164 traduxit.
1455 2135 1655 2170 Ingressusque
1686 2139 1730 2161 est
1768 2133 1854 2162 Iacui)

1033 2183 1054 2210 D
1069 2184 1217 2219 Egyptum
1245 2190 1317 2210 anno
1347 2181 1428 2209 fatuis
1453 2179 1574 2208 secundo
1603 2180 1658 2216 [vel
1678 2180 1755 2215 juxta
1779 2180 1852 2207 aliud

1066 2229 1215 2264 exemplar,
1230 2227 1333 2264 tertio].
1363 2235 1471 2261 unaque
1486 2234 1547 2254 eum
1559 2227 1619 2261 ipso
1642 2227 1698 2253 nati
1716 2227 1814 2261 ipsius,
1826 2230 1854 2253 et

1065 2280 1178 2309 nepotes
1193 2281 1225 2301 ex
1243 2273 1330 2307 ipsius
1350 2273 1451 2299 lumbis
1466 2272 1602 2307 prognati,
1620 2276 1717 2306 prater
1733 2272 1852 2298 filiorum

1066 2327 1165 2347 uxores
1187 2319 1221 2346 ab
1247 2319 1307 2354 ipso
1332 2326 1385 2346 non
1411 2323 1572 2353 prognatas,
1594 2325 1655 2344 cum
1677 2316 1797 2352 Iosepho
1821 2325 1854 2343 ac

1065 2364 1268 2399 duobusipsius
1293 2364 1356 2392 filiis
1384 2363 1511 2391 homines
1535 2363 1707 2398 septuaginta
1722 2383 1730 2395 ,
1757 2361 1858 2389 Iacobo

1068 2417 1133 2439 tunc
1151 2411 1283 2445 temporis
1299 2417 1387 2437 annos
1402 2414 1511 2436 centum
1522 2414 1550 2436 et
1565 2409 1677 2443 triginta
1690 2413 1764 2436 nato.
1781 2409 1854 2435 Stib-

1065 2457 1133 2485 stitit
1148 2461 1238 2484 autem
1251 2455 1336 2482 Ian-ob
1353 2455 1380 2481 in
1391 2454 1508 2490 Aigypto
1531 2461 1619 2482 annos
1636 2453 1851 2488 septemdecim;

1065 2504 1110 2531 ubi
1142 2511 1214 2531 anno
1228 2503 1290 2529 vita:
1308 2501 1371 2529 Levi
1388 2501 1557 2533 octogesimo
1578 2501 1649 2527 diem
1669 2500 1757 2527 obiit:
1780 2500 1853 2527 unde

1065 2550 1092 2577 in
1111 2555 1211 2577 terram
1234 2549 1364 2576 Citatiaan
1381 2551 1546 2582 reportatum
1563 2547 1729 2581 sepelierunt
1745 2546 1846 2580 Ioseph

1065 2595 1210 2628 exterique
1237 2594 1297 2628 ijus
1316 2593 1362 2620 tibi
1386 2592 1462 2627 juxta
1482 2591 1602 2619 lsaacum
1626 2595 1729 2626 patrem
1753 2599 1845 2618 suum.

1064 2642 1163 2668 Totum
1178 2644 1268 2668 autent
1287 2639 1360 2674 quod
1381 2639 1448 2665 vixit
1468 2637 1554 2665 Iacob
1567 2638 1630 2664 anni
1650 2642 1714 2666 sunt
1734 2641 1843 2665 centum

1065 2686 1244 2723 quadraginta
1263 2692 1378 2720 septem.
1396 2684 1503 2712 Kahato
1522 2689 1583 2719 post
1595 2683 1738 2718 sexaginta
1755 2691 1844 2710 annos

1065 2738 1148 2761 natus
1171 2737 1211 2759 cst
1235 2731 1262 2758 in
1290 2730 1408 2766 A'Sgypto
1429 2730 1552 2757 Amram.
1574 2731 1652 2756 Anno
1673 2733 1764 2756 autem
1788 2730 1850 2755 vita:

1067 2777 1162 2806 Κίλικιιί
1187 2777 1294 2803 det-imo
1309 2777 1416 2810 quinto,
1439 2775 1508 2802 obiit
1530 2774 1651 2809 Ioseph,
1674 2782 1755 2809 quem
1780 2782 1852 2802 ante

1069 2823 1226 2859 impositum
1244 2822 1412 2857 sepelierunt
1447 2821 1544 2850 fratres
1570 2820 1657 2856 ipsius
1678 2820 1704 2847 in
1720 2819 1849 2855 Egypt",
