  <div class='ocr_page' id='page_1' title='image "/cluster/home/n/w/nwhite01/storage/ocr_20150623/111/njp.32101077772943/536.png"; bbox 0 0 2015 3081; ppageno 0'>
   <div class='ocr_carea' id='block_1_1' title="bbox 151 151 205 183">
    <p class='ocr_par' dir='ltr' id='par_1_1' title="bbox 151 151 205 183">
     <span class='ocr_line' id='line_1_1' title="bbox 151 151 205 183; baseline 0.019 -2"><span class='ocrx_word' id='word_1_1' title='bbox 151 151 205 183; x_wconf 67' lang='grc' dir='ltr'>ΩὯ</span> 
     </span>
    </p>
   </div>
   <div class='ocr_carea' id='block_1_2' title="bbox 873 151 1058 185">
    <p class='ocr_par' dir='ltr' id='par_1_2' title="bbox 873 151 1058 185">
     <span class='ocr_line' id='line_1_2' title="bbox 873 151 1058 185; baseline 0.022 -5"><span class='ocrx_word' id='word_1_2' title='bbox 873 153 892 181; x_wconf 82' lang='grc' dir='ltr'>Α</span> <span class='ocrx_word' id='word_1_3' title='bbox 900 151 1058 185; x_wconf 70' lang='lat' dir='ltr'><strong>NNALES.</strong></span> 
     </span>
    </p>
   </div>
   <div class='ocr_carea' id='block_1_3' title="bbox 1724 158 1777 191">
    <p class='ocr_par' dir='ltr' id='par_1_3' title="bbox 1724 158 1777 191">
     <span class='ocr_line' id='line_1_3' title="bbox 1724 158 1777 191; baseline 0.019 -2"><span class='ocrx_word' id='word_1_4' title='bbox 1724 158 1777 191; x_wconf 61' lang='grc' dir='ltr'>ιω</span> 
     </span>
    </p>
   </div>
   <div class='ocr_carea' id='block_1_4' title="bbox 149 209 1776 250">
    <p class='ocr_par' dir='ltr' id='par_1_4' title="bbox 149 209 1776 250">
     <span class='ocr_line' id='line_1_4' title="bbox 149 209 1776 250; baseline 0.004 -15"><span class='ocrx_word' id='word_1_5' title='bbox 149 218 211 236; x_wconf 80' lang='lat' dir='ltr'><strong>runt</strong></span> <span class='ocrx_word' id='word_1_6' title='bbox 228 217 316 237; x_wconf 88' lang='lat' dir='ltr'><strong>annos</strong></span> <span class='ocrx_word' id='word_1_7' title='bbox 336 214 445 238; x_wconf 83' lang='lat' dir='ltr'><strong>centum</strong></span> <span class='ocrx_word' id='word_1_8' title='bbox 464 215 490 237; x_wconf 82' lang='lat' dir='ltr'><strong>et</strong></span> <span class='ocrx_word' id='word_1_9' title='bbox 508 211 600 238; x_wconf 73' lang='lat' dir='ltr'><strong>decem</strong></span> <span class='ocrx_word' id='word_1_10' title='bbox 623 210 745 238; x_wconf 72' lang='lat' dir='ltr'><strong>vixisset.</strong></span> <span class='ocrx_word' id='word_1_11' title='bbox 770 209 872 237; x_wconf 79' lang='lat' dir='ltr'><strong>Ferunt</strong></span> <span class='ocrx_word' id='word_1_12' title='bbox 893 210 937 236; x_wconf 87' lang='lat' dir='ltr'><strong>alii</strong></span> <span class='ocrx_word' id='word_1_13' title='bbox 954 210 975 240; x_wconf 71' lang='grc' dir='ltr'>Α</span> <span class='ocrx_word' id='word_1_14' title='bbox 991 211 1098 244; x_wconf 67' lang='lat' dir='ltr'><strong>giottrm</strong></span> <span class='ocrx_word' id='word_1_15' title='bbox 1115 210 1206 245; x_wconf 79' lang='lat' dir='ltr'><strong>llejazi</strong></span> <span class='ocrx_word' id='word_1_16' title='bbox 1226 211 1349 247; x_wconf 83' lang='lat' dir='ltr'><strong>aufugit,</strong></span> <span class='ocrx_word' id='word_1_17' title='bbox 1368 211 1413 239; x_wconf 89' lang='lat' dir='ltr'><strong>ttbi</strong></span> <span class='ocrx_word' id='word_1_18' title='bbox 1438 212 1464 239; x_wconf 91' lang='lat' dir='ltr'><strong>in</strong></span> <span class='ocrx_word' id='word_1_19' title='bbox 1487 213 1553 241; x_wconf 82' lang='lat' dir='ltr'><strong>urbe</strong></span> <span class='ocrx_word' id='word_1_20' title='bbox 1568 213 1681 250; x_wconf 64' lang='lat' dir='ltr'><strong>t&#39;lfadyan</strong></span> <span class='ocrx_word' id='word_1_21' title='bbox 1701 216 1776 244; x_wconf 88' lang='lat' dir='ltr'><strong>habi-</strong></span> 
     </span>
    </p>
   </div>
   <div class='ocr_carea' id='block_1_5' title="bbox 148 252 935 290">
    <p class='ocr_par' dir='ltr' id='par_1_5' title="bbox 148 252 935 290">
     <span class='ocr_line' id='line_1_5' title="bbox 148 252 935 290; baseline -0.003 -9"><span class='ocrx_word' id='word_1_22' title='bbox 148 254 260 289; x_wconf 79' lang='lat' dir='ltr'><strong>Juseplti</strong></span> <span class='ocrx_word' id='word_1_23' title='bbox 277 262 379 290; x_wconf 89' lang='lat' dir='ltr'><strong>corptts</strong></span> <span class='ocrx_word' id='word_1_24' title='bbox 403 263 474 282; x_wconf 73' lang='lat' dir='ltr'><strong>arcte</strong></span> <span class='ocrx_word' id='word_1_25' title='bbox 496 262 656 282; x_wconf 67' lang='lat' dir='ltr'><strong>marmoreae</strong></span> <span class='ocrx_word' id='word_1_26' title='bbox 671 254 826 289; x_wconf 80' lang='lat' dir='ltr'><strong>impositum</strong></span> <span class='ocrx_word' id='word_1_27' title='bbox 845 252 872 280; x_wconf 88' lang='lat' dir='ltr'><strong>in</strong></span> <span class='ocrx_word' id='word_1_28' title='bbox 890 253 935 279; x_wconf 73' lang='lat' dir='ltr'><strong>Ni—</strong></span> 
     </span>
    </p>
   </div>
   <div class='ocr_carea' id='block_1_6' title="bbox 149 301 936 336">
    <p class='ocr_par' dir='ltr' id='par_1_6' title="bbox 149 301 936 336">
     <span class='ocr_line' id='line_1_6' title="bbox 149 301 936 336; baseline -0.005 -8"><span class='ocrx_word' id='word_1_29' title='bbox 149 302 205 328; x_wconf 85' lang='lat' dir='ltr'><strong>lum</strong></span> <span class='ocrx_word' id='word_1_30' title='bbox 223 301 376 336; x_wconf 87' lang='lat' dir='ltr'><strong>projeclum</strong></span> <span class='ocrx_word' id='word_1_31' title='bbox 405 301 500 328; x_wconf 86' lang='lat' dir='ltr'><strong>fuisse.</strong></span> <span class='ocrx_word' id='word_1_32' title='bbox 523 301 608 328; x_wconf 80' lang='lat' dir='ltr'><strong>Porro</strong></span> <span class='ocrx_word' id='word_1_33' title='bbox 627 301 746 327; x_wconf 80' lang='lat' dir='ltr'><strong>Amrano</strong></span> <span class='ocrx_word' id='word_1_34' title='bbox 763 303 825 333; x_wconf 89' lang='lat' dir='ltr'><strong>post</strong></span> <span class='ocrx_word' id='word_1_35' title='bbox 849 305 936 325; x_wconf 81' lang='lat' dir='ltr'><strong>annos</strong></span> 
     </span>
    </p>
   </div>
   <div class='ocr_carea' id='block_1_7' title="bbox 149 346 935 382">
    <p class='ocr_par' dir='ltr' id='par_1_7' title="bbox 149 346 935 382">
     <span class='ocr_line' id='line_1_7' title="bbox 149 346 935 382; baseline -0.004 -9"><span class='ocrx_word' id='word_1_36' title='bbox 149 348 326 382; x_wconf 81' lang='lat' dir='ltr'><strong>septuaginta</strong></span> <span class='ocrx_word' id='word_1_37' title='bbox 348 351 405 375; x_wconf 87' lang='lat' dir='ltr'><strong>tres</strong></span> <span class='ocrx_word' id='word_1_38' title='bbox 429 351 510 374; x_wconf 86' lang='lat' dir='ltr'><strong>natus</strong></span> <span class='ocrx_word' id='word_1_39' title='bbox 530 351 572 374; x_wconf 88' lang='lat' dir='ltr'><strong>est</strong></span> <span class='ocrx_word' id='word_1_40' title='bbox 590 346 715 379; x_wconf 85' lang='lat' dir='ltr'><strong>Miriam;</strong></span> <span class='ocrx_word' id='word_1_41' title='bbox 742 349 803 379; x_wconf 87' lang='lat' dir='ltr'><strong>post</strong></span> <span class='ocrx_word' id='word_1_42' title='bbox 825 348 935 378; x_wconf 87' lang='lat' dir='ltr'><strong>septua-</strong></span> 
     </span>
    </p>
   </div>
   <div class='ocr_carea' id='block_1_8' title="bbox 148 389 933 427">
    <p class='ocr_par' dir='ltr' id='par_1_8' title="bbox 148 389 933 427">
     <span class='ocr_line' id='line_1_8' title="bbox 148 389 933 427; baseline -0.004 -9"><span class='ocrx_word' id='word_1_43' title='bbox 148 394 223 427; x_wconf 77' lang='lat' dir='ltr'><strong>ginta</strong></span> <span class='ocrx_word' id='word_1_44' title='bbox 251 397 353 427; x_wconf 84' lang='lat' dir='ltr'><strong>septem</strong></span> <span class='ocrx_word' id='word_1_45' title='bbox 374 393 467 420; x_wconf 83' lang='lat' dir='ltr'><strong>Ahron</strong></span> <span class='ocrx_word' id='word_1_46' title='bbox 485 400 492 420; x_wconf 89' lang='lat'><strong>:</strong></span> <span class='ocrx_word' id='word_1_47' title='bbox 520 396 582 426; x_wconf 89' lang='lat' dir='ltr'><strong>post</strong></span> <span class='ocrx_word' id='word_1_48' title='bbox 602 392 742 426; x_wconf 75' lang='lat' dir='ltr'><strong>octoginta</strong></span> <span class='ocrx_word' id='word_1_49' title='bbox 764 389 863 422; x_wconf 81' lang='lat' dir='ltr'><strong>Muses,</strong></span> <span class='ocrx_word' id='word_1_50' title='bbox 888 390 933 416; x_wconf 86' lang='lat' dir='ltr'><strong>cui</strong></span> 
     </span>
    </p>
   </div>
   <div class='ocr_carea' id='block_1_9' title="bbox 149 437 932 472">
    <p class='ocr_par' dir='ltr' id='par_1_9' title="bbox 149 437 932 472">
     <span class='ocr_line' id='line_1_9' title="bbox 149 437 932 472; baseline -0.006 -7"><span class='ocrx_word' id='word_1_51' title='bbox 149 446 210 472; x_wconf 72' lang='lat' dir='ltr'><strong>pas.</strong></span> <span class='ocrx_word' id='word_1_52' title='bbox 231 438 303 465; x_wconf 75' lang='lat' dir='ltr'><strong>Vixit</strong></span> <span class='ocrx_word' id='word_1_53' title='bbox 319 443 409 465; x_wconf 80' lang='lat' dir='ltr'><strong>autent</strong></span> <span class='ocrx_word' id='word_1_54' title='bbox 427 437 453 464; x_wconf 89' lang='lat' dir='ltr'><strong>in</strong></span> <span class='ocrx_word' id='word_1_55' title='bbox 471 442 557 464; x_wconf 88' lang='lat' dir='ltr'><strong>totttnt</strong></span> <span class='ocrx_word' id='word_1_56' title='bbox 582 437 683 463; x_wconf 84' lang='lat' dir='ltr'><strong>Amran</strong></span> <span class='ocrx_word' id='word_1_57' title='bbox 712 443 798 462; x_wconf 88' lang='lat' dir='ltr'><strong>annos</strong></span> <span class='ocrx_word' id='word_1_58' title='bbox 821 441 932 462; x_wconf 90' lang='lat' dir='ltr'><strong>centum</strong></span> 
     </span>
    </p>
   </div>
   <div class='ocr_carea' id='block_1_10' title="bbox 149 480 934 518">
    <p class='ocr_par' dir='ltr' id='par_1_10' title="bbox 149 480 934 518">
     <span class='ocr_line' id='line_1_10' title="bbox 149 480 934 518; baseline -0.004 -8"><span class='ocrx_word' id='word_1_59' title='bbox 149 484 258 518; x_wconf 76' lang='lat' dir='ltr'><strong>triginta</strong></span> <span class='ocrx_word' id='word_1_60' title='bbox 283 491 342 510; x_wconf 88' lang='lat' dir='ltr'><strong>sex.</strong></span> <span class='ocrx_word' id='word_1_61' title='bbox 361 483 440 510; x_wconf 85' lang='lat' dir='ltr'><strong>Anno</strong></span> <span class='ocrx_word' id='word_1_62' title='bbox 454 483 516 510; x_wconf 69' lang='lat' dir='ltr'><strong>vita:</strong></span> <span class='ocrx_word' id='word_1_63' title='bbox 530 482 642 509; x_wconf 81' lang='lat' dir='ltr'><strong>Amrani</strong></span> <span class='ocrx_word' id='word_1_64' title='bbox 668 481 806 508; x_wconf 82' lang='lat' dir='ltr'><strong>tricesimo</strong></span> <span class='ocrx_word' id='word_1_65' title='bbox 818 480 934 515; x_wconf 88' lang='lat' dir='ltr'><strong>septimo</strong></span> 
     </span>
    </p>
   </div>
   <div class='ocr_carea' id='block_1_11' title="bbox 149 526 934 563">
    <p class='ocr_par' dir='ltr' id='par_1_11' title="bbox 149 526 934 563">
     <span class='ocr_line' id='line_1_11' title="bbox 149 526 934 563; baseline -0.006 -7"><span class='ocrx_word' id='word_1_66' title='bbox 149 535 276 556; x_wconf 86' lang='lat' dir='ltr'><strong>mortuus</strong></span> <span class='ocrx_word' id='word_1_67' title='bbox 291 533 333 556; x_wconf 87' lang='lat' dir='ltr'><strong>est</strong></span> <span class='ocrx_word' id='word_1_68' title='bbox 347 529 403 563; x_wconf 78' lang='lat'><strong>96</strong></span> <span class='ocrx_word' id='word_1_69' title='bbox 418 528 494 560; x_wconf 79' lang='lat' dir='ltr'><strong>Levi,</strong></span> <span class='ocrx_word' id='word_1_70' title='bbox 511 535 575 554; x_wconf 90' lang='lat' dir='ltr'><strong>cum</strong></span> <span class='ocrx_word' id='word_1_71' title='bbox 592 535 680 554; x_wconf 85' lang='lat' dir='ltr'><strong>annos</strong></span> <span class='ocrx_word' id='word_1_72' title='bbox 695 531 804 554; x_wconf 80' lang='lat' dir='ltr'><strong>centum</strong></span> <span class='ocrx_word' id='word_1_73' title='bbox 824 526 934 560; x_wconf 78' lang='lat' dir='ltr'><strong>triginta</strong></span> 
     </span>
    </p>
   </div>
   <div class='ocr_carea' id='block_1_12' title="bbox 148 570 934 607">
    <p class='ocr_par' dir='ltr' id='par_1_12' title="bbox 148 570 934 607">
     <span class='ocr_line' id='line_1_12' title="bbox 148 570 934 607; baseline -0.008 -5"><span class='ocrx_word' id='word_1_74' title='bbox 148 579 253 607; x_wconf 83' lang='lat' dir='ltr'><strong>septem</strong></span> <span class='ocrx_word' id='word_1_75' title='bbox 276 575 400 601; x_wconf 80' lang='lat' dir='ltr'><strong>vixisset.</strong></span> <span class='ocrx_word' id='word_1_76' title='bbox 424 573 504 600; x_wconf 84' lang='lat' dir='ltr'><strong>Anno</strong></span> <span class='ocrx_word' id='word_1_77' title='bbox 525 574 588 600; x_wconf 50' lang='lat' dir='ltr'><strong>vitae.</strong></span> <span class='ocrx_word' id='word_1_78' title='bbox 615 571 738 606; x_wconf 87' lang='lat' dir='ltr'><strong>ejusdem</strong></span> <span class='ocrx_word' id='word_1_79' title='bbox 763 570 934 605; x_wconf 70' lang='lat' dir='ltr'><strong>sexagesimo</strong></span> 
     </span>
    </p>
   </div>
   <div class='ocr_carea' id='block_1_13' title="bbox 148 614 934 654">
    <p class='ocr_par' dir='ltr' id='par_1_13' title="bbox 148 614 934 654">
     <span class='ocr_line' id='line_1_13' title="bbox 148 614 934 654; baseline -0.006 -9"><span class='ocrx_word' id='word_1_80' title='bbox 148 620 265 654; x_wconf 87' lang='lat' dir='ltr'><strong>septimo</strong></span> <span class='ocrx_word' id='word_1_81' title='bbox 281 619 349 646; x_wconf 84' lang='lat' dir='ltr'><strong>obiit</strong></span> <span class='ocrx_word' id='word_1_82' title='bbox 369 618 471 651; x_wconf 80' lang='lat' dir='ltr'><strong>Kahat,</strong></span> <span class='ocrx_word' id='word_1_83' title='bbox 497 625 585 644; x_wconf 87' lang='lat' dir='ltr'><strong>annos</strong></span> <span class='ocrx_word' id='word_1_84' title='bbox 600 623 681 644; x_wconf 90' lang='lat' dir='ltr'><strong>natus</strong></span> <span class='ocrx_word' id='word_1_85' title='bbox 705 622 815 644; x_wconf 86' lang='lat' dir='ltr'><strong>centum</strong></span> <span class='ocrx_word' id='word_1_86' title='bbox 838 614 934 649; x_wconf 82' lang='lat' dir='ltr'><strong>viginti</strong></span> 
     </span>
    </p>
   </div>
   <div class='ocr_carea' id='block_1_14' title="bbox 148 661 934 698">
    <p class='ocr_par' dir='ltr' id='par_1_14' title="bbox 148 661 934 698">
     <span class='ocr_line' id='line_1_14' title="bbox 148 661 934 698; baseline -0.005 -7"><span class='ocrx_word' id='word_1_87' title='bbox 148 671 263 698; x_wconf 82' lang='lat' dir='ltr'><strong>septem.</strong></span> <span class='ocrx_word' id='word_1_88' title='bbox 292 665 405 692; x_wconf 80' lang='lat' dir='ltr'><strong>Mettuis</strong></span> <span class='ocrx_word' id='word_1_89' title='bbox 419 668 509 692; x_wconf 84' lang='lat' dir='ltr'><strong>autent</strong></span> <span class='ocrx_word' id='word_1_90' title='bbox 523 662 643 698; x_wconf 82' lang='lat' dir='ltr'><strong>Josepho</strong></span> <span class='ocrx_word' id='word_1_91' title='bbox 658 667 686 691; x_wconf 87' lang='lat' dir='ltr'><strong>et</strong></span> <span class='ocrx_word' id='word_1_92' title='bbox 701 662 834 689; x_wconf 78' lang='lat' dir='ltr'><strong>fratribus</strong></span> <span class='ocrx_word' id='word_1_93' title='bbox 847 661 934 696; x_wconf 83' lang='lat' dir='ltr'><strong>ipsius</strong></span> 
     </span>
    </p>
   </div>
   <div class='ocr_carea' id='block_1_15' title="bbox 147 705 933 744">
    <p class='ocr_par' dir='ltr' id='par_1_15' title="bbox 147 705 933 744">
     <span class='ocr_line' id='line_1_15' title="bbox 147 705 933 744; baseline -0.005 -9"><span class='ocrx_word' id='word_1_94' title='bbox 147 709 312 743; x_wconf 64' lang='lat' dir='ltr'><strong>exterisque</strong></span> <span class='ocrx_word' id='word_1_95' title='bbox 338 710 397 744; x_wconf 84' lang='lat' dir='ltr'><strong>ejus</strong></span> <span class='ocrx_word' id='word_1_96' title='bbox 414 709 509 737; x_wconf 69' lang='lat' dir='ltr'><strong>saeculi</strong></span> <span class='ocrx_word' id='word_1_97' title='bbox 523 709 661 741; x_wconf 75' lang='lat' dir='ltr'><strong>out-uibus,</strong></span> <span class='ocrx_word' id='word_1_98' title='bbox 680 715 743 735; x_wconf 91' lang='lat' dir='ltr'><strong>cum</strong></span> <span class='ocrx_word' id='word_1_99' title='bbox 762 705 933 742; x_wconf 88' lang='lat' dir='ltr'><strong>tnultiplicati</strong></span> 
     </span>
    </p>
   </div>
   <div class='ocr_carea' id='block_1_16' title="bbox 145 753 934 789">
    <p class='ocr_par' dir='ltr' id='par_1_16' title="bbox 145 753 934 789">
     <span class='ocr_line' id='line_1_16' title="bbox 145 753 934 789; baseline -0.003 -10"><span class='ocrx_word' id='word_1_100' title='bbox 145 759 238 780; x_wconf 76' lang='lat' dir='ltr'><strong>essent</strong></span> <span class='ocrx_word' id='word_1_101' title='bbox 266 754 315 781; x_wconf 89' lang='lat' dir='ltr'><strong>ﬁlii</strong></span> <span class='ocrx_word' id='word_1_102' title='bbox 341 754 449 782; x_wconf 87' lang='lat' dir='ltr'><strong>lsraelis</strong></span> <span class='ocrx_word' id='word_1_103' title='bbox 483 754 610 789; x_wconf 87' lang='lat' dir='ltr'><strong>ﬁliusqtte</strong></span> <span class='ocrx_word' id='word_1_104' title='bbox 647 753 807 788; x_wconf 80' lang='lat' dir='ltr'><strong>genuissent</strong></span> <span class='ocrx_word' id='word_1_105' title='bbox 833 753 934 786; x_wconf 84' lang='lat' dir='ltr'><strong>quibus</strong></span> 
     </span>
    </p>
   </div>
   <div class='ocr_carea' id='block_1_17' title="bbox 146 798 933 834">
    <p class='ocr_par' dir='ltr' id='par_1_17' title="bbox 146 798 933 834">
     <span class='ocr_line' id='line_1_17' title="bbox 146 798 933 834; baseline 0.003 -10"><span class='ocrx_word' id='word_1_106' title='bbox 146 798 307 834; x_wconf 75' lang='lat' dir='ltr'><strong>impleretur</strong></span> <span class='ocrx_word' id='word_1_107' title='bbox 331 805 403 827; x_wconf 85' lang='lat' dir='ltr'><strong>terra</strong></span> <span class='ocrx_word' id='word_1_108' title='bbox 427 798 549 834; x_wconf 63' lang='lat' dir='ltr'><strong>(Egypti,</strong></span> <span class='ocrx_word' id='word_1_109' title='bbox 574 799 720 834; x_wconf 71' lang='lat' dir='ltr'><strong>praefectus</strong></span> <span class='ocrx_word' id='word_1_110' title='bbox 744 798 862 834; x_wconf 68' lang='lat' dir='ltr'><strong>Egyplo</strong></span> <span class='ocrx_word' id='word_1_111' title='bbox 887 807 933 826; x_wconf 74' lang='lat' dir='ltr'><strong>rex</strong></span> 
     </span>
    </p>
   </div>
   <div class='ocr_carea' id='block_1_18' title="bbox 145 845 931 880">
    <p class='ocr_par' dir='ltr' id='par_1_18' title="bbox 145 845 931 880">
     <span class='ocr_line' id='line_1_18' title="bbox 145 845 931 880; baseline 0.003 -9"><span class='ocrx_word' id='word_1_112' title='bbox 145 846 192 878; x_wconf 87' lang='lat' dir='ltr'><strong>qui</strong></span> <span class='ocrx_word' id='word_1_113' title='bbox 217 845 368 880; x_wconf 83' lang='lat' dir='ltr'><strong>.Iosepltum</strong></span> <span class='ocrx_word' id='word_1_114' title='bbox 396 849 449 873; x_wconf 72' lang='lat' dir='ltr'><strong>nun</strong></span> <span class='ocrx_word' id='word_1_115' title='bbox 467 849 558 877; x_wconf 86' lang='lat' dir='ltr'><strong>norat,</strong></span> <span class='ocrx_word' id='word_1_116' title='bbox 580 845 650 872; x_wconf 93' lang='lat' dir='ltr'><strong>dixit</strong></span> <span class='ocrx_word' id='word_1_117' title='bbox 670 845 840 872; x_wconf 82' lang='lat' dir='ltr'><strong>consiliariis</strong></span> <span class='ocrx_word' id='word_1_118' title='bbox 857 846 931 873; x_wconf 84' lang='lat' dir='ltr'><strong>suis:</strong></span> 
     </span>
    </p>
   </div>
   <div class='ocr_carea' id='block_1_19' title="bbox 148 891 933 926">
    <p class='ocr_par' dir='ltr' id='par_1_19' title="bbox 148 891 933 926">
     <span class='ocr_line' id='line_1_19' title="bbox 148 891 933 926; baseline 0 -9"><span class='ocrx_word' id='word_1_119' title='bbox 148 891 225 917; x_wconf 87' lang='lat' dir='ltr'><strong>Multi</strong></span> <span class='ocrx_word' id='word_1_120' title='bbox 238 896 386 919; x_wconf 82' lang='lat' dir='ltr'><strong>evaserunt</strong></span> <span class='ocrx_word' id='word_1_121' title='bbox 401 891 541 922; x_wconf 61' lang='lat' dir='ltr'><strong>Israelita,</strong></span> <span class='ocrx_word' id='word_1_122' title='bbox 558 898 647 926; x_wconf 87' lang='lat' dir='ltr'><strong>neque</strong></span> <span class='ocrx_word' id='word_1_123' title='bbox 658 891 745 917; x_wconf 85' lang='lat' dir='ltr'><strong>securi</strong></span> <span class='ocrx_word' id='word_1_124' title='bbox 763 897 823 917; x_wconf 87' lang='lat' dir='ltr'><strong>esse</strong></span> <span class='ocrx_word' id='word_1_125' title='bbox 837 898 933 924; x_wconf 83' lang='lat' dir='ltr'><strong>possu-</strong></span> 
     </span>
    </p>
   </div>
   <div class='ocr_carea' id='block_1_20' title="bbox 147 936 932 971">
    <p class='ocr_par' dir='ltr' id='par_1_20' title="bbox 147 936 932 971">
     <span class='ocr_line' id='line_1_20' title="bbox 147 936 932 971; baseline -0.003 -7"><span class='ocrx_word' id='word_1_126' title='bbox 147 939 219 968; x_wconf 83' lang='lat' dir='ltr'><strong>nins,</strong></span> <span class='ocrx_word' id='word_1_127' title='bbox 234 937 300 971; x_wconf 89' lang='lat' dir='ltr'><strong>quin</strong></span> <span class='ocrx_word' id='word_1_128' title='bbox 319 937 340 964; x_wconf 92' lang='lat' dir='ltr'><strong>si</strong></span> <span class='ocrx_word' id='word_1_129' title='bbox 355 937 467 971; x_wconf 81' lang='lat' dir='ltr'><strong>prodeat</strong></span> <span class='ocrx_word' id='word_1_130' title='bbox 484 937 511 964; x_wconf 92' lang='lat' dir='ltr'><strong>in</strong></span> <span class='ocrx_word' id='word_1_131' title='bbox 528 944 579 964; x_wconf 89' lang='lat' dir='ltr'><strong>nos</strong></span> <span class='ocrx_word' id='word_1_132' title='bbox 600 936 710 963; x_wconf 90' lang='lat' dir='ltr'><strong>rebellis</strong></span> <span class='ocrx_word' id='word_1_133' title='bbox 733 936 834 970; x_wconf 81' lang='lat' dir='ltr'><strong>aliquis</strong></span> <span class='ocrx_word' id='word_1_134' title='bbox 854 943 932 970; x_wconf 79' lang='lat' dir='ltr'><strong>open-</strong></span> 
     </span>
    </p>
   </div>
   <div class='ocr_carea' id='block_1_21' title="bbox 147 982 934 1018">
    <p class='ocr_par' dir='ltr' id='par_1_21' title="bbox 147 982 934 1018">
     <span class='ocr_line' id='line_1_21' title="bbox 147 982 934 1018; baseline 0.001 -10"><span class='ocrx_word' id='word_1_135' title='bbox 147 982 196 1016; x_wconf 88' lang='lat' dir='ltr'><strong>ipsi</strong></span> <span class='ocrx_word' id='word_1_136' title='bbox 215 983 295 1009; x_wconf 83' lang='lat' dir='ltr'><strong>laturi</strong></span> <span class='ocrx_word' id='word_1_137' title='bbox 313 982 368 1009; x_wconf 88' lang='lat' dir='ltr'><strong>sint</strong></span> <span class='ocrx_word' id='word_1_138' title='bbox 382 982 414 1009; x_wconf 89' lang='lat' dir='ltr'><strong>ad</strong></span> <span class='ocrx_word' id='word_1_139' title='bbox 433 989 482 1010; x_wconf 88' lang='lat' dir='ltr'><strong>nos</strong></span> <span class='ocrx_word' id='word_1_140' title='bbox 502 990 536 1010; x_wconf 84' lang='lat' dir='ltr'><strong>ex</strong></span> <span class='ocrx_word' id='word_1_141' title='bbox 551 982 670 1018; x_wconf 64' lang='lat' dir='ltr'><strong>Egypto</strong></span> <span class='ocrx_word' id='word_1_142' title='bbox 682 982 835 1017; x_wconf 83' lang='lat' dir='ltr'><strong>pellendos.</strong></span> <span class='ocrx_word' id='word_1_143' title='bbox 860 982 934 1009; x_wconf 68' lang='lat' dir='ltr'><strong>Prte-</strong></span> 
     </span>
    </p>
   </div>
   <div class='ocr_carea' id='block_1_22' title="bbox 146 1027 932 1063">
    <p class='ocr_par' dir='ltr' id='par_1_22' title="bbox 146 1027 932 1063">
     <span class='ocr_line' id='line_1_22' title="bbox 146 1027 932 1063; baseline -0.003 -9"><span class='ocrx_word' id='word_1_144' title='bbox 146 1028 212 1055; x_wconf 87' lang='lat' dir='ltr'><strong>fecit</strong></span> <span class='ocrx_word' id='word_1_145' title='bbox 225 1036 290 1063; x_wconf 86' lang='lat' dir='ltr'><strong>ergo</strong></span> <span class='ocrx_word' id='word_1_146' title='bbox 309 1028 376 1062; x_wconf 86' lang='lat' dir='ltr'><strong>ipsis</strong></span> <span class='ocrx_word' id='word_1_147' title='bbox 399 1028 543 1063; x_wconf 63' lang='lat' dir='ltr'><strong>Egyptios</strong></span> <span class='ocrx_word' id='word_1_148' title='bbox 561 1029 608 1063; x_wconf 91' lang='lat' dir='ltr'><strong>qui</strong></span> <span class='ocrx_word' id='word_1_149' title='bbox 625 1028 700 1063; x_wconf 89' lang='lat' dir='ltr'><strong>ipsos</strong></span> <span class='ocrx_word' id='word_1_150' title='bbox 717 1027 744 1054; x_wconf 91' lang='lat' dir='ltr'><strong>itt</strong></span> <span class='ocrx_word' id='word_1_151' title='bbox 770 1027 932 1054; x_wconf 78' lang='lat' dir='ltr'><strong>servitutem</strong></span> 
     </span>
    </p>
   </div>
   <div class='ocr_carea' id='block_1_23' title="bbox 145 1072 932 1108">
    <p class='ocr_par' dir='ltr' id='par_1_23' title="bbox 145 1072 932 1108">
     <span class='ocr_line' id='line_1_23' title="bbox 145 1072 932 1108; baseline -0.003 -8"><span class='ocrx_word' id='word_1_152' title='bbox 145 1073 310 1108; x_wconf 76' lang='lat' dir='ltr'><strong>redigentes,</strong></span> <span class='ocrx_word' id='word_1_153' title='bbox 330 1074 397 1101; x_wconf 88' lang='lat' dir='ltr'><strong>dure</strong></span> <span class='ocrx_word' id='word_1_154' title='bbox 419 1074 524 1101; x_wconf 83' lang='lat' dir='ltr'><strong>servire</strong></span> <span class='ocrx_word' id='word_1_155' title='bbox 547 1077 697 1108; x_wconf 75' lang='lat' dir='ltr'><strong>coegerunt</strong></span> <span class='ocrx_word' id='word_1_156' title='bbox 726 1073 799 1100; x_wconf 74' lang='lat' dir='ltr'><strong>circa</strong></span> <span class='ocrx_word' id='word_1_157' title='bbox 828 1072 932 1105; x_wconf 90' lang='lat' dir='ltr'><strong>lutmn,</strong></span> 
     </span>
    </p>
   </div>
   <div class='ocr_carea' id='block_1_24' title="bbox 147 1117 935 1154">
    <p class='ocr_par' dir='ltr' id='par_1_24' title="bbox 147 1117 935 1154">
     <span class='ocr_line' id='line_1_24' title="bbox 147 1117 935 1154; baseline 0 -9"><span class='ocrx_word' id='word_1_158' title='bbox 147 1118 258 1148; x_wconf 72' lang='lat' dir='ltr'><strong>lateres.</strong></span> <span class='ocrx_word' id='word_1_159' title='bbox 277 1122 304 1145; x_wconf 91' lang='lat' dir='ltr'><strong>et</strong></span> <span class='ocrx_word' id='word_1_160' title='bbox 326 1117 429 1153; x_wconf 83' lang='lat' dir='ltr'><strong>lapides</strong></span> <span class='ocrx_word' id='word_1_161' title='bbox 449 1123 612 1154; x_wconf 83' lang='lat' dir='ltr'><strong>montesque</strong></span> <span class='ocrx_word' id='word_1_162' title='bbox 632 1118 817 1150; x_wconf 69' lang='lat' dir='ltr'><strong>excavandos,</strong></span> <span class='ocrx_word' id='word_1_163' title='bbox 841 1125 935 1145; x_wconf 86' lang='lat' dir='ltr'><strong>caver-</strong></span> 
     </span>
    </p>
   </div>
   <div class='ocr_carea' id='block_1_25' title="bbox 148 1163 934 1200">
    <p class='ocr_par' dir='ltr' id='par_1_25' title="bbox 148 1163 934 1200">
     <span class='ocr_line' id='line_1_25' title="bbox 148 1163 934 1200; baseline 0.001 -10"><span class='ocrx_word' id='word_1_164' title='bbox 148 1173 197 1192; x_wconf 84' lang='lat' dir='ltr'><strong>nas</strong></span> <span class='ocrx_word' id='word_1_165' title='bbox 226 1163 420 1200; x_wconf 80' lang='lat' dir='ltr'><strong>[effodiendas]</strong></span> <span class='ocrx_word' id='word_1_166' title='bbox 445 1169 473 1191; x_wconf 89' lang='lat' dir='ltr'><strong>et</strong></span> <span class='ocrx_word' id='word_1_167' title='bbox 492 1169 593 1192; x_wconf 69' lang='lat' dir='ltr'><strong>terram</strong></span> <span class='ocrx_word' id='word_1_168' title='bbox 619 1165 783 1192; x_wconf 83' lang='lat' dir='ltr'><strong>colendam:</strong></span> <span class='ocrx_word' id='word_1_169' title='bbox 820 1165 885 1199; x_wconf 88' lang='lat' dir='ltr'><strong>quin</strong></span> <span class='ocrx_word' id='word_1_170' title='bbox 906 1169 934 1191; x_wconf 89' lang='lat' dir='ltr'><strong>et</strong></span> 
     </span>
    </p>
   </div>
   <div class='ocr_carea' id='block_1_26' title="bbox 148 1208 931 1243">
    <p class='ocr_par' dir='ltr' id='par_1_26' title="bbox 148 1208 931 1243">
     <span class='ocr_line' id='line_1_26' title="bbox 148 1208 931 1243; baseline -0.001 -7"><span class='ocrx_word' id='word_1_171' title='bbox 148 1210 307 1236; x_wconf 84' lang='lat' dir='ltr'><strong>mandatum</strong></span> <span class='ocrx_word' id='word_1_172' title='bbox 322 1209 520 1237; x_wconf 80' lang='lat' dir='ltr'><strong>obstetricibus</strong></span> <span class='ocrx_word' id='word_1_173' title='bbox 536 1209 610 1237; x_wconf 81' lang='lat' dir='ltr'><strong>dedit</strong></span> <span class='ocrx_word' id='word_1_174' title='bbox 623 1216 719 1236; x_wconf 87' lang='lat' dir='ltr'><strong>omnes</strong></span> <span class='ocrx_word' id='word_1_175' title='bbox 734 1209 779 1243; x_wconf 92' lang='lat' dir='ltr'><strong>qui</strong></span> <span class='ocrx_word' id='word_1_176' title='bbox 798 1208 931 1236; x_wconf 85' lang='lat' dir='ltr'><strong>lsraelitis</strong></span> 
     </span>
    </p>
   </div>
   <div class='ocr_carea' id='block_1_27' title="bbox 148 1254 932 1289">
    <p class='ocr_par' dir='ltr' id='par_1_27' title="bbox 148 1254 932 1289">
     <span class='ocr_line' id='line_1_27' title="bbox 148 1254 932 1289; baseline -0.003 -7"><span class='ocrx_word' id='word_1_177' title='bbox 148 1259 328 1282; x_wconf 67' lang='lat' dir='ltr'><strong>Insccrentur</strong></span> <span class='ocrx_word' id='word_1_178' title='bbox 344 1262 433 1282; x_wconf 86' lang='lat' dir='ltr'><strong>mares</strong></span> <span class='ocrx_word' id='word_1_179' title='bbox 450 1262 465 1282; x_wconf 90' lang='lat' dir='ltr'><strong>e</strong></span> <span class='ocrx_word' id='word_1_180' title='bbox 481 1254 572 1282; x_wconf 89' lang='lat' dir='ltr'><strong>tttedio</strong></span> <span class='ocrx_word' id='word_1_181' title='bbox 597 1254 723 1286; x_wconf 84' lang='lat' dir='ltr'><strong>tollendi,</strong></span> <span class='ocrx_word' id='word_1_182' title='bbox 737 1259 819 1289; x_wconf 86' lang='lat' dir='ltr'><strong>atque</strong></span> <span class='ocrx_word' id='word_1_183' title='bbox 835 1255 861 1281; x_wconf 89' lang='lat' dir='ltr'><strong>itt</strong></span> <span class='ocrx_word' id='word_1_184' title='bbox 882 1254 932 1280; x_wconf 86' lang='lat' dir='ltr'><strong>ﬁtt-</strong></span> 
     </span>
    </p>
   </div>
   <div class='ocr_carea' id='block_1_28' title="bbox 147 1299 932 1336">
    <p class='ocr_par' dir='ltr' id='par_1_28' title="bbox 147 1299 932 1336">
     <span class='ocr_line' id='line_1_28' title="bbox 147 1299 932 1336; baseline -0.003 -8"><span class='ocrx_word' id='word_1_185' title='bbox 147 1303 220 1329; x_wconf 90' lang='lat' dir='ltr'><strong>vium</strong></span> <span class='ocrx_word' id='word_1_186' title='bbox 252 1301 414 1336; x_wconf 89' lang='lat' dir='ltr'><strong>projiciendi</strong></span> <span class='ocrx_word' id='word_1_187' title='bbox 442 1311 449 1328; x_wconf 87' lang='lat'><strong>:</strong></span> <span class='ocrx_word' id='word_1_188' title='bbox 482 1300 551 1327; x_wconf 89' lang='lat' dir='ltr'><strong>adeo</strong></span> <span class='ocrx_word' id='word_1_189' title='bbox 575 1304 604 1327; x_wconf 88' lang='lat' dir='ltr'><strong>ut</strong></span> <span class='ocrx_word' id='word_1_190' title='bbox 632 1300 715 1328; x_wconf 84' lang='lat' dir='ltr'><strong>occisi</strong></span> <span class='ocrx_word' id='word_1_191' title='bbox 741 1304 769 1328; x_wconf 89' lang='lat' dir='ltr'><strong>et</strong></span> <span class='ocrx_word' id='word_1_192' title='bbox 801 1301 828 1328; x_wconf 89' lang='lat' dir='ltr'><strong>in</strong></span> <span class='ocrx_word' id='word_1_193' title='bbox 849 1299 932 1327; x_wconf 81' lang='lat' dir='ltr'><strong>ﬂuvio</strong></span> 
     </span>
    </p>
   </div>
   <div class='ocr_carea' id='block_1_29' title="bbox 147 1345 930 1381">
    <p class='ocr_par' dir='ltr' id='par_1_29' title="bbox 147 1345 930 1381">
     <span class='ocr_line' id='line_1_29' title="bbox 147 1345 930 1381; baseline 0.001 -9"><span class='ocrx_word' id='word_1_194' title='bbox 147 1345 284 1373; x_wconf 81' lang='lat' dir='ltr'><strong>submersi</strong></span> <span class='ocrx_word' id='word_1_195' title='bbox 315 1345 417 1372; x_wconf 90' lang='lat' dir='ltr'><strong>fuerittt</strong></span> <span class='ocrx_word' id='word_1_196' title='bbox 449 1345 566 1373; x_wconf 85' lang='lat' dir='ltr'><strong>infantes</strong></span> <span class='ocrx_word' id='word_1_197' title='bbox 591 1346 638 1381; x_wconf 88' lang='lat' dir='ltr'><strong>qui</strong></span> <span class='ocrx_word' id='word_1_198' title='bbox 671 1353 815 1373; x_wconf 89' lang='lat' dir='ltr'><strong>numerum</strong></span> <span class='ocrx_word' id='word_1_199' title='bbox 849 1354 930 1373; x_wconf 82' lang='lat' dir='ltr'><strong>exce-</strong></span> 
     </span>
    </p>
   </div>
   <div class='ocr_carea' id='block_1_30' title="bbox 145 1391 223 1418">
    <p class='ocr_par' dir='ltr' id='par_1_30' title="bbox 145 1391 223 1418">
     <span class='ocr_line' id='line_1_30' title="bbox 145 1391 223 1418; baseline 0.013 -1"><span class='ocrx_word' id='word_1_200' title='bbox 145 1391 223 1418; x_wconf 88' lang='lat' dir='ltr'><strong>dattt.</strong></span> 
     </span>
    </p>
   </div>
   <div class='ocr_carea' id='block_1_31' title="bbox 181 1436 932 1473">
    <p class='ocr_par' dir='ltr' id='par_1_31' title="bbox 181 1436 932 1473">
     <span class='ocr_line' id='line_1_31' title="bbox 181 1436 932 1473; baseline 0 -9"><span class='ocrx_word' id='word_1_201' title='bbox 181 1437 250 1464; x_wconf 85' lang='lat' dir='ltr'><strong>Cum</strong></span> <span class='ocrx_word' id='word_1_202' title='bbox 278 1445 343 1473; x_wconf 89' lang='lat' dir='ltr'><strong>ergo</strong></span> <span class='ocrx_word' id='word_1_203' title='bbox 369 1441 451 1464; x_wconf 87' lang='lat' dir='ltr'><strong>natus</strong></span> <span class='ocrx_word' id='word_1_204' title='bbox 476 1441 549 1464; x_wconf 82' lang='lat' dir='ltr'><strong>esset</strong></span> <span class='ocrx_word' id='word_1_205' title='bbox 569 1436 669 1469; x_wconf 81' lang='lat' dir='ltr'><strong>Moses,</strong></span> <span class='ocrx_word' id='word_1_206' title='bbox 693 1441 818 1465; x_wconf 87' lang='lat' dir='ltr'><strong>metuens</strong></span> <span class='ocrx_word' id='word_1_207' title='bbox 845 1442 932 1465; x_wconf 85' lang='lat' dir='ltr'><strong>mater</strong></span> 
     </span>
    </p>
   </div>
   <div class='ocr_carea' id='block_1_32' title="bbox 148 1482 932 1517">
    <p class='ocr_par' dir='ltr' id='par_1_32' title="bbox 148 1482 932 1517">
     <span class='ocr_line' id='line_1_32' title="bbox 148 1482 932 1517; baseline 0.003 -9"><span class='ocrx_word' id='word_1_208' title='bbox 148 1483 235 1517; x_wconf 87' lang='lat' dir='ltr'><strong>ipsius</strong></span> <span class='ocrx_word' id='word_1_209' title='bbox 249 1490 283 1510; x_wconf 81' lang='lat' dir='ltr'><strong>tte</strong></span> <span class='ocrx_word' id='word_1_210' title='bbox 298 1491 313 1510; x_wconf 89' lang='lat' dir='ltr'><strong>e</strong></span> <span class='ocrx_word' id='word_1_211' title='bbox 333 1483 422 1510; x_wconf 91' lang='lat' dir='ltr'><strong>medio</strong></span> <span class='ocrx_word' id='word_1_212' title='bbox 443 1482 597 1515; x_wconf 91' lang='lat' dir='ltr'><strong>tolleretur,</strong></span> <span class='ocrx_word' id='word_1_213' title='bbox 613 1483 702 1517; x_wconf 88' lang='lat' dir='ltr'><strong>ipsuttt</strong></span> <span class='ocrx_word' id='word_1_214' title='bbox 720 1483 809 1510; x_wconf 86' lang='lat' dir='ltr'><strong>tribus</strong></span> <span class='ocrx_word' id='word_1_215' title='bbox 830 1483 932 1510; x_wconf 87' lang='lat' dir='ltr'><strong>mensi-</strong></span> 
     </span>
    </p>
   </div>
   <div class='ocr_carea' id='block_1_33' title="bbox 147 1527 931 1564">
    <p class='ocr_par' dir='ltr' id='par_1_33' title="bbox 147 1527 931 1564">
     <span class='ocr_line' id='line_1_33' title="bbox 147 1527 931 1564; baseline 0 -9"><span class='ocrx_word' id='word_1_216' title='bbox 147 1528 199 1555; x_wconf 88' lang='lat' dir='ltr'><strong>bus</strong></span> <span class='ocrx_word' id='word_1_217' title='bbox 221 1528 387 1556; x_wconf 82' lang='lat' dir='ltr'><strong>abscondit:</strong></span> <span class='ocrx_word' id='word_1_218' title='bbox 412 1527 510 1555; x_wconf 88' lang='lat' dir='ltr'><strong>deinde</strong></span> <span class='ocrx_word' id='word_1_219' title='bbox 527 1528 579 1555; x_wconf 87' lang='lat' dir='ltr'><strong>sibi</strong></span> <span class='ocrx_word' id='word_1_220' title='bbox 605 1532 729 1555; x_wconf 86' lang='lat' dir='ltr'><strong>metuens</strong></span> <span class='ocrx_word' id='word_1_221' title='bbox 745 1527 856 1563; x_wconf 89' lang='lat' dir='ltr'><strong>(nomen</strong></span> <span class='ocrx_word' id='word_1_222' title='bbox 879 1528 931 1564; x_wconf 87' lang='lat' dir='ltr'><strong>ipsi</strong></span> 
     </span>
    </p>
   </div>
   <div class='ocr_carea' id='block_1_34' title="bbox 145 1573 933 1609">
    <p class='ocr_par' dir='ltr' id='par_1_34' title="bbox 145 1573 933 1609">
     <span class='ocr_line' id='line_1_34' title="bbox 145 1573 933 1609; baseline 0.003 -9"><span class='ocrx_word' id='word_1_223' title='bbox 145 1578 205 1601; x_wconf 89' lang='lat' dir='ltr'><strong>erat</strong></span> <span class='ocrx_word' id='word_1_224' title='bbox 221 1573 373 1609; x_wconf 79' lang='lat' dir='ltr'><strong>Joeltabad)</strong></span> <span class='ocrx_word' id='word_1_225' title='bbox 398 1581 491 1601; x_wconf 82' lang='lat' dir='ltr'><strong>arcam</strong></span> <span class='ocrx_word' id='word_1_226' title='bbox 502 1581 517 1601; x_wconf 93' lang='lat' dir='ltr'><strong>e</strong></span> <span class='ocrx_word' id='word_1_227' title='bbox 528 1574 620 1609; x_wconf 74' lang='lat' dir='ltr'><strong>iuncis</strong></span> <span class='ocrx_word' id='word_1_228' title='bbox 633 1574 754 1601; x_wconf 88' lang='lat' dir='ltr'><strong>confecit</strong></span> <span class='ocrx_word' id='word_1_229' title='bbox 776 1574 815 1609; x_wconf 92' lang='lat' dir='ltr'><strong>(in</strong></span> <span class='ocrx_word' id='word_1_230' title='bbox 835 1575 902 1609; x_wconf 89' lang='lat' dir='ltr'><strong>lege,</strong></span> <span class='ocrx_word' id='word_1_231' title='bbox 917 1583 933 1602; x_wconf 85' lang='lat' dir='ltr'><strong>e</strong></span> 
     </span>
    </p>
   </div>
   <div class='ocr_carea' id='block_1_35' title="bbox 146 1618 933 1654">
    <p class='ocr_par' dir='ltr' id='par_1_35' title="bbox 146 1618 933 1654">
     <span class='ocr_line' id='line_1_35' title="bbox 146 1618 933 1654; baseline 0.001 -8"><span class='ocrx_word' id='word_1_232' title='bbox 146 1619 228 1654; x_wconf 60' lang='lat' dir='ltr'><strong>liytis</strong></span> <span class='ocrx_word' id='word_1_233' title='bbox 247 1619 334 1654; x_wconf 87' lang='lat' dir='ltr'><strong>pineis</strong></span> <span class='ocrx_word' id='word_1_234' title='bbox 349 1618 472 1646; x_wconf 88' lang='lat' dir='ltr'><strong>confecta</strong></span> <span class='ocrx_word' id='word_1_235' title='bbox 488 1619 602 1654; x_wconf 86' lang='lat' dir='ltr'><strong>dicitur)</strong></span> <span class='ocrx_word' id='word_1_236' title='bbox 627 1626 659 1646; x_wconf 83' lang='lat' dir='ltr'><strong>ac</strong></span> <span class='ocrx_word' id='word_1_237' title='bbox 672 1619 732 1654; x_wconf 90' lang='lat' dir='ltr'><strong>pice</strong></span> <span class='ocrx_word' id='word_1_238' title='bbox 748 1619 832 1652; x_wconf 89' lang='lat' dir='ltr'><strong>intus,</strong></span> <span class='ocrx_word' id='word_1_239' title='bbox 849 1625 933 1654; x_wconf 86' lang='lat' dir='ltr'><strong>atque</strong></span> 
     </span>
    </p>
   </div>
   <div class='ocr_carea' id='block_1_36' title="bbox 146 1665 932 1700">
    <p class='ocr_par' dir='ltr' id='par_1_36' title="bbox 146 1665 932 1700">
     <span class='ocr_line' id='line_1_36' title="bbox 146 1665 932 1700; baseline 0 -7"><span class='ocrx_word' id='word_1_240' title='bbox 146 1670 223 1693; x_wconf 87' lang='lat' dir='ltr'><strong>extra</strong></span> <span class='ocrx_word' id='word_1_241' title='bbox 236 1665 349 1696; x_wconf 85' lang='lat' dir='ltr'><strong>oblerit,</strong></span> <span class='ocrx_word' id='word_1_242' title='bbox 369 1665 414 1692; x_wconf 90' lang='lat' dir='ltr'><strong>cui</strong></span> <span class='ocrx_word' id='word_1_243' title='bbox 429 1672 543 1700; x_wconf 85' lang='lat' dir='ltr'><strong>puerum</strong></span> <span class='ocrx_word' id='word_1_244' title='bbox 560 1665 719 1699; x_wconf 76' lang='lat' dir='ltr'><strong>impositura</strong></span> <span class='ocrx_word' id='word_1_245' title='bbox 738 1666 764 1692; x_wconf 91' lang='lat' dir='ltr'><strong>in</strong></span> <span class='ocrx_word' id='word_1_246' title='bbox 789 1666 883 1693; x_wconf 72' lang='lat' dir='ltr'><strong>brevia</strong></span> <span class='ocrx_word' id='word_1_247' title='bbox 898 1666 932 1693; x_wconf 88' lang='lat' dir='ltr'><strong>ad</strong></span> 
     </span>
    </p>
   </div>
   <div class='ocr_carea' id='block_1_37' title="bbox 146 1709 933 1745">
    <p class='ocr_par' dir='ltr' id='par_1_37' title="bbox 146 1709 933 1745">
     <span class='ocr_line' id='line_1_37' title="bbox 146 1709 933 1745; baseline 0.001 -7"><span class='ocrx_word' id='word_1_248' title='bbox 146 1711 199 1738; x_wconf 77' lang='lat' dir='ltr'><strong>Nili</strong></span> <span class='ocrx_word' id='word_1_249' title='bbox 216 1710 294 1738; x_wconf 89' lang='lat' dir='ltr'><strong>littus</strong></span> <span class='ocrx_word' id='word_1_250' title='bbox 310 1709 437 1745; x_wconf 74' lang='lat' dir='ltr'><strong>proiecit,</strong></span> <span class='ocrx_word' id='word_1_251' title='bbox 455 1710 481 1736; x_wconf 91' lang='lat' dir='ltr'><strong>in</strong></span> <span class='ocrx_word' id='word_1_252' title='bbox 498 1711 566 1737; x_wconf 87' lang='lat' dir='ltr'><strong>urbe</strong></span> <span class='ocrx_word' id='word_1_253' title='bbox 583 1709 659 1737; x_wconf 79' lang='lat' dir='ltr'><strong>Dhan</strong></span> <span class='ocrx_word' id='word_1_254' title='bbox 674 1711 807 1745; x_wconf 78' lang='lat' dir='ltr'><strong>appellata</strong></span> <span class='ocrx_word' id='word_1_255' title='bbox 820 1732 827 1743; x_wconf 87' lang='lat'><strong>,</strong></span> <span class='ocrx_word' id='word_1_256' title='bbox 849 1713 933 1740; x_wconf 89' lang='lat' dir='ltr'><strong>ditio-</strong></span> 
     </span>
    </p>
   </div>
   <div class='ocr_carea' id='block_1_38' title="bbox 147 1754 932 1791">
    <p class='ocr_par' dir='ltr' id='par_1_38' title="bbox 147 1754 932 1791">
     <span class='ocr_line' id='line_1_38' title="bbox 147 1754 932 1791; baseline 0.003 -9"><span class='ocrx_word' id='word_1_257' title='bbox 147 1755 190 1783; x_wconf 84' lang='lat' dir='ltr'><strong>nis</strong></span> <span class='ocrx_word' id='word_1_258' title='bbox 214 1755 390 1790; x_wconf 69' lang='lat' dir='ltr'><strong>Angptiacte.</strong></span> <span class='ocrx_word' id='word_1_259' title='bbox 411 1762 465 1789; x_wconf 91' lang='lat' dir='ltr'><strong>quo</strong></span> <span class='ocrx_word' id='word_1_260' title='bbox 484 1754 609 1781; x_wconf 85' lang='lat' dir='ltr'><strong>sublatus</strong></span> <span class='ocrx_word' id='word_1_261' title='bbox 622 1754 768 1787; x_wconf 85' lang='lat' dir='ltr'><strong>ﬂuctibus,</strong></span> <span class='ocrx_word' id='word_1_262' title='bbox 795 1756 853 1791; x_wconf 88' lang='lat' dir='ltr'><strong>ipsa</strong></span> <span class='ocrx_word' id='word_1_263' title='bbox 878 1765 932 1784; x_wconf 93' lang='lat' dir='ltr'><strong>non</strong></span> 
     </span>
    </p>
   </div>
   <div class='ocr_carea' id='block_1_39' title="bbox 147 1799 932 1835">
    <p class='ocr_par' dir='ltr' id='par_1_39' title="bbox 147 1799 932 1835">
     <span class='ocr_line' id='line_1_39' title="bbox 147 1799 932 1835; baseline 0.001 -8"><span class='ocrx_word' id='word_1_264' title='bbox 147 1801 256 1828; x_wconf 72' lang='lat' dir='ltr'><strong>vidente</strong></span> <span class='ocrx_word' id='word_1_265' title='bbox 270 1801 505 1835; x_wconf 84' lang='lat' dir='ltr'><strong>submergeretur.</strong></span> <span class='ocrx_word' id='word_1_266' title='bbox 525 1799 652 1834; x_wconf 83' lang='lat'><strong>97-99</strong></span> <span class='ocrx_word' id='word_1_267' title='bbox 677 1800 752 1828; x_wconf 87' lang='lat' dir='ltr'><strong>Sedit</strong></span> <span class='ocrx_word' id='word_1_268' title='bbox 770 1807 863 1828; x_wconf 77' lang='lat' dir='ltr'><strong>autem</strong></span> <span class='ocrx_word' id='word_1_269' title='bbox 886 1802 932 1828; x_wconf 84' lang='lat' dir='ltr'><strong>Mi-</strong></span> 
     </span>
    </p>
   </div>
   <div class='ocr_carea' id='block_1_40' title="bbox 147 1845 932 1881">
    <p class='ocr_par' dir='ltr' id='par_1_40' title="bbox 147 1845 932 1881">
     <span class='ocr_line' id='line_1_40' title="bbox 147 1845 932 1881; baseline 0.004 -9"><span class='ocrx_word' id='word_1_270' title='bbox 147 1846 214 1873; x_wconf 87' lang='lat' dir='ltr'><strong>riant</strong></span> <span class='ocrx_word' id='word_1_271' title='bbox 237 1853 317 1873; x_wconf 88' lang='lat' dir='ltr'><strong>soror</strong></span> <span class='ocrx_word' id='word_1_272' title='bbox 342 1845 428 1872; x_wconf 76' lang='lat' dir='ltr'><strong>Musis</strong></span> <span class='ocrx_word' id='word_1_273' title='bbox 444 1852 460 1872; x_wconf 77' lang='grc' dir='ltr'><strong>ο</strong></span> <span class='ocrx_word' id='word_1_274' title='bbox 478 1845 629 1880; x_wconf 83' lang='lat' dir='ltr'><strong>|0ttginquo</strong></span> <span class='ocrx_word' id='word_1_275' title='bbox 653 1851 681 1872; x_wconf 90' lang='grc' dir='ltr'><strong>ιιι</strong></span> <span class='ocrx_word' id='word_1_276' title='bbox 706 1846 774 1881; x_wconf 87' lang='lat' dir='ltr'><strong>quid</strong></span> <span class='ocrx_word' id='word_1_277' title='bbox 798 1847 831 1874; x_wconf 86' lang='lat' dir='ltr'><strong>de</strong></span> <span class='ocrx_word' id='word_1_278' title='bbox 847 1855 932 1881; x_wconf 79' lang='lat' dir='ltr'><strong>puero</strong></span> 
     </span>
    </p>
   </div>
   <div class='ocr_carea' id='block_1_41' title="bbox 147 1889 930 1925">
    <p class='ocr_par' dir='ltr' id='par_1_41' title="bbox 147 1889 930 1925">
     <span class='ocr_line' id='line_1_41' title="bbox 147 1889 930 1925; baseline 0 -7"><span class='ocrx_word' id='word_1_279' title='bbox 147 1891 223 1918; x_wconf 83' lang='lat' dir='ltr'><strong>ﬁeret</strong></span> <span class='ocrx_word' id='word_1_280' title='bbox 245 1890 360 1917; x_wconf 82' lang='lat' dir='ltr'><strong>videret.</strong></span> <span class='ocrx_word' id='word_1_281' title='bbox 390 1889 563 1918; x_wconf 87' lang='lat' dir='ltr'><strong>Descendens</strong></span> <span class='ocrx_word' id='word_1_282' title='bbox 584 1898 651 1925; x_wconf 82' lang='lat' dir='ltr'><strong>ergo</strong></span> <span class='ocrx_word' id='word_1_283' title='bbox 672 1889 827 1920; x_wconf 84' lang='lat' dir='ltr'><strong>Pharaonis</strong></span> <span class='ocrx_word' id='word_1_284' title='bbox 857 1893 930 1924; x_wconf 89' lang='lat' dir='ltr'><strong>lilia,</strong></span> 
     </span>
    </p>
   </div>
   <div class='ocr_carea' id='block_1_42' title="bbox 147 1934 930 1972">
    <p class='ocr_par' dir='ltr' id='par_1_42' title="bbox 147 1934 930 1972">
     <span class='ocr_line' id='line_1_42' title="bbox 147 1934 930 1972; baseline 0.004 -9"><span class='ocrx_word' id='word_1_285' title='bbox 147 1937 255 1963; x_wconf 91' lang='lat' dir='ltr'><strong>nomine</strong></span> <span class='ocrx_word' id='word_1_286' title='bbox 272 1935 370 1971; x_wconf 83' lang='lat' dir='ltr'><strong>Siyun,</strong></span> <span class='ocrx_word' id='word_1_287' title='bbox 385 1939 415 1961; x_wconf 91' lang='lat' dir='ltr'><strong>ut</strong></span> <span class='ocrx_word' id='word_1_288' title='bbox 428 1942 458 1962; x_wconf 90' lang='lat' dir='ltr'><strong>se</strong></span> <span class='ocrx_word' id='word_1_289' title='bbox 473 1935 499 1962; x_wconf 90' lang='lat' dir='ltr'><strong>in</strong></span> <span class='ocrx_word' id='word_1_290' title='bbox 511 1934 572 1962; x_wconf 85' lang='lat' dir='ltr'><strong>Nilo</strong></span> <span class='ocrx_word' id='word_1_291' title='bbox 593 1936 725 1968; x_wconf 77' lang='lat' dir='ltr'><strong>ablueret,</strong></span> <span class='ocrx_word' id='word_1_292' title='bbox 742 1937 835 1964; x_wconf 85' lang='lat' dir='ltr'><strong>audito</strong></span> <span class='ocrx_word' id='word_1_293' title='bbox 853 1938 930 1972; x_wconf 89' lang='lat' dir='ltr'><strong>pueri</strong></span> 
     </span>
    </p>
   </div>
   <div class='ocr_carea' id='block_1_43' title="bbox 145 1981 930 2018">
    <p class='ocr_par' dir='ltr' id='par_1_43' title="bbox 145 1981 930 2018">
     <span class='ocr_line' id='line_1_43' title="bbox 145 1981 930 2018; baseline 0.003 -10"><span class='ocrx_word' id='word_1_294' title='bbox 145 1982 172 2008; x_wconf 90' lang='lat' dir='ltr'><strong>itt</strong></span> <span class='ocrx_word' id='word_1_295' title='bbox 188 1988 252 2008; x_wconf 84' lang='lat' dir='ltr'><strong>arca</strong></span> <span class='ocrx_word' id='word_1_296' title='bbox 270 1981 373 2016; x_wconf 76' lang='lat' dir='ltr'><strong>vagitu,</strong></span> <span class='ocrx_word' id='word_1_297' title='bbox 389 1986 418 2008; x_wconf 87' lang='lat' dir='ltr'><strong>et</strong></span> <span class='ocrx_word' id='word_1_298' title='bbox 433 1981 633 2014; x_wconf 85' lang='lat' dir='ltr'><strong>misericordia,</strong></span> <span class='ocrx_word' id='word_1_299' title='bbox 660 1986 810 2018; x_wconf 86' lang='lat' dir='ltr'><strong>teneroque</strong></span> <span class='ocrx_word' id='word_1_300' title='bbox 828 1984 930 2011; x_wconf 73' lang='lat' dir='ltr'><strong>affectu</strong></span> 
     </span>
    </p>
   </div>
   <div class='ocr_carea' id='block_1_44' title="bbox 144 2027 931 2063">
    <p class='ocr_par' dir='ltr' id='par_1_44' title="bbox 144 2027 931 2063">
     <span class='ocr_line' id='line_1_44' title="bbox 144 2027 931 2063; baseline 0.003 -9"><span class='ocrx_word' id='word_1_301' title='bbox 144 2034 210 2061; x_wconf 77' lang='lat' dir='ltr'><strong>erga</strong></span> <span class='ocrx_word' id='word_1_302' title='bbox 226 2027 316 2062; x_wconf 87' lang='lat' dir='ltr'><strong>ipsttttt</strong></span> <span class='ocrx_word' id='word_1_303' title='bbox 330 2030 481 2058; x_wconf 87' lang='lat' dir='ltr'><strong>commota,</strong></span> <span class='ocrx_word' id='word_1_304' title='bbox 500 2027 589 2061; x_wconf 88' lang='lat' dir='ltr'><strong>ipsum</strong></span> <span class='ocrx_word' id='word_1_305' title='bbox 602 2027 635 2053; x_wconf 90' lang='lat' dir='ltr'><strong>ad</strong></span> <span class='ocrx_word' id='word_1_306' title='bbox 650 2034 680 2054; x_wconf 87' lang='lat' dir='ltr'><strong>se</strong></span> <span class='ocrx_word' id='word_1_307' title='bbox 693 2029 807 2062; x_wconf 78' lang='lat' dir='ltr'><strong>recepit,</strong></span> <span class='ocrx_word' id='word_1_308' title='bbox 828 2028 931 2063; x_wconf 88' lang='lat' dir='ltr'><strong>jubens</strong></span> 
     </span>
    </p>
   </div>
   <div class='ocr_carea' id='block_1_45' title="bbox 145 2071 930 2108">
    <p class='ocr_par' dir='ltr' id='par_1_45' title="bbox 145 2071 930 2108">
     <span class='ocr_line' id='line_1_45' title="bbox 145 2071 930 2108; baseline 0.003 -8"><span class='ocrx_word' id='word_1_309' title='bbox 145 2073 231 2108; x_wconf 69' lang='lat' dir='ltr'><strong>quaeri</strong></span> <span class='ocrx_word' id='word_1_310' title='bbox 254 2073 388 2099; x_wconf 88' lang='lat' dir='ltr'><strong>nutrieent</strong></span> <span class='ocrx_word' id='word_1_311' title='bbox 411 2080 472 2106; x_wconf 73' lang='lat' dir='ltr'><strong>qua:</strong></span> <span class='ocrx_word' id='word_1_312' title='bbox 496 2071 585 2106; x_wconf 86' lang='lat' dir='ltr'><strong>ipsum</strong></span> <span class='ocrx_word' id='word_1_313' title='bbox 603 2071 718 2100; x_wconf 85' lang='lat' dir='ltr'><strong>iactaret</strong></span> <span class='ocrx_word' id='word_1_314' title='bbox 732 2078 816 2108; x_wconf 86' lang='lat' dir='ltr'><strong>atque</strong></span> <span class='ocrx_word' id='word_1_315' title='bbox 830 2075 930 2102; x_wconf 82' lang='lat' dir='ltr'><strong>educa-</strong></span> 
     </span>
    </p>
   </div>
   <div class='ocr_carea' id='block_1_46' title="bbox 145 2117 929 2152">
    <p class='ocr_par' dir='ltr' id='par_1_46' title="bbox 145 2117 929 2152">
     <span class='ocr_line' id='line_1_46' title="bbox 145 2117 929 2152; baseline 0.001 -7"><span class='ocrx_word' id='word_1_316' title='bbox 145 2122 199 2145; x_wconf 82' lang='lat' dir='ltr'><strong>ret.</strong></span> <span class='ocrx_word' id='word_1_317' title='bbox 215 2117 372 2145; x_wconf 80' lang='lat' dir='ltr'><strong>Aecurreus</strong></span> <span class='ocrx_word' id='word_1_318' title='bbox 394 2124 460 2151; x_wconf 79' lang='lat' dir='ltr'><strong>ergo</strong></span> <span class='ocrx_word' id='word_1_319' title='bbox 475 2117 508 2143; x_wconf 88' lang='lat' dir='ltr'><strong>ad</strong></span> <span class='ocrx_word' id='word_1_320' title='bbox 531 2117 621 2152; x_wconf 85' lang='lat' dir='ltr'><strong>ipsum</strong></span> <span class='ocrx_word' id='word_1_321' title='bbox 638 2118 759 2150; x_wconf 88' lang='lat' dir='ltr'><strong>Miriant,</strong></span> <span class='ocrx_word' id='word_1_322' title='bbox 785 2119 869 2147; x_wconf 87' lang='lat' dir='ltr'><strong>Mosis</strong></span> <span class='ocrx_word' id='word_1_323' title='bbox 882 2127 929 2146; x_wconf 89' lang='lat' dir='ltr'><strong>so-</strong></span> 
     </span>
    </p>
   </div>
   <div class='ocr_carea' id='block_1_47' title="bbox 144 2161 928 2197">
    <p class='ocr_par' dir='ltr' id='par_1_47' title="bbox 144 2161 928 2197">
     <span class='ocr_line' id='line_1_47' title="bbox 144 2161 928 2197; baseline 0.001 -7"><span class='ocrx_word' id='word_1_324' title='bbox 144 2170 202 2194; x_wconf 90' lang='lat' dir='ltr'><strong>ror,</strong></span> <span class='ocrx_word' id='word_1_325' title='bbox 228 2161 309 2195; x_wconf 85' lang='lat' dir='ltr'><strong>dixit,</strong></span> <span class='ocrx_word' id='word_1_326' title='bbox 334 2162 512 2197; x_wconf 71' lang='lat' dir='ltr'><strong>quaesituram</strong></span> <span class='ocrx_word' id='word_1_327' title='bbox 535 2170 566 2189; x_wconf 86' lang='lat' dir='ltr'><strong>se</strong></span> <span class='ocrx_word' id='word_1_328' title='bbox 591 2163 726 2190; x_wconf 74' lang='lat' dir='ltr'><strong>nutrit-em</strong></span> <span class='ocrx_word' id='word_1_329' title='bbox 744 2171 777 2191; x_wconf 81' lang='lat' dir='ltr'><strong>ex</strong></span> <span class='ocrx_word' id='word_1_330' title='bbox 795 2163 928 2192; x_wconf 84' lang='lat' dir='ltr'><strong>Israelitis</strong></span> 
     </span>
    </p>
   </div>
   <div class='ocr_carea' id='block_1_48' title="bbox 953 884 973 911">
    <p class='ocr_par' dir='ltr' id='par_1_48' title="bbox 953 884 973 911">
     <span class='ocr_line' id='line_1_48' title="bbox 953 884 973 911; baseline 0 0"><span class='ocrx_word' id='word_1_331' title='bbox 953 884 973 911; x_wconf 86' lang='lat' dir='ltr'><strong>B</strong></span> 
     </span>
    </p>
   </div>
   <div class='ocr_carea' id='block_1_49' title="bbox 947 1545 969 1575">
    <p class='ocr_par' dir='ltr' id='par_1_49' title="bbox 947 1545 969 1575">
     <span class='ocr_line' id='line_1_49' title="bbox 947 1545 969 1575; baseline 0 0"><span class='ocrx_word' id='word_1_332' title='bbox 947 1545 969 1575; x_wconf 77' lang='grc' dir='ltr'><strong>ϐ</strong></span> 
     </span>
    </p>
   </div>
   <div class='ocr_carea' id='block_1_50' title="bbox 993 257 1775 296">
    <p class='ocr_par' dir='ltr' id='par_1_50' title="bbox 993 257 1775 296">
     <span class='ocr_line' id='line_1_50' title="bbox 993 257 1775 296; baseline 0.009 -14"><span class='ocrx_word' id='word_1_333' title='bbox 993 258 1061 283; x_wconf 79' lang='lat' dir='ltr'><strong>tavit</strong></span> <span class='ocrx_word' id='word_1_334' title='bbox 1076 278 1083 290; x_wconf 92' lang='lat'><strong>,</strong></span> <span class='ocrx_word' id='word_1_335' title='bbox 1113 257 1204 292; x_wconf 88' lang='lat' dir='ltr'><strong>ibique</strong></span> <span class='ocrx_word' id='word_1_336' title='bbox 1225 266 1338 285; x_wconf 71' lang='lat' dir='ltr'><strong>uxorem</strong></span> <span class='ocrx_word' id='word_1_337' title='bbox 1360 257 1457 291; x_wconf 74' lang='lat' dir='ltr'><strong>duxit,</strong></span> <span class='ocrx_word' id='word_1_338' title='bbox 1491 260 1600 288; x_wconf 91' lang='lat' dir='ltr'><strong>nomine</strong></span> <span class='ocrx_word' id='word_1_339' title='bbox 1628 261 1775 296; x_wconf 83' lang='lat' dir='ltr'><strong>Siphurant</strong></span> 
     </span>
    </p>
   </div>
   <div class='ocr_carea' id='block_1_51' title="bbox 991 302 1775 342">
    <p class='ocr_par' dir='ltr' id='par_1_51' title="bbox 991 302 1775 342">
     <span class='ocr_line' id='line_1_51' title="bbox 991 302 1775 342; baseline 0.008 -13"><span class='ocrx_word' id='word_1_340' title='bbox 991 302 1074 329; x_wconf 91' lang='lat' dir='ltr'><strong>ﬁliant</strong></span> <span class='ocrx_word' id='word_1_341' title='bbox 1100 302 1197 330; x_wconf 77' lang='lat' dir='ltr'><strong>Jethro</strong></span> <span class='ocrx_word' id='word_1_342' title='bbox 1228 306 1318 340; x_wconf 83' lang='lat' dir='ltr'><strong>(quem</strong></span> <span class='ocrx_word' id='word_1_343' title='bbox 1343 304 1446 332; x_wconf 80' lang='lat' dir='ltr'><strong>Arabes</strong></span> <span class='ocrx_word' id='word_1_344' title='bbox 1472 304 1579 334; x_wconf 75' lang='lat' dir='ltr'><strong>Shoatb</strong></span> <span class='ocrx_word' id='word_1_345' title='bbox 1605 308 1775 342; x_wconf 81' lang='lat' dir='ltr'><strong>appellant),</strong></span> 
     </span>
    </p>
   </div>
   <div class='ocr_carea' id='block_1_52' title="bbox 989 347 1777 385">
    <p class='ocr_par' dir='ltr' id='par_1_52' title="bbox 989 347 1777 385">
     <span class='ocr_line' id='line_1_52' title="bbox 989 347 1777 385; baseline 0.006 -11"><span class='ocrx_word' id='word_1_346' title='bbox 989 347 1116 379; x_wconf 81' lang='lat' dir='ltr'><strong>lstttaele,</strong></span> <span class='ocrx_word' id='word_1_347' title='bbox 1139 348 1287 375; x_wconf 83' lang='lat' dir='ltr'><strong>Abraltami</strong></span> <span class='ocrx_word' id='word_1_348' title='bbox 1314 347 1379 380; x_wconf 83' lang='lat' dir='ltr'><strong>ﬁlio,</strong></span> <span class='ocrx_word' id='word_1_349' title='bbox 1403 349 1525 382; x_wconf 90' lang='lat' dir='ltr'><strong>oriundi,</strong></span> <span class='ocrx_word' id='word_1_350' title='bbox 1543 352 1636 385; x_wconf 86' lang='lat' dir='ltr'><strong>templi</strong></span> <span class='ocrx_word' id='word_1_351' title='bbox 1654 351 1680 378; x_wconf 88' lang='lat' dir='ltr'><strong>itt</strong></span> <span class='ocrx_word' id='word_1_352' title='bbox 1709 353 1777 379; x_wconf 86' lang='lat' dir='ltr'><strong>urbe</strong></span> 
     </span>
    </p>
   </div>
   <div class='ocr_carea' id='block_1_53' title="bbox 990 393 1776 432">
    <p class='ocr_par' dir='ltr' id='par_1_53' title="bbox 990 393 1776 432">
     <span class='ocr_line' id='line_1_53' title="bbox 990 393 1776 432; baseline 0.008 -12"><span class='ocrx_word' id='word_1_353' title='bbox 990 393 1111 429; x_wconf 78' lang='lat' dir='ltr'><strong>Madyan</strong></span> <span class='ocrx_word' id='word_1_354' title='bbox 1146 395 1307 422; x_wconf 84' lang='lat' dir='ltr'><strong>sacerdotis.</strong></span> <span class='ocrx_word' id='word_1_355' title='bbox 1335 395 1500 430; x_wconf 86' lang='lat' dir='ltr'><strong>Peperitque</strong></span> <span class='ocrx_word' id='word_1_356' title='bbox 1528 396 1665 432; x_wconf 85' lang='lat' dir='ltr'><strong>Siplturalt</strong></span> <span class='ocrx_word' id='word_1_357' title='bbox 1695 398 1776 426; x_wconf 84' lang='lat' dir='ltr'><strong>Mosis</strong></span> 
     </span>
    </p>
   </div>
   <div class='ocr_carea' id='block_1_54' title="bbox 989 439 1777 477">
    <p class='ocr_par' dir='ltr' id='par_1_54' title="bbox 989 439 1777 477">
     <span class='ocr_line' id='line_1_54' title="bbox 989 439 1777 477; baseline 0.006 -12"><span class='ocrx_word' id='word_1_358' title='bbox 989 439 1057 466; x_wconf 89' lang='lat' dir='ltr'><strong>duos</strong></span> <span class='ocrx_word' id='word_1_359' title='bbox 1073 439 1154 472; x_wconf 84' lang='lat' dir='ltr'><strong>ﬁlios,</strong></span> <span class='ocrx_word' id='word_1_360' title='bbox 1171 440 1283 468; x_wconf 82' lang='lat' dir='ltr'><strong>Gersom</strong></span> <span class='ocrx_word' id='word_1_361' title='bbox 1310 445 1336 468; x_wconf 89' lang='lat' dir='ltr'><strong>et</strong></span> <span class='ocrx_word' id='word_1_362' title='bbox 1357 441 1478 476; x_wconf 79' lang='lat' dir='ltr'><strong>Elyazer.</strong></span> <span class='ocrx_word' id='word_1_363' title='bbox 1495 441 1562 468; x_wconf 89' lang='lat' dir='ltr'><strong>Dum</strong></span> <span class='ocrx_word' id='word_1_364' title='bbox 1580 447 1668 469; x_wconf 88' lang='lat' dir='ltr'><strong>autettt</strong></span> <span class='ocrx_word' id='word_1_365' title='bbox 1681 451 1777 477; x_wconf 77' lang='lat' dir='ltr'><strong>pasee-</strong></span> 
     </span>
    </p>
   </div>
   <div class='ocr_carea' id='block_1_55' title="bbox 987 485 1776 520">
    <p class='ocr_par' dir='ltr' id='par_1_55' title="bbox 987 485 1776 520">
     <span class='ocr_line' id='line_1_55' title="bbox 987 485 1776 520; baseline 0.005 -9"><span class='ocrx_word' id='word_1_366' title='bbox 987 490 1029 512; x_wconf 90' lang='lat' dir='ltr'><strong>ret</strong></span> <span class='ocrx_word' id='word_1_367' title='bbox 1047 485 1126 520; x_wconf 80' lang='grc' dir='ltr'><strong>ιοο</strong></span> <span class='ocrx_word' id='word_1_368' title='bbox 1141 485 1229 513; x_wconf 88' lang='lat' dir='ltr'><strong>Moses</strong></span> <span class='ocrx_word' id='word_1_369' title='bbox 1247 493 1312 513; x_wconf 90' lang='lat' dir='ltr'><strong>oves</strong></span> <span class='ocrx_word' id='word_1_370' title='bbox 1332 487 1422 514; x_wconf 87' lang='lat' dir='ltr'><strong>soceri</strong></span> <span class='ocrx_word' id='word_1_371' title='bbox 1442 488 1484 514; x_wconf 87' lang='lat' dir='ltr'><strong>sui</strong></span> <span class='ocrx_word' id='word_1_372' title='bbox 1504 486 1610 519; x_wconf 81' lang='lat' dir='ltr'><strong>Jethro,</strong></span> <span class='ocrx_word' id='word_1_373' title='bbox 1628 496 1692 515; x_wconf 75' lang='lat' dir='ltr'><strong>erce</strong></span> <span class='ocrx_word' id='word_1_374' title='bbox 1710 495 1776 515; x_wconf 92' lang='lat' dir='ltr'><strong>con-</strong></span> 
     </span>
    </p>
   </div>
   <div class='ocr_carea' id='block_1_56' title="bbox 988 531 1776 567">
    <p class='ocr_par' dir='ltr' id='par_1_56' title="bbox 988 531 1776 567">
     <span class='ocr_line' id='line_1_56' title="bbox 988 531 1776 567; baseline 0.004 -10"><span class='ocrx_word' id='word_1_375' title='bbox 988 531 1078 566; x_wconf 80' lang='lat' dir='ltr'><strong>spexit</strong></span> <span class='ocrx_word' id='word_1_376' title='bbox 1095 532 1122 558; x_wconf 92' lang='lat' dir='ltr'><strong>itt</strong></span> <span class='ocrx_word' id='word_1_377' title='bbox 1140 536 1232 558; x_wconf 90' lang='lat' dir='ltr'><strong>monte</strong></span> <span class='ocrx_word' id='word_1_378' title='bbox 1245 531 1343 558; x_wconf 90' lang='lat' dir='ltr'><strong>rubum</strong></span> <span class='ocrx_word' id='word_1_379' title='bbox 1359 532 1432 567; x_wconf 88' lang='lat' dir='ltr'><strong>igne,</strong></span> <span class='ocrx_word' id='word_1_380' title='bbox 1448 532 1539 559; x_wconf 84' lang='lat' dir='ltr'><strong>medio</strong></span> <span class='ocrx_word' id='word_1_381' title='bbox 1555 533 1610 563; x_wconf 88' lang='lat' dir='ltr'><strong>die,</strong></span> <span class='ocrx_word' id='word_1_382' title='bbox 1629 532 1776 560; x_wconf 87' lang='lat' dir='ltr'><strong>ﬁatnman-</strong></span> 
     </span>
    </p>
   </div>
   <div class='ocr_carea' id='block_1_57' title="bbox 987 577 1776 612">
    <p class='ocr_par' dir='ltr' id='par_1_57' title="bbox 987 577 1776 612">
     <span class='ocr_line' id='line_1_57' title="bbox 987 577 1776 612; baseline 0.003 -9"><span class='ocrx_word' id='word_1_383' title='bbox 987 581 1052 610; x_wconf 87' lang='lat' dir='ltr'><strong>tem,</strong></span> <span class='ocrx_word' id='word_1_384' title='bbox 1069 577 1169 604; x_wconf 87' lang='lat' dir='ltr'><strong>arbore</strong></span> <span class='ocrx_word' id='word_1_385' title='bbox 1192 577 1253 612; x_wconf 80' lang='lat' dir='ltr'><strong>igne</strong></span> <span class='ocrx_word' id='word_1_386' title='bbox 1270 584 1324 604; x_wconf 90' lang='lat' dir='ltr'><strong>non</strong></span> <span class='ocrx_word' id='word_1_387' title='bbox 1341 583 1515 612; x_wconf 77' lang='lat' dir='ltr'><strong>consumpta.</strong></span> <span class='ocrx_word' id='word_1_388' title='bbox 1531 578 1609 610; x_wconf 88' lang='lat' dir='ltr'><strong>Quod</strong></span> <span class='ocrx_word' id='word_1_389' title='bbox 1625 583 1654 605; x_wconf 91' lang='lat' dir='ltr'><strong>ut</strong></span> <span class='ocrx_word' id='word_1_390' title='bbox 1671 579 1776 606; x_wconf 79' lang='lat' dir='ltr'><strong>videret</strong></span> 
     </span>
    </p>
   </div>
   <div class='ocr_carea' id='block_1_58' title="bbox 987 622 1775 658">
    <p class='ocr_par' dir='ltr' id='par_1_58' title="bbox 987 622 1775 658">
     <span class='ocr_line' id='line_1_58' title="bbox 987 622 1775 658; baseline 0.003 -10"><span class='ocrx_word' id='word_1_391' title='bbox 987 622 1330 657; x_wconf 45' lang='lat' dir='ltr'><strong>accedentemginclamavit</strong></span> <span class='ocrx_word' id='word_1_392' title='bbox 1343 622 1475 650; x_wconf 86' lang='lat' dir='ltr'><strong>Dominus</strong></span> <span class='ocrx_word' id='word_1_393' title='bbox 1486 624 1598 658; x_wconf 62' lang='lat' dir='ltr'><strong>etrubo:</strong></span> <span class='ocrx_word' id='word_1_394' title='bbox 1612 623 1649 650; x_wconf 80' lang='lat' dir='ltr'><strong>Ne</strong></span> <span class='ocrx_word' id='word_1_395' title='bbox 1662 625 1775 656; x_wconf 82' lang='lat' dir='ltr'><strong>timeas,</strong></span> 
     </span>
    </p>
   </div>
   <div class='ocr_carea' id='block_1_59' title="bbox 987 667 1774 704">
    <p class='ocr_par' dir='ltr' id='par_1_59' title="bbox 987 667 1774 704">
     <span class='ocr_line' id='line_1_59' title="bbox 987 667 1774 704; baseline 0.001 -9"><span class='ocrx_word' id='word_1_396' title='bbox 987 667 1085 701; x_wconf 80' lang='lat' dir='ltr'><strong>Moses,</strong></span> <span class='ocrx_word' id='word_1_397' title='bbox 1109 676 1160 703; x_wconf 78' lang='lat' dir='ltr'><strong>ego</strong></span> <span class='ocrx_word' id='word_1_398' title='bbox 1186 668 1321 704; x_wconf 88' lang='lat' dir='ltr'><strong>siquidetn</strong></span> <span class='ocrx_word' id='word_1_399' title='bbox 1344 669 1474 696; x_wconf 82' lang='lat' dir='ltr'><strong>Dominus</strong></span> <span class='ocrx_word' id='word_1_400' title='bbox 1490 677 1562 696; x_wconf 88' lang='lat' dir='ltr'><strong>stttn.</strong></span> <span class='ocrx_word' id='word_1_401' title='bbox 1582 669 1623 696; x_wconf 85' lang='lat' dir='ltr'><strong>Ad</strong></span> <span class='ocrx_word' id='word_1_402' title='bbox 1649 670 1774 696; x_wconf 81' lang='lat' dir='ltr'><strong>Pharao-</strong></span> 
     </span>
    </p>
   </div>
   <div class='ocr_carea' id='block_1_60' title="bbox 987 714 1775 750">
    <p class='ocr_par' dir='ltr' id='par_1_60' title="bbox 987 714 1775 750">
     <span class='ocr_line' id='line_1_60' title="bbox 987 714 1775 750; baseline 0.003 -10"><span class='ocrx_word' id='word_1_403' title='bbox 987 721 1048 741; x_wconf 89' lang='lat' dir='ltr'><strong>nem</strong></span> <span class='ocrx_word' id='word_1_404' title='bbox 1072 714 1168 742; x_wconf 83' lang='lat' dir='ltr'><strong>abiens</strong></span> <span class='ocrx_word' id='word_1_405' title='bbox 1185 715 1284 750; x_wconf 85' lang='lat' dir='ltr'><strong>jubeas</strong></span> <span class='ocrx_word' id='word_1_406' title='bbox 1301 715 1389 749; x_wconf 86' lang='lat' dir='ltr'><strong>ipsum</strong></span> <span class='ocrx_word' id='word_1_407' title='bbox 1411 714 1480 742; x_wconf 92' lang='lat' dir='ltr'><strong>ﬁlios</strong></span> <span class='ocrx_word' id='word_1_408' title='bbox 1509 714 1618 743; x_wconf 83' lang='lat' dir='ltr'><strong>Israelis</strong></span> <span class='ocrx_word' id='word_1_409' title='bbox 1636 715 1775 742; x_wconf 85' lang='lat' dir='ltr'><strong>dimittere</strong></span> 
     </span>
    </p>
   </div>
   <div class='ocr_carea' id='block_1_61' title="bbox 987 760 1773 795">
    <p class='ocr_par' dir='ltr' id='par_1_61' title="bbox 987 760 1773 795">
     <span class='ocr_line' id='line_1_61' title="bbox 987 760 1773 795; baseline 0.001 -8"><span class='ocrx_word' id='word_1_410' title='bbox 987 767 1042 795; x_wconf 93' lang='lat' dir='ltr'><strong>quo</strong></span> <span class='ocrx_word' id='word_1_411' title='bbox 1066 760 1137 787; x_wconf 87' lang='lat' dir='ltr'><strong>tttilti</strong></span> <span class='ocrx_word' id='word_1_412' title='bbox 1162 761 1294 788; x_wconf 77' lang='lat' dir='ltr'><strong>serviant.</strong></span> <span class='ocrx_word' id='word_1_413' title='bbox 1312 761 1385 788; x_wconf 81' lang='lat' dir='ltr'><strong>Abiit</strong></span> <span class='ocrx_word' id='word_1_414' title='bbox 1405 768 1472 795; x_wconf 86' lang='lat' dir='ltr'><strong>ergo</strong></span> <span class='ocrx_word' id='word_1_415' title='bbox 1489 760 1578 788; x_wconf 83' lang='lat' dir='ltr'><strong>Moses</strong></span> <span class='ocrx_word' id='word_1_416' title='bbox 1600 761 1633 788; x_wconf 87' lang='lat' dir='ltr'><strong>ad</strong></span> <span class='ocrx_word' id='word_1_417' title='bbox 1653 760 1773 788; x_wconf 87' lang='lat' dir='ltr'><strong>Pharao-</strong></span> 
     </span>
    </p>
   </div>
   <div class='ocr_carea' id='block_1_62' title="bbox 988 800 1775 841">
    <p class='ocr_par' dir='ltr' id='par_1_62' title="bbox 988 800 1775 841">
     <span class='ocr_line' id='line_1_62' title="bbox 988 800 1775 841; baseline 0 -10"><span class='ocrx_word' id='word_1_418' title='bbox 988 813 1059 838; x_wconf 82' lang='lat' dir='ltr'><strong>nent,</strong></span> <span class='ocrx_word' id='word_1_419' title='bbox 1077 813 1174 838; x_wconf 86' lang='lat' dir='ltr'><strong>annos,</strong></span> <span class='ocrx_word' id='word_1_420' title='bbox 1190 800 1245 840; x_wconf 88' lang='lat' dir='ltr'><strong>quo</strong></span> <span class='ocrx_word' id='word_1_421' title='bbox 1261 811 1381 841; x_wconf 87' lang='lat' dir='ltr'><strong>tentpore</strong></span> <span class='ocrx_word' id='word_1_422' title='bbox 1403 805 1540 834; x_wconf 77' lang='lat' dir='ltr'><strong>alim-ntus</strong></span> <span class='ocrx_word' id='word_1_423' title='bbox 1556 811 1597 833; x_wconf 85' lang='lat' dir='ltr'><strong>est</strong></span> <span class='ocrx_word' id='word_1_424' title='bbox 1611 806 1700 841; x_wconf 89' lang='lat' dir='ltr'><strong>ipsum</strong></span> <span class='ocrx_word' id='word_1_425' title='bbox 1724 806 1775 832; x_wconf 89' lang='lat' dir='ltr'><strong>Do-</strong></span> 
     </span>
    </p>
   </div>
   <div class='ocr_carea' id='block_1_63' title="bbox 987 851 1773 886">
    <p class='ocr_par' dir='ltr' id='par_1_63' title="bbox 987 851 1773 886">
     <span class='ocr_line' id='line_1_63' title="bbox 987 851 1773 886; baseline 0.001 -9"><span class='ocrx_word' id='word_1_426' title='bbox 987 852 1099 883; x_wconf 89' lang='lat' dir='ltr'><strong>minus,</strong></span> <span class='ocrx_word' id='word_1_427' title='bbox 1131 856 1211 879; x_wconf 88' lang='lat' dir='ltr'><strong>nattts</strong></span> <span class='ocrx_word' id='word_1_428' title='bbox 1238 852 1389 886; x_wconf 86' lang='lat' dir='ltr'><strong>octoginta,</strong></span> <span class='ocrx_word' id='word_1_429' title='bbox 1409 851 1520 878; x_wconf 70' lang='lat' dir='ltr'><strong>Ahrone</strong></span> <span class='ocrx_word' id='word_1_430' title='bbox 1547 851 1683 886; x_wconf 70' lang='lat' dir='ltr'><strong>octoginta</strong></span> <span class='ocrx_word' id='word_1_431' title='bbox 1717 855 1773 878; x_wconf 84' lang='lat' dir='ltr'><strong>tres</strong></span> 
     </span>
    </p>
   </div>
   <div class='ocr_carea' id='block_1_64' title="bbox 988 896 1771 932">
    <p class='ocr_par' dir='ltr' id='par_1_64' title="bbox 988 896 1771 932">
     <span class='ocr_line' id='line_1_64' title="bbox 988 896 1771 932; baseline 0 -9"><span class='ocrx_word' id='word_1_432' title='bbox 988 902 1062 929; x_wconf 88' lang='lat' dir='ltr'><strong>ttato,</strong></span> <span class='ocrx_word' id='word_1_433' title='bbox 1081 896 1206 924; x_wconf 80' lang='lat' dir='ltr'><strong>Miriama</strong></span> <span class='ocrx_word' id='word_1_434' title='bbox 1230 903 1325 923; x_wconf 90' lang='lat' dir='ltr'><strong>sorore</strong></span> <span class='ocrx_word' id='word_1_435' title='bbox 1348 897 1469 932; x_wconf 88' lang='lat' dir='ltr'><strong>ipsorum</strong></span> <span class='ocrx_word' id='word_1_436' title='bbox 1489 897 1628 931; x_wconf 81' lang='lat' dir='ltr'><strong>oc10ginta</strong></span> <span class='ocrx_word' id='word_1_437' title='bbox 1654 902 1771 931; x_wconf 76' lang='lat' dir='ltr'><strong>septem.</strong></span> 
     </span>
    </p>
   </div>
   <div class='ocr_carea' id='block_1_65' title="bbox 986 941 1773 977">
    <p class='ocr_par' dir='ltr' id='par_1_65' title="bbox 986 941 1773 977">
     <span class='ocr_line' id='line_1_65' title="bbox 986 941 1773 977; baseline 0.001 -9"><span class='ocrx_word' id='word_1_438' title='bbox 986 941 1072 969; x_wconf 85' lang='lat' dir='ltr'><strong>Porro</strong></span> <span class='ocrx_word' id='word_1_439' title='bbox 1089 948 1161 968; x_wconf 90' lang='lat' dir='ltr'><strong>anno</strong></span> <span class='ocrx_word' id='word_1_440' title='bbox 1175 941 1237 968; x_wconf 69' lang='lat' dir='ltr'><strong>vitae</strong></span> <span class='ocrx_word' id='word_1_441' title='bbox 1254 941 1336 969; x_wconf 88' lang='lat' dir='ltr'><strong>Mosis</strong></span> <span class='ocrx_word' id='word_1_442' title='bbox 1355 942 1583 977; x_wconf 86' lang='lat' dir='ltr'><strong>quinquagesimo</strong></span> <span class='ocrx_word' id='word_1_443' title='bbox 1599 947 1678 970; x_wconf 83' lang='lat' dir='ltr'><strong>sexto</strong></span> <span class='ocrx_word' id='word_1_444' title='bbox 1700 950 1773 969; x_wconf 83' lang='lat' dir='ltr'><strong>tuor-</strong></span> 
     </span>
    </p>
   </div>
   <div class='ocr_carea' id='block_1_66' title="bbox 985 987 1773 1022">
    <p class='ocr_par' dir='ltr' id='par_1_66' title="bbox 985 987 1773 1022">
     <span class='ocr_line' id='line_1_66' title="bbox 985 987 1773 1022; baseline 0.001 -8"><span class='ocrx_word' id='word_1_445' title='bbox 985 993 1050 1015; x_wconf 87' lang='lat' dir='ltr'><strong>tuus</strong></span> <span class='ocrx_word' id='word_1_446' title='bbox 1061 991 1103 1015; x_wconf 76' lang='lat' dir='ltr'><strong>est</strong></span> <span class='ocrx_word' id='word_1_447' title='bbox 1119 991 1197 1022; x_wconf 88' lang='lat' dir='ltr'><strong>pater</strong></span> <span class='ocrx_word' id='word_1_448' title='bbox 1213 987 1298 1022; x_wconf 87' lang='lat' dir='ltr'><strong>ipsius</strong></span> <span class='ocrx_word' id='word_1_449' title='bbox 1316 989 1429 1019; x_wconf 83' lang='lat' dir='ltr'><strong>Amran,</strong></span> <span class='ocrx_word' id='word_1_450' title='bbox 1445 988 1525 1022; x_wconf 82' lang='lat' dir='ltr'><strong>cujus</strong></span> <span class='ocrx_word' id='word_1_451' title='bbox 1537 989 1592 1016; x_wconf 83' lang='lat' dir='ltr'><strong>vita</strong></span> <span class='ocrx_word' id='word_1_452' title='bbox 1611 992 1670 1016; x_wconf 78' lang='lat' dir='ltr'><strong>erat</strong></span> <span class='ocrx_word' id='word_1_453' title='bbox 1686 996 1773 1015; x_wconf 85' lang='lat' dir='ltr'><strong>anuo-</strong></span> 
     </span>
    </p>
   </div>
   <div class='ocr_carea' id='block_1_67' title="bbox 986 1033 1771 1068">
    <p class='ocr_par' dir='ltr' id='par_1_67' title="bbox 986 1033 1771 1068">
     <span class='ocr_line' id='line_1_67' title="bbox 986 1033 1771 1068; baseline 0.001 -9"><span class='ocrx_word' id='word_1_454' title='bbox 986 1041 1043 1060; x_wconf 88' lang='lat' dir='ltr'><strong>rttm</strong></span> <span class='ocrx_word' id='word_1_455' title='bbox 1058 1038 1168 1060; x_wconf 87' lang='lat' dir='ltr'><strong>centum</strong></span> <span class='ocrx_word' id='word_1_456' title='bbox 1189 1033 1300 1068; x_wconf 83' lang='lat' dir='ltr'><strong>triginta</strong></span> <span class='ocrx_word' id='word_1_457' title='bbox 1323 1040 1382 1060; x_wconf 88' lang='lat' dir='ltr'><strong>sex.</strong></span> <span class='ocrx_word' id='word_1_458' title='bbox 1407 1033 1609 1068; x_wconf 83' lang='lat' dir='ltr'><strong>Prophetarum</strong></span> <span class='ocrx_word' id='word_1_459' title='bbox 1629 1038 1719 1060; x_wconf 86' lang='lat' dir='ltr'><strong>autem</strong></span> <span class='ocrx_word' id='word_1_460' title='bbox 1744 1035 1771 1060; x_wconf 94' lang='lat' dir='ltr'><strong>in</strong></span> 
     </span>
    </p>
   </div>
   <div class='ocr_carea' id='block_1_68' title="bbox 983 1077 1768 1112">
    <p class='ocr_par' dir='ltr' id='par_1_68' title="bbox 983 1077 1768 1112">
     <span class='ocr_line' id='line_1_68' title="bbox 983 1077 1768 1112; baseline 0 -8"><span class='ocrx_word' id='word_1_461' title='bbox 983 1077 1102 1112; x_wconf 61' lang='lat' dir='ltr'><strong>{Egypto</strong></span> <span class='ocrx_word' id='word_1_462' title='bbox 1122 1078 1148 1104; x_wconf 94' lang='lat' dir='ltr'><strong>in</strong></span> <span class='ocrx_word' id='word_1_463' title='bbox 1163 1078 1295 1105; x_wconf 87' lang='lat' dir='ltr'><strong>lsraelitis</strong></span> <span class='ocrx_word' id='word_1_464' title='bbox 1310 1077 1427 1110; x_wconf 84' lang='lat' dir='ltr'><strong>Zaraelt,</strong></span> <span class='ocrx_word' id='word_1_465' title='bbox 1445 1085 1460 1105; x_wconf 88' lang='lat' dir='ltr'><strong>e</strong></span> <span class='ocrx_word' id='word_1_466' title='bbox 1479 1077 1540 1105; x_wconf 87' lang='lat' dir='ltr'><strong>ﬁliis</strong></span> <span class='ocrx_word' id='word_1_467' title='bbox 1554 1077 1641 1110; x_wconf 65' lang='lat' dir='ltr'><strong>Iudae,</strong></span> <span class='ocrx_word' id='word_1_468' title='bbox 1656 1077 1746 1105; x_wconf 89' lang='lat' dir='ltr'><strong>Zamri</strong></span> <span class='ocrx_word' id='word_1_469' title='bbox 1761 1097 1768 1108; x_wconf 87' lang='lat'><strong>,</strong></span> 
     </span>
    </p>
   </div>
   <div class='ocr_carea' id='block_1_69' title="bbox 983 1121 1772 1155">
    <p class='ocr_par' dir='ltr' id='par_1_69' title="bbox 983 1121 1772 1155">
     <span class='ocr_line' id='line_1_69' title="bbox 983 1121 1772 1155; baseline 0 -6"><span class='ocrx_word' id='word_1_470' title='bbox 983 1123 1125 1155; x_wconf 81' lang='lat' dir='ltr'><strong>Abiatltar,</strong></span> <span class='ocrx_word' id='word_1_471' title='bbox 1146 1121 1273 1155; x_wconf 78' lang='lat' dir='ltr'><strong>llaiman,</strong></span> <span class='ocrx_word' id='word_1_472' title='bbox 1299 1121 1410 1155; x_wconf 84' lang='lat' dir='ltr'><strong>iialeuc,</strong></span> <span class='ocrx_word' id='word_1_473' title='bbox 1434 1122 1535 1155; x_wconf 86' lang='lat' dir='ltr'><strong>Darda,</strong></span> <span class='ocrx_word' id='word_1_474' title='bbox 1552 1127 1580 1150; x_wconf 91' lang='lat' dir='ltr'><strong>et</strong></span> <span class='ocrx_word' id='word_1_475' title='bbox 1598 1123 1696 1150; x_wconf 79' lang='lat' dir='ltr'><strong>deinde</strong></span> <span class='ocrx_word' id='word_1_476' title='bbox 1714 1123 1772 1149; x_wconf 87' lang='lat' dir='ltr'><strong>Mo-</strong></span> 
     </span>
    </p>
   </div>
   <div class='ocr_carea' id='block_1_70' title="bbox 983 1166 1770 1204">
    <p class='ocr_par' dir='ltr' id='par_1_70' title="bbox 983 1166 1770 1204">
     <span class='ocr_line' id='line_1_70' title="bbox 983 1166 1770 1204; baseline 0 -10"><span class='ocrx_word' id='word_1_477' title='bbox 983 1175 1039 1195; x_wconf 85' lang='lat' dir='ltr'><strong>ses.</strong></span> <span class='ocrx_word' id='word_1_478' title='bbox 1061 1166 1124 1194; x_wconf 85' lang='lat' dir='ltr'><strong>Fuit</strong></span> <span class='ocrx_word' id='word_1_479' title='bbox 1144 1175 1276 1195; x_wconf 88' lang='lat' dir='ltr'><strong>numertts</strong></span> <span class='ocrx_word' id='word_1_480' title='bbox 1293 1167 1411 1194; x_wconf 89' lang='lat' dir='ltr'><strong>ﬁliorum</strong></span> <span class='ocrx_word' id='word_1_481' title='bbox 1438 1167 1522 1195; x_wconf 86' lang='lat' dir='ltr'><strong>Israel</strong></span> <span class='ocrx_word' id='word_1_482' title='bbox 1541 1175 1602 1195; x_wconf 90' lang='lat' dir='ltr'><strong>cum</strong></span> <span class='ocrx_word' id='word_1_483' title='bbox 1619 1168 1770 1204; x_wconf 56' lang='lat' dir='ltr'><strong>(Egyptum</strong></span> 
     </span>
    </p>
   </div>
   <div class='ocr_carea' id='block_1_71' title="bbox 984 1213 1772 1248">
    <p class='ocr_par' dir='ltr' id='par_1_71' title="bbox 984 1213 1772 1248">
     <span class='ocr_line' id='line_1_71' title="bbox 984 1213 1772 1248; baseline -0.001 -7"><span class='ocrx_word' id='word_1_484' title='bbox 984 1213 1189 1248; x_wconf 86' lang='lat' dir='ltr'><strong>ingrederentur</strong></span> <span class='ocrx_word' id='word_1_485' title='bbox 1201 1213 1341 1240; x_wconf 86' lang='lat' dir='ltr'><strong>hominum</strong></span> <span class='ocrx_word' id='word_1_486' title='bbox 1355 1213 1538 1247; x_wconf 82' lang='lat' dir='ltr'><strong>septuaginta,</strong></span> <span class='ocrx_word' id='word_1_487' title='bbox 1558 1213 1772 1248; x_wconf 75' lang='lat' dir='ltr'><strong>ltabit.truntque</strong></span> 
     </span>
    </p>
   </div>
   <div class='ocr_carea' id='block_1_72' title="bbox 983 1258 1771 1294">
    <p class='ocr_par' dir='ltr' id='par_1_72' title="bbox 983 1258 1771 1294">
     <span class='ocr_line' id='line_1_72' title="bbox 983 1258 1771 1294; baseline -0.001 -8"><span class='ocrx_word' id='word_1_488' title='bbox 983 1260 1010 1286; x_wconf 91' lang='lat' dir='ltr'><strong>in</strong></span> <span class='ocrx_word' id='word_1_489' title='bbox 1023 1258 1139 1294; x_wconf 60' lang='grc' dir='ltr'><strong>Ευριο</strong></span> <span class='ocrx_word' id='word_1_490' title='bbox 1155 1266 1243 1286; x_wconf 90' lang='lat' dir='ltr'><strong>annos</strong></span> <span class='ocrx_word' id='word_1_491' title='bbox 1255 1258 1388 1285; x_wconf 83' lang='lat' dir='ltr'><strong>ducentos</strong></span> <span class='ocrx_word' id='word_1_492' title='bbox 1404 1263 1432 1285; x_wconf 90' lang='lat' dir='ltr'><strong>et</strong></span> <span class='ocrx_word' id='word_1_493' title='bbox 1442 1258 1649 1292; x_wconf 81' lang='lat' dir='ltr'><strong>septemdecim,</strong></span> <span class='ocrx_word' id='word_1_494' title='bbox 1669 1266 1683 1284; x_wconf 87' lang='lat' dir='ltr'><strong>a</strong></span> <span class='ocrx_word' id='word_1_495' title='bbox 1703 1258 1771 1285; x_wconf 86' lang='lat' dir='ltr'><strong>Pha-</strong></span> 
     </span>
    </p>
   </div>
   <div class='ocr_carea' id='block_1_73' title="bbox 983 1304 1769 1333">
    <p class='ocr_par' dir='ltr' id='par_1_73' title="bbox 983 1304 1769 1333">
     <span class='ocr_line' id='line_1_73' title="bbox 983 1304 1769 1333; baseline -0.004 0"><span class='ocrx_word' id='word_1_496' title='bbox 983 1306 1112 1333; x_wconf 81' lang='lat' dir='ltr'><strong>raonibus</strong></span> <span class='ocrx_word' id='word_1_497' title='bbox 1132 1305 1183 1332; x_wconf 89' lang='lat' dir='ltr'><strong>sibi</strong></span> <span class='ocrx_word' id='word_1_498' title='bbox 1199 1304 1316 1331; x_wconf 77' lang='lat' dir='ltr'><strong>invicem</strong></span> <span class='ocrx_word' id='word_1_499' title='bbox 1334 1304 1548 1331; x_wconf 86' lang='lat' dir='ltr'><strong>succedentibus</strong></span> <span class='ocrx_word' id='word_1_500' title='bbox 1567 1305 1594 1330; x_wconf 94' lang='lat' dir='ltr'><strong>in</strong></span> <span class='ocrx_word' id='word_1_501' title='bbox 1607 1305 1769 1330; x_wconf 71' lang='lat' dir='ltr'><strong>SCI&#39;Vlllill&#39;lll</strong></span> 
     </span>
    </p>
   </div>
   <div class='ocr_carea' id='block_1_74' title="bbox 982 1348 1770 1383">
    <p class='ocr_par' dir='ltr' id='par_1_74' title="bbox 982 1348 1770 1383">
     <span class='ocr_line' id='line_1_74' title="bbox 982 1348 1770 1383; baseline -0.003 -6"><span class='ocrx_word' id='word_1_502' title='bbox 982 1350 1098 1377; x_wconf 83' lang='lat' dir='ltr'><strong>redacti.</strong></span> <span class='ocrx_word' id='word_1_503' title='bbox 1110 1348 1187 1382; x_wconf 84' lang='lat' dir='ltr'><strong>Quod</strong></span> <span class='ocrx_word' id='word_1_504' title='bbox 1201 1348 1224 1375; x_wconf 87' lang='lat' dir='ltr'><strong>si</strong></span> <span class='ocrx_word' id='word_1_505' title='bbox 1240 1348 1341 1375; x_wconf 78' lang='lat' dir='ltr'><strong>dixerit</strong></span> <span class='ocrx_word' id='word_1_506' title='bbox 1350 1348 1423 1382; x_wconf 82' lang='lat' dir='ltr'><strong>quis,</strong></span> <span class='ocrx_word' id='word_1_507' title='bbox 1436 1348 1569 1383; x_wconf 89' lang='lat' dir='ltr'><strong>scriptunt</strong></span> <span class='ocrx_word' id='word_1_508' title='bbox 1583 1355 1643 1375; x_wconf 85' lang='lat' dir='ltr'><strong>esse</strong></span> <span class='ocrx_word' id='word_1_509' title='bbox 1654 1348 1680 1374; x_wconf 88' lang='lat' dir='ltr'><strong>in</strong></span> <span class='ocrx_word' id='word_1_510' title='bbox 1699 1348 1770 1383; x_wconf 79' lang='lat' dir='ltr'><strong>lege,</strong></span> 
     </span>
    </p>
   </div>
   <div class='ocr_carea' id='block_1_75' title="bbox 983 1391 1770 1419">
    <p class='ocr_par' dir='ltr' id='par_1_75' title="bbox 983 1391 1770 1419">
     <span class='ocr_line' id='line_1_75' title="bbox 983 1391 1770 1419; baseline 0 -1"><span class='ocrx_word' id='word_1_511' title='bbox 983 1391 1052 1419; x_wconf 84' lang='lat' dir='ltr'><strong>ﬁlios</strong></span> <span class='ocrx_word' id='word_1_512' title='bbox 1078 1391 1227 1418; x_wconf 80' lang='lat' dir='ltr'><strong>Abrahami</strong></span> <span class='ocrx_word' id='word_1_513' title='bbox 1254 1391 1281 1418; x_wconf 90' lang='lat' dir='ltr'><strong>in</strong></span> <span class='ocrx_word' id='word_1_514' title='bbox 1311 1391 1442 1418; x_wconf 84' lang='lat' dir='ltr'><strong>servitute</strong></span> <span class='ocrx_word' id='word_1_515' title='bbox 1465 1392 1605 1418; x_wconf 84' lang='lat' dir='ltr'><strong>detentum</strong></span> <span class='ocrx_word' id='word_1_516' title='bbox 1629 1392 1662 1418; x_wconf 88' lang='lat' dir='ltr'><strong>iri</strong></span> <span class='ocrx_word' id='word_1_517' title='bbox 1683 1399 1770 1418; x_wconf 79' lang='lat' dir='ltr'><strong>annos</strong></span> 
     </span>
    </p>
   </div>
   <div class='ocr_carea' id='block_1_76' title="bbox 982 1435 1771 1473">
    <p class='ocr_par' dir='ltr' id='par_1_76' title="bbox 982 1435 1771 1473">
     <span class='ocr_line' id='line_1_76' title="bbox 982 1435 1771 1473; baseline 0.001 -10"><span class='ocrx_word' id='word_1_518' title='bbox 982 1436 1209 1470; x_wconf 86' lang='lat' dir='ltr'><strong>quadringentos,</strong></span> <span class='ocrx_word' id='word_1_519' title='bbox 1235 1435 1273 1471; x_wconf 85' lang='lat' dir='ltr'><strong>[in</strong></span> <span class='ocrx_word' id='word_1_520' title='bbox 1300 1436 1355 1463; x_wconf 88' lang='lat' dir='ltr'><strong>alio</strong></span> <span class='ocrx_word' id='word_1_521' title='bbox 1381 1437 1542 1470; x_wconf 82' lang='lat' dir='ltr'><strong>exemplari,</strong></span> <span class='ocrx_word' id='word_1_522' title='bbox 1558 1437 1628 1464; x_wconf 87' lang='lat' dir='ltr'><strong>ﬁlios</strong></span> <span class='ocrx_word' id='word_1_523' title='bbox 1651 1437 1771 1473; x_wconf 82' lang='lat' dir='ltr'><strong>Israelis]</strong></span> 
     </span>
    </p>
   </div>
   <div class='ocr_carea' id='block_1_77' title="bbox 983 1478 1770 1514">
    <p class='ocr_par' dir='ltr' id='par_1_77' title="bbox 983 1478 1770 1514">
     <span class='ocr_line' id='line_1_77' title="bbox 983 1478 1770 1514; baseline 0.009 -9"><span class='ocrx_word' id='word_1_524' title='bbox 983 1479 1121 1513; x_wconf 85' lang='lat' dir='ltr'><strong>quomodo</strong></span> <span class='ocrx_word' id='word_1_525' title='bbox 1136 1485 1201 1514; x_wconf 84' lang='lat' dir='ltr'><strong>ergo</strong></span> <span class='ocrx_word' id='word_1_526' title='bbox 1216 1478 1291 1506; x_wconf 86' lang='lat' dir='ltr'><strong>dicas</strong></span> <span class='ocrx_word' id='word_1_527' title='bbox 1305 1479 1381 1514; x_wconf 87' lang='lat' dir='ltr'><strong>ipsos</strong></span> <span class='ocrx_word' id='word_1_528' title='bbox 1398 1480 1528 1508; x_wconf 83' lang='lat' dir='ltr'><strong>serriisse</strong></span> <span class='ocrx_word' id='word_1_529' title='bbox 1537 1487 1626 1508; x_wconf 85' lang='lat' dir='ltr'><strong>annos</strong></span> <span class='ocrx_word' id='word_1_530' title='bbox 1635 1482 1770 1512; x_wconf 81' lang='lat' dir='ltr'><strong>ducentos</strong></span> 
     </span>
    </p>
   </div>
   <div class='ocr_carea' id='block_1_78' title="bbox 983 1524 1769 1564">
    <p class='ocr_par' dir='ltr' id='par_1_78' title="bbox 983 1524 1769 1564">
     <span class='ocr_line' id='line_1_78' title="bbox 983 1524 1769 1564; baseline 0.008 -13"><span class='ocrx_word' id='word_1_531' title='bbox 983 1529 1011 1551; x_wconf 89' lang='lat' dir='ltr'><strong>et</strong></span> <span class='ocrx_word' id='word_1_532' title='bbox 1027 1524 1242 1558; x_wconf 74' lang='lat' dir='ltr'><strong>Septemdecim?</strong></span> <span class='ocrx_word' id='word_1_533' title='bbox 1259 1525 1456 1559; x_wconf 79' lang='lat' dir='ltr'><strong>respondemus</strong></span> <span class='ocrx_word' id='word_1_534' title='bbox 1478 1525 1541 1559; x_wconf 87' lang='lat' dir='ltr'><strong>ipsi.</strong></span> <span class='ocrx_word' id='word_1_535' title='bbox 1559 1528 1666 1554; x_wconf 85' lang='lat' dir='ltr'><strong>nescire</strong></span> <span class='ocrx_word' id='word_1_536' title='bbox 1680 1529 1769 1564; x_wconf 90' lang='lat' dir='ltr'><strong>ipsum</strong></span> 
     </span>
    </p>
   </div>
   <div class='ocr_carea' id='block_1_79' title="bbox 983 1568 1770 1609">
    <p class='ocr_par' dir='ltr' id='par_1_79' title="bbox 983 1568 1770 1609">
     <span class='ocr_line' id='line_1_79' title="bbox 983 1568 1770 1609; baseline 0.001 -14"><span class='ocrx_word' id='word_1_537' title='bbox 983 1577 998 1596; x_wconf 87' lang='lat' dir='ltr'><strong>a</strong></span> <span class='ocrx_word' id='word_1_538' title='bbox 1014 1576 1069 1604; x_wconf 86' lang='lat' dir='ltr'><strong>quo</strong></span> <span class='ocrx_word' id='word_1_539' title='bbox 1082 1574 1202 1603; x_wconf 87' lang='lat' dir='ltr'><strong>tempore</strong></span> <span class='ocrx_word' id='word_1_540' title='bbox 1219 1573 1369 1603; x_wconf 84' lang='lat' dir='ltr'><strong>supputare</strong></span> <span class='ocrx_word' id='word_1_541' title='bbox 1388 1568 1486 1596; x_wconf 81' lang='lat' dir='ltr'><strong>debeat</strong></span> <span class='ocrx_word' id='word_1_542' title='bbox 1504 1574 1533 1596; x_wconf 92' lang='lat' dir='ltr'><strong>ut</strong></span> <span class='ocrx_word' id='word_1_543' title='bbox 1549 1578 1683 1600; x_wconf 89' lang='lat' dir='ltr'><strong>annorum</strong></span> <span class='ocrx_word' id='word_1_544' title='bbox 1702 1582 1770 1609; x_wconf 66' lang='lat' dir='ltr'><strong>qua-</strong></span> 
     </span>
    </p>
   </div>
   <div class='ocr_carea' id='block_1_80' title="bbox 983 1615 1769 1655">
    <p class='ocr_par' dir='ltr' id='par_1_80' title="bbox 983 1615 1769 1655">
     <span class='ocr_line' id='line_1_80' title="bbox 983 1615 1769 1655; baseline 0.006 -13"><span class='ocrx_word' id='word_1_545' title='bbox 983 1615 1189 1649; x_wconf 79' lang='lat' dir='ltr'><strong>dringentorum</strong></span> <span class='ocrx_word' id='word_1_546' title='bbox 1210 1615 1328 1649; x_wconf 87' lang='lat' dir='ltr'><strong>spatium</strong></span> <span class='ocrx_word' id='word_1_547' title='bbox 1348 1615 1485 1643; x_wconf 79' lang='lat' dir='ltr'><strong>conﬁciat.</strong></span> <span class='ocrx_word' id='word_1_548' title='bbox 1513 1616 1591 1644; x_wconf 80' lang='lat' dir='ltr'><strong>Scias</strong></span> <span class='ocrx_word' id='word_1_549' title='bbox 1608 1618 1678 1645; x_wconf 90' lang='lat' dir='ltr'><strong>libro</strong></span> <span class='ocrx_word' id='word_1_550' title='bbox 1701 1620 1769 1655; x_wconf 83' lang='lat' dir='ltr'><strong>legis</strong></span> 
     </span>
    </p>
   </div>
   <div class='ocr_carea' id='block_1_81' title="bbox 983 1660 1767 1701">
    <p class='ocr_par' dir='ltr' id='par_1_81' title="bbox 983 1660 1767 1701">
     <span class='ocr_line' id='line_1_81' title="bbox 983 1660 1767 1701; baseline 0.005 -13"><span class='ocrx_word' id='word_1_551' title='bbox 983 1662 1071 1696; x_wconf 91' lang='lat' dir='ltr'><strong>primo</strong></span> <span class='ocrx_word' id='word_1_552' title='bbox 1096 1661 1268 1696; x_wconf 78' lang='lat'><strong>101-103</strong></span> <span class='ocrx_word' id='word_1_553' title='bbox 1294 1660 1377 1688; x_wconf 90' lang='lat' dir='ltr'><strong>Deum</strong></span> <span class='ocrx_word' id='word_1_554' title='bbox 1405 1661 1494 1695; x_wconf 86' lang='lat' dir='ltr'><strong>(cujus</strong></span> <span class='ocrx_word' id='word_1_555' title='bbox 1515 1662 1574 1690; x_wconf 86' lang='lat' dir='ltr'><strong>laus</strong></span> <span class='ocrx_word' id='word_1_556' title='bbox 1593 1664 1767 1701; x_wconf 84' lang='lat' dir='ltr'><strong>celebranda)</strong></span> 
     </span>
    </p>
   </div>
   <div class='ocr_carea' id='block_1_82' title="bbox 983 1706 1769 1746">
    <p class='ocr_par' dir='ltr' id='par_1_82' title="bbox 983 1706 1769 1746">
     <span class='ocr_line' id='line_1_82' title="bbox 983 1706 1769 1746; baseline 0.006 -13"><span class='ocrx_word' id='word_1_557' title='bbox 983 1707 1085 1734; x_wconf 83' lang='lat' dir='ltr'><strong>dixisse</strong></span> <span class='ocrx_word' id='word_1_558' title='bbox 1100 1706 1256 1734; x_wconf 81' lang='lat' dir='ltr'><strong>Abt&#39;altamo</strong></span> <span class='ocrx_word' id='word_1_559' title='bbox 1272 1716 1278 1734; x_wconf 90' lang='lat'>:</span> <span class='ocrx_word' id='word_1_560' title='bbox 1293 1707 1388 1741; x_wconf 74' lang='lat' dir='ltr'><strong>Aspice</strong></span> <span class='ocrx_word' id='word_1_561' title='bbox 1402 1708 1495 1734; x_wconf 74' lang='lat' dir='ltr'><strong>caelum</strong></span> <span class='ocrx_word' id='word_1_562' title='bbox 1516 1713 1540 1735; x_wconf 81' lang='lat' dir='ltr'><strong>et</strong></span> <span class='ocrx_word' id='word_1_563' title='bbox 1562 1710 1664 1743; x_wconf 74' lang='lat' dir='ltr'><strong>sle/lus,</strong></span> <span class='ocrx_word' id='word_1_564' title='bbox 1682 1711 1706 1738; x_wconf 78' lang='lat' dir='ltr'><strong>si</strong></span> <span class='ocrx_word' id='word_1_565' title='bbox 1720 1720 1769 1746; x_wconf 83' lang='lat' dir='ltr'><strong>po-</strong></span> 
     </span>
    </p>
   </div>
   <div class='ocr_carea' id='block_1_83' title="bbox 983 1753 1767 1790">
    <p class='ocr_par' dir='ltr' id='par_1_83' title="bbox 983 1753 1767 1790">
     <span class='ocr_line' id='line_1_83' title="bbox 983 1753 1767 1790; baseline 0.005 -11"><span class='ocrx_word' id='word_1_566' title='bbox 983 1753 1056 1783; x_wconf 75' lang='lat' dir='ltr'><strong>teris,</strong></span> <span class='ocrx_word' id='word_1_567' title='bbox 1071 1761 1216 1786; x_wconf 74' lang='lat' dir='ltr'><strong>enumeres,</strong></span> <span class='ocrx_word' id='word_1_568' title='bbox 1240 1753 1278 1780; x_wconf 82' lang='lat' dir='ltr'><strong>ila</strong></span> <span class='ocrx_word' id='word_1_569' title='bbox 1307 1754 1377 1780; x_wconf 76' lang='lat' dir='ltr'><strong>enim</strong></span> <span class='ocrx_word' id='word_1_570' title='bbox 1391 1762 1419 1781; x_wconf 73' lang='lat' dir='ltr'><strong>se</strong></span> <span class='ocrx_word' id='word_1_571' title='bbox 1444 1754 1547 1781; x_wconf 76' lang='lat' dir='ltr'><strong>habebit</strong></span> <span class='ocrx_word' id='word_1_572' title='bbox 1571 1764 1657 1783; x_wconf 78' lang='lat' dir='ltr'><strong>semen</strong></span> <span class='ocrx_word' id='word_1_573' title='bbox 1681 1762 1767 1790; x_wconf 83' lang='lat' dir='ltr'><strong>luunt,</strong></span> 
     </span>
    </p>
   </div>
   <div class='ocr_carea' id='block_1_84' title="bbox 985 1797 1768 1834">
    <p class='ocr_par' dir='ltr' id='par_1_84' title="bbox 985 1797 1768 1834">
     <span class='ocr_line' id='line_1_84' title="bbox 985 1797 1768 1834; baseline 0 -9"><span class='ocrx_word' id='word_1_574' title='bbox 985 1799 1057 1826; x_wconf 84' lang='lat' dir='ltr'><strong>Dixit</strong></span> <span class='ocrx_word' id='word_1_575' title='bbox 1073 1798 1156 1826; x_wconf 83' lang='lat' dir='ltr'><strong>etiam</strong></span> <span class='ocrx_word' id='word_1_576' title='bbox 1174 1798 1225 1833; x_wconf 88' lang='lat' dir='ltr'><strong>ipsi</strong></span> <span class='ocrx_word' id='word_1_577' title='bbox 1243 1797 1375 1825; x_wconf 89' lang='lat' dir='ltr'><strong>Doutiuus</strong></span> <span class='ocrx_word' id='word_1_578' title='bbox 1389 1807 1395 1825; x_wconf 95' lang='lat'><strong>:</strong></span> <span class='ocrx_word' id='word_1_579' title='bbox 1411 1798 1471 1832; x_wconf 84' lang='lat' dir='ltr'><strong>Ego</strong></span> <span class='ocrx_word' id='word_1_580' title='bbox 1496 1806 1555 1825; x_wconf 75' lang='lat' dir='ltr'><strong>sum</strong></span> <span class='ocrx_word' id='word_1_581' title='bbox 1581 1798 1707 1826; x_wconf 68' lang='lat' dir='ltr'><strong>Dominus</strong></span> <span class='ocrx_word' id='word_1_582' title='bbox 1724 1801 1768 1834; x_wconf 87' lang='lat' dir='ltr'><strong>qui</strong></span> 
     </span>
    </p>
   </div>
   <div class='ocr_carea' id='block_1_85' title="bbox 983 1843 1769 1878">
    <p class='ocr_par' dir='ltr' id='par_1_85' title="bbox 983 1843 1769 1878">
     <span class='ocr_line' id='line_1_85' title="bbox 983 1843 1769 1878; baseline -0.003 -5"><span class='ocrx_word' id='word_1_583' title='bbox 983 1852 1007 1873; x_wconf 81' lang='lat' dir='ltr'><strong>te</strong></span> <span class='ocrx_word' id='word_1_584' title='bbox 1021 1845 1100 1872; x_wconf 74' lang='lat' dir='ltr'><strong>eduxi</strong></span> <span class='ocrx_word' id='word_1_585' title='bbox 1117 1852 1130 1871; x_wconf 82' lang='lat' dir='ltr'><strong>e</strong></span> <span class='ocrx_word' id='word_1_586' title='bbox 1146 1843 1234 1870; x_wconf 83' lang='lat' dir='ltr'><strong>Karra</strong></span> <span class='ocrx_word' id='word_1_587' title='bbox 1246 1844 1431 1871; x_wconf 70' lang='lat' dir='ltr'><strong>Chaldaeorum</strong></span> <span class='ocrx_word' id='word_1_588' title='bbox 1457 1844 1482 1870; x_wconf 87' lang='lat' dir='ltr'><strong>in</strong></span> <span class='ocrx_word' id='word_1_589' title='bbox 1498 1845 1575 1876; x_wconf 66' lang='lat' dir='ltr'><strong>Itane,</strong></span> <span class='ocrx_word' id='word_1_590' title='bbox 1586 1853 1664 1878; x_wconf 82' lang='lat' dir='ltr'><strong>quant</strong></span> <span class='ocrx_word' id='word_1_591' title='bbox 1680 1845 1727 1871; x_wconf 83' lang='lat' dir='ltr'><strong>tibi</strong></span> <span class='ocrx_word' id='word_1_592' title='bbox 1742 1846 1769 1871; x_wconf 89' lang='lat' dir='ltr'><strong>in</strong></span> 
     </span>
    </p>
   </div>
   <div class='ocr_carea' id='block_1_86' title="bbox 983 1888 1767 1921">
    <p class='ocr_par' dir='ltr' id='par_1_86' title="bbox 983 1888 1767 1921">
     <span class='ocr_line' id='line_1_86' title="bbox 983 1888 1767 1921; baseline 0.001 -6"><span class='ocrx_word' id='word_1_593' title='bbox 983 1889 1161 1916; x_wconf 74' lang='lat' dir='ltr'><strong>ItwredJalem</strong></span> <span class='ocrx_word' id='word_1_594' title='bbox 1188 1889 1247 1914; x_wconf 79' lang='lat' dir='ltr'><strong>dedi</strong></span> <span class='ocrx_word' id='word_1_595' title='bbox 1272 1893 1380 1915; x_wconf 80' lang='lat' dir='ltr'><strong>terram.</strong></span> <span class='ocrx_word' id='word_1_596' title='bbox 1418 1888 1447 1914; x_wconf 73' lang='lat' dir='ltr'><strong>Et</strong></span> <span class='ocrx_word' id='word_1_597' title='bbox 1472 1888 1574 1915; x_wconf 86' lang='lat' dir='ltr'><strong>dicenti</strong></span> <span class='ocrx_word' id='word_1_598' title='bbox 1604 1889 1767 1921; x_wconf 80' lang='lat' dir='ltr'><strong>Ahraltanto,</strong></span> 
     </span>
    </p>
   </div>
   <div class='ocr_carea' id='block_1_87' title="bbox 982 1933 1768 1969">
    <p class='ocr_par' dir='ltr' id='par_1_87' title="bbox 982 1933 1768 1969">
     <span class='ocr_line' id='line_1_87' title="bbox 982 1933 1768 1969; baseline -0.001 -7"><span class='ocrx_word' id='word_1_599' title='bbox 982 1935 1094 1962; x_wconf 84' lang='lat' dir='ltr'><strong>Domine</strong></span> <span class='ocrx_word' id='word_1_600' title='bbox 1113 1935 1159 1966; x_wconf 85' lang='lat' dir='ltr'><strong>mi,</strong></span> <span class='ocrx_word' id='word_1_601' title='bbox 1182 1933 1312 1969; x_wconf 85' lang='lat' dir='ltr'><strong>quomodo</strong></span> <span class='ocrx_word' id='word_1_602' title='bbox 1341 1935 1424 1960; x_wconf 81' lang='lat' dir='ltr'><strong>sciant</strong></span> <span class='ocrx_word' id='word_1_603' title='bbox 1448 1942 1487 1960; x_wconf 79' lang='lat' dir='ltr'><strong>me</strong></span> <span class='ocrx_word' id='word_1_604' title='bbox 1508 1942 1566 1961; x_wconf 80' lang='lat' dir='ltr'><strong>eum</strong></span> <span class='ocrx_word' id='word_1_605' title='bbox 1594 1935 1768 1961; x_wconf 76' lang='lat' dir='ltr'><strong>Ita&#39;redituln-</strong></span> 
     </span>
    </p>
   </div>
   <div class='ocr_carea' id='block_1_88' title="bbox 982 1979 1768 2014">
    <p class='ocr_par' dir='ltr' id='par_1_88' title="bbox 982 1979 1768 2014">
     <span class='ocr_line' id='line_1_88' title="bbox 982 1979 1768 2014; baseline 0 -7"><span class='ocrx_word' id='word_1_606' title='bbox 982 1981 1065 2007; x_wconf 79' lang='lat' dir='ltr'><strong>rum?</strong></span> <span class='ocrx_word' id='word_1_607' title='bbox 1091 1980 1159 2007; x_wconf 90' lang='lat' dir='ltr'><strong>dixit</strong></span> <span class='ocrx_word' id='word_1_608' title='bbox 1176 1979 1306 2006; x_wconf 83' lang='lat' dir='ltr'><strong>Dominus</strong></span> <span class='ocrx_word' id='word_1_609' title='bbox 1322 1989 1328 2006; x_wconf 88' lang='lat'><strong>:</strong></span> <span class='ocrx_word' id='word_1_610' title='bbox 1345 1979 1610 2014; x_wconf 73' lang='lat' dir='ltr'><strong>Acceptis,juueuco,</strong></span> <span class='ocrx_word' id='word_1_611' title='bbox 1627 1982 1720 2014; x_wconf 80' lang='lat' dir='ltr'><strong>ariete,</strong></span> <span class='ocrx_word' id='word_1_612' title='bbox 1744 1986 1768 2007; x_wconf 81' lang='lat' dir='ltr'><strong>rt</strong></span> 
     </span>
    </p>
   </div>
   <div class='ocr_carea' id='block_1_89' title="bbox 982 2025 1769 2061">
    <p class='ocr_par' dir='ltr' id='par_1_89' title="bbox 982 2025 1769 2061">
     <span class='ocr_line' id='line_1_89' title="bbox 982 2025 1769 2061; baseline 0 -8"><span class='ocrx_word' id='word_1_613' title='bbox 982 2035 1062 2061; x_wconf 82' lang='lat' dir='ltr'><strong>capra</strong></span> <span class='ocrx_word' id='word_1_614' title='bbox 1078 2026 1232 2056; x_wconf 76' lang='lat' dir='ltr'><strong>triennibus,</strong></span> <span class='ocrx_word' id='word_1_615' title='bbox 1257 2033 1361 2059; x_wconf 84' lang='lat' dir='ltr'><strong>unaque</strong></span> <span class='ocrx_word' id='word_1_616' title='bbox 1374 2029 1476 2052; x_wconf 83' lang='lat' dir='ltr'><strong>turture</strong></span> <span class='ocrx_word' id='word_1_617' title='bbox 1491 2030 1516 2052; x_wconf 83' lang='lat' dir='ltr'><strong>et</strong></span> <span class='ocrx_word' id='word_1_618' title='bbox 1532 2025 1666 2059; x_wconf 82' lang='lat' dir='ltr'><strong>columba,</strong></span> <span class='ocrx_word' id='word_1_619' title='bbox 1688 2027 1769 2060; x_wconf 74' lang='lat' dir='ltr'><strong>ipsis-</strong></span> 
     </span>
    </p>
   </div>
   <div class='ocr_carea' id='block_1_90' title="bbox 981 2071 1766 2107">
    <p class='ocr_par' dir='ltr' id='par_1_90' title="bbox 981 2071 1766 2107">
     <span class='ocr_line' id='line_1_90' title="bbox 981 2071 1766 2107; baseline 0 -8"><span class='ocrx_word' id='word_1_620' title='bbox 981 2081 1028 2107; x_wconf 75' lang='lat' dir='ltr'><strong>que</strong></span> <span class='ocrx_word' id='word_1_621' title='bbox 1041 2071 1178 2106; x_wconf 64' lang='lat' dir='ltr'><strong>atqualiler</strong></span> <span class='ocrx_word' id='word_1_622' title='bbox 1191 2071 1294 2103; x_wconf 66' lang='lat' dir='ltr'><strong>divisis,</strong></span> <span class='ocrx_word' id='word_1_623' title='bbox 1312 2071 1403 2097; x_wconf 81' lang='lat' dir='ltr'><strong>omnia</strong></span> <span class='ocrx_word' id='word_1_624' title='bbox 1416 2071 1535 2104; x_wconf 76' lang='lat' dir='ltr'><strong>ipsorum</strong></span> <span class='ocrx_word' id='word_1_625' title='bbox 1549 2073 1666 2099; x_wconf 78' lang='lat' dir='ltr'><strong>membra</strong></span> <span class='ocrx_word' id='word_1_626' title='bbox 1687 2080 1701 2099; x_wconf 74' lang='grc' dir='ltr'><em>ε</em></span> <span class='ocrx_word' id='word_1_627' title='bbox 1723 2081 1766 2099; x_wconf 82' lang='lat' dir='ltr'><strong>re-</strong></span> 
     </span>
    </p>
   </div>
   <div class='ocr_carea' id='block_1_91' title="bbox 980 2118 1768 2153">
    <p class='ocr_par' dir='ltr' id='par_1_91' title="bbox 980 2118 1768 2153">
     <span class='ocr_line' id='line_1_91' title="bbox 980 2118 1768 2153; baseline 0.001 -9"><span class='ocrx_word' id='word_1_628' title='bbox 980 2119 1055 2153; x_wconf 76' lang='lat' dir='ltr'><strong>gianc</strong></span> <span class='ocrx_word' id='word_1_629' title='bbox 1076 2118 1183 2152; x_wconf 86' lang='lat' dir='ltr'><strong>parium</strong></span> <span class='ocrx_word' id='word_1_630' title='bbox 1207 2125 1316 2144; x_wconf 76' lang='lat' dir='ltr'><strong>suorum</strong></span> <span class='ocrx_word' id='word_1_631' title='bbox 1333 2121 1448 2149; x_wconf 71' lang='lat' dir='ltr'><strong>ualuas,</strong></span> <span class='ocrx_word' id='word_1_632' title='bbox 1473 2118 1565 2144; x_wconf 79' lang='lat' dir='ltr'><strong>avibus</strong></span> <span class='ocrx_word' id='word_1_633' title='bbox 1593 2123 1695 2145; x_wconf 82' lang='lat' dir='ltr'><strong>tantum</strong></span> <span class='ocrx_word' id='word_1_634' title='bbox 1717 2127 1733 2145; x_wconf 88' lang='grc' dir='ltr'><strong>ιι</strong></span> <span class='ocrx_word' id='word_1_635' title='bbox 1752 2127 1768 2145; x_wconf 88' lang='grc' dir='ltr'><strong>ιι</strong></span> 
     </span>
    </p>
   </div>
   <div class='ocr_carea' id='block_1_92' title="bbox 981 2162 1768 2198">
    <p class='ocr_par' dir='ltr' id='par_1_92' title="bbox 981 2162 1768 2198">
     <span class='ocr_line' id='line_1_92' title="bbox 981 2162 1768 2198; baseline 0.001 -8"><span class='ocrx_word' id='word_1_636' title='bbox 981 2163 1105 2191; x_wconf 77' lang='lat' dir='ltr'><strong>divisis‘.</strong></span> <span class='ocrx_word' id='word_1_637' title='bbox 1137 2163 1213 2196; x_wconf 89' lang='lat' dir='ltr'><strong>Quod</strong></span> <span class='ocrx_word' id='word_1_638' title='bbox 1253 2171 1314 2190; x_wconf 68' lang='lat' dir='ltr'><strong>cum</strong></span> <span class='ocrx_word' id='word_1_639' title='bbox 1348 2162 1461 2191; x_wconf 82' lang='lat' dir='ltr'><strong>fecisset</strong></span> <span class='ocrx_word' id='word_1_640' title='bbox 1503 2163 1653 2197; x_wconf 85' lang='lat' dir='ltr'><strong>Abraham,</strong></span> <span class='ocrx_word' id='word_1_641' title='bbox 1683 2172 1768 2198; x_wconf 83' lang='lat' dir='ltr'><strong>prope</strong></span> 
     </span>
    </p>
   </div>
   <div class='ocr_carea' id='block_1_93' title="bbox 143 2205 1766 2244">
    <p class='ocr_par' dir='ltr' id='par_1_93' title="bbox 143 2205 1766 2244">
     <span class='ocr_line' id='line_1_93' title="bbox 143 2205 1766 2244; baseline -0.001 -8"><span class='ocrx_word' id='word_1_642' title='bbox 143 2216 205 2244; x_wconf 66' lang='lat' dir='ltr'><strong>quas</strong></span> <span class='ocrx_word' id='word_1_643' title='bbox 221 2208 272 2243; x_wconf 89' lang='lat' dir='ltr'><strong>ipsi</strong></span> <span class='ocrx_word' id='word_1_644' title='bbox 285 2208 369 2236; x_wconf 85' lang='lat' dir='ltr'><strong>ubera</strong></span> <span class='ocrx_word' id='word_1_645' title='bbox 383 2208 518 2243; x_wconf 78' lang='lat' dir='ltr'><strong>praeberet</strong></span> <span class='ocrx_word' id='word_1_646' title='bbox 530 2213 557 2235; x_wconf 90' lang='lat' dir='ltr'><strong>et</strong></span> <span class='ocrx_word' id='word_1_647' title='bbox 571 2208 685 2236; x_wconf 85' lang='lat' dir='ltr'><strong>foveret.</strong></span> <span class='ocrx_word' id='word_1_648' title='bbox 703 2209 927 2244; x_wconf 83' lang='lat' dir='ltr'><strong>Abiensquema-</strong></span> <span class='ocrx_word' id='word_1_649' title='bbox 946 2205 967 2232; x_wconf 80' lang='grc' dir='ltr'><strong>υ</strong></span> <span class='ocrx_word' id='word_1_650' title='bbox 981 2210 1074 2237; x_wconf 84' lang='lat' dir='ltr'><strong>aberat</strong></span> <span class='ocrx_word' id='word_1_651' title='bbox 1098 2214 1128 2237; x_wconf 92' lang='lat' dir='ltr'><strong>ut</strong></span> <span class='ocrx_word' id='word_1_652' title='bbox 1156 2209 1308 2237; x_wconf 86' lang='lat' dir='ltr'><strong>involarent</strong></span> <span class='ocrx_word' id='word_1_653' title='bbox 1327 2215 1391 2236; x_wconf 88' lang='lat' dir='ltr'><strong>aves</strong></span> <span class='ocrx_word' id='word_1_654' title='bbox 1424 2209 1451 2236; x_wconf 83' lang='lat' dir='ltr'><strong>in</strong></span> <span class='ocrx_word' id='word_1_655' title='bbox 1474 2213 1566 2244; x_wconf 88' lang='lat' dir='ltr'><strong>partes</strong></span> <span class='ocrx_word' id='word_1_656' title='bbox 1592 2209 1628 2236; x_wconf 83' lang='lat' dir='ltr'><strong>ita</strong></span> <span class='ocrx_word' id='word_1_657' title='bbox 1652 2210 1766 2242; x_wconf 72' lang='lat' dir='ltr'><strong>divisas,</strong></span> 
     </span>
    </p>
   </div>
   <div class='ocr_carea' id='block_1_94' title="bbox 143 2253 926 2289">
    <p class='ocr_par' dir='ltr' id='par_1_94' title="bbox 143 2253 926 2289">
     <span class='ocr_line' id='line_1_94' title="bbox 143 2253 926 2289; baseline 0 -7"><span class='ocrx_word' id='word_1_658' title='bbox 143 2258 212 2282; x_wconf 86' lang='lat' dir='ltr'><strong>trem</strong></span> <span class='ocrx_word' id='word_1_659' title='bbox 231 2261 308 2281; x_wconf 90' lang='lat' dir='ltr'><strong>suam</strong></span> <span class='ocrx_word' id='word_1_660' title='bbox 328 2255 400 2289; x_wconf 64' lang='lat' dir='ltr'><strong>(qua</strong></span> <span class='ocrx_word' id='word_1_661' title='bbox 415 2253 501 2281; x_wconf 77' lang='lat' dir='ltr'><strong>IIosls</strong></span> <span class='ocrx_word' id='word_1_662' title='bbox 516 2253 598 2281; x_wconf 85' lang='lat' dir='ltr'><strong>etiam</strong></span> <span class='ocrx_word' id='word_1_663' title='bbox 616 2255 714 2289; x_wconf 81' lang='lat' dir='ltr'><strong>mater)</strong></span> <span class='ocrx_word' id='word_1_664' title='bbox 738 2255 863 2288; x_wconf 78' lang='lat' dir='ltr'><strong>adduxit,</strong></span> <span class='ocrx_word' id='word_1_665' title='bbox 879 2264 926 2282; x_wconf 87' lang='lat' dir='ltr'><strong>tte-</strong></span> 
     </span>
    </p>
   </div>
   <div class='ocr_carea' id='block_1_95' title="bbox 143 2298 926 2335">
    <p class='ocr_par' dir='ltr' id='par_1_95' title="bbox 143 2298 926 2335">
     <span class='ocr_line' id='line_1_95' title="bbox 143 2298 926 2335; baseline 0 -7"><span class='ocrx_word' id='word_1_666' title='bbox 143 2301 247 2328; x_wconf 73' lang='lat' dir='ltr'><strong>sciente</strong></span> <span class='ocrx_word' id='word_1_667' title='bbox 267 2299 417 2328; x_wconf 87' lang='lat' dir='ltr'><strong>Pharaonis</strong></span> <span class='ocrx_word' id='word_1_668' title='bbox 432 2298 486 2326; x_wconf 75' lang='lat' dir='ltr'><strong>ﬁlia</strong></span> <span class='ocrx_word' id='word_1_669' title='bbox 501 2300 590 2335; x_wconf 84' lang='lat' dir='ltr'><strong>ipsam</strong></span> <span class='ocrx_word' id='word_1_670' title='bbox 609 2305 721 2328; x_wconf 86' lang='lat' dir='ltr'><strong>matrem</strong></span> <span class='ocrx_word' id='word_1_671' title='bbox 743 2300 803 2335; x_wconf 86' lang='lat' dir='ltr'><strong>ejus</strong></span> <span class='ocrx_word' id='word_1_672' title='bbox 820 2301 905 2328; x_wconf 87' lang='lat' dir='ltr'><strong>fuisse</strong></span> <span class='ocrx_word' id='word_1_673' title='bbox 918 2321 926 2334; x_wconf 91' lang='lat'><strong>,</strong></span> 
     </span>
    </p>
   </div>
   <div class='ocr_carea' id='block_1_96' title="bbox 143 2347 924 2382">
    <p class='ocr_par' dir='ltr' id='par_1_96' title="bbox 143 2347 924 2382">
     <span class='ocr_line' id='line_1_96' title="bbox 143 2347 924 2382; baseline 0 -9"><span class='ocrx_word' id='word_1_674' title='bbox 143 2354 204 2381; x_wconf 73' lang='lat' dir='ltr'><strong>quae</strong></span> <span class='ocrx_word' id='word_1_675' title='bbox 236 2354 349 2381; x_wconf 87' lang='lat' dir='ltr'><strong>ptterunt</strong></span> <span class='ocrx_word' id='word_1_676' title='bbox 381 2347 434 2382; x_wconf 87' lang='lat' dir='ltr'><strong>ipsi</strong></span> <span class='ocrx_word' id='word_1_677' title='bbox 458 2347 615 2375; x_wconf 86' lang='lat' dir='ltr'><strong>lactandum</strong></span> <span class='ocrx_word' id='word_1_678' title='bbox 640 2350 724 2382; x_wconf 87' lang='lat' dir='ltr'><strong>atque</strong></span> <span class='ocrx_word' id='word_1_679' title='bbox 751 2347 924 2374; x_wconf 79' lang='lat' dir='ltr'><strong>educandum</strong></span> 
     </span>
    </p>
   </div>
   <div class='ocr_carea' id='block_1_97' title="bbox 145 2393 267 2420">
    <p class='ocr_par' dir='ltr' id='par_1_97' title="bbox 145 2393 267 2420">
     <span class='ocr_line' id='line_1_97' title="bbox 145 2393 267 2420; baseline 0.008 -1"><span class='ocrx_word' id='word_1_680' title='bbox 145 2393 267 2420; x_wconf 84' lang='lat' dir='ltr'><strong>tradidit.</strong></span> 
     </span>
    </p>
   </div>
   <div class='ocr_carea' id='block_1_98' title="bbox 178 2437 926 2473">
    <p class='ocr_par' dir='ltr' id='par_1_98' title="bbox 178 2437 926 2473">
     <span class='ocr_line' id='line_1_98' title="bbox 178 2437 926 2473; baseline -0.004 -6"><span class='ocrx_word' id='word_1_681' title='bbox 178 2440 245 2467; x_wconf 83' lang='lat' dir='ltr'><strong>Cum</strong></span> <span class='ocrx_word' id='word_1_682' title='bbox 271 2444 361 2466; x_wconf 88' lang='lat' dir='ltr'><strong>autent</strong></span> <span class='ocrx_word' id='word_1_683' title='bbox 384 2438 417 2466; x_wconf 89' lang='lat' dir='ltr'><strong>ad</strong></span> <span class='ocrx_word' id='word_1_684' title='bbox 431 2444 539 2467; x_wconf 61' lang='lat' dir='ltr'><strong>aetatem</strong></span> <span class='ocrx_word' id='word_1_685' title='bbox 554 2439 610 2473; x_wconf 87' lang='lat' dir='ltr'><strong>jatn</strong></span> <span class='ocrx_word' id='word_1_686' title='bbox 629 2437 737 2465; x_wconf 85' lang='lat' dir='ltr'><strong>virilem</strong></span> <span class='ocrx_word' id='word_1_687' title='bbox 757 2438 926 2471; x_wconf 82' lang='lat' dir='ltr'><strong>pervenisset</strong></span> 
     </span>
    </p>
   </div>
   <div class='ocr_carea' id='block_1_99' title="bbox 145 2482 928 2521">
    <p class='ocr_par' dir='ltr' id='par_1_99' title="bbox 145 2482 928 2521">
     <span class='ocr_line' id='line_1_99' title="bbox 145 2482 928 2521; baseline -0.006 -8"><span class='ocrx_word' id='word_1_688' title='bbox 145 2485 244 2519; x_wconf 86' lang='lat' dir='ltr'><strong>Moses,</strong></span> <span class='ocrx_word' id='word_1_689' title='bbox 259 2491 406 2521; x_wconf 84' lang='lat' dir='ltr'><strong>conspecto</strong></span> <span class='ocrx_word' id='word_1_690' title='bbox 429 2484 552 2512; x_wconf 84' lang='lat' dir='ltr'><strong>lsraelita</strong></span> <span class='ocrx_word' id='word_1_691' title='bbox 572 2483 691 2519; x_wconf 87' lang='lat' dir='ltr'><strong>quodam</strong></span> <span class='ocrx_word' id='word_1_692' title='bbox 705 2483 751 2517; x_wconf 88' lang='lat' dir='ltr'><strong>qtti</strong></span> <span class='ocrx_word' id='word_1_693' title='bbox 768 2490 830 2510; x_wconf 87' lang='lat' dir='ltr'><strong>cuttt</strong></span> <span class='ocrx_word' id='word_1_694' title='bbox 844 2482 928 2518; x_wconf 62' lang='lat' dir='ltr'><strong>Egy-</strong></span> 
     </span>
    </p>
   </div>
   <div class='ocr_carea' id='block_1_100' title="bbox 144 2527 927 2566">
    <p class='ocr_par' dir='ltr' id='par_1_100' title="bbox 144 2527 927 2566">
     <span class='ocr_line' id='line_1_100' title="bbox 144 2527 927 2566; baseline -0.005 -9"><span class='ocrx_word' id='word_1_695' title='bbox 144 2532 200 2566; x_wconf 87' lang='lat' dir='ltr'><strong>ptio</strong></span> <span class='ocrx_word' id='word_1_696' title='bbox 213 2531 403 2562; x_wconf 86' lang='lat' dir='ltr'><strong>contenderet,</strong></span> <span class='ocrx_word' id='word_1_697' title='bbox 420 2530 479 2565; x_wconf 90' lang='lat' dir='ltr'><strong>ipse</strong></span> <span class='ocrx_word' id='word_1_698' title='bbox 494 2529 654 2565; x_wconf 57' lang='lat' dir='ltr'><strong>{Egyptium</strong></span> <span class='ocrx_word' id='word_1_699' title='bbox 672 2527 776 2555; x_wconf 85' lang='lat' dir='ltr'><strong>inflicto</strong></span> <span class='ocrx_word' id='word_1_700' title='bbox 799 2528 853 2554; x_wconf 90' lang='lat' dir='ltr'><strong>ictu</strong></span> <span class='ocrx_word' id='word_1_701' title='bbox 878 2535 927 2555; x_wconf 87' lang='lat' dir='ltr'><strong>oc-</strong></span> 
     </span>
    </p>
   </div>
   <div class='ocr_carea' id='block_1_101' title="bbox 143 2573 928 2612">
    <p class='ocr_par' dir='ltr' id='par_1_101' title="bbox 143 2573 928 2612">
     <span class='ocr_line' id='line_1_101' title="bbox 143 2573 928 2612; baseline -0.005 -8"><span class='ocrx_word' id='word_1_702' title='bbox 143 2578 219 2609; x_wconf 83' lang='lat' dir='ltr'><strong>cidit,</strong></span> <span class='ocrx_word' id='word_1_703' title='bbox 233 2581 316 2612; x_wconf 84' lang='lat' dir='ltr'><strong>atque</strong></span> <span class='ocrx_word' id='word_1_704' title='bbox 329 2577 356 2603; x_wconf 93' lang='lat' dir='ltr'><strong>in</strong></span> <span class='ocrx_word' id='word_1_705' title='bbox 376 2584 460 2603; x_wconf 89' lang='lat' dir='ltr'><strong>aretta</strong></span> <span class='ocrx_word' id='word_1_706' title='bbox 475 2575 621 2610; x_wconf 64' lang='lat' dir='ltr'><strong>sepelivit;</strong></span> <span class='ocrx_word' id='word_1_707' title='bbox 636 2578 719 2609; x_wconf 85' lang='lat' dir='ltr'><strong>atque</strong></span> <span class='ocrx_word' id='word_1_708' title='bbox 739 2573 844 2607; x_wconf 86' lang='lat' dir='ltr'><strong>aliquot</strong></span> <span class='ocrx_word' id='word_1_709' title='bbox 868 2577 928 2607; x_wconf 87' lang='lat' dir='ltr'><strong>post</strong></span> 
     </span>
    </p>
   </div>
   <div class='ocr_carea' id='block_1_102' title="bbox 142 2620 927 2656">
    <p class='ocr_par' dir='ltr' id='par_1_102' title="bbox 142 2620 927 2656">
     <span class='ocr_line' id='line_1_102' title="bbox 142 2620 927 2656; baseline -0.008 -4"><span class='ocrx_word' id='word_1_710' title='bbox 142 2625 250 2656; x_wconf 82' lang='lat' dir='ltr'><strong>diebus,</strong></span> <span class='ocrx_word' id='word_1_711' title='bbox 277 2631 338 2650; x_wconf 78' lang='lat' dir='ltr'><strong>eum</strong></span> <span class='ocrx_word' id='word_1_712' title='bbox 354 2623 426 2650; x_wconf 87' lang='lat' dir='ltr'><strong>inter</strong></span> <span class='ocrx_word' id='word_1_713' title='bbox 442 2630 473 2649; x_wconf 88' lang='lat' dir='ltr'><strong>se</strong></span> <span class='ocrx_word' id='word_1_714' title='bbox 484 2621 657 2649; x_wconf 76' lang='lat' dir='ltr'><strong>Certantibus</strong></span> <span class='ocrx_word' id='word_1_715' title='bbox 671 2620 804 2648; x_wconf 85' lang='lat' dir='ltr'><strong>lsraelitis</strong></span> <span class='ocrx_word' id='word_1_716' title='bbox 818 2620 927 2647; x_wconf 85' lang='lat' dir='ltr'><strong>duobus</strong></span> 
     </span>
    </p>
   </div>
   <div class='ocr_carea' id='block_1_103' title="bbox 142 2666 927 2705">
    <p class='ocr_par' dir='ltr' id='par_1_103' title="bbox 142 2666 927 2705">
     <span class='ocr_line' id='line_1_103' title="bbox 142 2666 927 2705; baseline -0.006 -7"><span class='ocrx_word' id='word_1_717' title='bbox 142 2675 316 2705; x_wconf 86' lang='lat' dir='ltr'><strong>sequestrum</strong></span> <span class='ocrx_word' id='word_1_718' title='bbox 330 2676 360 2695; x_wconf 91' lang='lat' dir='ltr'><strong>se</strong></span> <span class='ocrx_word' id='word_1_719' title='bbox 374 2669 519 2702; x_wconf 88' lang='lat' dir='ltr'><strong>ittgereret,</strong></span> <span class='ocrx_word' id='word_1_720' title='bbox 541 2668 672 2694; x_wconf 81' lang='lat' dir='ltr'><strong>dixerunt</strong></span> <span class='ocrx_word' id='word_1_721' title='bbox 689 2667 726 2694; x_wconf 93' lang='lat' dir='ltr'><strong>illi</strong></span> <span class='ocrx_word' id='word_1_722' title='bbox 746 2675 753 2693; x_wconf 84' lang='lat'><strong>:</strong></span> <span class='ocrx_word' id='word_1_723' title='bbox 778 2666 882 2694; x_wconf 83' lang='lat' dir='ltr'><strong>Forsan</strong></span> <span class='ocrx_word' id='word_1_724' title='bbox 900 2671 927 2694; x_wconf 89' lang='lat' dir='ltr'><strong>et</strong></span> 
     </span>
    </p>
   </div>
   <div class='ocr_carea' id='block_1_104' title="bbox 143 2712 927 2748">
    <p class='ocr_par' dir='ltr' id='par_1_104' title="bbox 143 2712 927 2748">
     <span class='ocr_line' id='line_1_104' title="bbox 143 2712 927 2748; baseline -0.006 -3"><span class='ocrx_word' id='word_1_725' title='bbox 143 2723 267 2745; x_wconf 88' lang='lat' dir='ltr'><strong>nostrum</strong></span> <span class='ocrx_word' id='word_1_726' title='bbox 281 2715 396 2742; x_wconf 82' lang='lat' dir='ltr'><strong>alterum</strong></span> <span class='ocrx_word' id='word_1_727' title='bbox 423 2713 620 2741; x_wconf 82' lang='lat' dir='ltr'><strong>interfecturus</strong></span> <span class='ocrx_word' id='word_1_728' title='bbox 648 2721 678 2741; x_wconf 90' lang='lat' dir='ltr'><strong>es</strong></span> <span class='ocrx_word' id='word_1_729' title='bbox 702 2714 740 2741; x_wconf 92' lang='lat' dir='ltr'><strong>uti</strong></span> <span class='ocrx_word' id='word_1_730' title='bbox 769 2712 826 2740; x_wconf 86' lang='lat' dir='ltr'><strong>lteri</strong></span> <span class='ocrx_word' id='word_1_731' title='bbox 843 2712 927 2748; x_wconf 64' lang='lat' dir='ltr'><strong>(Egy-</strong></span> 
     </span>
    </p>
   </div>
   <div class='ocr_carea' id='block_1_105' title="bbox 143 2758 925 2798">
    <p class='ocr_par' dir='ltr' id='par_1_105' title="bbox 143 2758 925 2798">
     <span class='ocr_line' id='line_1_105' title="bbox 143 2758 925 2798; baseline -0.005 -8"><span class='ocrx_word' id='word_1_732' title='bbox 143 2764 228 2798; x_wconf 89' lang='lat' dir='ltr'><strong>ptium</strong></span> <span class='ocrx_word' id='word_1_733' title='bbox 238 2759 410 2788; x_wconf 85' lang='lat' dir='ltr'><strong>interfecisti.</strong></span> <span class='ocrx_word' id='word_1_734' title='bbox 424 2758 514 2792; x_wconf 86' lang='lat' dir='ltr'><strong>Quare</strong></span> <span class='ocrx_word' id='word_1_735' title='bbox 528 2766 654 2787; x_wconf 85' lang='lat' dir='ltr'><strong>metuens</strong></span> <span class='ocrx_word' id='word_1_736' title='bbox 670 2760 720 2788; x_wconf 90' lang='lat' dir='ltr'><strong>sibi</strong></span> <span class='ocrx_word' id='word_1_737' title='bbox 738 2759 827 2788; x_wconf 86' lang='lat' dir='ltr'><strong>Moses</strong></span> <span class='ocrx_word' id='word_1_738' title='bbox 840 2760 867 2786; x_wconf 92' lang='lat' dir='ltr'><strong>itt</strong></span> <span class='ocrx_word' id='word_1_739' title='bbox 885 2767 925 2787; x_wconf 89' lang='lat' dir='ltr'><strong>rc-</strong></span> 
     </span>
    </p>
   </div>
   <div class='ocr_carea' id='block_1_106' title="bbox 146 2830 634 2889">
    <p class='ocr_par' dir='ltr' id='par_1_106' title="bbox 146 2830 634 2889">
     <span class='ocr_line' id='line_1_106' title="bbox 146 2830 634 2889; baseline -0.006 -10"><span class='ocrx_word' id='word_1_740' title='bbox 146 2886 149 2889; x_wconf 28' lang='grc' dir='ltr'><strong>λ</strong></span> <span class='ocrx_word' id='word_1_741' title='bbox 164 2830 257 2879; x_wconf 52' lang='grc' dir='ltr'><strong>παρη.</strong></span> <span class='ocrx_word' id='word_1_742' title='bbox 268 2858 312 2884; x_wconf 86' lang='lat' dir='ltr'><strong>xv,</strong></span> <span class='ocrx_word' id='word_1_743' title='bbox 324 2849 383 2877; x_wconf 82' lang='lat'><strong>5-9.</strong></span> <span class='ocrx_word' id='word_1_744' title='bbox 424 2850 433 2865; x_wconf 84' lang='lat'><strong>-</strong></span> <span class='ocrx_word' id='word_1_745' title='bbox 444 2848 512 2879; x_wconf 88' lang='lat' dir='ltr'><strong>ibid.</strong></span> <span class='ocrx_word' id='word_1_746' title='bbox 530 2850 574 2882; x_wconf 77' lang='lat' dir='ltr'><strong>is,</strong></span> <span class='ocrx_word' id='word_1_747' title='bbox 591 2850 634 2877; x_wconf 80' lang='lat' dir='ltr'><strong>ts.</strong></span> 
     </span>
    </p>
   </div>
   <div class='ocr_carea' id='block_1_107' title="bbox 982 2254 1768 2291">
    <p class='ocr_par' dir='ltr' id='par_1_107' title="bbox 982 2254 1768 2291">
     <span class='ocr_line' id='line_1_107' title="bbox 982 2254 1768 2291; baseline -0.003 -8"><span class='ocrx_word' id='word_1_748' title='bbox 982 2263 1050 2291; x_wconf 76' lang='lat' dir='ltr'><strong>quas</strong></span> <span class='ocrx_word' id='word_1_749' title='bbox 1066 2263 1128 2283; x_wconf 88' lang='lat' dir='ltr'><strong>cum</strong></span> <span class='ocrx_word' id='word_1_750' title='bbox 1145 2259 1271 2283; x_wconf 86' lang='lat' dir='ltr'><strong>vocasset</strong></span> <span class='ocrx_word' id='word_1_751' title='bbox 1293 2254 1446 2287; x_wconf 83' lang='lat' dir='ltr'><strong>Abraham,</strong></span> <span class='ocrx_word' id='word_1_752' title='bbox 1463 2255 1516 2282; x_wconf 72' lang='lat' dir='ltr'><strong>illa:</strong></span> <span class='ocrx_word' id='word_1_753' title='bbox 1529 2256 1562 2282; x_wconf 83' lang='lat' dir='ltr'><strong>ad</strong></span> <span class='ocrx_word' id='word_1_754' title='bbox 1579 2255 1667 2290; x_wconf 84' lang='lat' dir='ltr'><strong>ipsum</strong></span> <span class='ocrx_word' id='word_1_755' title='bbox 1685 2263 1768 2282; x_wconf 84' lang='lat' dir='ltr'><strong>vene-</strong></span> 
     </span>
    </p>
   </div>
   <div class='ocr_carea' id='block_1_108' title="bbox 983 2300 1769 2335">
    <p class='ocr_par' dir='ltr' id='par_1_108' title="bbox 983 2300 1769 2335">
     <span class='ocr_line' id='line_1_108' title="bbox 983 2300 1769 2335; baseline -0.004 -7"><span class='ocrx_word' id='word_1_756' title='bbox 983 2307 1057 2329; x_wconf 88' lang='lat' dir='ltr'><strong>ruttt.</strong></span> <span class='ocrx_word' id='word_1_757' title='bbox 1075 2301 1188 2328; x_wconf 81' lang='lat' dir='ltr'><strong>Factum</strong></span> <span class='ocrx_word' id='word_1_758' title='bbox 1201 2306 1244 2328; x_wconf 87' lang='lat' dir='ltr'><strong>est</strong></span> <span class='ocrx_word' id='word_1_759' title='bbox 1261 2300 1312 2328; x_wconf 91' lang='lat' dir='ltr'><strong>hoc</strong></span> <span class='ocrx_word' id='word_1_760' title='bbox 1324 2302 1356 2327; x_wconf 85' lang='lat' dir='ltr'><strong>ad</strong></span> <span class='ocrx_word' id='word_1_761' title='bbox 1371 2306 1501 2327; x_wconf 86' lang='lat' dir='ltr'><strong>occasum</strong></span> <span class='ocrx_word' id='word_1_762' title='bbox 1516 2300 1583 2328; x_wconf 90' lang='lat' dir='ltr'><strong>solis</strong></span> <span class='ocrx_word' id='word_1_763' title='bbox 1596 2309 1603 2333; x_wconf 89' lang='lat'><strong>;</strong></span> <span class='ocrx_word' id='word_1_764' title='bbox 1625 2303 1769 2335; x_wconf 70' lang='lat' dir='ltr'><strong>occupavit</strong></span> 
     </span>
    </p>
   </div>
   <div class='ocr_carea' id='block_1_109' title="bbox 980 2345 1769 2380">
    <p class='ocr_par' dir='ltr' id='par_1_109' title="bbox 980 2345 1769 2380">
     <span class='ocr_line' id='line_1_109' title="bbox 980 2345 1769 2380; baseline -0.004 -7"><span class='ocrx_word' id='word_1_765' title='bbox 980 2351 1045 2374; x_wconf 85' lang='lat' dir='ltr'><strong>aute</strong></span> <span class='ocrx_word' id='word_1_766' title='bbox 1056 2356 1071 2372; x_wconf 90' lang='grc' dir='ltr'><strong>ιι</strong></span> <span class='ocrx_word' id='word_1_767' title='bbox 1094 2346 1280 2373; x_wconf 82' lang='lat' dir='ltr'><strong>Abrahamum</strong></span> <span class='ocrx_word' id='word_1_768' title='bbox 1308 2346 1398 2380; x_wconf 89' lang='lat' dir='ltr'><strong>quies,</strong></span> <span class='ocrx_word' id='word_1_769' title='bbox 1420 2349 1450 2377; x_wconf 66' lang='lat' dir='ltr'><strong>et~</strong></span> <span class='ocrx_word' id='word_1_770' title='bbox 1461 2345 1542 2372; x_wconf 92' lang='lat' dir='ltr'><strong>timor</strong></span> <span class='ocrx_word' id='word_1_771' title='bbox 1554 2352 1679 2380; x_wconf 84' lang='lat' dir='ltr'><strong>magnus,</strong></span> <span class='ocrx_word' id='word_1_772' title='bbox 1704 2354 1769 2379; x_wconf 77' lang='lat' dir='ltr'><strong>0[lt‘-</strong></span> 
     </span>
    </p>
   </div>
   <div class='ocr_carea' id='block_1_110' title="bbox 980 2389 1768 2426">
    <p class='ocr_par' dir='ltr' id='par_1_110' title="bbox 980 2389 1768 2426">
     <span class='ocr_line' id='line_1_110' title="bbox 980 2389 1768 2426; baseline -0.003 -8"><span class='ocrx_word' id='word_1_773' title='bbox 980 2392 1115 2419; x_wconf 90' lang='lat' dir='ltr'><strong>rieutibus</strong></span> <span class='ocrx_word' id='word_1_774' title='bbox 1131 2393 1220 2426; x_wconf 87' lang='lat' dir='ltr'><strong>ipsuttt</strong></span> <span class='ocrx_word' id='word_1_775' title='bbox 1239 2390 1361 2418; x_wconf 85' lang='lat' dir='ltr'><strong>tenebris</strong></span> <span class='ocrx_word' id='word_1_776' title='bbox 1387 2390 1496 2425; x_wconf 88' lang='lat' dir='ltr'><strong>spissis.</strong></span> <span class='ocrx_word' id='word_1_777' title='bbox 1521 2389 1647 2425; x_wconf 88' lang='lat' dir='ltr'><strong>Dixitque</strong></span> <span class='ocrx_word' id='word_1_778' title='bbox 1678 2389 1768 2417; x_wconf 80' lang='lat' dir='ltr'><strong>Domi-</strong></span> 
     </span>
    </p>
   </div>
   <div class='ocr_carea' id='block_1_111' title="bbox 980 2435 1767 2464">
    <p class='ocr_par' dir='ltr' id='par_1_111' title="bbox 980 2435 1767 2464">
     <span class='ocr_line' id='line_1_111' title="bbox 980 2435 1767 2464; baseline -0.004 -1"><span class='ocrx_word' id='word_1_779' title='bbox 980 2445 1031 2464; x_wconf 87' lang='lat' dir='ltr'><strong>nus</strong></span> <span class='ocrx_word' id='word_1_780' title='bbox 1039 2436 1194 2463; x_wconf 71' lang='lat' dir='ltr'><strong>Abraltomo</strong></span> <span class='ocrx_word' id='word_1_781' title='bbox 1208 2443 1215 2462; x_wconf 85' lang='lat'><strong>:</strong></span> <span class='ocrx_word' id='word_1_782' title='bbox 1231 2435 1311 2462; x_wconf 84' lang='lat' dir='ltr'><strong>Certa</strong></span> <span class='ocrx_word' id='word_1_783' title='bbox 1324 2435 1392 2461; x_wconf 77' lang='lat' dir='ltr'><strong>scias</strong></span> <span class='ocrx_word' id='word_1_784' title='bbox 1402 2442 1488 2462; x_wconf 74' lang='lat' dir='ltr'><strong>unum</strong></span> <span class='ocrx_word' id='word_1_785' title='bbox 1503 2435 1767 2462; x_wconf 78' lang='lat' dir='ltr'><strong>tunmltabilalurunt</strong></span> 
     </span>
    </p>
   </div>
   <div class='ocr_carea' id='block_1_112' title="bbox 977 2480 1766 2516">
    <p class='ocr_par' dir='ltr' id='par_1_112' title="bbox 977 2480 1766 2516">
     <span class='ocr_line' id='line_1_112' title="bbox 977 2480 1766 2516; baseline -0.003 -7"><span class='ocrx_word' id='word_1_786' title='bbox 977 2483 1005 2509; x_wconf 87' lang='lat' dir='ltr'><strong>in</strong></span> <span class='ocrx_word' id='word_1_787' title='bbox 1032 2487 1102 2508; x_wconf 80' lang='lat' dir='ltr'><strong>terra</strong></span> <span class='ocrx_word' id='word_1_788' title='bbox 1125 2482 1277 2516; x_wconf 77' lang='lat' dir='ltr'><strong>peregrina,</strong></span> <span class='ocrx_word' id='word_1_789' title='bbox 1295 2481 1322 2507; x_wconf 82' lang='lat' dir='ltr'><strong>in</strong></span> <span class='ocrx_word' id='word_1_790' title='bbox 1333 2489 1385 2516; x_wconf 81' lang='lat' dir='ltr'><strong>qua</strong></span> <span class='ocrx_word' id='word_1_791' title='bbox 1401 2480 1563 2507; x_wconf 81' lang='lat' dir='ltr'><strong>laborabunt</strong></span> <span class='ocrx_word' id='word_1_792' title='bbox 1578 2481 1604 2507; x_wconf 85' lang='lat' dir='ltr'><strong>in</strong></span> <span class='ocrx_word' id='word_1_793' title='bbox 1618 2482 1766 2507; x_wconf 70' lang='lat' dir='ltr'><strong>servitutem</strong></span> 
     </span>
    </p>
   </div>
   <div class='ocr_carea' id='block_1_113' title="bbox 978 2525 1764 2561">
    <p class='ocr_par' dir='ltr' id='par_1_113' title="bbox 978 2525 1764 2561">
     <span class='ocr_line' id='line_1_113' title="bbox 978 2525 1764 2561; baseline -0.001 -8"><span class='ocrx_word' id='word_1_794' title='bbox 978 2527 1080 2554; x_wconf 80' lang='lat' dir='ltr'><strong>reducti</strong></span> <span class='ocrx_word' id='word_1_795' title='bbox 1102 2528 1180 2553; x_wconf 72' lang='lat' dir='ltr'><strong>annis</strong></span> <span class='ocrx_word' id='word_1_796' title='bbox 1205 2525 1417 2561; x_wconf 75' lang='lat' dir='ltr'><strong>quadringentis.</strong></span> <span class='ocrx_word' id='word_1_797' title='bbox 1430 2525 1486 2560; x_wconf 79' lang='lat' dir='ltr'><strong>Ego</strong></span> <span class='ocrx_word' id='word_1_798' title='bbox 1507 2532 1568 2553; x_wconf 73' lang='lat' dir='ltr'><strong>vero</strong></span> <span class='ocrx_word' id='word_1_799' title='bbox 1590 2525 1764 2560; x_wconf 70' lang='lat' dir='ltr'><strong>judicaturus</strong></span> 
     </span>
    </p>
   </div>
   <div class='ocr_carea' id='block_1_114' title="bbox 979 2570 1768 2607">
    <p class='ocr_par' dir='ltr' id='par_1_114' title="bbox 979 2570 1768 2607">
     <span class='ocr_line' id='line_1_114' title="bbox 979 2570 1768 2607; baseline -0.001 -8"><span class='ocrx_word' id='word_1_800' title='bbox 979 2581 1036 2600; x_wconf 74' lang='lat' dir='ltr'><strong>sunt</strong></span> <span class='ocrx_word' id='word_1_801' title='bbox 1047 2577 1146 2607; x_wconf 79' lang='lat' dir='ltr'><strong>gentem</strong></span> <span class='ocrx_word' id='word_1_802' title='bbox 1160 2580 1219 2606; x_wconf 65' lang='lat' dir='ltr'><strong>qua:</strong></span> <span class='ocrx_word' id='word_1_803' title='bbox 1231 2580 1274 2599; x_wconf 76' lang='lat' dir='ltr'><strong>eos</strong></span> <span class='ocrx_word' id='word_1_804' title='bbox 1290 2572 1316 2598; x_wconf 85' lang='lat' dir='ltr'><strong>in</strong></span> <span class='ocrx_word' id='word_1_805' title='bbox 1327 2572 1479 2599; x_wconf 78' lang='lat' dir='ltr'><strong>servitutem</strong></span> <span class='ocrx_word' id='word_1_806' title='bbox 1492 2570 1591 2607; x_wconf 79' lang='lat' dir='ltr'><strong>rediget</strong></span> <span class='ocrx_word' id='word_1_807' title='bbox 1610 2572 1768 2606; x_wconf 74' lang='lat' dir='ltr'><strong>eIibutthue</strong></span> 
     </span>
    </p>
   </div>
   <div class='ocr_carea' id='block_1_115' title="bbox 982 2618 1766 2655">
    <p class='ocr_par' dir='ltr' id='par_1_115' title="bbox 982 2618 1766 2655">
     <span class='ocr_line' id='line_1_115' title="bbox 982 2618 1766 2655; baseline 0.003 -11"><span class='ocrx_word' id='word_1_808' title='bbox 982 2618 1085 2645; x_wconf 82' lang='lat' dir='ltr'><strong>tandem</strong></span> <span class='ocrx_word' id='word_1_809' title='bbox 1109 2619 1136 2645; x_wconf 82' lang='lat' dir='ltr'><strong>in</strong></span> <span class='ocrx_word' id='word_1_810' title='bbox 1156 2619 1225 2645; x_wconf 79' lang='lat' dir='ltr'><strong>Itum:</strong></span> <span class='ocrx_word' id='word_1_811' title='bbox 1237 2619 1324 2646; x_wconf 85' lang='lat' dir='ltr'><strong>locum</strong></span> <span class='ocrx_word' id='word_1_812' title='bbox 1338 2627 1397 2646; x_wconf 82' lang='lat' dir='ltr'><strong>cum</strong></span> <span class='ocrx_word' id='word_1_813' title='bbox 1415 2620 1508 2654; x_wconf 84' lang='lat' dir='ltr'><strong>opibus</strong></span> <span class='ocrx_word' id='word_1_814' title='bbox 1529 2620 1641 2655; x_wconf 76' lang='lat' dir='ltr'><strong>magnis.</strong></span> <span class='ocrx_word' id='word_1_815' title='bbox 1663 2620 1700 2647; x_wconf 86' lang='lat' dir='ltr'><strong>Tu</strong></span> <span class='ocrx_word' id='word_1_816' title='bbox 1715 2629 1766 2646; x_wconf 85' lang='lat' dir='ltr'><strong>an-</strong></span> 
     </span>
    </p>
   </div>
   <div class='ocr_carea' id='block_1_116' title="bbox 982 2665 1768 2699">
    <p class='ocr_par' dir='ltr' id='par_1_116' title="bbox 982 2665 1768 2699">
     <span class='ocr_line' id='line_1_116' title="bbox 982 2665 1768 2699; baseline 0.001 -7"><span class='ocrx_word' id='word_1_817' title='bbox 982 2670 1033 2692; x_wconf 84' lang='lat' dir='ltr'><strong>lcut</strong></span> <span class='ocrx_word' id='word_1_818' title='bbox 1057 2665 1090 2690; x_wconf 83' lang='lat' dir='ltr'><strong>ad</strong></span> <span class='ocrx_word' id='word_1_819' title='bbox 1109 2670 1198 2699; x_wconf 72' lang='lat' dir='ltr'><strong>panes</strong></span> <span class='ocrx_word' id='word_1_820' title='bbox 1228 2670 1286 2692; x_wconf 79' lang='lat' dir='ltr'><strong>tuos</strong></span> <span class='ocrx_word' id='word_1_821' title='bbox 1310 2666 1336 2692; x_wconf 85' lang='lat' dir='ltr'><strong>in</strong></span> <span class='ocrx_word' id='word_1_822' title='bbox 1361 2673 1428 2699; x_wconf 79' lang='lat' dir='ltr'><strong>pate</strong></span> <span class='ocrx_word' id='word_1_823' title='bbox 1452 2666 1614 2699; x_wconf 75' lang='lat' dir='ltr'><strong>translatus,</strong></span> <span class='ocrx_word' id='word_1_824' title='bbox 1635 2672 1768 2693; x_wconf 65' lang='lat' dir='ltr'><strong>aeneum:</strong></span> 
     </span>
    </p>
   </div>
   <div class='ocr_carea' id='block_1_117' title="bbox 982 2710 1766 2747">
    <p class='ocr_par' dir='ltr' id='par_1_117' title="bbox 982 2710 1766 2747">
     <span class='ocr_line' id='line_1_117' title="bbox 982 2710 1766 2747; baseline 0.001 -9"><span class='ocrx_word' id='word_1_825' title='bbox 982 2711 1043 2738; x_wconf 74' lang='lat' dir='ltr'><strong>bene</strong></span> <span class='ocrx_word' id='word_1_826' title='bbox 1056 2716 1117 2737; x_wconf 73' lang='lat' dir='ltr'><strong>acta</strong></span> <span class='ocrx_word' id='word_1_827' title='bbox 1133 2711 1264 2744; x_wconf 75' lang='lat' dir='ltr'><strong>sepelieris</strong></span> <span class='ocrx_word' id='word_1_828' title='bbox 1276 2711 1295 2738; x_wconf 74' lang='grc'><strong>⁵.</strong></span> <span class='ocrx_word' id='word_1_829' title='bbox 1312 2710 1371 2738; x_wconf 78' lang='lat' dir='ltr'><strong>.lam</strong></span> <span class='ocrx_word' id='word_1_830' title='bbox 1384 2712 1417 2739; x_wconf 85' lang='lat' dir='ltr'><strong>ab</strong></span> <span class='ocrx_word' id='word_1_831' title='bbox 1430 2712 1484 2740; x_wconf 87' lang='lat' dir='ltr'><strong>isto</strong></span> <span class='ocrx_word' id='word_1_832' title='bbox 1495 2717 1616 2746; x_wconf 83' lang='lat' dir='ltr'><strong>tempore</strong></span> <span class='ocrx_word' id='word_1_833' title='bbox 1630 2720 1684 2747; x_wconf 82' lang='lat' dir='ltr'><strong>quo</strong></span> <span class='ocrx_word' id='word_1_834' title='bbox 1698 2714 1766 2739; x_wconf 61' lang='lat' dir='ltr'><strong>duit</strong></span> 
     </span>
    </p>
   </div>
   <div class='ocr_carea' id='block_1_118' title="bbox 982 2756 1765 2792">
    <p class='ocr_par' dir='ltr' id='par_1_118' title="bbox 982 2756 1765 2792">
     <span class='ocr_line' id='line_1_118' title="bbox 982 2756 1765 2792; baseline 0.003 -9"><span class='ocrx_word' id='word_1_835' title='bbox 982 2757 1111 2784; x_wconf 88' lang='lat' dir='ltr'><strong>Dumittus</strong></span> <span class='ocrx_word' id='word_1_836' title='bbox 1141 2757 1305 2791; x_wconf 74' lang='lat' dir='ltr'><strong>Abrabamo,</strong></span> <span class='ocrx_word' id='word_1_837' title='bbox 1319 2756 1411 2785; x_wconf 82' lang='lat' dir='ltr'><strong>Semen</strong></span> <span class='ocrx_word' id='word_1_838' title='bbox 1424 2763 1498 2786; x_wconf 84' lang='lat' dir='ltr'><strong>tuum</strong></span> <span class='ocrx_word' id='word_1_839' title='bbox 1513 2758 1608 2786; x_wconf 73' lang='lat' dir='ltr'><strong>servire</strong></span> <span class='ocrx_word' id='word_1_840' title='bbox 1622 2758 1718 2792; x_wconf 70' lang='lat' dir='ltr'><strong>[aciem</strong></span> <span class='ocrx_word' id='word_1_841' title='bbox 1730 2767 1765 2785; x_wconf 83' lang='lat' dir='ltr'><strong>an</strong></span> 
     </span>
    </p>
   </div>
  </div>
