2015 3081
257 156 308 189 931

768 152 951 183 EUTYCHH
968 149 1234 180 ALEXAN'DRlNi
1251 147 1362 178 PATR.

1825 143 1877 175 93?.

257 215 298 241 uis
318 213 529 249 quadringentis,
544 210 745 245 snpputandum
759 215 797 236 est
815 209 849 235 ad
867 207 1040 242 tempusexi-
1057 210 1077 236 Α
1093 205 1184 240 fregit,
1208 204 1306 231 deinde
1332 205 1430 231 iterum
1454 201 1583 230 collectas
1607 202 1633 228 in
1659 208 1720 228 arca
1749 201 1878 234 reposuit.

257 267 302 290 tus
324 261 506 289 Israeliturum
525 267 556 285 cx
573 258 702 292 Egypto.
717 255 787 290 quod
801 255 934 289 intelligas
947 254 1037 280 velim.

258 309 404 335 Ditnittens
416 307 496 341 igitur
508 305 612 332 Pharao
622 300 936 337 10413raeiilas,dixit
951 299 1017 333 ipsis
1033 307 1039 325 :

258 355 325 383 Cum
355 353 429 380 Mose
452 350 567 386 profecti
584 357 645 377 cum
662 348 778 375 Domino
794 350 885 374 vestro
904 346 931 372 in
951 349 1042 372 monte

258 404 354 429 sancto
371 398 532 427 servieritis,
547 400 608 432 post
623 395 744 422 triduum
774 393 800 420 in
817 393 907 420 locum
923 397 1042 418 vestrum

259 445 439 474 revertimini.
455 443 541 471 Jusslt
555 447 645 469 autem
666 440 755 468 Moses
778 439 893 466 feminas
915 436 1042 464 lsracliti-

258 500 306 519 cas
325 495 415 518 vestes
431 494 458 516 et
481 491 642 516 ornamenta
670 486 704 513 ab
728 484 865 520 (Egyptiis
888 485 985 510 mutuo
999 488 1046 506 ac—

259 542 339 572 cepta
364 535 489 565 induere.
511 534 584 569 quod
606 538 633 560 et
659 532 794 559 fecerunt.
818 531 895 564 lpsos
909 529 994 563 igitur
1011 534 1045 554 ex

261 583 380 618 Egypto
405 581 499 608 eduxit
525 580 622 611 Moses,
650 585 763 605 numero
788 574 944 604 sexcenties
960 572 1044 599 mille.

260 629 330 661 Quin
355 632 382 654 et
404 626 481 660 jussu
496 625 578 651 Musis
591 624 709 650 divisum
726 626 768 649 est
783 621 851 656 ipsis
871 618 1042 652 mare,tadeo

261 673 521 705 utmediumipsutn
536 670 747 705 pertransirent.
771 665 934 694 I'tenitentia
955 668 1046 690 autent

260 725 352 748 motus
368 720 475 745 Pharao
493 717 566 752 quod
585 716 724 742 lsraelitas
744 713 894 741 dimisisset
913 710 978 746 (fuit
997 717 1048 737 au-

263 771 316 792 tem
344 763 481 791 Pharaoni
513 762 546 789 de
572 769 626 796 quo
648 760 771 795 loquitur
805 758 914 789 Moses,
949 763 1048 784 nomen

261 809 370 843 Antius)
389 816 450 836 cum
472 806 608 835 sexcentis
630 813 742 833 suorum
759 803 880 830 millibus
900 809 1048 838 egressus,

263 857 406 884 insecutus
419 859 460 882 est
473 854 569 889 ipsos;
588 855 613 880 at
636 850 817 879 refluentibus
836 850 863 877 in
882 850 956 883 ipsos
971 850 1050 884 aquis

264 903 425 930 eubutersus
447 905 487 926 est
512 906 575 926 cum
597 898 674 930 suis,
697 897 766 924 adeo
788 900 817 923 ut
843 903 894 922 nec
923 903 993 922 unus
1018 902 1051 921 ex

265 947 333 982 ipsis
348 947 440 974 salvus
454 945 592 973 evaderet.
608 944 668 971 Jam
682 944 716 970 ab
724 943 881 970 Abrahatro
896 942 928 968 ad
942 941 1052 969 lsraeli-

267 998 355 1021 laruut
375 1000 407 1019 ex
433 991 550 1026 [Egypto
574 990 678 1017 exitum
695 989 758 1016 anni
783 994 846 1016 sunt
866 988 1005 1022 quingenti
1027 991 1054 1014 et

265 1045 380 1073 septem.
398 1036 420 1064 Δ
435 1036 554 1063 Phaleko
566 1035 600 1062 ad
619 1035 744 1069 ipsarum
757 1033 860 1060 exitum
873 1052 881 1064 ,
901 1033 964 1059 anni
981 1031 1054 1059 mi|le

267 1083 448 1118 quadraginta
470 1086 543 1109 octo.
564 1081 587 1107 A
619 1080 721 1107 diluvio
748 1079 820 1106 mille
838 1077 979 1113 quingenti
1010 1084 1054 1103 se-

268 1130 410 1165 ptuaginta
426 1136 525 1156 novem
553 1137 561 1154 :
585 1126 620 1154 ab
638 1126 743 1153 Adamn
757 1131 797 1152 ter
818 1125 891 1152 mille
907 1122 1055 1157 octingenti

267 1175 380 1210 triginta
404 1174 536 1208 quinque.
553 1171 784 1198 Pcrmaneutibus
808 1174 898 1195 autem
921 1167 1055 1195 Israclilis

269 1222 297 1248 in
313 1221 423 1248 deserto
434 1218 617 1253 quadraginta
634 1217 714 1244 annis
735 1215 842 1249 depluit
858 1214 892 1241 ad
916 1214 990 1248 ipsos
1003 1213 1057 1240 Do-

271 1267 361 1294 minus
377 1272 505 1292 mannam
521 1267 547 1289 et
564 1263 728 1289 coturnices.
747 1261 832 1288 Porro
849 1261 876 1287 in
888 1260 996 1287 deserto
1007 1267 1056 1294 op-

271 1314 426 1346 pugnarunt
443 1309 507 1336 illus
521 1307 680 1335 Antah-kitze
694 1312 721 1334 ct
741 1306 874 1333 Philista‘i
885 1326 892 1336 ,
910 1306 978 1332 adeo
992 1304 1057 1332 utsi

272 1356 382 1391 quando
404 1353 570 1381 Palestinam
603 1355 736 1387 peterent,
764 1351 799 1378 ab
826 1360 856 1378 ca
878 1354 1057 1382 arcerentur;

272 1403 352 1429 antsi
372 1400 586 1428 Amalekitarum
604 1400 710 1434 plagam
723 1420 729 1430 ,
747 1398 817 1425 bello
833 1399 868 1425 ab
883 1397 949 1432 ipsis
972 1397 1060 1424 laces-

276 1448 334 1478 siti.
362 1453 445 1482 atque
469 1447 592 1482 impediti
609 1445 729 1475 fuerint;
747 1444 819 1478 quod
838 1444 860 1470 si
894 1443 1011 1470 reditum
1033 1442 1059 1469 in

271 1493 420 1529 Egyptum
448 1492 659 1522 meditarentur,
695 1490 729 1517 ab
765 1489 825 1523 eius
841 1489 940 1516 incolis
960 1488 1060 1515 timue-

272 1547 347 1567 runt.
363 1539 397 1566 Et
414 1538 611 1573 prophetarum
639 1534 813 1570 105-107
835 1534 861 1560 iu
882 1534 994 1560 deserto
1011 1532 1058 1558 filii

271 1585 374 1614 Κωτίλιιὶ
390 1591 472 1618 quem
485 1581 623 1617 absorpsit
634 1586 718 1612 terra,
729 1578 859 1607 videlicet
875 1578 967 1609 Ashir,
979 1576 1060 1603 Elka-

273 1631 340 1663 nali,
351 1634 379 1657 et
390 1629 522 1664 Anisaph.
534 1629 686 1662 Absorptus
697 1631 786 1652 autem
796 1630 837 1652 est
847 1623 937 1651 Korah
947 1622 1018 1657 quod
1031 1630 1061 1650 se

274 1683 358 1710 supra
384 1674 476 1701 Mosen
504 1672 648 1700 extolleret
674 1671 755 1705 eique
777 1669 942 1696 convitiatns
975 1671 1059 1700 esset,

274 1730 336 1757 qua:
351 1726 378 1748 et
390 1721 552 1755 (imperante
577 1722 658 1744 terra:
683 1716 767 1749 Mosc)
781 1716 870 1749 ipsum
886 1721 948 1741 cum
969 1713 1061 1740 taber-

276 1768 374 1795 naculo
397 1773 459 1798 suo,
483 1771 598 1799 qttzeque
621 1763 674 1798 ipsi
697 1767 775 1789 erant
803 1762 930 1789 omnibus
945 1762 1060 1788 devora-

277 1816 326 1841 vit.

312 1861 397 1888 I’urro
412 1856 619 1885 numerantibus
640 1855 714 1883 Mosc
735 1859 763 1882 et
786 1855 897 1882 Ahronc
925 1853 1062 1882 lsraelitas

275 1915 338 1934 eum
351 1905 377 1932 iu
391 1905 501 1932 deserto
516 1907 620 1934 essent,
638 1909 733 1929 omnes
748 1901 833 1928 armis
851 1900 989 1936 gestaudis
1006 1899 1064 1926 ido-

277 1959 355 1982 neos,
368 1950 461 1985 viginti
481 1954 510 1976 et
526 1948 598 1983 quod
611 1947 735 1975 excurrit
750 1954 837 1973 annos
851 1949 938 1978 natos,
951 1953 1063 1980 exccp'a

280 1998 353 2024 tribu
371 1996 446 2027 Levi,
466 1995 578 2022 fuerunt
593 1993 733 2020 hominum
745 1993 814 2020 ultra
831 1992 982 2019 sexcenties
993 1991 1065 2017 mille

280 2044 332 2070 tria
354 2042 437 2068 millia
453 2040 596 2076 quingenti
614 2044 640 2066 et
667 2038 876 2073 quinquaginta.
897 2037 997 2064 Levitze
1019 2045 1066 2063 au-

277 2093 343 2120 tent,
358 2096 419 2114 cum
435 2088 566 2121 ipsorum,
580 2089 713 2120 quotquot
726 2091 843 2110 mensem
859 2090 942 2110 unum
955 2087 980 2110 et
993 2082 1065 2116 quod

279 2135 349 2162 ultra
366 2139 407 2161 est
419 2135 473 2161 nati
490 2138 591 2165 essent,
605 2139 747 2159 numerum
765 2131 913 2164 cepissent,
930 2131 1013 2157 vicies
1025 2129 1066 2157 bis

278 2180 354 2208 mille
371 2179 481 2206 ducenti
497 2178 669 2212 septuaginta
685 2181 742 2203 tres
761 2177 880 2203 fuerunt.
895 2176 931 2202 Ita
957 2176 1068 2202 fuerunt

1091 252 1221 280 Confecto
1231 251 1309 278 etiam
1319 250 1495 276 tabernaculo
1510 249 1653 283 Temporis
1659 256 1692 275 ex
1705 247 1879 274 Ist'aclittdunt

1093 303 1170 330 ueto,
1188 297 1280 331 posuit
1295 297 1322 323 iu
1341 296 1401 330 ipso
1412 295 1502 322 Mosss
1522 295 1674 322 sacrarium
1691 313 1698 325 ,
1717 294 1744 320 in
1766 301 1820 327 qua
1840 300 1881 320 sa-

1093 344 1214 371 cerdotis
1230 349 1329 369 munus
1346 341 1430 368 obivit
1451 341 1535 368 frater
1552 341 1635 375 ipsius
1663 341 1769 366 Ahron.
1800 338 1882 366 Cunt-

1094 398 1148 425 que
1164 397 1178 416 a
1195 388 1380 423 serpentibus,
1395 395 1516 422 quorum
1532 395 1632 422 magna
1645 386 1697 414 fuit
1720 386 1748 412 in
1777 386 1883 412 deserto

1094 437 1185 471 copia,
1203 436 1248 463 icti
1262 440 1344 470 atque
1370 433 1507 461 interfecti
1533 433 1665 460 Israelita:
1685 439 1764 466 opem
1777 439 1792 457 a
1814 429 1884 457 Mnse

1097 483 1285 517 implorarent.
1306 482 1389 516 jussit
1412 481 1500 516 ipsum
1531 480 1662 506 Dominus
1683 478 1832 505 conflatum
1854 484 1884 502 ex

1096 535 1149 556 are
1161 533 1315 563 serpentem
1330 528 1440 558 vexillo.
1455 527 1527 560 quod
1544 527 1571 552 in
1586 525 1684 552 mediis
1700 523 1885 551 lsraclitarnm

1097 574 1198 601 castris
1211 574 1336 607 erigeret,
1351 578 1537 600 transversum
1554 572 1683 605 infigere;
1698 578 1754 604 quo
1766 589 1774 600 ,
1787 569 1809 596 si
1828 569 1887 602 quis

1098 629 1130 648 ex
1149 621 1216 656 ipsis
1233 628 1246 647 a
1262 623 1390 654 serpente
1409 626 1519 646 morsus
1542 623 1696 652 serpentem
1722 624 1825 643 aereum
1850 623 1889 641 re-

1100 668 1226 703 spiceret,
1243 667 1347 693 nullam
1363 673 1378 692 a
1395 672 1502 692 veneno
1516 672 1614 691 noxam
1639 663 1762 690 sentiret.
1789 661 1887 688 .‘\lortni

1101 718 1164 740 sunt
1177 718 1266 740 autem
1284 711 1385 743 Moses,
1402 711 1494 738 Abron
1512 714 1538 737 et
1552 710 1657 736 Miriam
1675 715 1752 736 soror
1766 708 1888 741 ipsorum

1101 759 1197 786 eodem
1213 765 1285 784 anno
1300 758 1327 785 in
1339 758 1460 789 deserto,
1480 763 1539 791 post
1566 763 1654 782 arruns
1680 755 1707 782 in
1732 754 1793 788 ipso
1825 759 1892 786 qna-

1101 805 1227 839 draginta
1256 804 1413 838 insumptos
1439 803 1577 830 :obeunte
1607 801 1695 836 primo
1719 799 1825 825 Miriam
1850 797 1893 823 die

1102 856 1182 876 Sexto
1201 849 1285 876 Nisan
1299 849 1365 884 (qui
1384 853 1426 876 est
1442 847 1615 882 Darmudah)
1642 853 1729 873 anuos
1751 850 1812 871 nata
1831 851 1894 870 cet:-

1104 901 1160 923 tum
1178 896 1272 929 viginti
1293 899 1402 929 septem
1418 903 1425 927 ;
1441 894 1539 921 deinde
1552 893 1672 923 Ahrone,
1685 891 1774 925 primo
1792 888 1894 916 mensis

1104 943 1144 969 Ah
1160 942 1215 977 (qui
1229 946 1271 968 est
1282 941 1414 973 lileshra),
1434 940 1480 975 qui
1494 944 1522 967 et
1536 938 1662 973 sepultus
1691 941 1733 963 est
1756 937 1783 963 iu
1803 939 1896 961 meme

1104 989 1180 1021 llor,
1198 996 1284 1015 annos
1308 993 1388 1014 natus
1413 991 1522 1014 centum
1536 985 1630 1020 viginti
1653 989 1726 1015 tres;
1755 979 1896 1018 [ultimo]

1104 1036 1177 1063 Mose
1192 1035 1227 1069 (ιι.
1244 1035 1284 1069 p.)
1303 1035 1347 1061 die
1361 1033 1478 1067 septimo
1498 1032 1580 1058 Adari
1598 1030 1655 1065 (qui
1681 1034 1722 1056 est
1737 1025 1896 1060 Bormahat]

1105 1082 1132 1109 in
1147 1082 1254 1116 regione
1271 1080 1359 1111 Moab,
1376 1079 1421 1106 ubi
1437 1079 1504 1106 etin
1534 1077 1603 1104 valle
1627 1076 1746 1110 quodam
1772 1072 1899 1108 sepultus

1105 1132 1158 1159 est.
1176 1134 1237 1154 eum
1266 1133 1400 1152 annorum
1429 1128 1502 1152 esset
1523 1129 1632 1150 centqu
1664 1121 1770 1155 viginti.
1791 1119 1899 1145 MOrluo

1106 1174 1190 1204 Mose,
1207 1172 1308 1207 pcpnlo
1326 1170 1442 1206 regendo
1466 1169 1613 1204 praafectus
1634 1171 1677 1194 est
1698 1166 1801 1196 Josna,
1824 1163 1898 1191 Nuni

1108 1218 1191 1250 filius,
1207 1225 1295 1244 annos
1309 1217 1419 1251 triginta
1433 1220 1459 1243 ct
1477 1222 1561 1242 unum
1579 1213 1647 1249 :qui
1661 1220 1723 1240 cum
1749 1210 1899 1238 Jordanum

1108 1263 1272 1294 transiissct,
1293 1267 1394 1297 septem
1428 1262 1488 1288 dies
1516 1260 1550 1287 ad
1576 1258 1754 1287 obsidendam
1788 1255 1901 1283 Iericho

1110 1309 1290 1344 109—111
1310 1308 1442 1335 substitit.
1458 1306 1505 1333 Die
1519 1306 1646 1340 septimo,
1658 1311 1718 1331 eum
1730 1302 1803 1330 tubis
1826 1301 1900 1328 circa

1109 1356 1202 1382 urbem
1218 1354 1407 1388 clangentibus
1423 1372 1430 1383 .
1443 1357 1526 1387 atque
1551 1349 1766 1378 vociferantibus
1791 1348 1904 1374 Israeli-

1110 1403 1158 1432 tis,
1179 1408 1233 1435 prae
1248 1400 1378 1427 clamoris
1394 1404 1421 1426 et
1436 1399 1574 1433 clangoris
1590 1396 1764 1424 vehementia
1781 1394 1901 1421 cecidis-

1110 1452 1151 1475 set
1165 1447 1241 1474 urbis
1257 1446 1410 1477 munimen.
1423 1448 1558 1480 quotquot
1575 1443 1602 1470 in
1616 1442 1683 1470 urbe
1694 1442 1803 1470 fuerant
1813 1439 1902 1472 vires,

1111 1501 1223 1528 pueros,
1241 1491 1368 1523 feminas,
1383 1491 1442 1518 neci
1458 1490 1544 1518 dedit.

1073 1548 1096 1578 ε
1147 1539 1233 1573 Capta
1249 1537 1408 1565 Jerichunte
1431 1537 1458 1563 in
1485 1536 1545 1571 ejus
1570 1534 1770 1570 campestribus
1796 1533 1904 1561 Pascha

1111 1583 1272 1612 celebravit.
1286 1582 1392 1610 Deinde
1408 1582 1560 1609 exercitum
1575 1580 1608 1608 ad
1628 1581 1723 1608 urbem
1746 1579 1797 1607 Ani
1809 1579 1907 1607 et~Bc-

1114 1630 1169 1657 thel
1186 1629 1330 1664 prtetnisit,
1346 1629 1391 1663 qui
1408 1627 1485 1654 urbis
1498 1632 1599 1654 statum
1612 1626 1796 1660 explorarent.
1817 1625 1906 1652 Cum-

1114 1683 1168 1710 que
1182 1675 1321 1710 congressi
1343 1674 1395 1701 Ani
1434 1673 1530 1700 incolae
1557 1680 1572 1700 e
1598 1671 1690 1699 losum
1717 1671 1799 1699 sociis
1829 1670 1906 1697 viros

1116 1719 1227 1753 triginta
1246 1725 1293 1745 sex
1314 1717 1527 1750 interfecissent,
1545 1717 1630 1744 Josua
1648 1720 1743 1744 contra
1766 1723 1825 1742 eam
1852 1716 1906 1742 lrl-

1117 1765 1173 1792 cies
1190 1764 1262 1791 mille
1276 1765 1376 1796 emisit,
1399 1771 1468 1798 quos
1485 1769 1595 1791 secutus
1617 1768 1658 1789 est
1684 1762 1740 1795 ipse
1754 1768 1817 1788 cum
1835 1760 1909 1788 insi-

1116 1811 1180 1837 diis.
1196 1810 1346 1844 Progressa
1359 1817 1423 1845 ergo
1444 1816 1507 1844 rege
1521 1809 1571 1835 Ani
1587 1807 1619 1834 ad
1633 1815 1711 1834 exere
1725 1811 1780 1833 tvnu
1801 1805 1822 1832 .l.
1835 1813 1848 1833 s
1862 1815 1906 1838 -:r,

1115 1861 1257 1884 cesserunt
1272 1855 1339 1890 ipsis
1354 1854 1482 1882 Israelita:
1499 1854 1585 1880 donec
1599 1853 1633 1879 ab
1647 1853 1714 1878 urbe
1739 1851 1846 1885 longius
1861 1850 1905 1876 di-

1117 1902 1291 1933 scessissent,
1305 1907 1387 1935 quam
1402 1900 1542 1934 ingressus
1561 1897 1646 1926 Josua
1672 1905 1733 1924 cutn
1759 1896 1907 1924 insidiato-

1119 1947 1194 1974 ribus
1210 1947 1298 1981 ipsam
1316 1950 1448 1972 rastatatn
1472 1945 1534 1979 igne
1565 1943 1730 1977 absumpsit,
1753 1941 1909 1968 interfectis

1119 1992 1165 2026 qui
1179 1992 1249 2018 inea
1267 1991 1375 2018 fuerant
1390 1994 1445 2016 tam
1467 1989 1533 2016 viris
1551 1995 1633 2023 quam
1658 1986 1778 2014 feminis.
1804 1986 1907 2021 Regem

1119 2037 1219 2065 deinde
1231 2037 1290 2071 ejus
1303 2037 1454 2068 insecutus,
1469 2035 1559 2062 socios
1577 2034 1664 2068 ipsius
1676 2033 1787 2064 ocridil,
1805 2032 1909 2065 ipsum,

1120 2083 1166 2117 qui
1185 2082 1265 2108 vivus
1286 2085 1383 2115 captus
1408 2085 1468 2112 est,
1496 2079 1577 2106 morti
1603 2078 1731 2105 traditum
1753 2077 1910 2111 suspendit.

1121 2128 1306 2161 Ascenditqne
1348 2125 1432 2152 Josna
1475 2131 1536 2152 cum
1567 2123 1698 2151 lsraelitis
1727 2124 1755 2150 in
1786 2127 1908 2155 montem

1122 2173 1225 2209 [terrm]
1238 2173 1451 2200 Chanaanitieze.
1466 2171 1552 2198 Porro
1565 2178 1626 2197 cum
1641 2169 1770 2196 Israelita;
1782 2168 1913 2203 quadra—

277 2233 461 2261 omnes,quos
476 2228 658 2252 numerarunt
674 2222 762 2250 Moses
779 2227 805 2250 et
820 2222 925 2254 Ahron,
937 2221 1064 2250 lsraelitm
1084 2223 1105 2251 l)
1120 2221 1204 2254 ginta,
1219 2219 1319 2253 quibus
1337 2219 1363 2244 in
1388 2218 1499 2245 deserto
1528 2220 1618 2249 erant,
1644 2215 1724 2243 anuis
1751 2214 1912 2242 circnmcisn

281 2280 396 2300 numero
411 2273 482 2298 ultra
494 2271 648 2298 sexcenties
658 2270 731 2296 mille
743 2269 826 2296 vicies
838 2269 982 2303 quinquies
995 2269 1068 2295 tuille

279 2318 429 2353 octingenti
447 2317 540 2352 viginti
559 2321 623 2344 tres.
640 2315 725 2342 Po‘rro
745 2315 882 2342 interfecit
901 2315 989 2342 Moses
1005 2316 1067 2342 dum

278 2365 307 2392 in
323 2366 433 2392 deserto
446 2369 530 2394 esset,
549 2363 680 2389 Sihoncm
698 2369 786 2396 regem
802 2361 950 2393 llcshboni,
963 2366 989 2388 et
1003 2362 1068 2388 viris

279 2411 390 2442 occisis,
409 2409 575 2443 feminisque
589 2408 704 2442 captivis
721 2407 801 2434 factis
820 2427 826 2438 ,
852 2407 973 2441 ipsorum
986 2414 1069 2441 pagos

281 2455 410 2483 vastavit.
425 2455 507 2482 Cresa
521 2453 602 2480 etiam
618 2461 680 2486 rege
699 2453 796 2479 Midian
813 2473 819 2482 ι
833 2457 914 2487 atque
929 2453 995 2480 urbe
1017 2459 1069 2478 cx-

279 2502 339 2528 cisa
358 2501 433 2527 viros
451 2505 606 2534 puerosque
624 2498 682 2524 neci
702 2497 776 2524 dedit
792 2517 798 2527 ,
819 2497 932 2523 feminas
946 2496 1069 2530 captivas

281 2547 405 2575 abduxit.
425 2545 582 2579 Eodemque
598 2542 678 2571 modo
690 2550 780 2577 regem
790 2541 829 2577 Og
841 2549 856 2569 e
871 2541 961 2569 medio
976 2546 1070 2568 sustu-

281 2593 323 2625 lit,
345 2594 413 2620 urbe
431 2592 519 2626 ipsius
538 2590 674 2622 desolata,
694 2588 847 2616 interfectis
864 2587 931 2614 viris
956 2594 987 2614 ac
1004 2595 1071 2622 pue-

280 2640 330 2671 ris,
350 2638 458 2665 feminis
470 2636 570 2672 captis.
582 2634 790 2663 Conscendenle
803 2638 894 2660 autem
907 2633 980 2660 Mose
994 2641 1071 2660 mon-

281 2691 333 2713 tem
351 2685 423 2712 Sitne
436 2683 547 2712 tradidit
565 2683 617 2718 ipsi
641 2681 773 2708 Dominus
794 2680 877 2716 legem
904 2680 1002 2707 tabulis
1028 2679 1070 2706 in.

279 2732 410 2765 scriptam
427 2739 433 2758 :
450 2735 476 2757 at
495 2736 556 2757 cum
574 2728 608 2755 de
638 2730 729 2754 tuente
752 2725 939 2753 desecndissct
967 2725 1070 2752 invenit

280 2776 429 2807 ΙςττΜὶιθς,
443 2775 563 2810 quodex
582 2773 662 2808 108
686 2772 754 2799 fusis
783 2772 927 2798 mulierum
956 2778 1069 2798 suarum

280 2822 449 2847 orualtenlis
464 2820 622 2854 prodierat,
637 2819 711 2844 vituli
739 2822 822 2852 caput
851 2817 983 2845 colentes.
1005 2816 1070 2849 tai-

280 2869 333 2893 bus
349 2865 505 2898 compedis
519 2865 626 2891 tabulas
641 2872 655 2890 c
671 2871 751 2890 manu
772 2872 819 2890 sua
852 2863 972 2897 abjectas
1001 2870 1064 2889 con-

1120 2273 1175 2292 non
1193 2266 1321 2296 fuissent,
1336 2264 1392 2294 ubi,
1406 2262 1525 2290 Jordane
1542 2266 1569 2289 et
1584 2269 1644 2297 qua:
1670 2261 1868 2295 circumjecerit
1883 2268 1913 2287 Ill

1121 2315 1282 2345 potestatem
1300 2309 1428 2342 redactis,
1442 2316 1504 2336 cum
1524 2308 1650 2343 gentibus
1666 2307 1911 2342 permiseerentur,

1118 2356 1202 2391 jussit
1215 2355 1344 2382 Dominus
1358 2355 1484 2386 Josuam,
1504 2354 1602 2382 cultris
1618 2361 1634 2380 e
1650 2353 1739 2387 lapide
1759 2353 1828 2379 duro
1845 2360 1915 2379 cnu-

1122 2402 1200 2430 fectis
1216 2402 1291 2436 ipsos
1303 2401 1514 2432 circumcidere,
1530 2400 1603 2435 quod
1615 2404 1642 2426 et
1656 2399 1728 2426 fecit.
1743 2398 1801 2434 (Est
1819 2403 1911 2426 autem

1122 2449 1284 2484 Ailhinpum
1300 2456 1366 2483 gens
1379 2449 1502 2483 quaedam
1518 2446 1650 2481 Al-Najab
1674 2446 1746 2473 dicta
1763 2453 1823 2481 quae
1840 2446 1912 2473 idem

1126 2496 1214 2522 adhuc
1230 2495 1304 2522 facit.
1317 2494 1326 2529 )
1341 2494 1419 2529 112
1437 2493 1586 2528 Descripsit
1597 2494 1676 2520 etiam
1695 2492 1827 2519 Israelitis
1842 2491 1914 2519 Deu-

1123 2540 1322 2570 teronomium,
1339 2545 1455 2573 qmeque
1471 2538 1496 2564 in
1512 2545 1544 2565 ea
1559 2538 1734 2565 contineutttr
1744 2536 1870 2564 benedict
1882 2544 1916 2563 o-

1125 2594 1174 2613 nes
1185 2591 1213 2613 et
1234 2585 1452 2612 maledic-tiones.

1160 2631 1211 2658 Ubi
1225 2635 1315 2658 autem
1335 2632 1367 2657 ad
1385 2638 1474 2664 regem
1487 2629 1619 2657 Gibeonis
1633 2629 1803 2664 pervenisset
1823 2628 1916 2655 Josrm

1123 2676 1204 2709 fama,
1221 2676 1266 2703 ille
1278 2684 1325 2710 per
1348 2677 1452 2704 litteras
1484 2677 1518 2703 ab
1545 2676 1605 2710 ipso
1634 2676 1808 2703 securitatem
1837 2674 1917 2708 petiit

1123 2722 1215 2749 multis
1231 2721 1280 2756 ipsi
1297 2721 1388 2749 missis
1401 2722 1575 2755 muneribus;
1592 2729 1678 2756 quare
1690 2721 1779 2756 ipsum
1794 2721 1820 2747 in
1832 2721 1912 2747 lideu:

1123 2773 1261 2802 receptum
1286 2768 1347 2795 loco
1372 2775 1423 2795 suo
1455 2775 1614 2802 permanere
1639 2768 1775 2802 permisit.
1806 2767 1840 2793 At
1867 2775 1916 2793 rex

1123 2814 1287 2847 Jerusalem,
1305 2814 1350 2841 cui
1369 2822 1466 2841 nomen
1482 2813 1598 2841 l’t‘isedck
1611 2834 1618 2846 ,
1640 2821 1688 2840 rex
1714 2813 1822 2840 llehrou
1837 2834 1845 2845 ,
1867 2820 1917 2839 rex

1122 2861 1265 2893 Yarmnth,
1282 2868 1328 2888 rex
1347 2859 1463 2887 Lachish
1488 2864 1513 2887 ct
1533 2867 1577 2886 rex
1597 2858 1715 2886 Askclon
1729 2878 1737 2892 ,
1756 2858 1848 2885 audito
1871 2865 1917 2884 re-
