2015 3081
167 192 219 222 9η

886 189 1075 219 ANNALES.

1743 188 1796 220 934

157 259 216 284 gem
231 250 360 277 Gibeonis
376 257 404 277 se
421 250 447 276 in
466 248 554 276 lusum
568 249 613 276 (iiii
640 248 700 275 Nun
719 248 798 276 tidem
823 248 948 280 dedisse,
966 251 986 278 Α
1004 249 1055 275 cim
1070 255 1157 275 annos
1175 247 1321 282 insumpsit
1340 246 1438 282 [titul]
1456 247 1584 282 populum
1612 246 1638 274 iu
1659 248 1795 282 tranquii-

158 297 281 323 collectis
295 296 394 330 copiis,
415 296 508 322 urbem
521 295 607 322 Giben
624 295 743 329 aggressi
756 302 816 322 eam
837 294 951 322 obsede-

157 342 326 377 runt,eujns
354 342 390 369 rei
416 341 525 368 .Iesuam
558 341 670 375 scriptis
688 340 720 367 ad
739 340 827 374 ipsum
853 339 951 367 litteris

155 389 302 416 certiorem
320 388 381 416 fecit
397 395 442 415 rex
459 387 577 414 Gibeon.
596 387 680 414 .losua
706 390 857 413 convocato
872 393 951 413 exer-

155 434 213 461 citu
228 434 261 461 ad
277 434 351 469 ipsos
375 433 575 468 oppugnandos
605 432 746 467 profectus
774 432 888 458 victoria
918 432 945 458 in

155 481 230 514 ipsos
245 480 362 506 donatus
377 484 428 508 est,
446 479 614 512 lugientibus
629 479 683 505 illis
696 485 788 505 coram
821 478 880 512 ipso
902 485 949 504 us-

155 532 209 559 que
223 525 304 552 urbes
318 524 407 551 Azeka
420 529 446 551 et
460 523 571 551 Makeda
584 544 592 555 ,
629 523 696 558 quin
726 528 753 550 et
789 523 950 558 grandinem

155 569 291 605 lapideum
305 577 389 604 super
406 571 480 604 ipsos
496 570 563 603 pluit
585 569 732 602 Dominus,
747 570 848 604 quibus
865 569 950 596 occisi

155 620 220 643 sunt
239 625 244 642 :
259 616 428 643 subsistente
446 616 528 642 etiam
550 615 576 642 in
594 614 689 642 losum
706 616 821 650 gratiam
838 615 896 642 sole
912 615 949 641 ita

155 666 182 688 ιιι
202 670 251 688 llt‘C
270 663 402 689 orientem
437 670 488 689 nec
516 670 644 690 occasum
669 670 767 690 versus
798 667 951 688 moveretur

153 707 240 734 donec
256 709 398 735 victoriam
411 708 438 734 in
457 708 518 735 illos
530 708 581 743 ipsi
603 708 792 735 concessisset
808 707 948 735 Dominus.

154 753 302 787 Fugientes
317 757 407 780 autem
420 754 545 789 quinque
562 762 639 789 reges
665 755 711 781 isti
725 756 947 795 speluuea‘mon-

155 798 190 825 tis
207 806 289 832 quant
306 799 428 833 ingressi
444 805 511 826 sunt
528 806 557 826 se
572 799 739 826 abdiderunt
754 807 760 826 :
776 798 848 825 unde
860 802 951 825 extra-

154 847 214 869 ctos
229 846 255 869 et
271 846 358 870 morte
377 842 488 871 aﬂ‘eetos
507 835 653 878 suspendit
667 842 764 870 Josua.
791 842 892 869 Deinde
916 842 951 870 ab

155 889 222 915 urbe
237 887 360 915 idaltkida
379 889 411 915 ad
426 889 521 916 urbem
541 888 627 916 Libna
642 888 785 923 profectus
799 891 852 921 est,
867 895 948 922 quam

154 934 295 962 obsessam
306 935 389 970 cepit,
404 942 466 970 rege
478 935 593 970 aliisque
604 936 648 969 qui
661 935 687 962 in
697 942 728 962 ea
737 939 815 961 erant
824 935 950 961 omnibus

154 980 314 1007 interfectis.
327 981 367 1008 Ab
388 981 456 1008 urbe
468 981 555 1008 Libna
572 980 604 1008 ad
618 981 712 1008 urbem
730 979 847 1007 Laehisb
861 979 950 1015 profe-

154 1030 213 1053 ctus
226 1031 278 1056 est,
289 1027 368 1060 cujus
378 1026 459 1053 etiam
471 1032 556 1060 capta:
565 1033 653 1061 regem
664 1033 814 1060 omnesque
823 1026 928 1053 incolas
936 1033 951 1053 e

154 1071 244 1098 medio
265 1071 443 1106 113-115
455 1072 573 1099 sustulit.
594 1071 654 1104 Quo
680 1071 773 1098 audito
788 1071 893 1099 scilicet
908 1070 950 1098 Jo-

154 1118 334 1150 suainptrbem
346 1117 750 1152 Laeliisldobsedisse,cgressus
757 1121 797 1145 est
807 1125 852 1144 rex
860 1117 948 1150 Gaur,

155 1168 215 1188 cum
226 1163 348 1190 exercitu
369 1171 420 1190 suo
439 1164 493 1198 regi
511 1163 627 1190 Laeliish
639 1168 733 1190 contra
745 1162 865 1190 .losunnr
878 1162 948 1191 Nuni

156 1206 251 1241 lilium,
265 1216 345 1243 opem
373 1210 477 1237 laturus
491 1229 499 1241 ,
527 1210 555 1237 in
582 1217 662 1244 quem
676 1210 758 1236 etiam
771 1210 884 1236 victoria
900 1217 949 1244 po-

156 1255 223 1282 titus
233 1253 325 1287 .losua,
339 1255 426 1290 ipsum
439 1263 500 1283 cum
515 1255 680 1290 sequacibus
690 1256 749 1282 suis
765 1255 914 1282 interfecit.

190 1301 213 1328 Α
226 1302 343 1329 Laeliisb
356 1302 389 1328 ad
402 1302 496 1329 urbem
509 1301 627 1328 Askelon
641 1300 782 1336 profectus
795 1309 854 1328 eam
866 1302 946 1329 ctiam

156 1353 219 1373 eum
235 1347 380 1374 obsidione
392 1347 522 1382 cepisset.
540 1355 631 1382 regem
650 1354 711 1374 cum
727 1347 836 1374 caeteris
862 1347 948 1382 ipsius

156 1391 254 1420 incolis
269 1393 382 1420 occidit.
401 1392 503 1420 Deinde
513 1392 546 1419 ad
563 1393 659 1421 urbem
676 1392 783 1420 llebron
797 1392 947 1427 profectus,

157 1437 218 1471 ejus
233 1437 315 1464 etiam
328 1439 486 1466 obsessaeac
503 1443 587 1471 capta:
600 1446 690 1473 regem
703 1443 729 1466 et
741 1439 844 1466 incolas
853 1446 949 1467 omnes

158 1481 289 1516 perdidit.
307 1483 370 1509 lude
383 1483 415 1509 ad
433 1483 527 1510 urbem
542 1483 621 1510 Debir
633 1483 783 1518 profectus,
794 1491 853 1511 eam
865 1483 947 1510 etiam

157 1527 303 1554 obsidione
319 1529 401 1562 cepit,
421 1536 566 1562 regemque
583 1537 614 1556 ac
630 1533 743 1556 caeteros
762 1529 822 1564 ejus
845 1530 948 1557 incolas

156 1572 305 1602 interfecit.
324 1574 370 1601 His
387 1574 490 1601 auditis
503 1574 579 1602 misit
596 1574 679 1601 Gabir
700 1574 796 1602 Hasuri
821 1583 866 1602 rex
882 1595 889 1606 ,
914 1575 947 1602 ad

157 1627 247 1654 regem
260 1620 365 1651 Maron,
384 1628 474 1655 regem
490 1620 620 1648 Sbimron
636 1642 644 1655 ,
661 1629 752 1657 regem
778 1622 925 1654 Acbslmpli
940 1643 947 1654 ,

157 1673 249 1697 regem
265 1664 387 1697 Sidonis,
402 1673 493 1700 regem
512 1665 616 1697 Rutilae.
634 1674 683 1693 nec
697 1674 751 1693 non
763 1666 796 1692 ad
806 1666 949 1697 Moabitas.

157 1710 332 1742 Hart-auitas,
353 1710 503 1743 Awabitas,
519 1710 666 1738 Kararmos
680 1732 688 1744 ,
705 1712 847 1741 .lebusazos
858 1733 866 1745 ,
881 1712 950 1740 Sha-

157 1756 286 1788 nabteos,
304 1760 332 1783 et
346 1756 503 1791 quicunque
527 1763 591 1784 oras
610 1757 762 1784 maritimas
779 1757 948 1788 incolerent,

158 1809 214 1837 quo
231 1803 257 1830 in
274 1810 358 1829 unutn
375 1803 567 1830 convenirent.
591 1802 756 1837 Congrcgali
781 1803 864 1837 igitur
885 1810 949 1830 cum

157 1848 244 1882 copiis
260 1848 318 1876 suis
335 1856 421 1882 reges,
439 1849 506 1875 adeo
529 1852 558 1875 ut
569 1856 683 1875 numero
697 1849 785 1875 instar
799 1857 890 1876 arena:
905 1857 949 1876 cs-

158 1898 230 1925 seut.
252 1893 286 1920 ad
303 1893 428 1926 .losuam,
446 1893 515 1920 Num
532 1894 628 1925 lilium.
646 1894 858 1928 oppugnandum
883 1902 947 1929 pro—

158 1940 220 1966 fecti
240 1945 314 1967 sunt.
330 1939 436 1972 Quibus
456 1947 607 1966 occurrens
621 1938 704 1966 Josua
723 1944 750 1966 et
771 1940 886 1967 victoria
901 1948 949 1976 po-

159 1986 235 2017 tltus,
251 1986 317 2020 ipsis
340 1986 432 2017 causis,
448 1985 566 2012 tentoria
579 1985 698 2018 ipsorum
714 1986 774 2020 igne
787 1986 948 2019 combussit,

159 2031 329 2065 etjumentis
356 2031 520 2066 sutiragines
547 2030 657 2057 incidit.
692 2029 749 2058 Nec
773 2030 878 2058 destitit
903 2039 950 2067 eos

159 2078 286 2112 parsi-qui
300 2077 407 2112 gladius
420 2084 507 2111 usque
520 2076 554 2103 ad
569 2076 651 2103 urbes
664 2075 758 2103 Maron
772 2081 798 2103 et
809 2075 949 2110 Sidonem,

159 2122 228 2149 adeo
242 2126 338 2148 utnon
352 2122 481 2148 evaderet
497 2129 529 2148 ex
547 2121 615 2156 ipsis
641 2121 797 2156 quispiam;
826 2122 890 2156 quin
923 2126 950 2149 et

159 2175 238 2202 reges
263 2173 358 2202 captos
387 2167 495 2195 occidit.
524 2167 609 2194 Porro
643 2175 739 2194 omnes
762 2175 831 2201 quos
849 2167 950 2194 occidit

159 2212 253 2243 Iesua.
266 2212 336 2240 Nuni
353 2213 434 2248 116
449 2213 530 2244 illius,
555 2219 642 2248 reges,
656 2220 809 2247 eorumque
823 2214 950 2248 regiones

1006 295 1081 321 litate
1110 302 1141 321 ac
1172 301 1237 328 pace
1272 293 1351 320 annis
1380 293 1510 320 undecim
1538 293 1619 320 rexit.
1637 293 1798 328 I‘roplietico

1005 348 1119 367 munere
1141 340 1227 374 ipsius
1242 339 1336 366 diebus
1358 339 1446 366 functi
1464 343 1529 366 sunt
1545 339 1656 366 Eleazar
1680 339 1797 366 Alirouis

1005 386 1101 416 ﬁlius.
1125 391 1150 413 et
1178 385 1296 412 Phineas
1322 386 1393 413 lilius
1421 385 1562 417 Eleazari,
1589 385 1636 412 lilii
1666 385 1796 412 Altronist

1005 431 1128 458 Mortuus
1140 436 1231 457 autem
1248 430 1329 458 Josua
1345 431 1416 458 Noui
1435 430 1508 458 ﬁlius
1534 438 1597 458 cum
1625 438 1712 458 annos
1734 439 1799 457 cen-

1005 481 1060 503 tum
1078 475 1171 503 decem
1189 479 1270 504 natus
1288 481 1372 509 essct,
1389 478 1514 512 sepultus
1532 483 1574 504 est
1592 477 1618 503 in
1635 482 1726 503 monte
1751 476 1798 501 Gi-

1008 522 1079 553 lcad,
1093 529 1203 556 unaque
1222 529 1283 549 cum
1298 522 1358 557 ipso
1374 522 1454 548 cultri
1475 521 1577 556 quibus
1606 521 1745 548 ls‘I'at‘litas
1769 521 1798 547 in

1002 566 1337 602 Gilgalcircumcidissel.
1360 567 1469 593 Mortuo
1495 566 1598 598 Josua,
1626 565 1697 593 Νιςηί
1722 567 1797 597 lilio,

1003 613 1104 647 popqu
1118 612 1227 648 praefuit
1242 612 1360 640 Phineas
1376 612 1524 640 sacerdos:
1543 611 1795 639 videlicctl’hineas

1004 659 1075 685 titius
1095 658 1213 686 Elrazari
1232 659 1278 686 lilii
1294 659 1427 690 Ahl'onis;
1460 659 1539 693 117
1560 658 1640 692 119
1655 658 1798 693 quiannos

1003 705 1097 738 viginti
1113 706 1235 739 quinque
1251 705 1410 732 sacerdotio
1427 705 1537 732 functus
1566 709 1625 734 est;
1654 707 1797 730 autumant

1002 758 1068 777 vero
1083 750 1170 778 Judaei
1186 751 1350 778 Pliincasum
1368 753 1535 778 sacerdotem
1547 770 1554 781 ,
1578 750 1704 777 ctundent
1735 757 1798 777 esse.

1001 798 1159 832 prophetam
1173 798 1258 824 tiliam
1272 805 1352 831 quem
1369 802 1467 824 vocant
1478 797 1582 824 Arabes
1597 796 1749 823 AI-Cbadr.

1038 844 1106 870 Tum
1129 844 1175 870 ubi
1196 844 1323 878 permisti
1350 851 1412 870 cum
1436 843 1565 878 gentibus
1593 841 1798 870 cirtumvieinis

1002 889 1141 922 Israelita,
1161 890 1337 916 matrimonia
1357 897 1419 916 cum
1433 889 1502 924 ipsis
1526 889 1719 916 contrahentes
1737 907 1745 919 ,
1765 886 1795 913 li-

1004 935 1111 970 liasque
1125 943 1190 963 suas
1206 935 1274 970 ipsis
1290 940 1405 970 nuptum
1431 935 1531 962 dantes
1544 953 1552 966 ,
1579 933 1648 961 idola
1674 935 1795 969 ipsorum

1004 982 1158 1009 coluissent
1173 981 1293 1016 (quibus
1309 981 1419 1008 nomina
1437 980 1553 1012 Baalim,
1577 985 1602 1007 et
1625 980 1754 1006 Ailtlarut
1770 983 1797 1005 et

1004 1028 1088 1061 Baal)
1116 1028 1266 1062 pra‘valens
1295 1027 1360 1062 ipsis
1384 1027 1495 1054 Cusban
1518 1025 1700 1061 RisltyaIl-ain
1716 1045 1723 1057 ,
1749 1032 1796 1051 rex

1003 1073 1100 1106 Aram,
1120 1074 1166 1108 qui
1182 1078 1210 1099 et.
1223 1071 1299 1108 Tyri,
1322 1077 1347 1100 et
1367 1072 1477 1099 Sidonis
1503 1079 1549 1099 rex
1563 1091 1571 1104 ,
1587 1071 1737 1106 appellatus
1754 1074 1794 1098 est

1004 1126 1050 1146 rex
1082 1119 1201 1145 Baltrain
1227 1118 1274 1154 [id
1297 1123 1338 1145 est
1361 1119 1477 1145 duorum
1505 1117 1641 1153 marium]
1665 1117 1796 1152 populum

1002 1169 1065 1192 octo
1080 1172 1167 1191 annos
1183 1164 1250 1191 dure
1270 1168 1296 1191 et
1314 1164 1462 1191 crudeliter
1480 1164 1561 1191 rexit.
1578 1164 1612 1190 At
1635 1171 1697 1190 cum
1715 1183 1723 1196 ,
1740 1170 1795 1198 pm

1002 1211 1129 1245 angustia
1144 1212 1205 1244 ejus
1221 1218 1304 1245 quam
1322 1211 1396 1245 passi
1415 1216 1477 1237 sunt
1493 1209 1649 1237 aﬂiietionis
1660 1230 1667 1242 ,
1683 1209 1716 1236 ad
1746 1210 1796 1235 llo-

1002 1257 1068 1285 mini
1085 1256 1188 1283 cultum
1207 1256 1310 1283 reversi
1325 1260 1418 1283 essent
1435 1255 1472 1282 rel
1485 1256 1538 1282 etis
1550 1255 1642 1288 idolis,
1655 1254 1795 1289 profectus

1001 1302 1125 1331 Othaniel
1142 1302 1214 1329 ﬁlius
1229 1302 1348 1334 Kenani,
1362 1301 1446 1329 frater
1457 1301 1562 1333 Calcbi,
1572 1301 1683 1335 juvenis
1694 1309 1708 1328 e
1721 1301 1793 1327 tribu

1000 1349 1103 1380 Judab,
1122 1353 1149 1376 et
1163 1348 1273 1376 Cusban
1290 1346 1454 1374 Risliatliaiu
1481 1347 1552 1374 be.lo
1567 1354 1713 1381 aggressus
1725 1367 1732 1378 .
1751 1347 1794 1381 ip-

1002 1402 1062 1422 sum
1082 1394 1231 1426 interfecit,
1249 1400 1280 1420 ae
1296 1392 1426 1426 populum
1443 1400 1530 1420 annos
1554 1392 1736 1427 quadraginta
1754 1399 1795 1418 re-

1003 1440 1051 1467 xit.
1069 1439 1175 1466 Mortuo
1198 1443 1289 1466 autem
1308 1438 1470 1470 Otbaniete.
1499 1445 1562 1466 cum
1591 1439 1623 1465 ad
1658 1438 1794 1465 idolorum

1002 1486 1105 1513 cultum
1127 1485 1229 1513 reversi
1258 1489 1351 1512 essent
1375 1484 1525 1517 israelitze,
1552 1484 1696 1518 praevaluit
1729 1484 1794 1515 ipse

1003 1532 1087 1558 Eklun
1104 1540 1148 1558 rex
1169 1531 1258 1562 Moab,
1281 1531 1325 1565 qui
1342 1530 1476 1562 collectis,
1491 1534 1625 1564 quotquot
1640 1530 1794 1556 erantAmc

1002 1577 1112 1604 manitis
1122 1581 1149 1604 et
1165 1576 1486 1610 Amalekitis,egressus,
1502 1575 1691 1610 superatisque
1703 1576 1790 1602 lsi-ae-

1001 1623 1056 1650 litis
1071 1624 1163 1649 urbem
1181 1621 1248 1648 Pbik
1263 1629 1278 1648 e
1294 1629 1375 1648 manu
1402 1621 1525 1655 ip-orum
1552 1620 1662 1655 eripuit.
1689 1620 1796 1647 Servie-

1001 1673 1065 1695 runt
1084 1676 1148 1704 ergo
1161 1668 1201 1695 illi
1220 1667 1449 1701 lsraeiitae;qcos
1467 1673 1554 1693 annos
1564 1667 1714 1693 octodecim
1727 1665 1795 1692 durc

1001 1719 1028 1740 et
1058 1713 1211 1741 crudeliter
1239 1713 1321 1740 rexit.
1351 1712 1491 1746 Eligentes
1525 1715 1614 1739 autem
1633 1711 1794 1738 lsraelitme

1001 1760 1058 1787 suis
1074 1760 1218 1794 quemdam
1238 1758 1349 1786 nomine
1366 1758 1442 1785 Eliud
1461 1757 1544 1785 lilium
1563 1757 1641 1785 Geras
1654 1778 1661 1790 ,
1677 1765 1692 1784 e
1721 1757 1792 1784 tribu

1000 1805 1142 1839 Epitraim,
1163 1805 1251 1831 virum
1265 1811 1400 1837 scaevum,
1417 1803 1515 1830 robore
1537 1808 1564 1830 et
1587 1803 1700 1830 audacia
1726 1804 1795 1830 insi-

999 1858 1090 1885 gnem,
1104 1850 1193 1883 ipsum
1206 1849 1238 1875 ad
1255 1849 1384 1883 Eglonmll
1402 1848 1581 1876 Moabitarum
1597 1856 1688 1883 regem
1719 1856 1783 1876 cum

1002 1895 1082 1930 120
1093 1895 1250 1921 uulneribus
1268 1895 1411 1921 miserunt.
1429 1895 1478 1926 Qui
1496 1895 1528 1920 a.l
1549 1901 1638 1929 regem
1651 1901 1713 1920 cum
1731 1902 1791 1921 mu-

1001 1943 1113 1969 neribus
1127 1941 1282 1976 ingressus,
1309 1940 1400 1966 dixit:
1427 1940 1472 1966 Est
1500 1940 1565 1965 mibi
1588 1939 1661 1973 quod
1682 1943 1791 1965 secreto

1001 1995 1063 2014 eum
1078 1994 1140 2022 rege
1160 1993 1300 2021 peragant,
1319 1993 1384 2020 rugo
1405 1986 1488 2019 igitur
1502 1989 1530 2012 ut
1546 1992 1607 2012 cum
1632 1985 1692 2019 ipso
1715 1992 1791 2012 scce-

1000 2034 1081 2066 dam;
1100 2033 1146 2059 tibi
1162 2036 1252 2059 autem
1265 2039 1326 2058 cmn
1342 2038 1407 2065 rege
1423 2031 1586 2058 secessisset
1601 2030 1690 2065 ipsum
1703 2031 1794 2057 cultro

1001 2079 1161 2106 transﬁxum
1177 2077 1332 2110 inteiiectt;
1351 2082 1408 2104 tuin
1430 2077 1526 2104 clauso
1553 2077 1688 2104 (miraculi
1719 2078 1798 2112 regis

1001 2126 1074 2153 ostio
1091 2131 1220 2159 egressus
1239 2124 1353 2151 asseelis
1368 2123 1428 2158 ejus
1456 2124 1525 2151 dixit
1542 2131 1551 2151 :
1566 2123 1652 2150 Jussit
1679 2131 1725 2150 rex
1758 2131 1796 2151 ne

1000 2170 1063 2205 quis
1074 2169 1106 2196 ad
1119 2169 1206 2204 ipsum
1216 2169 1404 2203 ingrediatur;
1417 2168 1576 2203 fugiensque
1586 2168 1673 2195 donec
1683 2168 1714 2194 ad
1726 2176 1794 2196 suos

1000 2216 1179 2250 pervenisset,
1196 2215 1289 2247 copias
1307 2215 1431 2250 colli-git,
1453 2215 1617 2248 quibuscum
1642 2214 1676 2241 ad
1695 2215 1791 2242 urbem

159 2259 292 2292 possedit,
307 2267 422 2285 numero
446 2263 511 2286 sunt
531 2259 642 2292 triginta
659 2259 781 2293 quinque
797 2267 803 2285 :
820 2265 836 2285 e
850 2259 948 2292 quibus
965 2257 986 2285 υ
1002 2260 1080 2288 Moab
1095 2261 1232 2295 profectus
1244 2262 1330 2295 ipsam
1346 2266 1466 2294 captam.
1481 2261 1560 2288 e:rsis
1576 2260 1657 2295 quiin
1672 2268 1703 2287 ea
1715 2265 1793 2288 erant

161 2313 206 2331 rex
222 2303 427 2335 Sanabmnrum,
440 2312 484 2332 rex
495 2304 686 2336 Moabitarmu.
703 2312 750 2331 rex
761 2303 947 2331 Cbanaanita-

161 2358 232 2382 rum,
249 2358 295 2377 rex
315 2350 518 2382 Kararmorum,
533 2358 578 2377 rex
590 2350 789 2382 Jebusscorum,
802 2358 846 2376 rex
863 2350 948 2376 Eveo-

161 2404 232 2427 rum.
246 2404 292 2422 rex
310 2395 516 2430 Gergesaeurum
532 2415 539 2426 .
556 2403 605 2422 rex
620 2394 790 2427 Jerusaiem,
812 2402 857 2421 rex
874 2395 924 2422 Ani
938 2414 946 2426 ,

162 2450 207 2469 rex
223 2442 311 2470 Sabre.
325 2449 385 2474 qua:
402 2448 482 2475 prope
498 2441 601 2472 Bethel,
620 2448 666 2467 rex
679 2440 800 2472 Hebron,
823 2449 868 2467 rex
884 2440 947 2467 Jur-

162 2493 219 2514 nmt
232 2507 239 2519 ,
258 2495 303 2514 rex
325 2487 442 2515 Lacbisb
459 2507 466 2520 ,
489 2495 535 2513 rex
551 2487 676 2514 Adullam
690 2506 697 2518 ,
717 2494 763 2513 rex
779 2486 866 2512 Gedor
878 2505 884 2513 .
901 2494 947 2513 rex

161 2533 255 2565 Debir,
273 2541 317 2560 rex
335 2532 424 2563 Ilasir.
443 2541 489 2560 rex
507 2531 619 2563 llorma,
635 2540 681 2559 rcx
692 2532 775 2563 Arad,
790 2539 834 2558 rex
844 2531 947 2563 chna,

162 2586 209 2604 rex
223 2578 327 2610 Lalam,
348 2585 395 2605 rex
415 2578 523 2609 Abdad,
543 2585 589 2604 rex
608 2576 728 2611 Haplter,
749 2583 795 2602 rex
811 2575 890 2606 l’liik,
901 2584 946 2602 rex

162 2623 266 2650 Sadum
277 2643 284 2654 .
303 2631 350 2651 rex
366 2625 504 2649 Sliamrun
518 2641 526 2654 ,
541 2630 588 2649 rex
606 2622 735 2653 Barmut,
759 2629 805 2647 rex
823 2620 925 2656 llapbir
940 2641 947 2654 ,

163 2676 209 2695 rex
221 2668 322 2702 Kades,
344 2677 389 2695 rex
407 2669 511 2700 Italieb,
526 2676 572 2695 rex
590 2668 706 2699 Mardul,
723 2676 769 2695 rex
784 2667 888 2700 Sakom,
902 2676 948 2695 rex

162 2714 319 2747 Batendun,
334 2722 379 2741 rex
395 2715 496 2742 rnontis
507 2714 623 2746 Gilllltl‘i,
635 2721 680 2741 rex
698 2713 789 2740 Carsaa
802 2734 808 2746 ,
826 2713 872 2748 qui
885 2718 948 2740 sunt

163 2767 240 2794 rcges
255 2760 365 2794 triginta
383 2761 514 2795 quinque.

201 2807 357 2840 Occupatus
373 2814 437 2840 ergo
451 2806 499 2832 fuit
515 2804 599 2832 Josua
622 2812 668 2832 sex
689 2805 767 2832 annis
788 2807 814 2832 in
840 2806 948 2840 regibus

165 2859 191 2881 et
203 2852 330 2888 gentibus
348 2852 528 2884 debrllandis,
543 2852 629 2878 dunce
657 2852 780 2887 regiones
804 2853 921 2887 crp'sset
940 2860 946 2879 :

168 2899 265 2926 deinde
281 2899 428 2934 par-tendis
443 2899 512 2926 inter
534 2897 670 2925 I-t‘attlitas
689 2898 769 2925 tcrris
780 2897 947 2932 quatuorde-

998 2305 1137 2337 omnibus,
1153 2305 1264 2336 delevit,
1297 2306 1453 2340 populoque
1479 2313 1569 2332 annos
1594 2306 1792 2340 quinquaginta

997 2352 1120 2387 quinque
1140 2351 1259 2386 praefuit.
1282 2351 1346 2378 Post
1360 2352 1448 2386 ipsum
1463 2371 1470 2383 ,
1497 2351 1625 2386 pupulum
1649 2355 1718 2378 rexit
1740 2353 1790 2378 Sa-

999 2397 1201 2424 maan.Anatbi
1222 2397 1313 2429 lilius,
1342 2405 1429 2424 annos
1457 2398 1550 2432 v‘ginti
1576 2399 1718 2432 quinque.
1742 2399 1791 2431 qui

999 2442 1213 2474 Pitilistteorum,
1232 2443 1278 2476 qui
1297 2443 1385 2477 ipsum
1401 2448 1606 2478 oppugnarunt,
1629 2444 1703 2469 viros
1727 2450 1790 2470 su-x.

999 2493 1093 2515 centes
1129 2488 1276 2515 interiecit.
1307 2487 1414 2514 Mortuo
1445 2487 1582 2514 Samaano
1606 2495 1730 2514 reversos
1756 2488 1791 2514 ad

1000 2533 1183 2560 idololatriam
1198 2532 1338 2559 lsraelitas
1354 2532 1461 2567 subegit
1475 2531 1558 2558 Jabin
1577 2539 1624 2558 rex
1642 2531 1788 2563 Chanaan,

1000 2579 1068 2606 urbe
1084 2578 1175 2605 Hazur
1195 2578 1267 2605 dicta
1286 2577 1456 2613 [oriundus]
1473 2577 1551 2611 cujus
1566 2578 1703 2604 exercitus
1719 2585 1789 2609 pra--

1001 2625 1090 2651 fectus
1105 2625 1146 2650 vir
1160 2628 1219 2651 erat
1233 2625 1342 2650 nomine
1358 2623 1461 2655 Sisera,
1475 2624 1520 2658 qui
1538 2623 1667 2657 populum
1694 2622 1793 2655 viginti

1000 2678 1087 2698 annos
1104 2677 1166 2696 cum
1183 2669 1310 2704 angustia
1327 2675 1353 2696 et
1367 2669 1480 2696 tristitia
1498 2670 1578 2695 rexit.
1600 2667 1664 2702 Ejus
1679 2668 1789 2700 diebus,

1000 2716 1172 2750 propltctavit
1183 2715 1309 2742 Deboralt
1323 2721 1392 2741 uxor
1405 2714 1542 2740 Alkindun
1553 2712 1645 2740 etribu
1656 2712 1786 2748 Epliruim

999 2769 1059 2794 quae
1086 2761 1157 2787 inter
1171 2759 1275 2786 Hautab
1296 2764 1323 2786 et
1338 2759 1432 2786 Bethel
1453 2759 1591 2787 habitans.
1608 2760 1679 2786 inter
1702 2759 1790 2785 lsrar~

1001 2807 1062 2834 litus
1074 2806 1208 2840 judicium
1225 2805 1360 2832 exercuit.
1377 2805 1454 2839 Apud
1468 2805 1555 2840 ipsum
1580 2812 1644 2838 ergo
1672 2812 1787 2838 congre-

999 2853 1065 2888 gati,
1082 2858 1179 2886 magno
1195 2858 1309 2879 numero
1330 2851 1458 2878 Israelitae
1473 2851 1602 2877 dixerunt
1613 2858 1620 2877 :
1632 2850 1713 2877 Vides
1721 2850 1786 2884 quid

1001 2899 1136 2933 patiamur
1150 2897 1282 2932 angustia:
1297 2901 1323 2925 et
1337 2896 1504 2928 aﬂlictionis,
1530 2903 1635 2931 nosque
1656 2896 1679 2924 in
1704 2896 1789 2926 sirit—
