2015 3081
223 168 278 200 935

735 164 918 197 EUTYClIll
941 163 960 192 Α
967 161 1092 193 LEXAN
1100 163 1208 193 DRlNl
1232 163 1342 194 PATR.

1804 163 1859 195 936

220 228 306 250 tutetn
321 222 462 256 redegisse
474 222 601 250 Jabfutnn
621 221 762 249 Citanaani
780 229 868 255 regem
884 229 891 250 :
918 220 1013 254 pra-sis
1029 225 1050 247 Λ
1067 221 1170 254 peperit
1191 220 1242 255 ipsi
1260 221 1354 252 filiutu,
1371 228 1452 255 quem
1470 220 1673 248 Abimetechum
1699 222 1857 256 appellavit.

221 277 289 304 ergo
307 269 438 296 lsraclitis
457 276 558 302 eosque
574 276 588 294 e
606 276 686 294 manu
713 268 800 302 ipsius
826 267 937 302 eripias.
963 267 1014 293 Βο-

221 315 308 341 boralt
353 322 418 349 ergo
456 319 625 347 assumptum
667 313 810 345 Baraktnu,
853 311 1014 339 Alii-Noami

223 360 403 396 121-123
430 359 514 386 ﬁlium
530 379 537 390 ,
572 367 587 387 e
608 360 681 386 tribtt
707 359 880 395 Neplttalim,
916 358 1015 393 popqu

222 408 316 442 [juxta
340 406 414 433 alntd
440 406 588 440 exemplar,
626 405 772 442 exercitui]
804 405 923 439 regendo
945 412 1015 438 [ιι-,υ-

220 452 298 480 fecit.
326 451 413 478 Baralt
453 459 518 486 ergo
552 451 646 478 asellis
697 451 749 477 sibi
796 450 887 477 decies
942 449 1016 476 tuille

223 499 363 530 lsraelitis,
378 506 393 525 e
409 498 470 525 liliis
486 498 643 532 Neplitalitn
660 503 687 525 et
703 497 824 524 Zabulon
836 515 844 528 ,
867 496 1016 523 comitante

222 543 348 571 Deboralt
368 549 487 571 montem
505 543 596 571 'l‘abor
616 543 796 575 conscendit,
817 550 935 577 quorum
952 548 1015 568 cum

222 589 256 616 ad
285 590 404 616 Siscram
423 588 513 616 Jabiui
527 590 657 617 vicarium
674 588 846 624 pervenisset
859 587 930 614 fama
946 606 953 618 ,
972 587 1016 614 ille

221 635 255 662 ad
274 636 348 670 ipsos
366 635 450 662 ntorit
467 645 474 669 ;
499 636 531 663 ad
562 643 643 671 quem
666 643 681 663 e
707 640 800 662 monte
819 633 1015 661 descendentes

223 681 335 707 victoria
351 682 377 708 iu
394 682 483 716 ipsum
497 682 593 709 donati
621 687 685 709 sunt
699 702 707 714 ,
740 680 808 707 adeo
826 684 856 707 ut
884 680 930 714 qui
953 686 1015 706 cum

222 727 315 755 Sisera
331 727 421 755 labini
437 728 540 755 vicario
555 733 647 756 essent
662 735 770 758 omnes,
784 726 927 754 ocridione
941 725 1017 752 dele-

222 780 317 800 rentur
331 782 339 803 ;
356 774 413 807 ipse
428 782 494 801 vero
511 774 620 808 fugiens
647 773 839 808 ingrederetur
862 773 1013 799 tentorium

221 819 305 847 Jaelis
322 820 416 847 uxoris
435 819 530 848 llcberi
543 820 636 847 Κειιωὶ
652 819 696 854 (id
711 823 752 846 est
766 819 903 853 eposteris
923 818 1014 850 Kaini,

222 866 268 900 qui
283 873 362 893 socer
380 865 431 892 fuit
447 865 541 897 Mosis,
568 865 636 893 alias
650 864 745 893 Jetltro
759 864 935 900 appellatus)
951 871 1011 898 qua:

222 911 324 945 ipsum,
337 909 407 945 apttd
424 918 454 938 se
468 910 682 941 absconditum,
696 909 769 944 quod
798 909 902 936 biberet
922 913 1015 943 peten-

222 961 289 987 tem,
306 955 374 983 lacte
387 956 509 990 potavit,
536 956 570 983 ad
594 955 681 991 ipsum
707 955 878 990 probandum
897 974 904 986 ,
933 959 1018 989 utque

225 1001 395 1037 perspiceret
415 1008 479 1028 tutm
510 1009 577 1028 sano
609 1005 681 1028 esset
708 1001 870 1032 intellectu,
905 1007 1017 1027 necne:

223 1047 296 1083 quod
325 1047 370 1074 ille
393 1051 510 1083 epotum
540 1054 639 1081 aquam
661 1054 722 1074 esse
747 1046 925 1074 existimavit.
950 1046 1018 1073 Cum

222 1100 288 1128 ergo
303 1093 392 1127 ipsunt
405 1091 573 1121 decumbere
583 1091 704 1124 fecisset,
718 1095 841 1126 tempora
857 1091 907 1126 ipsi
918 1091 1018 1126 paxillo

225 1138 339 1166 tentorii
355 1138 494 1166 transﬁxit
510 1138 578 1166 adeo
595 1143 624 1165 ιιι
640 1137 759 1172 paxillus
779 1143 858 1164 terras
879 1138 1017 1172 ligeretnr,

223 1184 335 1218 ipseque
350 1187 522 1216 moreretur;
541 1183 694 1217 illutnergo
718 1187 856 1209 mortuum
879 1189 940 1208 cum
967 1189 1013 1208 re-

225 1230 340 1265 perisset
360 1230 497 1261 Deltoralt,
516 1230 574 1263 ipsa
590 1237 621 1256 ac
640 1229 725 1256 Barac
752 1229 784 1255 atl
802 1228 929 1255 Jabinum
947 1226 1019 1254 Cha-

225 1275 310 1301 naani
328 1282 417 1309 regem
435 1274 549 1309 profecti
564 1294 570 1306 ,
587 1274 662 1301 illum
688 1277 846 1308 superatum
873 1281 926 1300 ttua
956 1280 1019 1300 ettut

224 1320 339 1347 asseclis
358 1320 446 1354 ipsius
464 1320 592 1347 ontnibus
605 1319 813 1346 interfecerunt.
830 1318 943 1346 Prmfnit
969 1326 1019 1345 au-

225 1370 279 1393 tent
292 1365 394 1400 populo
413 1365 538 1392 Deltoralt
553 1372 646 1392 annos
664 1365 858 1400 quadraginta.

261 1410 318 1443 Qua
332 1417 387 1437 m0t
395 1413 440 1436 tua
456 1417 582 1437 reversos
598 1410 632 1437 ad
645 1409 828 1437 idololatriatn
856 1410 995 1437 lsraelitas
1011 1430 1018 1441 ,

224 1458 253 1484 itt
270 1459 434 1491 potestatem
450 1463 527 1483 suatn
543 1456 707 1490 redegerunt
723 1455 877 1482 Madiauitae
907 1455 977 1482 Oreb
994 1459 1021 1482 ut

225 1503 293 1536 Zeb,
311 1503 358 1538 qui
376 1503 439 1530 illos
457 1506 562 1537 septem
576 1502 656 1529 annis
669 1501 737 1529 dure
754 1505 781 1528 et
800 1501 948 1528 crudeliter
977 1508 1021 1528 rc-

1067 266 1215 300 Postquatn
1236 274 1301 301 ergo
1315 267 1445 302 populum
1472 267 1652 303 quadraginta
1672 268 1752 295 annis
1769 269 1859 296 rexis-

1066 317 1107 340 set
1124 313 1228 340 Gideon
1242 332 1249 345 ,
1270 318 1396 341 ntortuus
1413 317 1472 345 est,
1487 321 1518 340 ac
1529 313 1607 346 juxta
1628 313 1784 349 sepulcrum
1810 322 1859 350 pa-

1068 359 1117 386 tris
1131 359 1173 386 sui
1185 358 1269 387 Joaslt
1283 359 1310 386 in
1331 359 1423 394 Ophra
1437 359 1542 386 Azarize
1555 360 1690 395 sepultus.

1103 405 1208 432 Mottuo
1221 410 1310 433 autern
1327 405 1448 433 Gitleone
1463 413 1524 432 cum
1540 406 1643 433 reversi
1662 411 1755 434 essent
1774 407 1863 435 Israc-

1068 452 1122 479 litae
1144 451 1177 478 ad
1195 451 1298 478 cultum
1316 451 1454 478 idolorum
1482 451 1588 478 Baalim
1612 457 1639 479 et
1662 452 1813 480 Asbtarotlt
1834 458 1862 481 et

1067 499 1142 530 Bai-l.
1167 497 1309 533 profectus
1330 497 1487 525 Abimelech
1514 496 1690 530 Nabclesutu,
1713 498 1747 525 ad
1770 506 1861 525 :tvttn-

1067 545 1145 572 culos
1165 553 1243 578 suns,
1267 544 1335 572 dixit
1362 544 1448 579 ipsis:
1465 543 1575 571 Fratres
1605 545 1656 572 mei
1683 548 1859 580 septuag'uta

1068 592 1169 626 populo
1186 592 1320 625 imperare
1334 590 1458 625 cupiunt,
1476 598 1524 616 vos
1535 595 1626 617 autem
1641 594 1764 618 vestrum
1782 592 1860 618 auxit

1068 637 1133 665 lium
1152 637 1217 664 tuilti
1238 637 1366 671 przebete,
1382 644 1436 671 quo
1453 637 1530 664 solus
1547 637 1601 664 illis
1623 637 1767 670 imperem,
1791 645 1862 664 unus

1067 683 1140 711 enim
1153 683 1252 710 melius
1263 691 1343 718 quam
1359 684 1532 718 septuag’nta
1546 683 1676 718 populum
1691 687 1777 717 reget.
1790 683 1859 709 Cum

1067 737 1133 764 ergo
1150 729 1321 763 septuaginta
1344 729 1448 755 talenta
1469 729 1575 762 argenti
1592 728 1644 763 ipsi
1660 735 1675 756 e
1693 728 1776 755 domo
1792 729 1859 754 idoli

1069 774 1132 802 Bacl
1151 773 1341 805 tradidissent,
1361 774 1482 809 acceptis
1501 774 1546 801 ille
1561 781 1655 802 secum
1680 774 1758 805 viris,
1784 778 1811 800 et
1825 773 1859 800 ad

1068 820 1177 847 domum
1205 819 1292 853 patris
1313 819 1355 846 sui
1381 817 1473 853 Opltra
1498 818 1652 852 profectus.
1683 818 1861 852 septuaginta

1034 882 1057 912 Β
1071 866 1171 893 fratres
1187 872 1253 893 suos
1276 863 1426 897 interfecit,
1441 871 1496 892 uno
1522 867 1630 891 tantutn
1646 871 1678 891 ex
1705 863 1773 897 ipsis
1797 870 1848 889 eva

1071 911 1165 943 dente,
1185 912 1310 938 omnium
1337 910 1460 942 minimo,
1484 909 1528 936 cui
1549 917 1647 936 nomen
1672 908 1797 938 Jotltaut.
1813 909 1860 943 qui

1071 957 1184 984 Beeram
1216 956 1324 991 fugiens
1347 955 1385 983 ibi
1416 956 1578 990 permansit.
1601 955 1671 982 Cum
1696 955 1862 989 imperasset

1071 1006 1161 1030 autem
1175 1001 1331 1029 Abimclech
1343 1000 1430 1028 tribus
1441 1001 1531 1031 annis,
1542 1001 1717 1034 insurgentes
1731 1000 1758 1026 in
1772 1000 1860 1034 ipstnn

1072 1049 1171 1077 incola:
1187 1046 1305 1074 Nabeles
1323 1047 1411 1081 ipsum
1428 1044 1530 1079 pellere
1552 1044 1710 1072 voluerunt.
1733 1044 1779 1070 Ille
1792 1051 1859 1078 ergo

1071 1094 1194 1123 collectis
1212 1093 1295 1121 sociis
1311 1092 1370 1119 suis
1386 1097 1485 1125 magna
1510 1091 1586 1125 ipsos
1600 1094 1691 1124 strage
1711 1089 1861 1120 interemit,

1070 1146 1254 1176 egressusque
1277 1146 1311 1165 ex
1337 1137 1406 1164 urbe
1437 1136 1575 1171 congestis
1599 1135 1672 1162 circa
1699 1141 1759 1162 eam
1782 1133 1864 1168 lignis

1071 1187 1160 1223 ignem
1177 1186 1231 1222 ipsi
1249 1184 1353 1220 injecit,
1371 1182 1439 1210 adeo
1453 1187 1493 1213 ut,
1516 1189 1569 1208 una
1586 1189 1648 1208 eutn
1669 1180 1800 1208 omnibus
1815 1179 1862 1214 qui

1072 1233 1099 1260 in
1121 1233 1179 1267 ipsa
1194 1235 1297 1262 essent,
1312 1229 1502 1262 conﬂagraret.
1519 1225 1589 1253 Tum
1606 1227 1640 1253 ad
1663 1230 1783 1253 montem
1807 1226 1864 1251 Na-

1072 1279 1151 1305 beleu'
1167 1284 1297 1312 egressus
1315 1275 1404 1311 ipsum
1420 1275 1567 1302 obsidione
1589 1273 1686 1305 cinxit,
1705 1272 1786 1306 cujus
1810 1279 1859 1298 arx

1071 1324 1183 1360 grandis
1199 1322 1279 1358 128
1293 1321 1440 1349 admodum
1460 1321 1520 1352 fuit,
1545 1327 1561 1347 a
1575 1320 1656 1354 cujus
1673 1319 1782 1353 fastigio
1802 1325 1864 1343 lltll-

1072 1370 1122 1398 lier
1141 1369 1266 1404 quzedam
1289 1367 1407 1402 lapidem
1432 1365 1549 1400 deiecit,
1568 1365 1615 1400 qui
1643 1365 1670 1392 in
1690 1363 1861 1391 Altitneleclti

1071 1421 1154 1452 caput
1167 1415 1280 1443 decidit.
1294 1413 1343 1441 llic
1355 1418 1449 1440 autem
1465 1412 1511 1439 ubi
1535 1415 1651 1438 tuortcttt
1666 1407 1862 1445 [ingruentem]

1072 1463 1169 1495 sensit,
1185 1467 1268 1496 puero
1282 1460 1327 1496 qui
1346 1459 1398 1494 ipsi
1413 1464 1496 1493 prope
1515 1456 1602 1484 astitit
1625 1456 1717 1483 dixit:
1734 1454 1863 1489 Jugulum

1073 1509 1139 1538 milii
1146 1507 1235 1544 gladio
1244 1506 1327 1533 ferito
1335 1512 1390 1540 quo
1399 1504 1512 1534 moriar.
1526 1510 1559 1529 ne
1565 1502 1674 1530 dicatur
1681 1501 1817 1528 occidisse
1823 1507 1866 1527 me

227 1554 339 1581 xerunt,
351 1549 386 1576 ab
399 1549 464 1582 ipsis
478 1555 575 1583 pecora
588 1567 596 1581 ,
614 1547 694 1583 12E
707 1547 789 1574 bores
812 1551 839 1574 et
862 1555 927 1582 opes
949 1547 1019 1575 acci-

1073 1556 1225 1586 mulicrem;
1233 1552 1280 1588 qui
1291 1552 1378 1586 ipsum
1386 1549 1475 1584 gladio
1485 1555 1644 1584 percussum
1655 1547 1805 1574 interfecit.

227 1596 346 1631 pientes.
367 1595 470 1622 Contra
485 1602 556 1629 quos
572 1601 701 1628 egressus
716 1593 821 1620 Gideon
844 1592 919 1621 Joasi
936 1593 1018 1625 filius,

224 1650 240 1669 e
257 1641 329 1669 tribu
346 1640 491 1673 Manassis,
506 1640 656 1674 assumptis
674 1647 767 1667 secuta
785 1643 867 1667 noctu
896 1647 912 1666 e
928 1639 1015 1667 servis

228 1686 288 1714 suis
307 1687 403 1713 decem
419 1685 498 1717 viris,
517 1684 605 1712 Baelis
621 1685 686 1712 ldoli
700 1684 830 1719 templum
842 1684 936 1716 dirttit,
946 1684 1019 1719 quod

227 1739 292 1758 cum
306 1730 463 1757 Madianitis
483 1730 602 1756 innotuit
618 1747 628 1763 ,
645 1729 680 1756 ab
701 1730 768 1764 ipsis
782 1729 854 1764 fuga]
874 1737 905 1757 se
935 1730 1021 1764 prori-

229 1776 309 1811 puit;
329 1775 428 1803 deinde
440 1774 614 1810 congregatis
630 1783 661 1802 ex
677 1774 809 1802 lsraelitis
829 1775 896 1802 viris
912 1779 1019 1802 trecen-

224 1821 261 1848 tis
273 1821 335 1848 illos
348 1825 431 1848 noctu
443 1820 588 1852 accedens,
605 1820 649 1847 ubi
666 1820 699 1846 ad
713 1819 921 1846 Madianitarum
936 1827 1019 1847 exer-

225 1867 310 1894 citam
337 1867 514 1902 pervertiss:t,
542 1866 608 1893 viris
641 1866 699 1893 suis
731 1865 836 1892 circttttt
868 1866 1019 1892 exercitum

225 1912 367 1947 dispersis,
387 1916 516 1948 tympana
532 1911 664 1948 pulsavit,
683 1911 812 1946 lubisqtte
829 1911 933 1938 clauxit
944 1911 954 1946 (
967 1919 1021 1945 quo

225 1957 328 1992 pacto)
344 1958 423 1985 fracti
440 1957 595 1985 Madianitae
607 1977 616 1991 ,
648 1957 765 1992 aliisque
795 1956 864 1983 alios
886 1957 1021 1984 caedentes

224 2012 316 2032 caram
330 2003 464 2032 lsraelitis
496 2005 638 2039 fugerunt.
659 2002 778 2037 Scripsit
806 2007 898 2029 autem
917 2000 1020 2029 Gidcou

225 2049 258 2076 al
273 2048 414 2076 lsraelitas
428 2056 444 2076 e
460 2048 534 2075 tribu
549 2047 697 2082 Ephraim,
715 2047 762 2081 qui
778 2047 804 2073 in
818 2046 947 2081 partibus
957 2045 1021 2073 Jor-

225 2095 289 2122 daui
304 2094 495 2129 adiacentibus
510 2094 653 2128 degerent,
670 2097 700 2120 ut
714 2092 818 2128 egressi
843 2092 1000 2119 Madiauitis
1013 2113 1020 2125 ,

226 2144 320 2175 tttpote
336 2141 363 2166 ιιι
376 2139 469 2175 fugam
481 2139 634 2172 conversis,
649 2144 847 2166 occurrerent:
860 2139 907 2173 qui
919 2140 1022 2173 egressi

227 2193 325 2220 magna
340 2185 400 2213 illos
416 2189 508 2221 strage
530 2188 727 2220 peremerunt,
758 2184 904 2219 captisque
931 2184 1021 2212 Orebo

226 2236 254 2258 ct
270 2231 366 2264 Zcibo,
381 2230 592 2257 Madianitarum
605 2230 727 2264 regibus,
741 2229 812 2257 Oreb
826 2230 852 2256 in
869 2231 926 2264 ripa
938 2230 1018 2264 prcit,
1035 2230 1059 2260 D

227 2275 293 2304 Zeib
312 2276 338 2303 in
357 2283 420 2304 area
437 2275 514 2303 Zeibi
530 2275 687 2303 occisorum
710 2275 803 2310 Capita
820 2274 854 2302 ad
867 2274 1017 2302 Gideouetn

227 2323 261 2350 ad
278 2323 373 2350 urbem
391 2322 516 2349 Shurcut
538 2321 697 2354 miseruut';
725 2321 805 2356 cujus
831 2320 971 2357 [incolas]
993 2326 1022 2348 nt

227 2369 360 2398 exercitui
377 2376 431 2396 suo
447 2368 539 2396 cibutn
557 2369 711 2403 praeberent
724 2375 827 2402 eosque
839 2368 960 2403 hospitio
975 2376 1022 2395 ex-

227 2416 351 2451 ciperent
366 2423 429 2442 cum
446 2419 568 2450 rogaret,
598 2414 802 2450 responderunt
831 2414 892 2441 illi:
916 2414 973 2441 luto
998 2415 1021 2442 si

228 2467 322 2491 essent
344 2467 435 2491 tecum
448 2462 540 2498 capita
558 2461 641 2489 Zabai
658 2467 686 2490 et
703 2461 842 2489 Saltuanai
853 2470 946 2498 regunt
964 2462 1023 2489 illa-

231 2509 413 2542 diauitarum,
426 2513 484 2536 tuttt
496 2509 648 2536 exercitum
663 2514 739 2535 tuum
753 2508 815 2536 cibo
827 2513 854 2536 et
868 2516 1021 2536 commeatu

229 2556 416 2584 reficeremus.
433 2555 546 2583 Relictis
561 2563 628 2592 ergo
643 2555 698 2583 illis
718 2559 814 2583 contra
845 2548 970 2583 Zabaum‘
994 2561 1024 2584 et

231 2603 427 2636 Saltnauaum,
446 2601 658 2630 Madianitartun
707 2610 783 2638 reges
802 2601 942 2637 profectus
955 2611 961 2629 :
973 2603 1020 2637 qtti

229 2658 294 2678 cum
313 2650 460 2685 quinquies
480 2649 554 2676 mille
568 2649 641 2677 bello
663 2649 770 2676 idoneis
790 2648 919 2680 fuerunt,
942 2655 970 2676 et
993 2649 1022 2676 itt

232 2695 307 2730 ipsos
321 2695 437 2722 victoria
457 2695 573 2728 potitus,
586 2693 661 2728 ipsos
679 2701 739 2721 cum
764 2694 878 2722 asseclis
905 2694 962 2721 suis
979 2694 1022 2721 itt-

231 2741 348 2769 teretttit.
364 2740 467 2767 Deinde
482 2740 516 2767 ad
532 2740 655 2766 Sltuccut
668 2747 796 2768 reversus
805 2747 876 2773 eam,
893 2740 1020 2768 Omnibus

228 2787 275 2820 qui
294 2786 471 2820 125-127
489 2786 516 2812 in
534 2785 591 2819 ipsa
608 2792 686 2813 crant
719 2794 734 2814 e
766 2786 857 2814 medio
882 2786 997 2813 sublatis
1013 2806 1021 2816 .

229 2831 339 2858 delevit.
357 2830 480 2858 Fuerunt
498 2837 587 2857 autem
600 2831 718 2858 Gidconi
745 2831 792 2858 lilii
827 2833 998 2867 septuaginta
1013 2841 1020 2865 ς

231 2877 282 2904 fuit
297 2877 379 2903 cliatn
398 2877 448 2911 ipsi
465 2877 617 2903 caueubina
635 2885 664 2904 es
684 2878 793 2913 [urbe]
822 2878 936 2907 Nabclcs
960 2888 1019 2915 qua:

1106 1603 1168 1638 Ipso
1187 1603 1295 1628 mortuo
1314 1596 1412 1633 populo
1431 1594 1574 1630 imperavit
1592 1593 1657 1621 Joas
1668 1593 1741 1620 illius
1752 1592 1863 1623 Pbudaz.

1074 1649 1121 1676 tllli
1134 1647 1214 1674 Halat
1224 1653 1239 1673 e
1248 1645 1321 1672 tribu
1329 1642 1450 1673 lsachar,
1461 1647 1548 1667 annos
1558 1639 1651 1674 viginti
1661 1643 1727 1672 tres;
1736 1638 1782 1673 qui
1789 1638 1867 1665 dein-

1071 1695 1105 1722 dc
1115 1698 1241 1721 mortuus
1251 1692 1278 1719 in
1295 1690 1385 1718 Samir
1395 1687 1518 1723 sepultus
1529 1691 1582 1714 est.
1601 1686 1763 1719 Postipsutn
1780 1692 1868 1720 popu-

1071 1739 1098 1767 lo
1112 1738 1218 1774 praefuit
1228 1737 1286 1764 Jair
1303 1736 1397 1770 Algadi
1409 1734 1481 1761 lilius
1489 1742 1503 1762 e
1512 1733 1583 1760 tribu
1591 1732 1724 1760 Manassis
1733 1739 1819 1758 annos
1828 1731 1869 1757 vi-

1076 1785 1146 1821 ginti
1159 1785 1243 1816 duos;
1253 1782 1298 1810 cui
1307 1782 1353 1809 filii
1363 1785 1441 1808 erant
1451 1779 1561 1814 triginta
1573 1779 1626 1805 duo
1633 1777 1679 1812 qui
1689 1778 1777 1812 ipsum
1788 1775 1867 1811 equis

1072 1830 1142 1859 vecti
1176 1828 1378 1864 sequebantur;
1408 1826 1507 1853 deinde
1538 1829 1663 1852 mortuus
1692 1824 1718 1850 in
1748 1822 1864 1848 Katnara

1072 1876 1194 1911 sepultus
1212 1875 1266 1902 εει.
1283 1873 1332 1900 Illo
1345 1875 1454 1899 mortuo
1467 1878 1529 1898 cum
1549 1870 1651 1898 reversi
1667 1873 1760 1896 essent
1777 1868 1865 1895 Israe-

1072 1921 1127 1949 litzr.
1141 1921 1175 1948 ad
1196 1921 1301 1948 cultum
1327 1919 1462 1946 idolorunt
1481 1916 1596 1947 Baalitn,
1616 1919 1643 1942 et
1666 1914 1816 1941 Aslttarotlt
1838 1917 1866 1940 et

1074 1967 1152 2000 Bael,
1179 1972 1229 1993 nec
1253 1972 1309 1992 tton
1336 1964 1450 1990 deorum
1475 1961 1578 1997 Syriae,
1604 1959 1737 1991 Sidonis,
1769 1958 1863 1988 Moab.

1073 2012 1202 2045 Ammon,
1216 2015 1243 2039 et
1256 2009 1423 2041 Palatstiuae,
1437 2007 1617 2042 praevalentes
1635 2005 1733 2040 populo
1749 2004 1865 2031 Ammo-

1074 2059 1147 2091 uitaz,
1162 2058 1230 2092 ipsis
1243 2064 1306 2084 cum
1322 2055 1446 2087 tristitia,
1460 2053 1561 2081 duritie
1573 2057 1600 2079 et
1611 2051 1772 2079 crudelitate
1786 2050 1868 2077 annis

1073 2103 1224 2132 octodecim
1251 2101 1419 2135 imperarunt
1439 2107 1447 2125 :
1472 2099 1539 2133 quin
1567 2101 1594 2125 et
1617 2095 1765 2124 Jordanem
1791 2100 1869 2121 tran-

1073 2150 1180 2178 sierunt
1194 2147 1229 2175 od
1241 2144 1440 2182 oppugnandos
1464 2142 1615 2173 lsraelitas,
1630 2141 1708 2169 Judze
1727 2148 1823 2175 nempe
1840 2144 1868 2166 et

1074 2193 1243 2230 Benjaminis
1269 2192 1349 2223 filios,
1368 2190 1414 2225 qui
1433 2189 1469 2216 ob
1490 2189 1566 2223 ipsos
1585 2195 1684 2223 magno
1706 2192 1782 2214 utetu
1798 2193 1868 2213 cou~

1076 2239 1192 2268 sternati
1209 2242 1284 2266 sunt.
1298 2235 1368 2264 Cum
1390 2242 1455 2270 ergo
1468 2241 1555 2268 usque
1569 2232 1675 2260 Gileadi
1696 2233 1791 2259 urbem
1807 2239 1870 2265 per-

1075 2286 1215 2313 venissent
1228 2282 1401 2314 Atumouitte,
1420 2279 1580 2314 congregati
1606 2278 1746 2313 principes
1761 2278 1868 2312 populi,

1077 2331 1205 2359 dixerunt
1224 2338 1230 2357 :
1248 2329 1275 2356 Si
1301 2328 1365 2362 quis
1390 2326 1528 2353 Atnmonil
1539 2332 1570 2352 as
1589 2332 1677 2360 pugna
1695 2323 1870 2359 aggredietur

1075 2377 1128 2405 erit
1150 2375 1229 2403 nobis
1251 2375 1278 2401 itt
1297 2373 1459 2408 principem.
1478 2371 1540 2399 Fuit
1572 2376 1662 2399 autem
1686 2369 1803 2405 Jeplttalt
1819 2369 1868 2396 Gi-

1077 2423 1148 2451 leadi
1167 2421 1251 2453 filius,
1273 2429 1288 2448 e
1302 2421 1376 2447 tribu
1398 2419 1544 2449 Manassis,
1568 2418 1610 2444 vir
1630 2417 1713 2444 fortis
1727 2422 1753 2443 et
1770 2416 1869 2443 robore

1077 2473 1230 2503 praeSIans;
1244 2472 1383 2501 quemque
1394 2472 1458 2491 cum
1477 2464 1551 2491 filius
1564 2467 1638 2490 esset
1651 2462 1777 2489 mulieris
1793 2461 1870 2488 fura-

1077 2515 1129 2547 cis,
1145 2513 1306 2549 repulerunt
1329 2512 1431 2538 fratres
1447 2509 1621 2544 129-131
1644 2509 1732 2545 ipsius
1756 2506 1870 2534 abdica~

1078 2565 1191 2595 tumque
1215 2559 1248 2586 ad
1265 2557 1452 2585 hereditatem
1474 2563 1527 2584 non
1544 2556 1717 2582 admiserunt
1728 2573 1736 2585 ,
1755 2553 1826 2580 adeo
1840 2557 1870 2578 ut

1077 2606 1106 2633 in
1124 2610 1225 2632 terram
1242 2603 1299 2631 Tob
1317 2603 1351 2630 ab
1373 2602 1441 2638 ipsis
1457 2601 1571 2636 fugeret.
1590 2600 1631 2628 Ad
1654 2600 1729 2627 illutn
1753 2605 1870 2633 congre-

1077 2651 1132 2686 gati
1146 2650 1197 2677 viri
1215 2656 1349 2684 pauperes
1369 2648 1542 2676 Ammonitas
1560 2649 1763 2681 oppugnarunt.

1116 2698 1209 2731 Quare
1225 2696 1329 2731 egressi
1353 2695 1385 2722 ad
1399 2693 1564 2730 Jeplttaltum
1580 2693 1714 2728 primores
1729 2692 1805 2720 urbis
1819 2691 1869 2719 Gi-

1079 2743 1159 2774 leatl,
1176 2743 1267 2777 ipsum
1293 2744 1424 2776 rogarunt
1446 2745 1476 2767 ut
1495 2746 1577 2767 manu
1602 2746 1653 2766 sua
1676 2739 1783 2765 ﬁrmata
1807 2743 1871 2764 cum

1078 2787 1246 2816 Auunonitis
1270 2791 1416 2822 pugnaret,
1448 2786 1571 2820 ipsisque
1597 2785 1724 2819 princeps
1756 2790 1789 2810 ac
1815 2787 1872 2809 ttux

1080 2838 1164 2862 esset.
1182 2832 1290 2865 Quibus
1312 2839 1437 2859 annuens
1457 2831 1512 2863 ille,
1525 2829 1650 2858 collectis
1667 2829 1755 2863 copiis
1783 2826 1876 2861 profe-

1082 2885 1144 2909 Cll-5
1159 2885 1199 2907 est
1213 2878 1247 2907 ad
1262 2878 1363 2907 bellum
1374 2885 1435 2905 cum
1452 2876 1615 2904 Atumonitis
1632 2874 1791 2909 gerendum,
1808 2876 1874 2901 voto
