2015 3081
190 183 241 214 9'17

906 179 1088 208 ANNAIES.

1749 173 1800 204 938

191 236 220 255 se
237 229 343 256 interim
363 229 415 254 Deo
431 228 614 261 obstringens,
627 234 687 252 rum
702 226 752 259 ipsi
768 228 793 252 in
811 226 872 251 illos
886 224 971 250 victo-
983 227 1006 255 Α
1022 226 1209 259 imposuerunt
1222 223 1353 250 Samson.
1376 222 1425 249 Hic
1439 222 1493 257 jam
1509 221 1636 256 grandior
1652 220 1750 252 factus,
1769 221 1801 247 ad

193 274 260 300 riam
283 274 443 300 concederet
467 272 608 303 Dominus,
629 273 746 306 primtun
773 278 802 297 se
827 270 872 302 qui
890 268 938 303 ipsi
955 276 970 295 e

193 320 274 346 domo
288 326 336 346 sua
350 323 508 346 oecurreret
524 319 550 344 in
572 318 709 344 victimam
736 316 790 342 Deo
804 315 970 342 oblaturum.

195 364 343 392 Victoriam
365 368 456 390 autem
471 363 607 390 concessit
626 362 678 396 ipsi
703 361 845 392 Dominus,
861 361 927 386 adeo
942 363 972 386 ut

193 410 363 437 Ammonitas
387 414 478 443 strage
504 415 598 443 magna
621 407 748 439 alliceret,
770 410 797 432 et.
817 405 913 440 viginti
938 405 972 431 ab

195 456 262 489 ipsis
287 455 368 482 urbes
391 455 532 488 eriperet:
551 461 605 487 quo
634 453 726 478 audito
751 458 860 486 egressa
885 450 972 481 ipsius

196 499 250 525 lilia
271 499 303 525 ad
324 503 429 532 portam
448 505 508 524 etim
533 496 660 523 omnibus
687 496 763 522 lusus
785 494 974 521 instrumentis

196 543 301 579 [veluti]
320 543 454 578 tympanis
469 545 496 568 et
517 541 658 576 cymbalis,
679 540 705 567 in
732 546 875 566 occursum
891 539 975 573 patris

197 590 237 616 sui
254 590 336 620 stetit,
353 589 420 615 adeo
437 593 467 615 ut
491 589 578 621 primo
593 587 643 621 ipsi
668 586 700 612 ad
722 587 819 612 domus
845 592 900 611 suae
915 591 977 618 por-

197 638 252 660 tam
267 633 372 659 obviam
395 633 469 659 fieret
487 632 541 659 ﬁlia
562 632 657 666 ipsius.
684 636 782 666 prater
798 637 881 665 quam
903 629 975 655 nttlla

198 679 247 713 ipsi
266 679 355 713 proles
377 677 438 705 fuit.
455 677 517 704 Visa
533 683 597 711 ergo
620 677 677 707 illa,
694 681 782 703 vestes
804 682 868 702 suas
882 673 976 704 scidit,

199 724 299 757 ingenti
316 722 428 750 aﬁectus
440 722 544 749 dolore.
560 721 606 748 Illa
626 726 715 748 autem
731 729 738 747 :
758 719 795 747 Ne
809 720 913 749 doleas.
935 719 977 744 iu-

198 769 265 803 qttit,
284 776 300 795 0
322 773 409 803 pater.
431 769 478 795 sed
494 767 566 802 quod
584 767 677 794 v0visti
696 767 797 797 fat-ias;
816 765 921 791 dimitte
937 772 978 792 me

199 819 313 846 tantum,
328 818 367 847 ut,
381 813 655 848 congregatispuellis
663 812 730 839 meis
742 812 903 846 virginibus,
916 818 977 838 cum

200 858 265 892 ipsis
284 863 402 884 amntem
425 858 611 884 conscendens
638 857 769 890 meipsam
796 856 920 889 lugeam,
951 860 979 881 et

198 904 366 937 juventutem
382 910 469 929 meam
494 901 617 928 deﬂeam.
632 901 662 928 In
680 906 771 927 monte
784 907 849 935 ergo
863 900 980 933 seipsam

201 949 331 983 plangens
347 948 415 974 duos
433 954 539 974 mrnses
553 946 712 981 permansit.
727 945 854 980 Jepbtalii
872 945 981 971 interim

201 994 279 1019 amici
295 994 346 1027 ipsi
362 993 506 1020 consilium
521 992 666 1024 dederunt,
687 995 717 1018 ut
740 990 908 1018 Pltineasum
923 998 985 1024 pro-

203 1039 319 1072 phetam,
342 1038 419 1072 132
434 1037 517 1064 tilium
535 1036 669 1069 Eleazari,
686 1036 734 1063 ﬁlii
749 1035 881 1068 Abronis,
896 1035 983 1069 ipsum

202 1085 378 1110 consulturus
406 1083 507 1113 adiret.
536 1083 582 1117 qui
612 1083 663 1117 ipsi
691 1082 783 1109 forsan
822 1089 984 1116 responsum

203 1129 280 1156 daret
303 1137 357 1163 quo
384 1128 545 1155 liberaretur
575 1128 661 1162 ipsius
689 1128 754 1154 lilia.
783 1126 866 1154 Movit
895 1131 984 1152 autem

206 1175 293 1208 ipsum
317 1175 446 1208 majestas
467 1174 539 1208 regia
564 1181 598 1201 ne
615 1173 690 1199 illum
713 1173 810 1205 adiret,
827 1177 854 1199 et
870 1172 985 1198 Phinea-

205 1227 264 1246 suni
287 1219 407 1254 dignitas
428 1220 588 1254 prophetica
612 1227 646 1245 ne
666 1218 699 1245 ad
726 1219 813 1252 ipsum
831 1217 985 1244 accederet.

205 1265 268 1292 Post
281 1265 351 1292 duos
370 1273 434 1300 ergo
451 1273 558 1292 menses
572 1265 745 1291 constituens
759 1263 873 1298 Jepbtab
885 1264 986 1292 ludatis

207 1313 302 1337 Iustum
319 1317 457 1344 magnum,
474 1310 567 1336 eodem
584 1309 627 1335 die
640 1309 722 1335 ﬁliam
736 1316 811 1335 suam
827 1308 985 1339 immolavit,

207 1357 360 1391 festumque
389 1357 456 1383 illud
481 1355 577 1383 festum
592 1355 717 1389 planctus
743 1354 895 1389 appellavit.
915 1354 981 1379 Tum

207 1402 238 1429 ad
253 1401 374 1436 ,Jepbtab
391 1402 546 1436 congregati
565 1400 740 1434 Ephraimita‘,
764 1400 790 1426 in
805 1399 871 1425 urbe
884 1398 987 1429 Sekim,

208 1448 336 1474 dixerunt
350 1447 389 1474 illi
406 1456 413 1474 :
433 1448 522 1478 Quare
537 1446 570 1472 ad
586 1445 684 1472 bellant
699 1449 794 1471 contra
819 1443 988 1470 Ammouitas

208 1493 344 1528 profectus
357 1500 387 1520 es
406 1492 483 1519 nobis
500 1491 660 1518 inconsultis
675 1510 683 1523 ,
698 1497 747 1517 nec
762 1498 776 1516 e
801 1489 878 1516 nobis
891 1497 987 1524 quent-

208 1540 278 1572 piatn
293 1543 380 1566 tecum
397 1537 589 1571 assumpsisti?
606 1535 661 1563 Nos
676 1536 758 1570 igitur
776 1539 802 1561 te
825 1535 988 1568 domumque

208 1591 281 1612 tuam
303 1584 364 1618 igne
390 1583 590 1610 coiuliuremus.
610 1580 698 1613 Quare
723 1587 811 1614 pugna
846 1580 918 1613 ipsas
940 1586 987 1612 ag-

207 1636 318 1663 gressus
330 1628 446 1662 Jeplitalt
457 1632 483 1654 et
494 1627 606 1653 victoria
621 1627 647 1652 iu
660 1626 732 1660 ipsos
746 1626 861 1660 potitus,
873 1624 989 1658 quadra-

208 1675 280 1709 ginta
296 1673 351 1700 duo
365 1673 446 1699 millia
458 1672 578 1706 ipsorum
593 1671 740 1698 interfecit.
753 1670 868 1705 Jeplttalt
885 1673 988 1702 autem,

209 1728 270 1746 cum
299 1720 399 1754 populo
415 1725 462 1745 sex
491 1724 578 1744 annos
603 1717 775 1751 imperasset,
795 1720 928 1747 mortuus,
948 1723 992 1743 se-

210 1766 300 1800 pultus
324 1770 366 1792 est
390 1765 417 1790 in
441 1763 546 1791 Gilead.
571 1762 670 1790 Eodem
694 1768 816 1796 tempore
837 1761 938 1788 accidit.
963 1761 989 1787 in

209 1811 318 1845 regione
343 1809 499 1837 Graecorum
526 1807 611 1835 fames
635 1815 743 1842 magna,
759 1815 791 1834 ex
811 1815 863 1842 qua
890 1807 990 1833 mortui

210 1861 274 1882 :unt
299 1855 422 1883 homines
437 1854 504 1882 adeo
520 1858 550 1880 ut
565 1854 679 1881 mortuis
702 1854 879 1887 implerentur
897 1853 946 1879 via:
962 1857 991 1879 et

211 1903 316 1938 piatam,
329 1902 416 1936 iisque
427 1906 601 1928 vescerentur
611 1907 704 1927 canes.
716 1901 750 1926 Λι.
760 1907 821 1926 cum
832 1899 992 1933 frequenter

213 1951 262 1976 hoc
277 1949 362 1979 ﬁeret,
381 1947 461 1974 fossis
476 1947 610 1980 sepulcris
628 1951 750 1972 mortuos
776 1950 855 1972 teme
878 1945 990 1972 manda—

211 1998 284 2026 runt,
301 2000 333 2020 ac
350 1997 404 2019 tum
422 1993 536 2026 primum
556 1992 627 2018 l‘ossa
639 1995 703 2018 sunt
719 1992 855 2025 sepulcra.

247 2038 351 2064 Mortuo
375 2035 517 2070 Jeplttalio,
542 2035 643 2069 populo
659 2039 762 2070 septem
783 2038 862 2063 annis
883 2038 992 2071 praefuit

213 2084 320 2118 Epltsan
340 2090 355 2109 e
385 2081 459 2109 tribu
481 2079 558 2106 Judze
585 2080 779 2115 Betblaemita,
808 2081 852 2108 cui
884 2083 991 2117 triginta

212 2134 290 2157 erant
313 2129 371 2160 lilii,
399 2129 506 2163 triginta
525 2128 596 2157 tiliae,
615 2131 640 2153 et
666 2134 763 2154 uxores
788 2127 918 2161 triginta;
935 2127 993 2161 qui-

212 2184 275 2208 que,
286 2183 346 2202 cum
364 2180 486 2201 mortuus
501 2177 582 2204 esset.
599 2174 627 2200 in
638 2172 794 2200 Betitleliem
805 2173 929 2207 sepultus
940 2179 991 2200 est.

214 2222 264 2256 Ipsi
282 2221 307 2247 in
323 2221 435 2254 imperio
448 2221 581 2247 successit
593 2218 677 2246 Eblan
694 2218 881 2249 Zabulonites,
897 2217 992 2246 decem

213 2268 292 2294 annis
310 2275 316 2293 :
336 2265 518 2301 133-135
542 2266 586 2300 qui
601 2273 661 2292 ettm
684 2265 808 2296 obiisset,
824 2265 851 2290 in
868 2263 991 2291 Zabulon

214 2313 336 2347 sepultus
348 2317 400 2339 est.
415 2312 478 2339 Post
489 2313 577 2346 ipsum
591 2311 660 2338 rexit
674 2311 802 2345 populum
811 2311 908 2337 Abdon
923 2310 995 2337 filius

215 2359 328 2389 llilletis,
338 2367 351 2385 ε
361 2359 432 2385 tribu
444 2357 651 2391 Ephraim,octo
664 2364 749 2384 annos
761 2365 767 2389 ;
778 2357 820 2383 cui
831 2355 876 2383 ﬁlii
886 2356 997 2384 fuerunt

214 2404 403 2438 quadraginta,
415 2407 525 2437 nepotes
537 2403 659 2437 triginta,
670 2403 716 2436 qui
728 2403 805 2437 cquis
817 2402 887 2429 vecti
905 2403 994 2436 ipsum

214 2450 416 2483 sequebantur;
433 2450 478 2483 qui
491 2453 517 2475 et
536 2448 809 2482 mortuus,sepultus
830 2451 872 2474 est
897 2447 924 2473 in
944 2446 995 2473 Pa-

216 2498 322 2530 ratlion,
339 2504 354 2524 e
373 2498 483 2531 regione
503 2495 644 2530 Epliraim,
658 2495 685 2522 in
704 2495 844 2522 montibus
859 2495 998 2522 Amaieki-

215 2547 312 2570 tarum.

251 2588 299 2614 lllo
313 2593 432 2621 mortuo,
449 2595 510 2614 etim
534 2588 565 2614 ad
589 2586 771 2614 idololatriam
792 2585 893 2613 reversi
907 2589 998 2613 essent

216 2634 353 2666 lsraelitae,
371 2634 468 2667 populo
489 2633 688 2666 pravaluerunt
712 2632 926 2666 alienigenarum
946 2631 998 2658 tri-

217 2680 278 2711 bus,
293 2687 355 2714 quae
369 2680 435 2713 ipsis
451 2679 630 2713 quadraginta
647 2678 727 2705 annis
742 2678 922 2712 imperarunt.
936 2676 1000 2704 Fuit

216 2733 306 2755 autem
321 2735 336 2755 e
349 2727 421 2754 tribu
438 2726 493 2753 Dan
510 2727 550 2753 vir
563 2727 606 2753 cui
627 2733 724 2754 nomen
741 2726 868 2759 Manoah,
884 2734 918 2753 ex
933 2726 1001 2753 urbe

217 2773 332 2803 Soraali,
355 2773 434 2806 cujus
453 2779 523 2799 uxor
543 2771 647 2799 sterilis
666 2777 736 2805 erat,
762 2772 797 2799 ad
812 2779 894 2807 quam
918 2780 998 2806 acce-

217 2819 284 2846 dens
300 2819 326 2845 iu
342 2825 448 2845 .somuo
461 2818 584 2851 angelus,
603 2819 750 2852 parituram
769 2818 854 2853 ipsam
873 2826 1000 2854 prinuutt-

217 2866 305 2893 tiavit.
329 2864 475 2892 Gravidata
501 2871 566 2899 ergo
594 2865 677 2892 liliqu
705 2865 879 2899 peperit,cui
906 2872 1004 2892 nomen

353 2913 478 2943 ΡΛτιιυι.
506 2913 565 2942 Gn.
586 2912 657 2945 CXI.

998 884 1019 910 Β

1008 2203 1030 2230 D

1025 272 1118 296 urbem
1144 270 1329 297 Tbemnanam
1357 269 1505 304 profectus.
1522 268 1668 301 quamdam
1696 274 1728 294 ex
1753 267 1802 293 tri-

1025 316 1107 342 bumn
1131 316 1342 351 alienigenarum
1367 315 1474 342 ﬁliabus
1488 314 1638 349 conspexit,
1652 319 1732 348 quam
1751 312 1804 339 sibi

1025 369 1135 388 uxorem
1149 362 1236 391 duxit.
1251 366 1278 388 et
1291 361 1361 395 apud
1373 361 1458 394 ipsam
1471 359 1561 394 aliquo
1573 359 1702 393 temporis
1717 358 1807 392 spatio

1026 407 1183 441 permansit.
1213 405 1313 433 Deinde
1326 405 1418 432 relicta
1437 412 1480 436 ea,
1493 404 1525 431 ad
1549 403 1691 431 Askelonis
1716 407 1806 437 partes

1024 451 1173 485 profectus,
1189 451 1224 478 ibi
1248 451 1420 478 latrocinium
1453 450 1576 477 exercuit
1599 458 1606 475 :
1633 451 1807 475 transeuntes

1026 505 1091 532 ergo
1104 497 1166 524 illac
1180 497 1252 524 viros
1266 497 1387 531 triginta,
1408 503 1470 522 cum
1490 495 1515 522 vi
1531 502 1674 529 aggressus
1685 494 1806 521 vestibus

1028 543 1183 577 spoliasset,
1200 542 1233 568 ad
1258 542 1351 568 uxoris
1374 548 1429 568 sua:
1451 541 1559 567 domum
1577 539 1762 566 Themnanam
1779 546 1808 566 se

1028 587 1153 613 contulit.
1170 586 1246 613 Illum
1267 594 1332 613 vero
1351 587 1385 613 ab
1400 587 1455 620 ipsa
1477 585 1600 613 cohibuit
1616 588 1693 619 pater
1710 584 1807 619 ipsius.

1029 632 1143 659 dict-ns:
1163 633 1237 659 Illam
1265 633 1310 658 alii
1339 633 1364 658 in
1386 639 1496 658 uxorem
1523 631 1596 664 dedi,
1614 635 1656 658 est
1678 638 1744 658 vero
1758 630 1808 665 ipsi

1030 685 1107 704 soror
1121 682 1186 704 nattt
1197 679 1297 708 minor,
1312 685 1407 711 quam,
1431 679 1452 704 si
1470 677 1588 707 libuerit,
1609 677 1656 704 tibi
1672 677 1753 704 dabo.
1769 676 1810 704 Ira

1031 723 1112 758 igitur
1127 730 1279 751 commotus
1293 723 1422 755 Samson,
1433 723 1569 757 profectus
1583 723 1677 756 vttlpes
1690 727 1731 750 ter
1748 730 1812 750 cen-

1032 772 1089 794 tum
1116 769 1197 802 cepit,
1224 776 1338 803 quarum
1363 769 1459 795 caudis
1479 776 1541 795 cum
1562 768 1635 795 faces
1660 768 1810 803 alligasset,

1033 815 1106 848 ipsas
1119 814 1147 841 in
1165 818 1283 848 segetem
1301 814 1381 849 136
1397 813 1510 845 dimisit,
1528 818 1609 848 atque
1629 814 1666 841 ita
1686 815 1747 849 igne
1759 814 1809 842 ab-

1034 864 1141 894 sumpta
1167 865 1209 886 est
1229 860 1318 887 omnis
1344 860 1465 886 tribuum
1486 860 1699 894 alienigenarum
1733 868 1810 896 seges

1036 912 1122 939 usque
1133 906 1166 931 ad
1180 905 1292 933 arbores
1310 906 1442 939 ipsarum.
1464 905 1515 932 Ubi
1537 906 1701 933 inuotuisset
1720 910 1810 933 autem
1850 913 1853 916 ‘

1035 950 1158 977 tribubus
1175 950 1234 978 istis
1256 950 1320 984 quid
1338 949 1448 978 fecisset
1472 950 1599 984 Samson,
1616 951 1744 986 profectae
1760 951 1813 978 illa:

1035 993 1068 1021 ad
1094 994 1185 1021 uxoris
1213 995 1299 1028 ipsius
1324 994 1413 1027 aedes,
1433 1002 1480 1022 eas
1506 1003 1613 1030 unaque
1638 997 1725 1030 ipsam
1751 996 1814 1031 igne

1036 1040 1258 1067 conibussernnt.
1277 1040 1378 1068 Deinde
1392 1041 1550 1075 congregati
1566 1041 1678 1075 profecti
1704 1046 1768 1068 sunt
1781 1043 1814 1068 ad

1037 1085 1136 1112 bellum
1153 1085 1215 1113 tiliis
1231 1085 1307 1113 Jndze
1328 1085 1509 1117 inferendum,
1526 1087 1572 1121 qui
1593 1087 1702 1120 abipsis
1715 1087 1815 1114 timue-

1036 1136 1110 1157 runt.
1127 1131 1259 1159 Samsone
1275 1135 1364 1159 autem
1379 1132 1407 1159 in
1424 1139 1491 1166 rupe
1502 1132 1588 1159 Eitam
1603 1133 1724 1164 sedente.
1740 1133 1816 1160 dixe-

1037 1180 1099 1202 runt
1113 1177 1196 1210 ipsis:
1216 1176 1243 1203 Si
1261 1177 1341 1204 nobis
1357 1176 1517 1204 Samsonem
1534 1178 1711 1210 tradideritis,
1725 1186 1817 1206 rever-

1037 1226 1126 1248 temur
1149 1229 1237 1257 neque
1260 1229 1309 1249 vos
1336 1223 1407 1249 bello
1430 1223 1607 1250 lacessemus.
1631 1224 1816 1252 Accesseruut

1037 1275 1100 1300 ergo
1121 1267 1155 1294 ad
1182 1268 1341 1294 Samsonem
1369 1276 1454 1302 usque
1470 1268 1568 1301 Eitam,
1585 1277 1600 1296 e
1618 1269 1688 1296 Juda
1709 1270 1761 1297 viri
1777 1275 1818 1297 ter

1039 1313 1120 1343 mille,
1137 1312 1236 1347 quibus
1260 1312 1328 1339 dixit
1348 1313 1392 1340 ille
1406 1321 1413 1340 :
1428 1312 1581 1341 Promittite
1605 1315 1670 1341 mihi
1699 1322 1746 1342 vos
1773 1323 1816 1342 me

1038 1365 1092 1384 non
1116 1357 1326 1390 interfecturos,
1349 1365 1437 1392 neque
1461 1358 1673 1394 alienigenarum
1695 1360 1820 1387 tribubus

1039 1404 1199 1431 tradituros.
1216 1403 1293 1435 Quod
1320 1410 1382 1430 cum
1401 1404 1602 1438 promisissent,
1616 1404 1711 1432 fraude
1729 1409 1818 1432 tamen

1039 1454 1159 1483 captum,
1175 1450 1299 1477 tribubus
1319 1449 1531 1484 alienigenarum
1558 1451 1679 1476 vinctum
1699 1451 1819 1477 tradide-

1041 1499 1112 1522 runt.
1131 1495 1165 1521 At
1184 1495 1240 1526 ille,
1252 1495 1347 1522 solutis
1361 1494 1489 1527 vinculis,
1512 1495 1621 1522 maxilla
1645 1496 1714 1523 asini
1738 1503 1819 1531 quam

1002 1547 1022 1575 ο
1040 1542 1142 1568 invertit
1160 1542 1260 1567 mortui
1277 1545 1395 1574 arrepta,
1418 1540 1492 1567 viros
1518 1540 1579 1574 plus
1601 1547 1683 1575 quam
1702 1542 1774 1568 mille
1789 1549 1822 1569 ex

1041 1585 1253 1620 alienigenarum
1279 1584 1404 1612 tribubus
1428 1583 1582 1617 interfecit;
1602 1585 1699 1612 deinde
1727 1585 1824 1612 sitiens

1043 1630 1185 1657 Dominum
1212 1635 1339 1664 precatus
1354 1634 1407 1662 est,
1430 1630 1477 1664 qui
1496 1630 1547 1664 ipsi
1564 1637 1596 1656 ex
1617 1630 1686 1657 asini
1715 1631 1822 1658 maxilla

1042 1684 1138 1710 aquam
1155 1676 1287 1703 scaturire
1312 1675 1376 1702 fecit
1391 1683 1471 1710 quam
1489 1676 1606 1703 biberet.
1621 1675 1690 1702 Tum
1711 1676 1824 1704 devictis

1042 1722 1255 1756 alienigenarum
1273 1721 1410 1754 tribubus,
1431 1722 1530 1756 popqu
1549 1722 1644 1756 viginti
1672 1723 1751 1749 annis
1773 1723 1825 1750 im-

1043 1769 1158 1801 peravit.
1184 1767 1283 1795 Deinde
1307 1769 1426 1795 mulieris
1450 1775 1464 1794 e
1483 1767 1562 1794 Gazae
1585 1768 1702 1800 incolis,
1730 1775 1823 1796 amore

1043 1818 1149 1848 captus.
1165 1814 1264 1841 Gazam
1280 1813 1418 1848 profectus
1439 1818 1493 1844 est,
1505 1814 1585 1847 cujus
1602 1814 1698 1840 incola:
1712 1815 1746 1840 ab
1763 1813 1824 1848 ipso

1044 1860 1203 1887 timuerunt.
1219 1859 1265 1885 llle
1276 1867 1341 1886 vero
1355 1859 1444 1886 media
1461 1864 1540 1886 nocte
1555 1862 1659 1893 portam
1677 1859 1749 1886 arcis
1764 1859 1825 1893 ejus

1044 1905 1147 1934 adiens.
1163 1904 1249 1939 ipsam
1267 1905 1326 1931 loco
1341 1904 1475 1931 revulsam
1489 1903 1611 1931 humeris
1626 1905 1682 1931 suis
1698 1905 1824 1939 gestavit,

1043 1951 1129 1976 donec
1155 1957 1214 1976 eam
1245 1949 1272 1975 in
1296 1948 1405 1982 fastigio
1434 1947 1535 1974 montis
1563 1954 1646 1981 prope
1672 1946 1824 1974 Hebronem

1045 1995 1225 2029 relinqueret,
1245 1999 1273 2030 et
1294 1994 1434 2020 mulierem
1463 1992 1588 2020 abduxit.
1613 1992 1716 2020 Deinde
1742 1993 1823 2019 aliam

1047 2040 1222 2076 137-139
1239 2048 1319 2074 quam
1343 2039 1458 2073 deperiit
1487 2038 1645 2070 mulierem,
1670 2045 1703 2066 ex
1729 2038 1828 2065 incolis

1045 2088 1194 2120 Sechairar,
1225 2087 1320 2118 duxit,
1344 2085 1455 2113 nomine
1480 2084 1610 2116 Dalilam;
1636 2085 1679 2112 cui
1699 2084 1827 2111 dixerunt

1045 2132 1163 2159 tribuum
1177 2131 1390 2166 alienigenarum
1413 2130 1552 2164 principes
1569 2138 1576 2157 :
1595 2129 1695 2164 Decipe
1724 2129 1824 2163 ipsum,

1046 2183 1076 2204 ut
1090 2177 1138 2204 tibi
1157 2176 1257 2203 indicet
1274 2182 1326 2210 qua
1343 2180 1418 2209 parte
1434 2174 1558 2208 corporis
1575 2174 1656 2200 situm
1687 2173 1723 2201 sit
1738 2172 1824 2207 ipsius

1045 2223 1137 2251 robur.
1151 2233 1154 2235 ·

1050 2279 1052 2281 ’
1081 2268 1126 2296 Illa
1143 2275 1207 2303 ergo
1222 2267 1346 2294 Samsoni
1360 2275 1366 2292 τ
1381 2266 1429 2292 Die
1446 2265 1523 2295 mihi,
1536 2264 1635 2298 inquit,
1647 2263 1668 2290 si
1684 2271 1725 2289 me
1740 2269 1826 2294 ames,

1047 2322 1100 2349 qua
1129 2318 1204 2348 parte
1226 2312 1349 2346 corporis
1370 2311 1409 2338 tui
1431 2311 1490 2338 sitae
1514 2311 1570 2337 sint
1595 2310 1666 2336 vires
1685 2311 1749 2335 tuae.
1776 2307 1826 2334 Cui

1047 2360 1093 2386 ille
1109 2368 1116 2385 :
1134 2359 1160 2385 Si
1175 2366 1218 2385 me
1235 2357 1344 2392 (inquit)
1359 2360 1462 2390 septem
1479 2356 1572 2382 nervis
1587 2354 1753 2385 recentibus,
1767 2361 1826 2388 quae

1048 2404 1162 2431 necdum
1176 2402 1308 2434 aruerint,
1326 2400 1479 2435 ligaverint,
1493 2399 1615 2426 inﬁrmus
1627 2398 1734 2425 reddar.
1752 2401 1830 2424 Attu-

1049 2450 1139 2476 lerunt
1157 2455 1221 2482 ergo
1246 2453 1348 2482 septem
1373 2453 1472 2472 nervos
1489 2450 1621 2476 recentes,
1647 2443 1746 2478 quibus
1766 2449 1828 2470 cum

1049 2495 1108 2529 ipsa
1126 2494 1202 2520 illum
1219 2493 1341 2527 ligasset,
1357 2491 1402 2518 ille
1417 2491 1451 2518 iis
1467 2490 1630 2517 incumbens
1652 2489 1755 2523 dirupit
1770 2495 1828 2515 eos.

1049 2540 1118 2567 Tum
1132 2539 1176 2566 illa
1192 2547 1198 2565 :
1215 2537 1274 2565 Non
1288 2546 1330 2565 me
1347 2544 1435 2568 amas,
1453 2535 1558 2571 inquit;
1573 2535 1595 2562 si
1610 2535 1682 2562 enim
1697 2541 1740 2562 me
1755 2542 1831 2560 ama-

1049 2594 1104 2619 res,
1121 2585 1238 2612 dixisses
1259 2584 1323 2611 mihi
1350 2590 1404 2618 qua
1428 2582 1551 2617 corporis
1566 2585 1643 2616 parte
1660 2580 1742 2608 situm
1757 2583 1831 2606 esset

1050 2632 1134 2659 robur
1148 2636 1236 2658 tuum.
1254 2629 1324 2656 Dixit
1339 2636 1403 2664 ergo
1417 2628 1456 2655 illi
1471 2636 1479 2654 :
1496 2627 1525 2654 Si
1543 2634 1586 2654 me
1602 2630 1706 2661 septem
1720 2624 1830 2652 funibus

1050 2677 1230 2706 cannabaceis
1254 2675 1334 2702 novis
1359 2674 1514 2710 ligaverint,
1541 2672 1666 2700 inﬁrmus
1682 2679 1740 2698 ero.
1754 2671 1829 2703 Quod

1051 2734 1112 2753 cum
1129 2725 1175 2752 illa
1190 2723 1243 2758 ipsi
1257 2721 1380 2753 fecisset,
1400 2721 1459 2756 ipse
1474 2720 1552 2747 funes
1569 2719 1656 2746 instar
1666 2719 1703 2744 illi
1716 2717 1830 2752 dirupit.

1052 2773 1124 2800 Dixit
1138 2779 1203 2806 ergo
1219 2771 1264 2797 illa
1280 2779 1287 2797 ε
1302 2768 1360 2796 Non
1385 2775 1428 2796 me
1446 2775 1534 2800 amas,
1558 2769 1633 2793 certe
1649 2765 1722 2793 enim
1741 2764 1764 2791 si
1786 2771 1829 2791 me

1052 2825 1184 2849 amasses,
1201 2816 1351 2843 indicasses
1367 2821 1420 2849 qua
1437 2813 1465 2840 in
1479 2816 1554 2847 parte
1566 2811 1690 2846 corporis
1706 2809 1744 2836 tui
1759 2813 1833 2837 esset

1057 2864 1139 2892 robur
1155 2868 1241 2891 tuum.
1258 2861 1324 2889 Tum
1341 2860 1386 2888 ille
1402 2866 1409 2886 :
1425 2859 1454 2888 Si
1471 2863 1586 2894 septem,
1600 2856 1699 2892 inquit,
1722 2855 1833 2891 capilla-
