2015 3081
205 137 256 167 939

700 138 884 167 EU'l‘YClIll
907 136 1173 166 ALEXANDRINI
1192 136 1302 166 PATlt.

1761 135 1814 166 950

206 193 290 220 menti
325 177 394 218 met.
407 193 547 219 cinctnnos
579 193 720 225 sptthama‘
738 192 904 226 longitudine
923 192 983 218 licio
997 204 1020 226 Α
1036 196 1107 221 runt.
1125 198 1205 225 quam
1216 190 1336 216 comitati
1347 195 1412 217 sunt
1424 189 1462 216 Eli
1475 190 1627 216 sacerdotis
1640 189 1697 219 lilii,
1710 187 1813 223 lluplui

205 237 336 269 tenueris,
356 237 481 264 infirmus
493 237 566 263 (iam.
578 235 656 268 Quod
672 242 761 263 tatnen
783 244 843 262 cum
869 237 926 269 ipsa
944 236 982 262 illi

204 282 328 316 fecisset,
346 282 447 318 [facile]
466 281 596 308 excussit.
611 282 701 314 Quare
723 282 766 307 illa
784 291 789 307 :
806 282 980 315 Nequaquam

204 328 316 363 (inquit)
333 335 375 354 tne
390 334 477 358 amas,
491 326 513 353 si
529 326 600 353 enim
617 335 749 359 atnasscs,
771 332 844 354 certe
861 327 926 352 mihi
943 327 982 352 iu-

203 373 323 399 dicasses
338 378 390 405 qua
416 372 443 398 in
469 375 545 405 parte
566 371 687 404 corporis
704 371 838 397 fortitudo
853 375 897 396 tua
914 378 979 397 con-

203 416 321 443 sisteret.
335 414 403 441 Tum
418 414 462 441 ille
480 415 560 442 taedio
583 416 715 442 adactus:
731 415 807 446 Mihi,
829 414 928 448 inquit,
947 415 980 440 ab

205 465 283 487 utero
293 460 386 487 matris
397 461 585 487 annuntiatum
596 464 637 488 est
651 467 684 487 ne
693 464 852 494 potestatem
863 461 890 486 in
900 463 980 493 caput

203 513 291 532 meum
307 505 417 533 haberet
430 505 549 538 ferrum;
564 505 587 532 si
608 512 670 539 ergo
685 505 794 531 radatur
808 505 872 531 milii
888 511 978 539 caput.

201 551 412 578 infirmahuntur
427 550 499 578 vires
517 550 595 586 ιω
612 558 677 578 mea:
697 559 703 579 :
720 551 818 578 deinde
835 551 860 578 in
875 551 980 586 gremio

199 596 258 630 ejus
275 595 447 623 obdormivit.
465 595 511 622 Illa
526 603 588 623 vero
603 595 630 622 in
645 596 747 630 gremio
763 603 813 623 suo
823 596 978 628 dormienti,

199 646 301 676 septem
317 641 432 668 crinium
444 641 587 668 cincinnos
598 642 675 668 rasit.
691 641 757 668 Cum
773 649 838 676 ergo
852 649 867 668 θ
883 649 978 668 somno

198 691 373 721 experrectus
391 692 484 718 esset,
501 687 604 714 viribus
626 686 770 714 imbecillis
788 687 848 714 fuit.
865 687 910 713 Illa
928 695 977 713 au-

199 737 251 758 tem
269 731 301 758 ad
317 731 435 758 tribttum
452 732 588 766 principes
602 732 684 764 misit,
700 733 744 766 qui
758 731 882 759 Samsoni
900 738 978 767 capto

198 777 292 804 oculos
321 782 461 810 eruerant,
479 777 622 812 ipsumque
637 782 734 804 catena
757 786 826 805 aerea
845 778 976 808 vinctum.

197 828 224 849 et
250 823 350 849 Gazam
371 827 560 857 asportatum,
588 823 692 850 carceri
720 823 904 855 incluserunt,
931 824 976 849 ubi

198 868 304 895 renasci
314 872 453 901 cmperunt
464 868 552 902 capilli
562 868 656 902 capitis
668 868 763 902 ipsius.
775 867 974 895 Convenientcs
993 866 1012 893 Β

197 918 286 940 autent
299 913 416 940 tribuunt
432 913 644 946 alienigenarum
661 913 807 948 principes,
823 913 857 939 ad
872 913 974 939 hostias

198 959 288 993 Dagon
302 959 352 985 deo
364 965 414 986 suo
428 957 619 990 immolandas,
630 957 787 985 Samsonem
815 958 974 991 eduxerunt,

198 1007 227 1030 ut
241 1003 291 1037 ipsi
309 1003 453 1030 illudentcs
467 1003 564 1030 deinde
578 1008 689 1030 mortem
708 1002 850 1030 inferrent.
874 1003 976 1038 Imple-

198 1052 309 1082 tmnque
321 1053 362 1075 est
381 1047 497 1082 Dagonis
515 1048 644 1082 templum
661 1048 827 1082 hominibus,
841 1056 895 1083 qua
911 1049 976 1076 viris

196 1100 250 1127 qua
263 1093 382 1124 feminis,
397 1101 450 1120 una
466 1100 527 1120 cunt
543 1097 614 1120 tecto
630 1093 726 1127 ipsius,
739 1094 806 1121 adeo
819 1093 973 1125 confertim,

196 1142 226 1166 ut
240 1146 293 1165 non
307 1143 461 1173 superesset
478 1139 554 1166 locus
566 1146 618 1172 quo
633 1145 707 1166 stare
720 1140 781 1173 quis
797 1144 887 1173 posset
898 1158 905 1170 ,
922 1147 975 1174 quo

197 1183 356 1211 Samsouem
386 1184 577 1217 conspicerent
604 1189 631 1211 et
662 1185 727 1218 quid
757 1185 789 1211 de
816 1185 862 1211 illo
889 1184 973 1211 fieret.

196 1228 267 1255 Dixit
290 1236 354 1263 ergo
375 1228 489 1256 Samson
512 1237 597 1264 puero
621 1230 708 1264 ipsum
733 1230 866 1256 ducenti:
887 1230 975 1263 Dirige

197 1280 304 1299 manum
324 1281 411 1300 meam
436 1273 469 1300 ad
493 1274 647 1301 columnam
663 1282 723 1309 quae
742 1275 872 1309 templum
890 1275 974 1302 susti-

196 1323 252 1350 net,
265 1323 431 1353 cxtensaque
446 1319 540 1346 dextra
555 1327 635 1347 unam
650 1320 856 1354 apprehendens
870 1321 973 1347 colunt-

195 1370 268 1395 nam,
292 1363 357 1391 Ima
380 1364 504 1396 alteram,
531 1372 578 1392 cas
603 1365 640 1391 ita
669 1365 782 1392 attraxit
799 1370 828 1392 ut
854 1370 975 1400 utraaque

195 1416 247 1435 una
262 1416 323 1436 cum
339 1410 437 1443 templo
453 1409 625 1442 deciderent;
648 1411 802 1445 mortuique
817 1416 880 1438 sunt
896 1411 973 1438 Sam-

194 1462 244 1481 son
271 1461 419 1488 omnesque
433 1455 479 1488 qui
496 1454 523 1481 in
551 1455 651 1490 tentplo
666 1454 776 1482 fuerant
792 1457 840 1483 viri
862 1461 890 1484 et
915 1465 975 1483 tnu-

194 1499 292 1532 lieres;
316 1500 462 1534 pluresque
489 1499 598 1527 fuerunt
618 1501 701 1528 occisi
717 1509 787 1536 quos
811 1507 899 1529 morte
922 1510 971 1529 sua

193 1544 292 1571 occidit
309 1543 437 1577 Samson,
449 1552 530 1579 quam
544 1553 612 1579 quos
637 1545 662 1572 in
679 1545 734 1572 vita
751 1553 801 1573 sua
824 1547 970 1574 occiderat.

192 1588 282 1622 Ipsum
301 1596 366 1616 vero
381 1589 519 1615 sublatum
544 1589 708 1624 sepelierunt
731 1591 773 1616 sui
801 1591 871 1617 inter
888 1591 971 1618 Saara

192 1637 219 1659 ct
235 1632 346 1660 Eshtaol
362 1641 423 1660 cum
448 1638 524 1667 patre
544 1641 592 1660 suo
616 1634 743 1666 Manoah,
769 1634 877 1662 Mortuo
893 1635 971 1662 Satn-

192 1684 270 1707 souc.
290 1682 419 1704 rexeruttt
432 1677 563 1705 Israelita:
579 1679 622 1705 alii
639 1679 707 1706 alios
731 1680 758 1706 in
774 1681 972 1715 tranquillitate

192 1725 218 1749 ct
234 1729 301 1756 pace
316 1723 396 1749 annis
412 1722 601 1757 quadraginta.

230 1766 404 1802 141143
420 1767 521 1794 Deinde
534 1768 640 1801 praefuit
654 1769 754 1802 populo
778 1769 816 1795 Eli
833 1770 970 1802 sacerdos,

195 1821 282 1840 annos
298 1814 403 1848 viginti.
420 1813 457 1840 Eo
471 1817 593 1848 tempore
615 1813 665 1840 fuit
689 1815 837 1841 sacrarium
859 1815 887 1842 in
909 1815 969 1843 Shi-

194 1859 278 1886 lumo.
301 1857 477 1893 Fueruntque
494 1859 533 1886 Eli
551 1859 686 1886 sacerdoti
704 1860 751 1886 lilii
767 1860 831 1890 duo,
854 1868 969 1895 quorum

195 1903 241 1930 uni
266 1911 365 1930 nomen
390 1904 519 1937 llophnc,
541 1905 619 1932 alteri
645 1904 772 1932 Phineas.
805 1905 866 1932 Fuit
889 1906 969 1933 etiam

194 1947 315 1981 ejusdem
349 1953 470 1982 tempere
493 1950 623 1984 propheta
646 1957 661 1976 e
683 1949 831 1982 Ramayain
861 1952 970 1977 nomine

192 1991 324 2024 ltelkana,
341 1993 413 2020 filius
432 1992 586 2020 Jerohoami
603 1993 636 2020 de
657 1995 728 2021 tribu
743 1993 819 2027 Leti,
836 1995 879 2021 cui
900 1995 970 2022 bina:

191 2041 269 2063 erant
291 2037 430 2072 coniuges,
446 2045 558 2072 quarum
576 2039 622 2065 uni
647 2046 744 2066 nomen
771 2039 883 2066 llannab
899 2039 971 2075 (quae

191 2081 293 2108 sterilis
310 2080 463 2116 fuit),alteri
482 2081 603 2115 Henana,
621 2083 664 2110 cui
688 2083 735 2110 filii
747 2085 969 2112 erant.l’rofecta

191 2130 282 2154 autem
300 2125 415 2153 ﬂannah
429 2127 463 2154 ad
481 2128 630 2155 sacrarium
646 2127 773 2161 Shilumi,
791 2135 898 2164 precata
928 2136 968 2158 est

986 1522 1007 1549 C

1035 241 1061 263 et
1075 236 1200 263 Phineas.
1219 236 1339 270 Egressa:
1361 240 1450 262 autem
1473 239 1568 262 contra
1595 235 1669 268 ipsos
1687 235 1814 268 alienigu-

1035 289 1130 308 narum
1148 281 1233 308 tribus
1252 280 1332 316 1M
1345 281 1417 315 ipsos
1436 281 1461 306 in
1486 281 1575 315 fugam
1591 280 1724 306 dederunt
1741 288 1747 305 :
1762 287 1813 305 ca:-

1033 327 1111 361 sique
1124 332 1187 353 sunt
1205 335 1237 353 ex
1262 326 1395 353 lsraelitis
1409 326 1500 352 tricies
1529 326 1612 357 mille,
1647 325 1828 359 fugientibus,

1032 371 1078 406 qui
1096 371 1224 405 fugerunt
1241 379 1293 405 qtta
1318 375 1453 405 poterant.
1481 370 1549 397 Caesi
1577 375 1643 396 sunt
1670 371 1750 397 etiam
1771 369 1823 398 Eli;

1033 416 1081 442 tilii
1121 415 1227 450 Hoplmi
1255 419 1281 441 et
1308 415 1445 446 Phineas;
1467 421 1613 449 arcanique
1645 419 1753 448 captam
1778 413 1811 439 ad

1034 461 1158 488 Yazdodo
1172 460 1271 487 Gazam
1288 464 1464 494 portaverunt
1483 459 1571 486 tribus
1583 459 1811 494 alienigenarum,

1031 506 1122 541 ibique
1147 506 1174 532 in
1198 506 1299 537 templo
1322 505 1439 539 Dagonis
1467 505 1533 531 idoli
1553 509 1718 532 statuerunt.
1741 504 1808 530 Dum

1031 559 1094 586 ergo
1111 551 1218 577 sederet
1247 551 1287 577 Eli
1314 551 1444 577 sacerdos
1458 550 1490 576 ad
1510 550 1612 577 ostiqu
1644 549 1757 576 sacrarii
1782 548 1809 575 in

1030 596 1234 626 Shilunte,ccee
1245 595 1360 622 accessit
1370 597 1411 622 vir
1422 595 1531 629 quidam
1542 603 1557 622 e
1566 594 1638 628 fuga,
1649 594 1724 620 rultn
1737 593 1811 620 deni-

1029 645 1116 675 grato.
1138 641 1260 668 vestibus
1285 641 1398 672 scissis;
1416 641 1459 667 cui
1489 640 1528 666 Eli
1555 639 1708 668 sacerdos:
1727 639 1809 671 Quid,

1031 688 1128 722 inquit,
1145 688 1182 714 rei
1198 691 1288 714 tecum
1305 686 1368 713 est?
1386 686 1536 720 Respondit
1561 685 1605 713 ille
1630 694 1637 712 :
1659 686 1687 711 In
1717 684 1808 718 fugam

1029 734 1153 759 conversi
1169 735 1232 758 sunt
1253 730 1393 762 Israelitte,
1413 729 1492 757 casis
1518 737 1612 756 eorum
1638 728 1807 763 quampluri-

1030 778 1093 810 mis,
1112 785 1219 811 unaque
1235 777 1342 804 duobus
1361 777 1422 803 ﬁliis
1438 777 1505 808 tuis,
1527 780 1661 810 captaque
1673 779 1714 802 est
1730 782 1805 801 arca.

1029 821 1079 849 Ubi
1102 826 1190 848 auten.
1213 821 1363 848 audivisset
1389 820 1428 847 Eli
1458 820 1587 847 sacerdos
1613 823 1719 854 captam
1745 826 1807 846 cssa

1026 874 1128 898 aream,
1146 873 1247 900 pronus
1261 866 1287 892 in
1300 865 1397 892 faciem
1414 865 1512 892 cadens
1531 865 1603 892 illico
1617 869 1741 891 mortuus
1752 867 1806 895 est,

1027 919 1115 939 annos
1129 916 1209 938 natus
1232 911 1388 945 nonaginta.
1406 911 1453 937 Die
1468 915 1558 937 autem
1585 910 1706 937 crastino
1725 916 1806 935 acce-

1027 958 1122 985 dentes
1133 957 1212 984 Gaza:
1228 956 1322 984 incola:
1345 956 1378 983 ad
1393 957 1522 990 templum
1545 955 1674 989 Dagonis,
1699 955 1732 980 ad
1762 955 1804 980 vi-

1028 1003 1142 1030 dendam
1156 1010 1258 1033 arcam,
1272 1002 1373 1029 idolum
1393 1002 1482 1036 Dagon
1504 1001 1530 1028 in
1550 1001 1645 1027 faciem
1660 1008 1735 1028 sua-n
1756 1007 1805 1026 co-

1027 1056 1083 1075 ram
1099 1055 1188 1075 arcam
1205 1052 1370 1082 prostratum
1398 1048 1571 1074 invenerunt.
1601 1047 1704 1073 Accidit
1722 1046 1805 1073 etiam

1027 1095 1053 1121 in
1071 1087 1137 1121 urbe
1162 1094 1233 1121 Gaza
1258 1094 1334 1128 plaga
1362 1093 1513 1125 mortifera,
1535 1093 1604 1127 ipsis
1629 1092 1804 1119 bmmorrhzea

1026 1139 1170 1174 correptis,
1188 1140 1353 1174 impletaquc
1371 1143 1413 1166 est
1430 1138 1505 1172 regio
1517 1138 1639 1172 ipsorum
1657 1137 1758 1164 muscis
1778 1141 1806 1164 c|

1026 1184 1209 1211 stelliouihus.
1227 1184 1357 1211 Substitit
1373 1189 1462 1210 autem
1477 1183 1548 1217 apud
1572 1184 1648 1217 ipsos
1663 1191 1723 1210 area
1739 1191 1806 1218 qua-

1026 1234 1087 1256 tuor
1112 1237 1220 1257 menses
1239 1229 1294 1265 [vel
1317 1230 1393 1264 juxta
1425 1229 1498 1256 aliud
1523 1229 1673 1264 exemplar,
1698 1234 1803 1263 septem

1026 1275 1154 1309 menses].
1174 1274 1303 1302 Dixerunt
1322 1283 1387 1309 ergo
1406 1275 1494 1302 Gaazci
1510 1274 1589 1302 :Non
1604 1275 1702 1302 accidit
1726 1275 1805 1302 nobis

1027 1320 1198 1348 haemorrhaea
1215 1321 1264 1347 ista
1279 1340 1286 1352 ,
1303 1328 1394 1354 neque
1414 1322 1514 1348 tnusc's
1528 1325 1553 1347 et
1570 1320 1741 1348 stellionihus
1757 1328 1804 1348 ve-

1026 1369 1121 1389 xamttr
1132 1363 1183 1390 nisi
1197 1363 1232 1390 ob
1248 1371 1338 1391 arcam
1352 1365 1430 1391 istam
1449 1371 1456 1390 :
1470 1365 1637 1392 dimittamus
1650 1373 1714 1399 ergo
1728 1373 1742 1391 a
1755 1372 1804 1392 no-

1025 1406 1066 1433 bis
1080 1414 1169 1434 arcatn
1183 1415 1191 1439 ;
1209 1414 1287 1435 secus
1300 1408 1372 1435 enim
1391 1408 1548 1442 peririmus.
1568 1410 1698 1436 Dixerunt
1712 1414 1803 1436 autem

1024 1451 1132 1485 quidam
1154 1460 1187 1479 ex
1207 1453 1275 1487 ipsis
1292 1460 1300 1479 :
1320 1452 1376 1480 Hoc
1389 1454 1573 1487 probabimus,
1587 1454 1762 1490 ιβιδ-147
1779 1455 1804 1481 si

1025 1497 1145 1532 acceptis
1175 1498 1299 1531 jurencis
1333 1498 1440 1526 duobus
1469 1499 1514 1533 qui
1542 1507 1680 1534 nunquam
1707 1501 1803 1535 jugum

1024 1542 1157 1574 tulerunt,
1173 1543 1227 1570 illis
1238 1543 1389 1577 plaustrum
1407 1551 1505 1570 novum
1524 1544 1706 1579 imponamus,
1723 1547 1804 1580 eique

1023 1594 1126 1619 arcam,
1144 1596 1253 1623 uitaque
1270 1596 1332 1615 cutn
1349 1596 1411 1616 arca
1427 1588 1522 1615 cistam
1540 1596 1683 1624 ponamus,
1702 1590 1729 1616 in
1749 1598 1802 1622 qua

1022 1633 1057 1659 sit
1075 1640 1228 1660 muscarum
1249 1638 1273 1660 et
1289 1633 1446 1660 stellionum
1464 1641 1497 1661 ex
1511 1641 1578 1661 auro
1589 1639 1671 1670 atque
1687 1640 1803 1669 argento

1022 1676 1133 1711 effigies,
1155 1678 1278 1704 muneris
1306 1678 1403 1707 instar.
1429 1673 1656 1714 abiunaquaque
1684 1681 1760 1712 urbe,
1786 1689 1800 1706 ιι

1021 1721 1104 1754 Gaza,
1131 1723 1165 1749 ab
1196 1722 1325 1756 Askclon,
1351 1731 1365 1750 a
1382 1723 1505 1758 liapltah,
1534 1725 1568 1752 ab
1599 1724 1738 1756 Yazdodo,
1767 1726 1803 1752 ab

1021 1766 1140 1800 liphron.
1165 1766 1194 1792 Si
1214 1767 1287 1794 enim
1305 1772 1378 1794 recta
1401 1768 1511 1794 tendant
1526 1768 1634 1803 juvenci
1659 1770 1686 1796 in
1710 1770 1801 1804 regio—

1022 1818 1081 1836 nem
1098 1810 1287 1843 lsraeliticam,
1306 1819 1397 1839 arcam
1413 1813 1592 1846 dimittemus,
1615 1815 1730 1842 scientes
1751 1816 1800 1850 dy»

1021 1856 1166 1882 senteriam
1178 1856 1269 1889 istam,
1282 1864 1388 1885 necnon
1402 1866 1511 1887 muscas
1525 1864 1551 1887 et
1563 1860 1713 1891 stellioncs,
1730 1868 1801 1887 arca:

1021 1907 1103 1927 causa
1116 1901 1249 1936 obtigisse
1264 1910 1272 1934 ;
1288 1903 1330 1930 sin
1349 1904 1438 1930 minus
1454 1904 1482 1930 in
1498 1908 1598 1931 terram
1621 1905 1798 1931 lsmelitlcant

1021 1945 1136 1980 profecti
1163 1946 1275 1979 fuerint,
1298 1948 1417 1976 sciemus
1442 1949 1492 1976 hoc
1517 1951 1644 1977 accidens
1669 1951 1764 1982 fuisse,
1785 1959 1800 1977 c

1020 1991 1085 2018 vitio
1098 1992 1169 2020 aeris
1186 1997 1212 2019 et
1227 1994 1382 2026 pestilentia
1397 1999 1497 2021 ortum.

1056 2037 1112 2064 lloc
1125 2038 1207 2072 igitur
1223 2046 1284 2065 cum
1297 2039 1437 2071 fecissent,
1454 2045 1525 2066 recta
1539 2040 1664 2067 abierunt
1688 2041 1796 2074 juvcnci

1019 2082 1045 2108 in
1058 2082 1242 2110 Israelitarum
1260 2084 1416 2120 regionem;
1435 2085 1538 2119 ipsique
1566 2085 1729 2120 dysenteria,
1745 2095 1796 2121 qua

1018 2126 1107 2154 affecti
1122 2127 1238 2161 fuerant,
1249 2128 1357 2156 liberati
1374 2133 1438 2156 sunt
1452 2129 1660 2162 ;recedentibus
1671 2132 1751 2158 etiam
1763 2132 1797 2158 ab

192 2171 335 2199 Dominum
352 2179 452 2206 rogans
467 2177 495 2199 ut
506 2172 556 2207 ipsi
576 2172 659 2199 lilium
674 2173 829 2208 largiretur,
857 2175 963 2209 pollici-
984 2182 1006 2208 ι)
1020 2173 1087 2207 ipsis
1099 2173 1301 2202 stellionibusel
1313 2175 1422 2201 muscis.
1436 2174 1504 2201 Cum
1515 2181 1604 2202 autem
1611 2178 1798 2211 pervenissent

190 2223 273 2252 taque
288 2217 403 2244 Domino
415 2225 444 2244 se
462 2217 550 2252 ipsum
567 2218 722 2245 ministrum
745 2220 844 2253 templo
864 2220 968 2247 dicatu-

189 2269 261 2290 ram.
275 2261 421 2289 Gravidata
435 2268 498 2297 ergo
513 2261 665 2288 Samuelem
678 2262 834 2296 prophetam
846 2265 948 2298 peperit
961 2273 968 2296 ;

188 2312 278 2339 quem,
295 2312 357 2332 cum
375 2304 431 2338 jam
452 2309 507 2331 tres
522 2312 609 2332 annos
635 2310 716 2332 natus
741 2311 823 2338 esset,
848 2307 968 2335 abduxe-

189 2356 251 2377 runt
269 2355 347 2385 pater
367 2350 455 2384 ipsius
481 2349 618 2377 Helkanah
643 2355 670 2377 et
692 2355 778 2377 mater
803 2351 916 2378 Hannah
932 2351 966 2378 ad

189 2397 337 2423 sacrarium
358 2395 531 2428 Shtlumutn,
555 2396 754 2430 imtuolatisquc
781 2396 896 2423 Domino
919 2398 967 2423 ho-

187 2441 257 2473 stiis.
270 2441 353 2468 filium
365 2448 445 2468 suum
459 2440 612 2467 Samuelem
635 2440 673 2467 Eli
688 2441 820 2468 sacerdoti
849 2442 967 2469 tradide-

187 2492 261 2514 runt.
279 2486 450 2514 Ministrahat
465 2494 529 2520 ergo
551 2486 660 2513 Samuel
686 2488 713 2513 in
738 2487 870 2514 sacrario.
897 2488 964 2514 Cum

186 2539 276 2560 antetn
290 2536 459 2567 congregata:
474 2532 686 2566 alienigenarum
704 2531 790 2559 tribus
811 2533 844 2559 ad
863 2532 964 2559 bellum

187 2577 318 2605 lsraelitis
330 2577 512 2608 inferendum.
531 2585 624 2604 eoruut
637 2577 711 2605 viros
731 2583 826 2612 quater
848 2577 920 2604 mille
936 2577 963 2604 itt

187 2623 279 2657 praelia
292 2623 466 2655 cecidissent,
482 2622 609 2649 dixerunt
624 2623 717 2657 populi
730 2623 873 2649 lsraelitici
887 2622 964 2657 prin-

187 2671 261 2704 cipes
291 2678 297 2696 :
324 2669 504 2702 Deportcmus
530 2669 671 2695 nobiscum
702 2676 790 2695 aream
813 2668 923 2696 hederis
949 2678 963 2694 a

185 2715 322 2746 Sltilutno,
336 2720 368 2742 ut
383 2715 409 2742 in
430 2714 518 2742 medio
534 2715 620 2742 nostri
641 2713 677 2741 sit
691 2714 763 2740 inter
775 2713 960 2748 pra-liandum,

183 2769 237 2795 quo
259 2761 320 2794 ejus
346 2767 397 2794 ope
421 2759 517 2793 eripiat
540 2767 590 2788 nos
615 2760 746 2786 Dominus
771 2766 786 2785 e
810 2767 890 2786 iuanu
915 2759 962 2785 lio-

182 2811 264 2832 stmm
281 2810 445 2831 nostrorum.
466 2805 564 2831 Arcam
580 2812 642 2839 ergo
660 2812 673 2830 a
700 2803 823 2830 Sliilumo
845 2805 961 2831 sustule-

1019 2216 1130 2250 juvcnci
1146 2217 1179 2244 ad
1196 2217 1273 2246 Beith
1291 2218 1415 2252 Shentes,
1429 2219 1615 2254 eujusinoolaa
1630 2229 1662 2248 eo
1679 2227 1798 2256 tempore

1021 2263 1157 2289 Inctebant
1171 2264 1197 2290 in
1214 2271 1279 2298 agro
1295 2264 1377 2296 Usiae,
1392 2265 1429 2290 illi
1442 2270 1548 2300 recepta
1564 2274 1627 2293 arca
1644 2268 1796 2301 plaustrutn

1019 2309 1220 2343 cont'regerunt,
1237 2313 1263 2336 et
1275 2309 1409 2343 juvencos
1422 2311 1576 2338 immolatos
1593 2313 1618 2338 in
1631 2314 1796 2339 sacrificium

1019 2353 1198 2385 obtulerunt;
1225 2355 1363 2388 capsulam
1380 2359 1462 2382 etiam
1482 2356 1510 2382 in
1528 2364 1579 2389 qua
1609 2357 1719 2384 fuerunt
1742 2366 1796 2384 mtt-

1018 2405 1124 2424 scarum
1147 2403 1174 2425 et
1191 2399 1346 2426 stellionum
1366 2401 1469 2435 effigies
1488 2409 1577 2428 aurcze
1602 2406 1628 2429 et
1651 2408 1794 2437 argenteae,

1018 2449 1195 2477 acceperunt.
1216 2444 1314 2470 Arcam
1330 2452 1420 2472 autem
1435 2452 1569 2480 receptam
1586 2447 1797 2474 introduxerunt

1018 2489 1112 2515 incolae
1124 2489 1177 2516 vici
1191 2489 1237 2524 qui
1262 2490 1351 2516 Kitiat
1365 2491 1440 2517 Auab
1457 2493 1542 2523 audit,
1556 2493 1582 2519 iu
1598 2493 1706 2519 domum
1731 2494 1795 2519 Abi-

1018 2534 1117 2560 nadabi
1135 2535 1221 2568 patris
1239 2535 1339 2568 Gazai;
1359 2544 1472 2570 eamque
1484 2537 1510 2563 in
1529 2538 1589 2564 loco
1603 2539 1675 2565 dicto
1692 2538 1794 2568 Gabaa.

1017 2579 1062 2613 qui
1081 2587 1129 2605 arx
1144 2585 1213 2612 erat,
1224 2581 1370 2615 repositam
1386 2581 1475 2608 Gazao
1491 2586 1517 2608 et
1528 2583 1624 2610 Altnoo
1640 2585 1794 2611 custodien—

1016 2624 1078 2651 dam
1096 2625 1278 2652 tradiderunt.

1051 2670 1155 2697 Mortuo
1165 2671 1202 2697 Eli
1213 2672 1362 2703 sacerdote,
1375 2673 1499 2706 populum
1514 2673 1583 2699 rexit
1591 2672 1699 2700 Samuel

1015 2716 1147 2750 propheta
1165 2717 1246 2743 annis
1261 2717 1365 2751 viginti.
1388 2718 1454 2744 Cum
1468 2724 1557 2745 autem
1575 2718 1712 2750 Israelita,
1730 2721 1792 2746 reli-

1014 2763 1066 2788 ctis
1085 2761 1175 2793 idolis,
1197 2763 1230 2787 ad
1252 2763 1354 2789 cultutn
1382 2762 1488 2789 Dotnini
1518 2767 1616 2791 reversi
1637 2770 1737 2795 essent,
1761 2765 1794 2790 ti-

1014 2813 1141 2833 muerttnt
1159 2810 1231 2841 ipsos
1249 2808 1336 2836 tribus
1356 2809 1532 2843 alienigena;
1552 2818 1567 2836 a
1585 2811 1683 2844 quibus
1701 2812 1792 2836 abstit-
