2015 3081
216 156 265 188 9i!

931 158 1111 188 ANNALES.

1784 161 1836 192 912

216 214 305 241 lerunt
327 215 454 241 Israelita;
470 221 564 241 omnes
580 223 648 249 quas
664 220 844 248 superassent
874 215 955 242 urbes
974 216 1006 241 ad
1021 219 1043 246 Α
1059 216 1127 242 dixit
1141 215 1250 242 Samuel
1266 216 1396 250 propheta
1414 216 1489 243 Sauli
1509 218 1564 252 regi
1581 225 1588 244 :
1609 216 1648 244 Ad
1671 217 1834 245 Amalekita-

217 260 325 293 liphron
351 267 436 293 usque
457 259 595 294 Itapltaclt.
617 260 737 287 Ftteruut
765 264 856 286 autent
876 260 996 287 Samucli

217 305 263 332 lilii
283 305 348 336 duo,
369 313 484 339 quorum
503 311 568 332 natu
590 306 686 340 majori
701 313 799 332 nomen
814 305 884 337 Joel,
897 306 995 333 minori

215 350 294 381 Abia,
308 350 353 384 qui
371 350 499 384 populum
526 351 670 385 tranquille
685 355 712 377 et
729 351 841 386 paciﬁce
865 356 997 378 rexerunt

216 395 242 421 iu
259 395 421 422 Beersheba.

249 442 358 469 Aleum
383 445 519 471 senuisset
536 444 657 476 Samuel,
677 445 832 478 congregati
854 444 886 470 ad
908 444 995 478 ipsqu

214 485 343 514 Israelita:
360 488 386 514 iu
405 488 506 515 Ramah
529 489 656 516 dixerunt
673 498 680 516 :
696 489 840 516 Coustitue
859 489 937 516 nobis
953 497 997 515 re-

214 539 272 564 gem
289 532 333 566 qui
348 540 396 558 nos
411 539 495 567 regat,
515 533 586 560 sicut
608 533 719 567 reliquae
736 538 831 567 gentes
848 541 925 567 rcges
948 533 995 559 ha-

215 579 288 605 bent.
312 578 382 604 Dixit
403 585 467 612 ergo
484 579 536 605 illis
556 579 665 605 Samuel
689 579 821 613 propheta
844 588 850 605 :
868 579 936 605 Cum
953 587 996 605 re-

214 631 273 657 gem
299 623 377 650 vobis
402 623 590 657 praefeceritis,
619 624 674 655 ille,
690 623 765 650 vobis
792 625 818 650 in
840 624 996 650 servitutem

214 668 341 700 redactis,
364 669 391 695 in
412 676 477 702 opes
491 673 597 696 vestras
613 672 775 702 potestatem
791 669 842 696 sibi
855 672 953 698 sumet,
971 672 997 694 et

211 713 332 740 omnium
347 721 407 748 qua:
432 714 577 747 possidetis
593 714 713 741 decimas
729 714 853 748 accipiet.
879 713 998 748 Rcspon~

212 759 342 786 dentibus
358 759 414 785 illis
430 768 436 786 :
455 758 510 785 Hoc
546 759 626 786 nobis
649 760 747 793 placet,
772 760 838 785 dixit
865 759 995 786 Samuel:

213 803 278 831 Novi
303 812 353 838 ego
380 803 466 830 virum
495 812 510 831 e
541 805 611 831 tribu
642 803 782 838 Beniamin
809 805 919 832 nomine
937 805 996 836 Cis,

213 849 333 876 Anbielis
361 849 457 882 ﬁlium,
490 850 533 876 eui
559 849 630 877 ﬁlius
661 855 702 877 est
730 851 840 877 nomine
860 850 934 882 Sanl,
957 851 997 877 vir

1052 269 1111 288 rum
1127 261 1222 288 urbem
1237 261 1388 296 profectos,
1410 264 1507 296 Ipsam,
1522 263 1600 290 ca-sis
1615 263 1662 298 qui
1683 263 1712 290 in
1727 271 1758 290 ea
1773 269 1836 291 sunt

1051 306 1178 333 omnibus
1192 305 1268 338 viris,
1279 305 1397 337 feminis.
1416 307 1519 341 pueris,
1532 307 1706 339 animalibus,
1721 309 1836 335 exscin-

1051 351 1110 378 das.
1128 351 1192 378 Saul
1214 359 1291 384 ergo,
1308 352 1456 383 assumptis
1482 359 1574 379 secum
1600 360 1615 380 e
1644 353 1736 388 Galgal
1769 353 1835 380 viris

1051 402 1170 431 quattuor
1183 397 1266 428 mille,
1282 397 1466 432 lsraelitisque
1481 405 1496 424 e.
1511 397 1583 424 tribu
1602 397 1679 425 Jqu
1694 403 1734 426 ter
1750 399 1834 430 mille.

1052 447 1146 469 contra
1159 442 1318 470 Amalolmm
1345 443 1494 477 profectus,
1522 444 1689 471 Amalekitas
1714 445 1747 471 ab
1769 445 1836 471 urbe

1053 485 1130 513 Hiula
1148 494 1233 521 usque
1249 487 1343 515 urbem
1362 487 1416 514 Sur
1431 488 1549 520 caedens,
1577 490 1681 523 Aagum
1711 489 1833 522 ipsorum

1053 539 1142 566 regem
1152 532 1243 559 vivum
1258 533 1346 566 ccpit;
1360 539 1442 567 agros
1459 538 1551 560 autem
1564 537 1590 560 et
1603 533 1695 560 vineas
1714 534 1833 568 ipsorum

1053 583 1105 603 non
1122 577 1248 608 vastavit,
1266 584 1355 611 neque
1370 577 1485 605 bestias.
1498 578 1603 612 aliquas
1621 579 1746 611 peraruit,
1770 579 1833 605 dum

1053 622 1182 656 pecudes,
1199 623 1282 650 hoch
1304 627 1331 649 et
1363 623 1487 657 jumenta
1521 631 1618 651 eorum
1648 624 1836 658 prtedarentur

1051 667 1165 694 comites
1179 667 1277 701 ipsius.
1292 667 1360 695 Cum
1380 676 1445 703 ergo
1459 676 1473 694 a
1492 668 1565 695 bello
1580 669 1720 703 Galgalum
1738 669 1836 696 rediis-

1051 716 1102 741 set.
1123 713 1193 739 dixit
1213 712 1251 739 illi
1278 713 1388 740 Samuel
1413 714 1544 748 propheta
1566 723 1572 740 :
1592 714 1690 740 Annon
1713 714 1781 748 jussi
1810 719 1835 741 tc

1053 764 1160 791 pecora,
1178 758 1270 789 boves,
1285 761 1312 783 et
1324 757 1445 790 jumenta
1467 766 1561 784 eorum
1581 759 1696 789 credere,
1721 763 1836 785 terram-

1051 811 1104 836 que
1122 803 1254 830 vastare?
1269 803 1341 838 quod
1355 810 1418 830 cum
1438 811 1490 830 non
1512 804 1609 831 feceris
1625 812 1724 838 ungam
1741 812 1792 838 ego
1807 803 1834 830 in

1052 849 1188 877 lsraelitas
1204 857 1295 884 regem
1324 857 1340 878 a
1365 854 1391 877 le
1413 850 1508 878 alitnn.
1538 850 1606 877 Tum
1634 851 1833 885 apprehensum

211 895 280 922 facie
298 895 405 926 decora,
421 903 560 929 procerus,
577 895 735 923 fortitudine
763 896 899 930 insignis;
919 897 994 924 illum
1013 898 1033 924 Β
1050 897 1167 930 Aagum,
1185 896 1400 923 Amalekitarum
1427 904 1529 931 regem,
1555 897 1700 925 decollavit
1724 896 1834 924 Samuel

213 941 289 968 vobis
310 948 399 974 regem
431 942 606 968 constituam.
638 941 706 968 Cum
742 941 873 974 deperditi
908 947 996 969 autem

212 989 305 1013 essent
339 986 414 1018 Ciso,
443 986 533 1014 Saulis
561 987 643 1022 patri,
664 986 745 1018 asini,
765 986 833 1013 dixit
867 986 910 1014 ille
943 987 998 1014 ﬁlio

211 1040 261 1059 suo
277 1032 350 1058 Sauli
370 1032 530 1067 :Assumpto
544 1036 634 1060 tecum
649 1040 663 1059 e
679 1033 766 1060 servis
779 1032 832 1060 tuis
849 1033 949 1067 aliquo,
965 1033 997 1059 ad

212 1078 374 1112 tha‘rendos
387 1078 482 1105 asinos
499 1078 694 1112 proficiscaris.
712 1077 856 1105 Profectus
871 1086 935 1113 ergo
953 1079 996 1106 ille

212 1131 273 1150 cum
290 1131 304 1149 a
321 1123 380 1150 vico
396 1123 428 1149 ad
441 1123 529 1150 vicum
548 1123 580 1150 ad
593 1123 755 1157 quaerendos
770 1124 863 1151 asinos
882 1124 997 1151 transis-

211 1172 262 1200 set,
281 1168 349 1195 dixit
365 1168 415 1203 ipsi
432 1176 499 1203 puer
510 1168 568 1202 ejus
582 1178 588 1196 :
605 1169 645 1196 Ad
673 1169 766 1196 urbem
782 1169 916 1196 Samuelis
933 1177 996 1204 pro-

212 1213 299 1248 phetae
311 1214 486 1246 accedamus,
500 1214 545 1241 ille
559 1213 694 1249 siquidem
709 1221 764 1248 quo
777 1214 836 1241 loco
854 1214 908 1241 sint
925 1215 994 1241 asini

212 1258 290 1286 nobis
308 1259 447 1286 indicabit.
465 1259 505 1285 Ad
531 1259 682 1286 Samuelem
704 1266 768 1293 ergo
786 1260 898 1293 profecti
920 1264 995 1292 sunt,

211 1305 256 1338 qui
286 1305 317 1331 iis
334 1304 423 1332 cibum
443 1308 590 1339 potumque
606 1303 776 1340 159-151
791 1304 934 1339 apposuit;
951 1305 997 1331 de-

211 1349 282 1381 inde,
296 1354 408 1383 accepto
426 1356 510 1377 cornu
539 1349 612 1384 quod
650 1349 709 1377 oleo
734 1350 870 1384 impletum
900 1350 996 1381 fuerat,

212 1394 277 1421 iliud
295 1395 385 1422 Saulis
402 1395 484 1428 capiti
497 1394 650 1427 affuudens,
661 1396 803 1430 ipsumque
813 1395 996 1428 eoinungens,

210 1440 279 1466 dixit
296 1448 302 1466 :
321 1440 391 1467 Deus
411 1444 436 1469 te
450 1440 530 1467 hodie
546 1447 636 1475 regem
651 1439 677 1466 in
693 1439 830 1466 lsraelitas
842 1439 996 1471 constituit,

211 1487 290 1520 cujus
311 1485 348 1512 rei
364 1485 481 1520 signum,
503 1486 576 1520 quod
593 1485 623 1511 ad
638 1489 742 1519 patrem
767 1488 843 1511 tuum
871 1492 997 1511 reversus

211 1531 300 1565 ipsum
317 1531 410 1559 asinos
427 1532 565 1559 invertisse
587 1533 722 1566 reperies;
744 1531 851 1565 fuitque
870 1530 942 1557 sicut
956 1530 998 1556 di-

211 1578 249 1604 xit
269 1577 378 1604 Samuel
395 1578 541 1612 propheta;
568 1577 689 1612 regnavit
706 1584 772 1611 ergo
788 1575 853 1602 Saul
868 1576 896 1602 iu
910 1575 994 1603 lsrae»
1011 1567 1030 1593 (ἶ

211 1624 339 1658 lilas,qui
356 1624 458 1657 primus
474 1624 594 1657 ipsorum
613 1631 659 1650 rex
677 1622 736 1648 fuit.

245 1669 407 1704 Congregati
426 1673 515 1695 autem
531 1670 580 1695 vili
606 1669 714 1696 urbium
735 1668 814 1696 Jabin
839 1672 867 1695 et
895 1667 996 1695 Galaad

211 1715 243 1740 ad
272 1714 431 1742 Maheshum
461 1715 667 1746 Ammonitam,
704 1716 852 1741 noluerunt
882 1721 996 1747 regnare

211 1759 331 1787 Saulem.
350 1759 422 1786 Exiit
437 1768 501 1794 ergo
518 1760 627 1787 Mahesh
642 1760 674 1786 ad
690 1759 904 1794 oppugnandum
921 1759 991 1786 Sau-

212 1806 263 1831 lem
294 1813 355 1832 cum
385 1813 481 1841 magna
511 1806 654 1832 hominum
678 1805 870 1837 multitudine;
902 1809 996 1832 contra

210 1857 289 1884 quem
303 1850 434 1876 auxilium
451 1858 465 1875 a
484 1849 539 1877 Deo
555 1855 721 1877 consecutus
737 1850 812 1882 Saul,
825 1851 996 1877 Animonitas

212 1900 303 1930 strage
318 1903 414 1931 magna
442 1896 591 1923 interfecit.
618 1895 686 1923 Tum
709 1896 818 1923 Samuel
846 1897 995 1931 propheta,

211 1941 358 1976 assumptis
372 1949 464 1969 secum
479 1941 561 1968 Saule
574 1947 602 1968 et
613 1949 627 1968 e
644 1941 798 1968 senioribus
813 1942 994 1969 lsraclitarum

211 1984 301 2020 cmtu,’
321 1987 460 2022 profectus
494 1987 598 2023 Gaigal,
629 1991 795 2022 acceptoque
828 1995 912 2015 cornu
944 1989 994 2015 olei

211 2034 303 2067 pleno,
319 2032 427 2059 Saulem
447 2033 546 2060 iterum
563 2041 655 2060 coram
674 2033 774 2068 populo
785 2034 811 2060 in
827 2033 919 2068 Galgal
935 2035 995 2062 oleo

210 2079 330 2106 induxit.
347 2077 497 2112 Lzetatique
512 2078 638 2105 homines
653 2079 687 2104 ob
708 2085 820 2112 regnum
841 2079 941 2112 Saulis,
959 2080 996 2105 ri-

211 2125 308 2150 ttiiuas
323 2123 424 2150 multas
439 2123 554 2150 Domino
572 2124 757 2150 innnolaruut.
778 2123 917 2159 Elcgitquc
931 2125 996 2152 Saul

209 2178 244 2197 ex
262 2170 394 2197 Israclitis
420 2170 492 2195 viros
515 2174 555 2196 ter
571 2169 643 2196 mille
664 2169 711 2203 qui
734 2176 794 2195 cum
817 2169 863 2196 illo
891 2175 994 2197 essent.

210 2215 273 2242 Fuit
289 2220 378 2242 autem
401 2214 475 2242 Sauli
495 2215 566 2241 ﬁlius
582 2216 692 2241 nomine
706 2214 854 2248 .lonalhan,
881 2216 926 2250 qui
953 2224 993 2242 as-
1014 2232 1034 2260 Β

212 2262 327 2296 Sumptis
346 2268 440 2287 eorum
460 2261 534 2287 mille
550 2261 616 2287 viris
630 2259 753 2292 Nasimo,
768 2261 813 2295 qui
841 2261 866 2288 iu
884 2260 993 2288 Yuumu

213 2308 310 2339 fuerat,
343 2315 460 2342 pugnam
491 2306 621 2336 inferens,
641 2308 725 2340 ipsum
752 2306 930 2340 inultosquec
950 2308 996 2332 tri-

212 2353 301 2380 bubus
332 2352 491 2386 alienigenis
526 2352 635 2380 occidit.
660 2351 727 2378 Cum
756 2359 820 2386 ergo
855 2352 996 2379 audissent

212 2399 299 2426 tribus
317 2398 374 2425 ista:
395 2398 460 2431 quid
477 2397 588 2425 fecisset
618 2396 770 2430 Jonathan,
799 2398 995 2425 convenientes

211 2453 243 2471 ex
265 2444 329 2478 ipsis
345 2444 449 2478 pedites
476 2443 568 2470 tricies
585 2443 658 2470 mille
677 2443 854 2478 equitumque
871 2451 917 2470 sex
935 2443 996 2469 inil—

212 2491 257 2520 lia,
276 2490 308 2516 ad
321 2497 438 2524 pugnam
455 2494 550 2516 contra
575 2489 715 2516 lsraelitas
734 2489 760 2514 in
777 2488 871 2523 Galgal
890 2488 997 2522 prodie-

212 2540 293 2569 runt;
309 2544 425 2571 quorum
442 2538 541 2562 timore
571 2535 689 2570 perculsi
709 2535 788 2569 152
815 2535 944 2562 Israelita:
969 2535 995 2561 in

212 2587 339 2614 montes,
360 2581 444 2609 valles
467 2586 493 2608 et
525 2581 633 2609 deserta
657 2581 848 2616 confugerunt.
882 2580 997 2615 Fuitquc

211 2629 277 2655 Sani
291 2629 318 2654 in
334 2628 447 2662 Galgal;
466 2627 610 2654 Jonatham
627 2635 702 2659 vero,
719 2631 858 2661 assumpta
884 2625 995 2653 lsracli-

211 2681 301 2702 tarum
319 2675 440 2706 cohorte,
461 2674 494 2700 ad
519 2674 670 2701 exercitum
693 2673 907 2707 alienigenarum
934 2679 996 2706 pro-

212 2720 299 2747 fectus
311 2725 362 2751 est,
376 2725 401 2746 et
415 2727 508 2746 eorum
520 2727 610 2746 coram
625 2720 683 2754 ipso
695 2718 855 2752 fugientium
870 2724 994 2751 Iuagnaan

211 2765 356 2792 admodum
374 2769 491 2799 stragem
506 2764 601 2791 edidit.
617 2764 677 2797 Quo
692 2764 798 2796 audito,
815 2763 879 2790 Sattl
904 2764 930 2790 in
947 2763 996 2789 tri-

213 2814 294 2838 buum
313 2811 427 2837 istarum
443 2811 581 2837 exercitus
597 2816 679 2836 noctu
705 2809 823 2840 irruens,
840 2816 888 2836 eos
910 2809 996 2835 inter-

213 2855 288 2889 fecit,
316 2855 383 2882 adeo
396 2859 425 2882 ut
440 2863 474 2882 ne
493 2863 565 2882 unus
589 2855 700 2890 quidem
728 2854 867 2882 evaderet.
894 2854 994 2881 Deinde

1050 942 1199 975 propheta;
1214 941 1313 968 deinde
1341 941 1454 968 Ramam
1470 950 1597 970 reversus
1611 946 1672 975 est;
1689 942 1755 969 Saul
1784 949 1834 968 att-

1049 989 1101 1011 tem
1117 986 1231 1012 domum
1266 993 1342 1012 suam
1369 986 1396 1012 in
1420 986 1502 1014 Gibea
1532 987 1607 1014 adiit.
1633 987 1746 1022 Aliquot
1770 990 1834 1020 post

1049 1029 1145 1057 diebus
1163 1029 1304 1064 profectus
1319 1029 1428 1057 Samuel
1445 1030 1662 1062 Bethlebemum,
1680 1032 1834 1066 apprehen-

1048 1083 1109 1102 sum
1138 1075 1266 1102 Davidem
1291 1075 1374 1101 lilium
1397 1075 1474 1103 Jessc
1498 1078 1559 1103 oleo
1586 1078 1662 1104 unxit
1687 1078 1714 1103 in
1743 1085 1834 1112 regem

1049 1121 1436 1157 l~raelitarum,.153-155
1449 1130 1510 1149 eain
1524 1124 1630 1157 juvenis
1646 1123 1734 1150 adhuc
1751 1128 1834 1151 esset.

1085 1167 1180 1195 Postea
1211 1168 1331 1195 collecta:
1367 1176 1463 1196 rursus
1491 1170 1706 1204 alienigenarum
1745 1169 1834 1196 tribus

1051 1213 1159 1240 Saulem
1182 1213 1255 1240 bello
1276 1213 1424 1245 lacessere,
1451 1218 1546 1241 contra
1562 1222 1632 1249 quas
1654 1215 1688 1242 ad
1718 1222 1832 1251 pugnam

1048 1265 1176 1293 egressus
1191 1262 1234 1286 est
1248 1265 1310 1285 cum
1336 1260 1394 1286 suis
1412 1258 1488 1290 Saul,
1515 1267 1594 1294 quem
1616 1260 1643 1286 in
1663 1260 1762 1287 bellum
1787 1268 1835 1288 co-

1049 1304 1136 1330 mitati
1158 1308 1223 1331 sunt
1240 1303 1352 1331 Davidis
1367 1303 1477 1332 fratres.
1494 1304 1572 1332 Jesse
1595 1312 1674 1340 ergo,
1698 1306 1834 1333 accercito

1049 1349 1104 1374 ῆιιο
1118 1356 1168 1375 suo
1189 1348 1304 1380 Davide,
1323 1349 1412 1383 ipsum
1438 1353 1593 1377 commeatu
1619 1351 1782 1378 instructttm
1801 1352 1834 1378 ad

1049 1394 1147 1420 fratres
1161 1401 1226 1421 suos
1243 1395 1269 1421 iu
1285 1395 1439 1422 exercitum
1458 1396 1548 1429 misit;
1567 1396 1599 1422 ad
1613 1404 1683 1431 quos
1693 1404 1754 1424 cum
1773 1405 1834 1432 per-

1049 1439 1181 1471 venisset,
1198 1439 1354 1466 remittente
1373 1445 1428 1466 tum
1446 1447 1546 1475 pugna,
1560 1442 1701 1475 conspexit
1717 1442 1806 1469 virum
1819 1451 1834 1469 e

1049 1484 1174 1510 tribubus
1199 1484 1426 1519 alienigenarum,
1457 1486 1566 1512 nomine
1593 1485 1760 1518 Goliathum,
1787 1487 1833 1520 qui

1050 1529 1210 1556 inclamaret
1229 1538 1236 1559 ς
1258 1529 1344 1562 Heus,
1364 1529 1503 1562 Israelita),
1520 1534 1597 1557 estne
1619 1531 1663 1565 qui
1685 1531 1729 1565 [ad
1747 1536 1834 1558 certa-

1049 1574 1123 1610 men]
1139 1575 1276 1609 prodeat?
1293 1575 1364 1601 Dixit
1378 1576 1459 1610 igitur
1483 1575 1566 1602 David
1593 1577 1722 1604 fratribus
1751 1578 1808 1604 suis
1825 1586 1832 1604 :

1049 1621 1103 1656 Ego
1117 1621 1204 1648 virum
1228 1622 1310 1648 istum
1337 1621 1512 1649 interficiant.
1540 1622 1718 1657 lncreparunt
1743 1627 1832 1650 autem

1049 1668 1137 1701 ipsum
1157 1667 1256 1693 fratres
1274 1668 1336 1699 sui;
1363 1672 1390 1693 at
1417 1671 1480 1694 cuin
1500 1668 1551 1694 hoc
1583 1668 1733 1696 audivisset
1767 1668 1832 1695 Saul

1048 1715 1118 1748 ipse,
1138 1714 1274 1741 aerersito
1290 1713 1399 1745 Davide,
1418 1714 1500 1740 lorica
1532 1714 1656 1740 indutum
1688 1714 1833 1749 gladioque

1050 1761 1215 1791 accinctum,
1234 1760 1261 1786 in
1288 1767 1432 1786 occursum
1456 1759 1573 1786 Goliathi
1609 1760 1718 1794 prodire
1740 1760 1832 1794 jussit.

1050 1805 1131 1832 David
1145 1810 1249 1837 autent,
1273 1813 1334 1832 cum
1353 1806 1424 1832 inter
1438 1806 1512 1832 acies
1527 1810 1610 1837 esset,
1631 1805 1721 1832 exutis
1749 1805 1831 1831 lorica

1048 1855 1074 1878 et
1086 1851 1181 1882 armis,
1199 1851 1359 1885 abjeetoque
1379 1850 1478 1884 gladio,
1509 1850 1618 1877 fundam
1639 1857 1721 1885 quam
1739 1858 1831 1877 secum

1050 1895 1145 1922 habuit
1159 1895 1304 1928 arripiens,
1315 1894 1340 1921 ei
1355 1895 1473 1928 lapidem
1490 1894 1630 1929 imposuit,
1645 1902 1699 1928 quo
1715 1902 1833 1922 excusso

1049 1948 1110 1968 cum
1125 1940 1243 1968 Goliathi
1258 1941 1376 1967 frontem
1394 1941 1587 1974 percussisset,
1614 1941 1671 1975 ipso
1688 1941 1713 1967 in
1732 1945 1831 1968 terram

1048 1985 1160 2019 decidit,
1180 1993 1259 2020 quem
1274 1985 1357 2013 David
1376 1986 1512 2020 prehenso
1525 1986 1611 2020 ipsius
1628 1986 1719 2020 gladio
1746 1987 1832 2013 inter-

1049 2033 1133 2065 fecit;
1164 2032 1378 2067 alienigenarum
1399 2038 1489 2059 autent
1516 2033 1653 2060 exercitus
1687 2033 1713 2060 in
1743 2033 1832 2067 fugam

1052 2085 1200 2105 conversus
1220 2082 1272 2110 est,
1293 2081 1384 2112 strage
1404 2078 1526 2112 ipsorum
1543 2078 1643 2113 insigni
1665 2077 1746 2105 facta.
1762 2079 1834 2106 Conv

1047 2123 1138 2150 stituit
1153 2130 1218 2158 ergo
1234 2122 1300 2150 Sani
1322 2123 1450 2151 Davidem
1476 2124 1503 2150 in
1531 2124 1654 2151 exercitu
1681 2131 1731 2151 suo
1759 2124 1833 2151 mille

1048 2171 1148 2197 ducum
1169 2169 1475 2204 pra‘fectum,eumque
1497 2169 1530 2196 all
1556 2169 1679 2204 praelium
1709 2170 1833 2196 tribubus

1049 2216 1208 2249 alienigenis
1219 2216 1390 2243 inferendum
1409 2215 1491 2242 misit.
1516 2216 1645 2249 Egressus
1660 2222 1724 2248 ergo
1739 2215 1830 2247 David,

1049 2262 1124 2288 caesis
1142 2269 1234 2288 eorum
1247 2251 1356 2288 continu
1374 2261 1503 2295 praeputia
1531 2261 1596 2295 ipsis
1621 2261 1734 2295 praecisa
1754 2260 1830 2287 Sauli

1048 2307 1148 2337 attulit,
1178 2307 1223 2340 qui
1249 2307 1330 2333 ﬁliam
1359 2314 1434 2334 suam
1467 2306 1565 2332 Micbol
1590 2306 1639 2340 ipsi
1667 2307 1692 2332 in
1721 2313 1831 2332 uxorem

1047 2352 1131 2384 dedit,
1142 2353 1184 2378 cui
1204 2352 1284 2386 156
1299 2353 1430 2386 praeputia
1449 2353 1499 2378 ista
1515 2353 1565 2378 dos
1579 2356 1667 2379 erant.
1686 2351 1831 2386 Nunquam

1048 2404 1136 2425 autem
1158 2398 1232 2424 misit
1247 2397 1312 2424 Saul
1328 2397 1455 2424 Davidem
1474 2399 1506 2424 ad
1524 2398 1648 2431 pnclium
1666 2398 1731 2431 quin
1749 2402 1834 2424 victo-

1048 2444 1089 2470 ria
1110 2445 1255 2477 potiretur.
1271 2443 1349 2476 Quod
1364 2443 1460 2470 videns
1486 2443 1550 2470 Saul
1567 2443 1657 2470 timuit
1686 2450 1720 2470 ne
1735 2447 1762 2469 et
1782 2442 1838 2476 ipsi,

1049 2497 1161 2524 regnum
1183 2490 1321 2524 eriperet;
1344 2496 1429 2522 quare
1457 2496 1518 2516 cum
1550 2489 1584 2515 ab
1610 2489 1656 2515 illo
1685 2492 1830 2518 metueret,

1049 2535 1137 2569 ipsum
1154 2542 1169 2561 e
1186 2534 1276 2561 medio
1292 2534 1384 2561 tollere
1400 2534 1515 2561 studuit.
1537 2534 1616 2569 Fugit
1645 2541 1710 2569 ergo
1736 2532 1837 2564 Dav-id,

1047 2583 1074 2606 et
1088 2579 1120 2606 ad
1137 2579 1224 2613 ipsum
1236 2578 1392 2613 congregati
1407 2582 1471 2604 sunt
1483 2578 1533 2605 viri
1544 2577 1746 2612 quadringenti.
1764 2576 1834 2604 Mor-

1049 2630 1112 2652 tuus
1126 2628 1218 2652 autem
1234 2628 1275 2651 est
1291 2623 1403 2651 Samuel
1420 2625 1563 2658 propheta,
1582 2623 1710 2658 domique
1729 2630 1785 2650 sua:
1805 2623 1833 2649 iu

1050 2671 1154 2698 liamah
1168 2670 1303 2705 sepultus.
1318 2670 1422 2697 Deinde
1439 2677 1567 2704 egressus
1579 2669 1643 2696 Saul
1658 2669 1691 2696 ad
1709 2669 1838 2704 praelian»

1049 2717 1186 2743 dumcum
1205 2716 1377 2751 alienigenis.
1393 2715 1422 2742 in
1440 2716 1530 2749 fugam
1552 2722 1647 2742 versus
1664 2719 1691 2742 et
1712 2715 1832 2741 vulneri-

1050 2764 1099 2790 bus
1130 2762 1286 2792 confossus,
1305 2769 1366 2788 cum
1391 2761 1420 2787 in
1449 2766 1548 2787 terram
1570 2760 1712 2794 prolapsus
1739 2766 1806 2786 esset
1823 2778 1831 2790 ,

1050 2815 1134 2843 puero
1150 2815 1212 2838 suo,
1229 2807 1275 2841 qui
1288 2807 1407 2841 armiger
1424 2806 1509 2840 ipsius
1524 2805 1665 2838 fuit,dixit
1683 2803 1839 2850 rJugidunq

1052 2855 1117 2881 mihi
1138 2854 1222 2881 ferias
1239 2861 1274 2881 ne
1286 2860 1330 2881 me
1343 2853 1435 2881 vivum
1447 2853 1556 2887 capiant
1569 2851 1661 2879 hostes
1674 2851 1727 2879 mei
1744 2855 1838 2885 :thll
