2015 3081
213 134 264 165 943

711 134 856 164 EUTZCl‘l
865 134 890 162 ll
909 133 1111 162 ALEXAND“
1120 134 1169 162 l-.\'l
1185 134 1295 163 PATR.

1773 134 1825 165 9H

210 197 272 217 cum
287 189 330 215 ille
349 197 401 215 non
421 189 602 223 faceret,ipse,
616 188 748 222 prehenso
762 188 987 222 gladiommrtcm
1005 191 1024 216 Λ
1041 187 1177 221 cedentes,
1197 189 1354 221 facibusque
1378 189 1438 223 igne
1460 190 1591 221 accensis,
1609 190 1721 225 ingressi
1740 190 1825 223 ipsius

210 235 262 262 sibi
287 234 495 268 conscivit,quo
511 234 580 264 viso,
596 240 624 259 se
655 233 734 258 etiam
766 232 900 258 interfecit
923 239 990 266 puer

209 280 306 314 ipsius.
323 279 392 306 Caesi
409 283 472 306 sunt
486 279 565 305 etiam
588 278 613 304 in
635 278 728 311 prmlio
754 277 881 305 Israelita:
900 283 989 312 strage

209 327 323 360 ingenti,
341 325 440 352 occisis
463 326 573 357 insuper
592 324 755 354 Jonatbatte.
777 323 947 350 Abinadamo
962 327 988 349 ct

209 371 341 398 Melliisbo
353 370 426 397 Sattli
442 369 514 396 ﬁliis.
541 369 588 396 Die
603 373 692 396 autent
708 369 840 398 crastino.
857 376 918 395 cum
946 369 988 395 lu-

208 419 326 443 strarent
347 415 432 442 tribus
450 415 608 448 alienigena:
637 421 733 446 etcsos,
763 415 868 441 sttblata
896 413 985 441 Sattlis

209 461 379 494 ﬁliorumque
395 459 479 494 ipsius
499 460 587 494 capita
606 459 631 486 in
648 459 762 494 patriam
795 467 872 486 suam
906 460 987 486 mise-

208 508 281 536 runt,
294 505 454 538 corporibus
470 504 590 539 ipsorum
610 512 692 539 super
713 512 775 531 arce
793 505 900 531 Bauiasi
928 512 987 530 sus-

207 550 306 586 pensis.
325 549 401 582 Quod
424 557 486 577 cum
513 550 683 577 audivissent
715 552 859 585 populares
888 551 986 584 ipsius,

207 595 317 629 proiecti
327 603 441 630 corpora
454 596 572 630 ipsorum
581 601 688 630 accepta
700 596 805 623 Baniasi
815 596 986 629 sepelierunt.

205 639 267 667 Fuit
285 646 376 668 autem
394 641 476 668 David
492 642 518 668 in
547 642 650 673 Sildaa,
667 642 700 668 ad
717 649 796 675 quem
811 649 874 668 cum
893 649 986 669 acers-

205 686 285 713 sisset
297 687 406 722 quidam
426 688 499 715 vultu
515 689 650 721 squalido,
664 687 787 715 vestibus
800 688 904 720 scissis,
918 688 987 714 dixit

204 734 255 767 ipsi
279 734 360 760 David
377 742 384 760 :
404 733 475 766 Quid
493 734 539 760 tibi
557 733 656 760 accidit
676 733 844 760 infortunii?
859 734 985 768 Ilespon-

203 780 243 806 dit
259 779 303 806 illc
319 786 325 804 :
342 779 456 806 Occisus
471 783 510 804 cst
526 779 551 804 in
572 778 664 813 prmlio
685 778 759 809 Saul,
778 786 829 804 una
847 786 907 805 cum
926 779 987 806 ﬁliis

205 825 290 858 ipsius
305 824 469 856 Jonatbane,
483 823 662 857 Abinadamo,
677 823 755 858 157
774 823 855 858 159
874 828 901 850 et
923 823 987 850 Μαι-

1041 233 1177 261 interfecti
1199 239 1280 268 caput
1307 235 1444 261 sublatum
1472 236 1504 260 a-l
1531 234 1657 261 Davidem
1683 235 1823 264 tulerunt:

1041 278 1125 306 David
1138 287 1201 306 vero
1219 279 1304 313 ipsos,
1322 279 1448 306 manibus
1462 279 1630 314 pedibusque
1643 284 1782 308 truncatus
1794 288 1826 307 ac

1041 324 1198 354 decollatos,
1212 324 1373 357 suspendit;
1390 329 1417 350 at
1442 324 1619 355 lsbbosbeth,
1649 324 1740 352 Saulis
1766 325 1823 355 ﬁlii,

1042 374 1124 404 caput
1137 369 1163 396 in
1179 371 1304 403 sepulcro
1326 370 1425 396 Abneri
1451 370 1585 403 sepelivit.
1602 370 1688 398 Porro
1703 371 1824 398 condidit

1041 415 1124 441 David
1139 415 1233 442 urbem
1250 414 1335 446 Usba,
1353 423 1435 449 quam
1452 415 1561 442 Davidis
1575 415 1712 443 civitatem
1728 417 1822 450 appel-

1040 461 1126 492 lavit;
1152 465 1247 495 estque
1265 461 1358 487 cadent
1378 462 1477 487 Sibou.
1494 461 1562 488 Cum
1581 466 1673 489 autem
1697 463 1825 489 audirent

1039 506 1254 540 alienigenarum
1271 513 1351 541 reges
1369 506 1496 532 Davidcm
1520 514 1604 541 regno
1618 508 1732 541 potitum
1749 515 1823 538 esse,

1040 552 1194 585 congregati
1211 557 1276 578 sttnt
1289 552 1322 578 ad
1338 552 1435 579 bellum
1454 552 1505 586 ipsi
1529 552 1712 584 inferendum,
1727 557 1822 580 contra

1041 596 1110 631 quos
1123 597 1181 630 ipse
1196 604 1257 623 cum
1275 597 1394 624 exercitu
1419 597 1590 633 161-163
1609 605 1658 624 suo
1675 598 1822 632 profectus,

1039 649 1086 668 eos
1107 642 1292 669 internecione
1318 642 1437 672 delevit:
1457 644 1550 677 itaque
1579 644 1759 676 tranquillum
1780 643 1822 670 ia-

1038 691 1110 713 ctum
1127 692 1169 714 est
1185 695 1298 721 regnum
1319 687 1423 721 ipsius;
1446 688 1550 722 fuitque
1567 688 1717 715 consiliarii
1736 689 1824 723 ipsius

1039 740 1137 759 nomen
1149 731 1311 767 Joshaphat,
1329 733 1432 760 Achliei
1455 733 1538 761 ﬁlius.
1561 733 1647 760 Porro
1668 734 1741 761 dono
1770 735 1822 769 ipsi

1039 777 1113 804 misit
1139 776 1243 807 lliram.
1261 777 1314 804 Siri
1344 785 1401 808 rex.
1429 778 1501 812 ligna
1531 778 1642 805 eedrina
1656 783 1683 804 et
1708 778 1822 813 abicgua

1039 823 1138 856 quibus
1153 821 1262 848 domttm
1285 822 1428 850 aediﬁcavit
1445 823 1541 851 David.

205 871 391 904 ΙιὶςΙιι›,ηι‹ιιιε
402 877 453 905 ego
463 870 579 904 sumqui
598 870 671 904 ipsos
688 869 822 897 interfeci.
842 869 986 896 Scidcrnnt
1005 865 1024 892 Β
1074 866 1175 892 Omnes
1203 871 1293 893 autem
1326 866 1509 894 lsraclitarum
1546 867 1682 901 principes
1711 868 1822 894 donium

202 924 266 949 ergo
285 915 367 942 David
382 920 409 942 et
426 917 538 943 comites
552 916 637 950 ipsius
653 921 741 942 vestes
760 923 833 947 suas,
845 916 987 950 tribusque

203 961 298 987 diebus
312 960 498 988 subsistentes
514 968 610 996 panem
625 968 678 988 non
695 964 839 995 gustarunt
869 968 923 995 pra:
940 961 988 986 tri—

203 1006 287 1036 stitia,
303 1007 338 1033 ob
353 1006 463 1033 Saulem
482 1011 507 1033 et
520 1008 566 1041 qui
585 1014 644 1033 cum
658 1013 691 1033 co
710 1006 772 1033 ctesi
786 1009 863 1037 sunt,
878 1005 986 1032 Israeli-

203 1055 257 1078 tas.
270 1050 337 1077 Tum
355 1052 486 1079 accersito
496 1052 556 1078 vito
572 1051 618 1086 qui
639 1051 765 1078 nuntium
799 1051 852 1085 ipsi
884 1051 985 1081 attulit,

201 1097 336 1124 cervicem
350 1097 482 1131 prtncidit,
498 1097 524 1123 in
544 1096 685 1132 prtemium
699 1097 847 1124 testimonii
865 1096 899 1123 de
915 1097 987 1123 ctcdc

203 1147 320 1177 patrata,
335 1142 408 1176 quod
423 1146 519 1169 contra
545 1150 574 1169 se
590 1142 774 1177 perbibnerat.
809 1140 873 1168 Fuit
897 1147 986 1168 autem

203 1196 315 1223 regnum
329 1188 420 1214 Saulis
447 1195 582 1214 annorum
599 1187 706 1221 viginti,
724 1188 766 1214 cui
781 1188 807 1214 in
823 1194 905 1221 regno
922 1194 985 1213 suc-

202 1235 285 1261 cessit
299 1233 383 1260 David
398 1234 467 1261 illius
479 1234 565 1260 Jesse.
584 1233 642 1259 Jam
658 1233 690 1258 ad
706 1240 816 1266 regnum
833 1233 941 1260 Davidis
954 1233 987 1259 ab

201 1280 276 1306 exitu
293 1279 478 1307 lsraclitarum
502 1286 533 1304 ex
551 1277 664 1312 (Egypto
689 1277 753 1303 anui
781 1282 844 1303 sunt
867 1279 986 1305 sexcenti

202 1333 248 1354 sex
261 1333 269 1358 ;
284 1325 319 1351 ab
349 1323 504 1351 Abrabamo
520 1322 593 1349 mille
609 1326 717 1349 centum
746 1327 772 1349 et
802 1322 952 1354 tredecim;
972 1331 985 1349 a

203 1369 323 1397 Plialeko
336 1368 411 1395 mille
424 1367 544 1394 sexcenti
570 1367 768 1401 quinquaginta
799 1371 939 1402 quatuor,
971 1377 985 1394 a

202 1415 305 1442 diluvio
330 1414 374 1442 bis
391 1413 466 1440 mille
483 1416 591 1440 centum
614 1413 755 1447 octoginta
787 1414 927 1447 quinque,
952 1415 986 1439 ab

203 1460 307 1488 Adamo
337 1462 456 1494 quatuor
490 1456 564 1484 mille
585 1456 774 1492 quadringenti
807 1458 985 1493 quadraginta

203 1513 282 1533 unus.

239 1551 361 1587 Regnum
377 1554 468 1578 autem
500 1549 618 1577 obtinuit
648 1549 730 1576 David
756 1549 828 1576 ﬁlius
857 1550 933 1576 Jesic
957 1550 983 1576 iu

202 1605 298 1625 omnes
310 1595 496 1624 lsraelitarum
514 1595 600 1622 tribus
617 1601 703 1621 annos
716 1600 796 1621 natus
809 1594 930 1628 triginta,
947 1603 984 1621 rc-

203 1643 350 1678 gnavitque
365 1647 451 1668 annos
467 1639 661 1674 quadraginta.
676 1646 782 1666 menses
798 1646 856 1670 sex,
880 1644 983 1674 septem

205 1687 313 1714 scilicet
335 1692 422 1712 annos
437 1691 498 1710 cum
511 1691 558 1710 sex
576 1683 715 1710 mensibus
729 1682 859 1715 chroni,
872 1683 982 1717 triginta

203 1738 259 1760 tres
274 1730 479 1765 Hierosolymis.
499 1728 647 1756 Prtefcctus
662 1732 751 1754 autem
766 1729 900 1755 exercitus
916 1727 985 1755 Sau-

204 1777 236 1804 Iis
256 1780 315 1803 erat
328 1775 420 1802 Abner
434 1774 507 1800 ﬁlius
522 1772 591 1804 Ner;
607 1772 652 1806 qui
668 1780 728 1798 cum
741 1772 982 1804 Asbaelcm,.loabi

203 1823 325 1852 fratrem.
344 1819 535 1851 interfecisset,
551 1817 692 1853 prolectus
707 1822 801 1844 contra
816 1818 905 1852 ipsum
919 1825 980 1845 cum

202 1867 290 1901 copiis
318 1865 397 1896 me,
412 1872 427 1892 e
447 1863 594 1891 comitibus
624 1863 711 1896 ipsius
731 1863 804 1889 viros
832 1868 981 1889 tercentum

201 1913 340 1947 sexaginta
354 1910 415 1937 neci
433 1909 525 1942 dedit;
542 1908 641 1936 deinde
658 1907 767 1935 fratrem
781 1916 860 1934 suum
879 1908 981 1935 Ashac-

203 1960 253 1987 lem
269 1956 434 1984 Bcthlchetni
449 1954 565 1990 sepeliit.
575 1953 658 1980 Porro
671 1961 731 1981 ctua
744 1953 901 1980 interfectus
912 1959 984 1980 esset

201 2004 274 2032 Saul,
302 2002 390 2028 Abner
406 2005 546 2034 acceptum
577 1998 749 2032 lshbosbeth,
768 1998 858 2025 Saulis
886 1999 981 2030 lilium,

202 2057 290 2085 regem
312 2048 339 2075 in
365 2048 459 2075 Gilcad
489 2054 569 2081 super
592 2046 731 2080 Epitraim,
758 2049 785 2072 el.
800 2045 879 2080 160
902 2053 982 2079 super

203 2095 337 2122 Israelitas
357 2093 520 2124 constituit;
540 2091 644 2126 fuitque
664 2090 826 2118 lshboslietb
847 2097 981 2116 annormu

201 2140 379 2176 quadraginta
390 2146 444 2174 quo
458 2143 579 2172 tempore
593 2145 639 2164 rex
652 2137 815 2164 constitutus
829 2141 882 2162 est.
899 2135 981 2161 Multa

201 2192 290 2213 autem
313 2186 383 2212 inter
395 2183 544 2211 exercitum
562 2182 607 2208 ﬁlii
627 2182 727 2214 Saulis,
738 2187 819 2215 atque
830 2180 979 2208 exercitum

203 2231 311 2258 Doridis
329 2229 487 2257 acciderunt
519 2227 622 2263 praelia,
650 2227 768 2261 caesique
800 2230 863 2253 sunt
891 2226 980 2252 multi.

202 2277 265 2304 Fuit
292 2281 381 2303 autem
415 2274 491 2301 Sauli
526 2273 678 2300 concubina
714 2272 824 2298 nomine
849 2271 980 2306 Rispluab,

202 2329 284 2357 quam
329 2328 390 2347 cum
423 2319 559 2353 acciperet
588 2318 689 2348 Altner,
719 2316 856 2351 prohibuit
890 2317 978 2350 ipsum

202 2365 362 2393 lsbbo.~ltelb
378 2364 469 2391 Saulis
486 2363 577 2395 ﬁlius;
593 2361 770 2395 quamobrem
788 2360 873 2387 iratus
891 2361 981 2386 Abncr

201 2412 235 2439 ad
266 2411 406 2442 Davidem,
428 2410 489 2443 ejus
518 2408 579 2435 lidci
598 2416 627 2435 se
653 2408 835 2440 committens,
861 2406 979 2437 transiit,

200 2465 281 2492 quem
294 2460 368 2483 veste
384 2454 508 2482 indutum
523 2453 606 2480 David
625 2453 707 2480 libere
720 2452 838 2479 demisit.
853 2453 887 2477 At
901 2450 980 2482 Joab,

201 2503 302 2530 Serviat
330 2501 413 2533 lilius,
434 2500 572 2527 exercitus
601 2498 711 2525 Davidis
737 2497 890 2532 pra-fectus,
918 2505 980 2531 pre-

200 2548 285 2575 henso
299 2547 409 2574 Abuero
421 2550 502 2580 caput
519 2544 630 2572 abstulit
645 2548 755 2578 propter
771 2542 912 2569 Asbaelem
928 2542 981 2568 ira-

200 2597 267 2620 trem
283 2600 374 2622 suum.
391 2591 478 2625 Quam
502 2590 537 2618 ob
559 2597 669 2617 causam
685 2590 770 2615 iratus
796 2588 878 2616 David
892 2592 978 2614 totum

198 2639 361 2668 exercitum,
381 2637 504 2665 vestibus
525 2635 630 2668 scissis,
655 2635 807 2667 Abnerutn,
833 2641 912 2668 quem
929 2633 981 2660 lle-

200 2683 276 2710 broni
291 2681 409 2716 sepeliit,
425 2680 522 2708 deﬁcrc
532 2680 625 2714 jussit.
640 2679 722 2705 l‘nrro
734 2678 980 2705 ﬁtetuuteducibus

198 2729 288 2756 Saulis
314 2727 412 2755 fratres
431 2728 495 2759 duo,
514 2733 630 2762 qttorum
657 2725 703 2752 uui
730 2732 827 2751 nomen
860 2723 979 2755 Rechab,

198 2774 275 2801 alteri
289 2773 390 2804 Baana,
405 2781 420 2800 e
436 2773 573 2804 Rimmon,
595 2771 762 2806 Bcnjamitte,
776 2772 820 2805 qui
839 2771 980 2797 interfecto

199 2819 251 2853 iam
265 2819 374 2844 Abncro
386 2821 467 2844 noctu
481 2817 512 2843 ad
530 2817 699 2849 lsltbosbetb,
717 2816 806 2843 Saulis
829 2817 925 2846 lilium,
936 2823 979 2843 ac-

1039 911 1186 938 Abinadabi
1205 911 1327 945 proiecti,
1341 912 1474 939 sublatam
1489 912 1552 939 inde
1569 920 1671 944 arcam,
1688 914 1824 947 plaustro.

1038 964 1091 991 que
1106 957 1270 991 impositam,
1284 962 1442 992 gestarnnt;
1461 958 1532 985 Uzza
1557 964 1584 986 et
1611 959 1694 990 Abiu,
1717 960 1820 986 Abiua-

1038 1002 1099 1028 dabi
1117 1002 1188 1033 ﬁliis,
1205 1010 1220 1029 e
1237 1004 1353 1037 posteris
1375 1003 1471 1030 Kabati
1491 1004 1537 1030 lilii
1565 1003 1639 1036 Levi,
1670 1005 1822 1039 plaustrqu

1039 1048 1193 1079 agentibus,
1203 1055 1264 1074 cum
1282 1055 1335 1075 non
1347 1049 1439 1076 liceret
1451 1050 1580 1077 Israelita:
1593 1050 1710 1084 cuipiam
1726 1057 1824 1085 przeter

1040 1092 1109 1119 lilios
1122 1092 1187 1119 Levi
1203 1099 1293 1119 arcam
1312 1093 1392 1120 l'errc.
1408 1094 1506 1120 Arcam
1531 1099 1633 1126 autem,
1652 1097 1716 1122 dum
1735 1097 1822 1130 ipsam

1039 1138 1064 1163 in
1078 1137 1200 1172 plaustro
1216 1137 1326 1170 ferrent,
1342 1139 1462 1165 vestibus
1476 1140 1645 1173 operierunt,
1661 1141 1757 1168 relicto
1778 1141 1822 1168 in.

1037 1188 1079 1210 ter
1092 1184 1177 1216 ipsam
1193 1191 1224 1210 ac
1238 1185 1368 1218 populum
1381 1185 1535 1212 eubitormn
1554 1185 1595 1212 bis
1618 1186 1733 1213 millium
1757 1195 1820 1221 spav

1039 1229 1087 1256 tio.
1105 1228 1229 1263 Dumque
1246 1230 1330 1264 ipsam
1346 1230 1371 1256 iu
1387 1231 1507 1264 plaustro
1524 1230 1690 1258 deducerent
1708 1231 1780 1259 Uzza
1794 1237 1823 1259 et

1037 1274 1107 1300 Abiu
1128 1274 1242 1309 [factum
1257 1274 1308 1310 est]
1326 1279 1355 1302 ttt
1374 1275 1527 1303 labantibus
1541 1276 1721 1310 iuvencorum
1745 1278 1822 1311 pedi-

1038 1320 1099 1350 luis,
1117 1327 1200 1353 prope
1217 1325 1288 1347 esset
1304 1325 1332 1346 ut
1347 1325 1486 1347 corrueret
1501 1327 1563 1347 arca
1577 1329 1584 1352 ;
1602 1328 1683 1355 quam
1700 1322 1820 1348 retinens

1038 1363 1122 1397 Una,
1142 1369 1267 1391 mortuus
1288 1365 1414 1399 procidit.
1436 1365 1624 1392 Extimesccns
1640 1373 1704 1400 ergo
1726 1365 1821 1397 David,

1037 1417 1127 1436 arcam
1143 1410 1170 1437 in
1185 1409 1340 1437 Obetledom
1362 1410 1451 1437 llitttei
1466 1410 1575 1437 domum
1595 1411 1757 1444 introduxit,
1775 1411 1820 1438 ubi

1036 1455 1123 1482 tribus
1132 1456 1272 1483 mensibus
1287 1457 1445 1489 permansit.
1458 1455 1560 1484 Deinde
1574 1457 1698 1484 eamdem
1709 1464 1725 1484 e
1737 1456 1821 1483 dom:

1036 1501 1199 1528 Obededomi
1216 1501 1328 1528 abduxit
1342 1501 1439 1533 David,
1456 1507 1560 1536 septem
1580 1502 1716 1534 buecinis,
1731 1503 1821 1534 tibiis,

1036 1547 1216 1581 omnibusque
1225 1547 1341 1573 musices
1354 1548 1497 1581 speciebus
1507 1548 1664 1575 canentium
1677 1548 1822 1575 ordinibus

1035 1592 1174 1624 cinctam;
1189 1592 1247 1626 ipse
1262 1592 1356 1625 David,
1379 1593 1502 1621 vestibus
1516 1593 1759 1622 diversicoloribus
1776 1594 1819 1621 iu-

1034 1638 1127 1668 dutus,
1145 1645 1237 1664 coram
1257 1646 1321 1666 arca
1338 1640 1455 1666 saltabat
1472 1644 1498 1666 et
1517 1639 1693 1674 Iripudiabat.
1717 1641 1816 1666 Arcam

1034 1690 1099 1717 ergo
1113 1684 1140 1710 in
1162 1683 1278 1711 medium
1298 1685 1465 1711 tabernaculi
1483 1685 1556 1719 quod
1575 1685 1672 1712 ﬁxerat
1688 1685 1769 1712 Datid
1790 1686 1818 1712 in

1036 1729 1121 1756 Sibon
1146 1729 1365 1761 introduxerunt,
1398 1731 1556 1758 immolante
1573 1731 1674 1758 Davide
1693 1739 1816 1766 magnam

1032 1774 1214 1806 iuvencorum
1235 1778 1318 1810 atque
1347 1776 1464 1802 arietum
1491 1776 1608 1810 copiam.
1639 1777 1701 1802 lirat
1726 1781 1816 1803 autem

1034 1826 1096 1845 arca
1112 1827 1126 1845 e
1143 1819 1221 1853 lignis
1235 1820 1363 1853 cedrinis,
1381 1821 1460 1856 164
1472 1822 1651 1856 longitudine,
1676 1822 1818 1848 latitudine

1034 1869 1058 1890 ct
1079 1865 1260 1892 crassitudine
1272 1867 1504 1900 sesquicnbitalis,
1518 1875 1585 1894 auro
1595 1873 1732 1900 cooperta.
1747 1868 1817 1895 Tum

1034 1916 1143 1942 egresso
1156 1915 1250 1936 contra
1264 1911 1393 1937 Davidem
1412 1913 1444 1938 al
1463 1912 1562 1938 bellum
1578 1912 1628 1947 ipsi
1644 1912 1816 1940 inl'e-cuduttt

1035 1962 1097 1986 rege
1113 1953 1190 1982 Sobte
1207 1956 1317 1982 nomine
1338 1956 1430 1983 liadad
1449 1957 1525 1989 Ezrr,
1549 1957 1650 1984 lichobr
1668 1959 1731 1988 lilio,
1753 1965 1818 1991 pro.

1036 2000 1123 2026 lectus
1139 2000 1188 2034 ipsi
1208 2001 1233 2027 in
1250 2008 1394 2028 occursum
1416 2002 1497 2029 D.t\id
1517 2009 1542 2030 et
1556 2004 1669 2030 victoria
1686 2005 1710 2030 in
1726 2004 1814 2037 ipsum

1035 2044 1330 2077 petitus,ecomitibus
1351 2047 1409 2081 ejus
1431 2048 1538 2081 equites
1555 2049 1752 2083 septingentos,
1770 2056 1817 2082 pe-

1034 2089 1106 2116 dites
1122 2090 1204 2117 vicies
1225 2092 1299 2118 mille
1320 2092 1467 2119 interfecit.
1486 2093 1556 2125 Quin
1574 2098 1599 2119 et
1624 2094 1746 2128 proferto
1764 2094 1816 2119 Su-

1035 2141 1096 2161 raso
1111 2143 1173 2170 rege
1195 2136 1318 2164 Damasci
1340 2139 1371 2163 ad
1390 2138 1521 2164 auxilium
1553 2138 1644 2165 lladad
1671 2138 1755 2164 Ezt‘ro
1778 2138 1817 2164 Γυ-

1035 2182 1160 2214 rcndum,
1178 2183 1314 2209 interfecit
1333 2183 1415 2210 David
1434 2192 1448 2211 e
1463 2185 1609 2211 comitibus
1621 2185 1708 2219 ipsius
1721 2185 1815 2220 viginti

1035 2225 1087 2252 duo
1105 2227 1206 2258 millia;
1225 2226 1368 2262 factusque
1384 2234 1425 2255 est
1439 2228 1523 2256 Suras
1549 2230 1672 2256 Damasci
1700 2238 1746 2257 rex
1763 2230 1816 2256 Da-

1033 2271 1085 2297 vidi
1102 2272 1187 2299 instar
1198 2273 1286 2305 servi;
1304 2275 1498 2309 traustulitque
1523 2274 1606 2301 David
1630 2275 1814 2310 Hierosolyma

1032 2323 1137 2354 omnes,
1153 2325 1213 2351 quae
1225 2318 1370 2345 comitibus
1391 2319 1556 2346 Hadadezcri
1586 2320 1705 2351 fut-runt,
1730 2329 1816 2347 zonas

1032 2370 1140 2392 aureas,
1155 2367 1236 2397 atque
1252 2369 1404 2398 argenteas,
1428 2373 1488 2391 cum
1502 2367 1668 2392 ornamentis
1685 2375 1814 2401 perquam

1033 2407 1136 2436 nmltis.
1154 2415 1213 2441 qutc
1236 2409 1349 2435 abstulit
1376 2409 1456 2436 Sisak
1483 2410 1590 2446 Algypti
1620 2419 1676 2442 tcx,
1705 2412 1815 2446 quando

1033 2451 1218 2487 Hierosolyma
1249 2455 1333 2484 venit,
1353 2460 1482 2489 regnante
1498 2455 1673 2484 Rbeoboamo
1690 2456 1813 2484 Salomo-

1033 2497 1075 2524 nis
1092 2497 1156 2524 ﬁlio.
1184 2499 1372 2526 Attulitetiam
1390 2501 1472 2526 David
1492 2510 1506 2528 e
1519 2502 1611 2536 prtelio
1629 2502 1814 2537 Hierosolyma

1032 2550 1156 2576 magnam
1179 2545 1241 2571 teris
1254 2545 1370 2578 copiam,
1387 2553 1402 2573 e
1417 2554 1471 2581 quo
1493 2548 1611 2574 coul‘ccit
1627 2547 1754 2574 Salomon
1767 2556 1814 2574 co-

1032 2588 1150 2618 lumnas,
1167 2588 1246 2615 bases
1261 2595 1286 2615 et
1315 2595 1422 2623 portas,
1447 2598 1501 2624 quo
1531 2595 1654 2625 tempore
1682 2592 1813 2626 templum

1031 2634 1175 2660 exstruxit.
1194 2634 1256 2661 Post
1273 2635 1327 2661 lucc
1348 2635 1430 2661 David
1448 2636 1589 2662 mulierem
1615 2637 1723 2663 nomine
1751 2637 1816 2664 Ber-

1032 2678 1135 2710 srbam,
1151 2678 1225 2704 Eliali
1240 2679 1332 2710 tiliam,
1360 2679 1431 2706 Uria:
1448 2689 1574 2713 uxorem,
1605 2681 1732 2708 fctninam
1754 2682 1814 2716 pul-

1032 2724 1124 2750 chram
1138 2728 1164 2751 cl
1178 2723 1337 2757 formosam,
1351 2731 1524 2760 conspectam
1550 2727 1676 2761 deperiit,
1696 2735 1815 2762 cultique

1031 2770 1125 2796 eadem
1141 2771 1273 2797 aet-ersita
1293 2779 1348 2798 rem
1367 2772 1471 2803 habuit,
1489 2773 1558 2799 adeo
1569 2779 1596 2799 ut
1613 2782 1643 2799 ex
1659 2782 1690 2800 co
1703 2774 1814 2807 gravida

1033 2815 1118 2848 σοι-ει,
1146 2816 1243 2843 mat-ito
1266 2817 1326 2850 eius
1345 2817 1418 2849 Uria.
1435 2825 1496 2844 cum
1511 2817 1595 2845 .loabo
1611 2820 1637 2845 iu
1656 2820 1724 2846 bello
1747 2827 1815 2846 cuu-
