2015 3081
193 163 246 198 915

904 168 1089 199 ANNALES.

1759 160 1810 192 946

193 227 235 249 tra
247 222 416 259 alienigenas
432 227 497 252 tunc
513 225 637 252 absente.
657 225 723 252 Cum
739 232 804 260 ergo
829 232 888 252 eam
902 233 933 251 ex
949 232 978 252 se
995 232 1014 259 Α
1031 214 1220 259 llieromlyma
1236 230 1361 250 reversus
1377 226 1428 250 est.
1449 220 1625 258 169-171
1644 218 1707 245 Fuil
1720 222 1810 245 alllelll

194 267 355 303 concepisse
389 275 491 303 nosset.
518 271 625 303 Uriam.
650 271 742 298 miSsis
772 271 819 305 qul
845 270 921 296 illum
947 271 978 296 ad

197 313 287 347 ipsum
314 314 492 348 adducerem,
518 324 548 343 ea
583 323 661 344 norte
683 317 755 344 domi
779 325 833 344 sua:
860 317 980 343 dormire

193 359 296 393 jussit;
316 360 379 388 Uria
398 366 487 388 autem
514 369 547 389 ea
574 367 654 390 nocte
683 363 793 389 domum
823 370 897 389 suam
925 370 976 388 non

194 407 345 439 concessit.
361 415 454 435 verum
473 415 534 434 cum
561 407 738 443 165-167
760 407 925 442 ianitoribus
949 407 975 433 in

195 452 295 487 palatio
308 453 449 481 dormivit.
470 453 548 481 Mane
562 462 626 488 ergo
641 455 674 481 ad
688 454 837 481 exercitum
859 462 920 481 eum
938 462 979 481 rc-

196 496 272 524 misit
286 497 379 528 David.
397 498 486 533 ipsum
504 498 575 526 domi
604 506 660 526 sua!
686 499 868 526 obdormiisse
882 503 977 530 ratus;

195 542 267 577 quod
285 550 318 570 eo
337 544 389 570 ﬁne
405 544 494 572 facere
512 545 600 579 ipsum
620 545 704 571 voluit
720 544 801 571 David
820 549 847 571 ut
867 544 901 570 ita
918 553 977 571 cum

195 595 281 616 uxore
293 596 342 615 sua
359 589 572 622 concumberet;
590 597 656 624 quo,
681 597 742 616 cum
772 590 880 624 gravida
908 590 978 617 facta

193 638 278 667 esset,
295 634 361 660 nihil
378 634 492 662 traheret
507 635 586 669 cujus
603 636 690 669 ipsum
703 635 854 663 incusaret.
870 636 903 663 At
918 644 978 663 cum

192 678 266 705 domi
280 686 335 705 suae
347 686 399 705 non
417 678 601 710 dormivisset.
619 679 732 714 scripsit
748 680 780 706 ad
795 679 910 707 Joabum
929 680 980 708 Da-

194 722 240 750 vid
264 728 294 749 ut
312 722 404 750 Uriam
437 726 500 750 ante
528 730 622 750 arcam
652 724 680 749 in
709 723 801 758 prtelio
823 723 977 751 collocaret.

193 767 272 800 Quod
285 773 350 794 tum
363 766 482 800 fecisset,
498 767 711 795 interfectusest
726 767 788 795 Uria
808 775 899 795 coram
916 775 978 795 arca

195 812 223 839 in
239 812 345 847 praelia.

229 856 279 885 Illo
294 864 358 892 ergo
368 858 474 890 occiso,
490 857 566 884 duxit
580 857 663 884 David
679 857 740 891 ejus
756 857 898 893 coniugem
915 857 979 885 Bar-

1031 269 1206 302 Abshalomo,
1221 269 1331 296 Davidis
1350 268 1416 298 ﬁlio,
1444 267 1571 294 cmsaries
1587 265 1697 300 copiosa
1715 263 1812 290 admo-

1031 316 1108 346 dum,
1125 315 1192 341 adeo
1207 318 1237 341 ut
1261 314 1369 348 quoties
1386 313 1545 348 capillitium
1562 318 1642 338 suum
1660 317 1674 337 a
1690 314 1812 343 tempore

1031 360 1064 387 ad
1085 364 1195 395 tempus
1212 361 1377 391 relonderct,
1400 358 1483 385 siclos
1509 358 1643 384 ducentos
1669 355 1809 389 penderet.

1031 403 1116 432 Porro
1127 405 1326 440 prophetarum
1339 410 1460 439 tempore
1472 402 1592 433 Davidis,
1607 401 1725 432 Nathan,
1742 399 1810 432 Gad,

1031 451 1114 477 Achia
1129 449 1278 481 Shilonila.
1295 450 1397 482 Asaph,
1414 448 1529 475 Haiman
1547 451 1574 474 et
1590 445 1743 474 Yaduthun
1760 445 1811 472 Le—

1029 496 1096 529 vila,
1118 500 1143 523 et
1159 496 1228 523 .loab
1247 497 1358 527 Servim.
1375 496 1478 523 sororis
1492 495 1602 521 Davidis
1618 494 1698 524 illitis,
1725 492 1770 534 qui
1786 496 1812 518 et

1030 541 1117 576 ipsius
1133 542 1253 568 vicarius
1270 542 1329 568 fuit.

1065 588 1251 614 Numeraruut
1264 591 1354 614 autem
1372 587 1453 613 David
1471 591 1496 612 et
1515 586 1633 611 vicarius
1649 584 1734 618 ipsius
1745 582 1813 609 Joab

1030 631 1215 658 lsraelitarum
1247 632 1346 659 tribus.
1364 628 1501 658 Numerus
1517 635 1608 657 autem
1626 629 1811 656 lsraelitarum

1029 684 1108 710 quem
1126 681 1311 711 supputarunt
1328 676 1411 704 David
1426 681 1452 704 et
1469 676 1550 707 Joab.
1564 679 1623 702 erat
1649 673 1813 708 quadragies

1030 722 1132 750 millies
1159 723 1232 749 mille
1252 727 1278 750 ct
1306 727 1414 750 centum
1443 723 1526 749 mille.
1559 722 1614 757 [At
1635 721 1712 755 juxta
1740 719 1812 745 aliud

1030 768 1182 803 exemplar,
1199 772 1296 803 quater
1324 769 1423 795 millies
1442 768 1515 795 mille
1537 772 1563 793 et
1580 770 1690 794 centum
1708 764 1814 799 mille.)

1029 813 1148 846 Quorum
1166 821 1181 840 e
1198 813 1260 841 ﬁliis
1283 813 1359 841 Iudae
1384 814 1584 848 quadringenta
1600 819 1626 839 et
1642 811 1815 847 septuaginta

1030 858 1124 891 millia,
1143 858 1304 892 Benjamitze
1322 862 1414 886 autem
1440 863 1466 886 et
1492 858 1598 886 Levita
1614 865 1667 884 non
1685 863 1815 884 numera-

195 902 322 935 s’hebam,
338 911 398 937 qua:
418 903 503 930 ﬁlium
532 903 583 938 ipsi
601 903 716 938 peperit.
747 902 864 930 Veniens
889 907 978 930 autem
995 907 1017 936 Β
1033 902 1142 930 bantur.
1175 902 1312 930 Numerus
1346 907 1436 930 autem
1474 902 1692 938 reiectaneorum
1729 900 1775 936 qui
1800 907 1815 927 e

196 947 231 975 ad
249 948 337 983 ipsum
353 948 461 975 Nathan
475 949 618 984 propheta.
636 949 725 977 dixit:
755 949 813 976 Duo
835 955 914 977 erant
930 951 979 977 \iri

196 994 225 1021 in
253 994 330 1027 urbe,
357 1002 474 1030 quorum
503 1003 574 1023 unus
604 995 693 1028 dives,
722 996 766 1023 cui
795 995 928 1030 pecudum
954 1000 981 1023 et

194 1039 279 1067 boum
299 1047 396 1074 magna
427 1045 485 1067 erat
510 1041 612 1075 copia;
633 1041 701 1067 alter
719 1048 783 1067 vero
799 1048 912 1075 paul-er,
936 1041 979 1068 cui

197 1089 297 1119 praeter
311 1092 389 1112 ovem
408 1092 490 1112 unam
505 1092 560 1112 non
576 1090 647 1113 erat.
663 1086 740 1120 cujus
759 1086 799 1113 lac
815 1094 847 1113 ac
865 1086 925 1113 lana
943 1087 980 1112 vi.

197 1134 271 1158 ctum
290 1129 340 1164 ipsi
365 1130 543 1164 praebebant;
570 1130 735 1158 adveniente
753 1136 843 1158 autem
863 1131 896 1158 ad
913 1132 980 1159 divi-

198 1179 252 1203 tem
270 1176 377 1210 hospite
393 1175 525 1210 quodam.
551 1177 598 1204 ille
617 1177 750 1212 prehensa
779 1178 907 1211 pauperis
931 1186 982 1204 ove

199 1229 259 1248 eam
273 1221 426 1256 jugulatam
441 1222 541 1257 hospiti
563 1230 613 1250 suo
633 1223 772 1258 apposuit.
792 1223 864 1250 Dixit
877 1224 980 1251 David:

199 1266 321 1294 Pessime
349 1267 423 1300 fecit,
452 1268 634 1303 quadruplum
664 1269 701 1296 illi
733 1277 781 1304 pro
809 1277 860 1296 ove
875 1270 981 1298 reddet.

198 1311 345 1346 lncrepans
359 1320 424 1348 ergo
448 1314 536 1348 ipsum
553 1312 661 1340 Nathan
681 1314 813 1348 propheta
828 1323 834 1340 ε
861 1314 900 1341 Tu
917 1314 981 1348 (in-

196 1358 276 1392 quit)
293 1365 322 1384 es
341 1359 382 1384 vir
398 1359 455 1386 ille.
475 1359 581 1387 Scissis
595 1367 661 1393 ergo
678 1359 772 1386 statim
789 1360 910 1387 vestibus
925 1360 982 1387 suis

197 1410 230 1430 ac
245 1403 334 1431 cilicio
349 1404 472 1437 indutus,
487 1409 590 1439 septem
602 1404 698 1432 diebus
713 1404 769 1439 jeju
780 1406 854 1432 navit
865 1425 873 1436 ,
889 1405 982 1432 Domi-

198 1456 264 1476 num
282 1457 362 1476 suum
379 1457 479 1483 rogans
494 1455 523 1477 ut
547 1458 663 1485 puerum
689 1455 778 1478 morte
802 1450 936 1482 afﬁceret;
957 1455 983 1476 at

197 1495 243 1522 die
251 1495 365 1529 septimo
376 1500 500 1522 mortuus
510 1500 550 1522 est
562 1503 636 1529 prter.
647 1495 711 1522 Post
725 1496 782 1522 hmc
797 1503 893 1522 rursus
908 1503 922 1522 e
933 1495 984 1522 Da-

201 1540 262 1568 vide
281 1541 419 1574 gravidata
443 1541 513 1568 Uriae
536 1548 613 1573 uxor,
624 1540 796 1568 Salomonem
809 1541 859 1575 ipsi
870 1541 980 1575 peperit.

1032 947 1119 982 stirpe
1133 947 1228 975 Jacobi
1244 956 1298 975 non
1316 953 1406 980 erant,
1428 948 1501 975 mille
1519 949 1580 975 fuit.
1598 947 1672 974 Dixit
1684 954 1749 982 ergo
1763 946 1815 972 Du-

1034 993 1126 1019 minus
1144 992 1220 1020 Gado
1239 994 1400 1028 prophetas:
1423 993 1548 1027 Displicet
1582 994 1647 1020 mihi
1674 993 1747 1027 quod
1766 992 1817 1018 Da-

1032 1037 1077 1065 vid
1103 1037 1244 1066 lsraelitas
1283 1039 1485 1071 numeraverit;
1524 1039 1665 1073 proiectus
1688 1045 1754 1072 ergo
1783 1038 1816 1064 ad

1033 1083 1122 1114 ipsum
1138 1083 1236 1116 iubeas
1262 1085 1350 1118 ipsum
1369 1093 1453 1112 unum
1472 1093 1487 1111 e
1501 1085 1591 1112 tribus
1617 1084 1678 1112 istis
1705 1083 1817 1118 eligere.

1032 1130 1073 1155 vel
1091 1134 1120 1156 ut
1135 1130 1170 1156 sit
1187 1137 1234 1164 per
1252 1134 1336 1156 totum
1355 1131 1442 1165 ipsius
1469 1138 1581 1166 regnum
1608 1133 1711 1165 septem
1731 1137 1818 1157 anno-

1034 1182 1093 1200 rum
1113 1174 1218 1207 fames;
1239 1175 1281 1202 vel
1302 1179 1342 1207 ut,
1371 1176 1580 1210 przevalentibus
1598 1175 1648 1210 ipsi
1677 1175 1816 1207 hostibus.

1033 1219 1122 1245 tribus
1137 1220 1277 1247 mensibus
1291 1220 1437 1251 vincatur;
1459 1221 1500 1248 vel
1519 1226 1559 1252 ut.
1590 1221 1622 1248 ad
1651 1220 1772 1248 triduum
1788 1222 1814 1247 in

1034 1265 1165 1292 universo
1180 1265 1266 1299 ipsius
1292 1274 1377 1301 regno
1402 1271 1544 1302 grassetur
1570 1267 1665 1302 pestis.
1693 1266 1816 1301 Eligente

1031 1316 1098 1344 ergo
1116 1309 1218 1338 Davide
1242 1315 1359 1345 pestem.
1376 1311 1475 1339 mortui
1493 1317 1559 1339 sunt
1580 1311 1614 1339 ad
1642 1317 1746 1340 sextam
1763 1311 1816 1338 diei

1033 1356 1128 1382 horam
1144 1357 1301 1391 septuagies
1317 1358 1403 1384 mille.
1420 1357 1509 1390 Quare
1525 1365 1604 1392 opem
1620 1365 1634 1384 a
1648 1357 1725 1385 Gado
1739 1357 1817 1392 petiit

1035 1400 1130 1432 David,
1148 1402 1194 1436 qui
1212 1410 1274 1429 cum
1290 1403 1370 1430 simul
1387 1403 1420 1430 ad
1438 1403 1522 1430 Deum
1547 1411 1643 1437 preces
1668 1403 1817 1432 fudissent.

1034 1445 1163 1474 misertus
1184 1447 1242 1480 ipse
1258 1455 1370 1480 eorum,
1388 1454 1490 1482 pestem
1510 1449 1588 1484 172
1604 1449 1728 1476 abstulit.
1747 1449 1818 1476 Fue-

1034 1496 1099 1519 runt
1125 1497 1215 1519 autem
1240 1498 1361 1527 tempore
1394 1494 1504 1522 Davidis
1532 1495 1690 1522 sacerdotes
1717 1497 1817 1522 summi

1035 1537 1178 1568 Ahiathar,
1201 1538 1352 1565 Ahimalelti
1385 1540 1468 1572 ﬁlius,
1489 1540 1527 1566 Eli
1553 1540 1705 1567 sacerdotis
1731 1540 1818 1567 aﬁinis

200 1585 322 1613 Fuerunt
334 1589 424 1612 autem
436 1585 530 1613 Davidi
543 1586 621 1613 liberi
636 1586 730 1620 viginti
740 1591 867 1620 quatuor.
881 1586 980 1613 Deinde
995 1581 1017 1610 (ἶ
1033 1586 1060 1609 ει
1076 1582 1175 1609 Sadok.
1200 1583 1268 1610 Cum
1303 1589 1394 1611 autem
1420 1585 1475 1617 jam
1502 1586 1695 1613 consenuisset
1722 1586 1816 1617 David.

200 1631 305 1658 Amnon
327 1630 437 1658 Davidis
457 1631 540 1663 ﬁlius,
552 1631 701 1658 liberorum
716 1631 874 1665 ipsiusnatu
893 1631 981 1658 maxi-

199 1685 271 1709 mus,
298 1677 379 1711 168
406 1685 528 1704 sororem
556 1684 634 1704 suam
659 1684 691 1704 ex
710 1682 787 1711 parte
813 1677 908 1711 patris,
937 1676 981 1704 cui

200 1729 296 1749 nomen
310 1722 438 1754 Thamar,
465 1727 639 1757 conspectam
664 1723 818 1757 deperiens,
846 1723 982 1756 eumipsa

199 1774 362 1801 congressus
376 1772 437 1800 est;
451 1775 531 1802 quam
546 1769 581 1796 ob
592 1776 649 1795 rem
661 1768 746 1795 iratus
761 1767 842 1795 frater
855 1768 913 1800 eius
924 1772 985 1794 ute-

200 1813 285 1844 rinus.
306 1813 349 1840 cui
366 1821 462 1840 nomen
482 1813 683 1845 Abishalomus,
700 1813 809 1839 Davidis
827 1813 908 1845 ﬁlius,
929 1813 983 1840 fra-

201 1862 269 1885 trem
285 1866 365 1884 suum
380 1859 486 1885 Amnon
503 1859 656 1891 interfecit;
671 1859 770 1886 deinde
782 1859 813 1886 ad
828 1858 982 1891 Thalmani,

200 1902 308 1929 Amiudi
331 1903 426 1933 ﬁlium,
443 1902 556 1929 Geshuri
573 1911 663 1938 regem
679 1903 757 1938 fugit,
776 1903 820 1929 ubi
839 1911 900 1930 cum
917 1910 984 1930 con-

201 1948 302 1982 gregati
318 1954 409 1976 essent
425 1949 457 1975 ad
474 1949 564 1982 ipsum
579 1957 612 1975 ex
636 1948 769 1976 lsraelitis
788 1949 838 1975 viri
857 1949 980 1980 ducenti,

203 1998 299 2020 contra
316 1997 419 2027 patrem
436 2001 514 2021 suum
532 1993 653 2024 rebellis.
672 1993 812 2029 profectus
828 1993 982 2022 Hehroncm

201 2039 356 2073 occupavit.
389 2039 488 2065 Audito
512 2046 578 2073 ergo
604 2039 694 2073 ipsum
722 2040 875 2066 Hebronem
903 2048 985 2066 occu-

201 2092 293 2119 passe.
319 2088 446 2111 metuens
473 2085 507 2111 ab
535 2085 595 2119 ipso
623 2084 718 2117 David,
737 2084 771 2111 ah
790 2085 982 2120 Hierosolymis

202 2129 270 2157 urbe
294 2129 400 2156 deserta
418 2128 508 2163 fugit;
534 2137 589 2163 quo
605 2129 768 2163 perveniens
798 2129 870 2156 ﬁlius
887 2130 984 2164 ipsius,

203 2175 353 2209 urbemque
371 2176 524 2209 ingressus.
551 2175 694 2210 prehensis
711 2175 796 2209 patris
823 2174 865 2202 sui
882 2182 984 2202 concu-

203 2221 275 2248 binis
291 2228 351 2247 cutu
368 2220 436 2254 ipsis
448 2221 518 2254 quod
537 2225 616 2255 turpe
642 2225 684 2248 est
700 2220 837 2247 comrnisit
851 2227 858 2247 :
886 2221 984 2247 deinde
1001 2240 1023 2268 ι)

204 2266 237 2293 ad
254 2269 356 2301 patrem
380 2274 459 2293 suum
489 2266 617 2292 Davidem
643 2266 822 2299 quaerendum
847 2267 984 2300 profectus

202 2317 254 2344 cst.
265 2312 310 2346 qui
328 2313 362 2338 ab
379 2312 438 2345 ipso
451 2311 511 2346 fuga
523 2319 551 2339 se
567 2312 717 2346 proripiens
732 2311 877 2339 Iordanem
893 2317 986 2339 trans-

203 2357 253 2390 iit;
281 2362 308 2384 at
336 2357 403 2384 .loab
419 2356 527 2384 Davidis
558 2357 713 2391 deputatus,
730 2357 843 2383 collecta
874 2365 984 2384 suorum

204 2401 389 2433 tnnltitudinc.
409 2405 504 2427 contra
530 2400 736 2428 Abishalomnm
759 2400 868 2426 Daxidis
897 2401 980 2428 ﬁlium

203 2447 333 2481 perrexit.
356 2446 589 2478 commissumque
602 2449 642 2472 est
661 2445 733 2471 inter
761 2445 834 2478 ipsos
864 2445 984 2479 praelium

203 2493 230 2519 in
246 2491 385 2526 Ephraimi
413 2490 524 2523 ﬁnibns,
541 2491 568 2517 in
586 2498 642 2524 quo
660 2490 744 2517 Occisi
772 2495 836 2517 sunt
853 2498 867 2516 e
881 2490 986 2517 duobus

203 2537 371 2564 exercitibus
389 2536 474 2562 vicies
489 2535 573 2566 mille.
586 2543 648 2561 cum
665 2534 808 2562 conﬂictus
826 2535 896 2562 inter
913 2536 986 2569 ipsos

203 2583 350 2610 vehemens
372 2586 453 2608 esset.
484 2581 659 2608 Abishalomo
685 2585 772 2607 autem
799 2580 873 2607 mulo
900 2585 986 2615 verto,

203 2635 266 2655 cum
285 2627 373 2660 capilli
400 2627 498 2661 capitis
513 2627 600 2660 ipsius
617 2627 761 2653 terebinthi
781 2634 857 2652 ramo
878 2627 985 2654 cuidam

206 2672 315 2706 implexi
345 2676 447 2700 essent.
478 2671 618 2698 confracta
635 2675 676 2698 est
693 2672 805 2703 cervix;
822 2671 892 2699 .loab
903 2673 984 2699 etiam

208 2716 259 2744 tria
285 2717 349 2748 tela,
365 2717 464 2750 quibus
494 2718 584 2752 ipsum
617 2718 766 2752 percussit.
795 2718 869 2744 cordi
900 2719 986 2752 ipsius

206 2762 304 2794 inﬁxit,
323 2769 447 2796 nmisque
463 2771 476 2789 ι)
493 2763 552 2790 Jobi
585 2763 732 2790 comitibus
761 2764 852 2798 gladio
876 2772 985 2798 percus-

206 2816 265 2836 sum
282 2809 427 2837 interfecit.
449 2810 482 2836 At
500 2818 562 2837 cum
579 2811 690 2838 allatura
707 2816 781 2838 esset
796 2812 828 2838 ad
858 2811 984 2840 Davidem

205 2855 343 2886 nuntium.
370 2855 468 2889 ingcnli
496 2856 540 2882 ille
567 2864 682 2883 irmrore
709 2857 821 2884 aﬁctlus
838 2857 869 2884 ad
892 2858 984 2885 urbem

1037 1627 1176 1656 Salomoni
1195 1629 1250 1656 ﬁlio
1266 1638 1317 1657 suo
1335 1631 1506 1666 prazcipiens,
1538 1632 1672 1666 quidquid
1690 1633 1717 1660 in
1733 1640 1818 1667 regno

1035 1680 1087 1700 suo
1103 1672 1198 1701 habuit
1213 1681 1296 1708 opum
1312 1683 1492 1709 gemmarum,
1506 1677 1566 1703 auri
1594 1681 1622 1704 et
1644 1678 1750 1711 argenti
1767 1679 1816 1713 ipsi

1036 1718 1157 1745 tradidit.
1174 1719 1298 1746 Mortuus
1316 1726 1357 1748 est
1374 1728 1439 1756 ergo
1457 1721 1542 1749 David
1571 1724 1715 1758 propheta,
1731 1731 1818 1751 annos

1036 1767 1117 1791 natus
1135 1765 1322 1800 septuaginta,
1338 1774 1456 1800 quorum
1485 1769 1666 1804 quadraginta
1683 1771 1816 1805 regnavit.

1036 1808 1100 1835 Post
1117 1809 1205 1844 ipsum
1223 1818 1337 1846 regnum
1364 1812 1485 1840 obtinuit
1501 1813 1572 1841 ﬁlius
1590 1813 1675 1848 ipsius
1688 1814 1817 1842 Salomon

1036 1862 1124 1881 annos
1144 1860 1223 1883 natus
1249 1857 1405 1890 duodecim.
1431 1860 1608 1893 regnavitque
1631 1864 1691 1894 post
1714 1864 1817 1894 patrem

1037 1908 1119 1928 suum
1145 1908 1232 1928 annos
1256 1903 1461 1937 quadraginta:
1489 1911 1503 1930 a
1519 1911 1574 1938 quo
1598 1908 1723 1932 metuens
1738 1905 1818 1937 Joah,

1038 1944 1148 1974 Davidis
1175 1947 1307 1979 vicarius.
1336 1948 1363 1974 in
1390 1949 1518 1983 templum
1548 1950 1656 1977 Domini
1685 1952 1818 1986 confugit.

1037 1991 1109 2019 Misit
1134 1999 1200 2027 ergo
1225 1992 1355 2019 Salomon
1382 1993 1529 2029 Benayam.
1555 1994 1696 2022 .lehoiadai
1721 1996 1817 2027 ﬁlium,

1036 2037 1081 2072 qui
1099 2038 1201 2072 ipsum_
1215 2038 1306 2072 gladio
1325 2038 1464 2067 interfecit
1480 2044 1508 2067 et
1525 2041 1552 2067 in
1570 2041 1677 2069 deserto
1701 2042 1818 2077 sepeliit.

1036 2083 1290 2117 Contirmatumque
1313 2088 1356 2110 est
1384 2092 1497 2120 regnum
1525 2086 1679 2114 Salomonis
1708 2087 1776 2115 adeo
1792 2095 1819 2114 tll

1037 2129 1165 2155 timerent
1182 2128 1270 2163 ipsum
1298 2137 1393 2158 omnes
1409 2130 1455 2164 qui
1473 2131 1545 2158 circa
1562 2132 1650 2166 ipsum
1666 2138 1760 2161 essent
1776 2142 1818 2161 re-

1036 2181 1094 2206 ges,
1112 2174 1261 2209 missisque
1278 2175 1311 2202 ad
1326 2183 1388 2203 eum
1404 2176 1566 2204 muneribus
1580 2185 1641 2205 cum
1657 2179 1717 2213 ipso
1733 2178 1821 2207 foedus

1037 2218 1148 2245 inirent.
1165 2218 1251 2247 Porro
1272 2220 1399 2248 Salomon
1414 2221 1602 2257 Hierosolyma
1623 2231 1702 2250 muro
1719 2224 1818 2254 cinxit;

1038 2272 1165 2299 annoque
1182 2266 1257 2301 regni
1271 2267 1312 2294 sui
1327 2266 1491 2294 duodecimo
1509 2275 1653 2302 aggressus
1668 2273 1710 2296 est
1728 2270 1820 2302 templi

1038 2314 1217 2338 structuram.
1236 2310 1320 2338 Multa
1337 2317 1427 2339 autem
1456 2312 1507 2347 ipsi
1523 2313 1592 2340 dona
1626 2313 1700 2340 irrisit
1717 2313 1820 2345 lliram,

1038 2357 1100 2392 Tyri
1121 2364 1180 2388 rex.
1199 2357 1338 2392 multaque
1355 2357 1427 2392 ligna
1447 2358 1569 2390 redrina,
1586 2359 1676 2392 pinea,
1694 2359 1820 2394 abiegna.

1039 2403 1104 2434 quin
1119 2408 1146 2430 et
1160 2410 1228 2437 opes
1242 2403 1344 2430 multas
1360 2411 1420 2438 qua:
1435 2404 1485 2438 ipsi
1504 2404 1537 2431 ad
1562 2405 1693 2439 templum
1711 2410 1819 2432 exstru-

1038 2449 1140 2474 endum
1164 2447 1323 2481 adiumento
1340 2452 1443 2480 essent,
1469 2448 1589 2475 donante
1616 2449 1669 2483 ipsi
1700 2449 1821 2476 vicissim

1038 2493 1185 2521 Salomone
1201 2493 1349 2527 quotannis
1365 2501 1444 2520 curos
1462 2494 1544 2521 tritici
1562 2494 1646 2521 vicies
1662 2495 1744 2527 mille,
1756 2504 1821 2522 uva~

1039 2546 1153 2572 rumque
1171 2547 1313 2573 passerum
1341 2539 1467 2566 totidem.
1496 2539 1582 2566 Porro
1598 2540 1699 2566 dicitur
1715 2540 1820 2572 Hiram.

1038 2582 1100 2616 Tyri
1119 2590 1221 2617 regem,
1238 2583 1358 2617 primum
1386 2591 1479 2618 regum
1509 2591 1658 2618 purpuram
1689 2585 1821 2616 induisse.

1038 2627 1117 2661 cujus
1133 2628 1170 2655 rei
1198 2635 1283 2655 causa
1305 2629 1365 2660 fuit,
1395 2629 1467 2662 quod
1494 2637 1556 2656 cum
1582 2629 1711 2663 opilionis
1730 2631 1822 2666 173-
1868 2639 1870 2642 '

1040 2673 1118 2708 175
1133 2673 1276 2707 cujusdam
1294 2674 1382 2706 canis,
1399 2673 1445 2708 qui
1462 2674 1550 2708 ipsum
1568 2674 1612 2701 die
1628 2675 1747 2709 quodam
1764 2684 1819 2710 quo

1037 2727 1102 2747 oves
1117 2720 1143 2746 in
1160 2720 1243 2746 maris
1261 2720 1354 2747 littore
1368 2724 1502 2755 pasceret.
1523 2721 1671 2749 comitatus
1686 2726 1737 2755 est;
1756 2730 1818 2750 mu-

1039 2765 1120 2791 ricem
1134 2764 1235 2791 coloris
1251 2766 1381 2800 purpurei
1406 2766 1434 2793 in
1450 2766 1541 2794 littore
1568 2771 1721 2802 reptantem
1737 2768 1821 2796 oil'eu-

1038 2811 1116 2842 dens,
1137 2811 1227 2845 ipsum
1244 2811 1348 2843 ederet,
1375 2812 1443 2839 adeo
1463 2817 1492 2839 ut
1509 2813 1644 2847 sanguine
1663 2815 1775 2841 muricis
1789 2824 1821 2842 os

1037 2856 1122 2890 ipsius
1152 2856 1374 2891 impleri-tuneo
1388 2857 1456 2891 viso,
1486 2863 1586 2893 pastor,
1615 2865 1725 2894 accepta
1749 2860 1820 2890 lana.
