2015 3081
186 157 240 188 947

689 157 875 187 EUTYCHll
897 159 915 184 Α
923 157 1101 187 LEXANDR
1109 159 1116 186 l
1123 159 1146 188 N
1154 158 1162 186 ι
1179 158 1286 187 PATR.

1754 158 1806 190 9&8

188 214 265 242 canis
281 221 312 241 os
338 213 478 244 abstersit,
492 221 509 240 e
524 219 575 246 qua
593 219 652 238 cum
669 210 820 237 confectam
842 211 971 237 corollam
987 213 1008 240 Α
1026 212 1225 246 peperisseiuus
1246 220 1296 244 ego
1319 217 1345 238 et
1369 212 1465 239 mulier
1484 212 1534 239 ista
1558 213 1584 239 in
1603 213 1696 242 eadem
1715 215 1806 242 domn.

187 260 269 294 capiti
294 267 344 287 suo
369 259 555 293 imposuisset,
596 257 696 284 factum
721 260 761 283 est
790 261 819 282 ut
845 256 970 290 quisquis

188 306 278 340 ipSum
295 304 322 331 in
343 303 401 330 sole
426 302 611 329 ambulantem
638 301 819 336 conspiceret,
846 309 860 327 e
884 301 972 335 capite

193 350 280 385 ipsius
298 348 368 382 ignis
393 346 524 381 fulgorem
556 345 666 380 prodire
692 346 883 372 existimaret:
917 352 972 377 quo

191 395 298 427 audito,
317 394 409 420 Hiram
426 391 487 427 Tyri
514 400 572 423 rex,
585 391 676 419 missis
692 392 739 426 qui
765 395 907 425 pastorem
924 398 971 417 ac-

190 443 338 470 cerserent,
377 446 437 465 cum
469 438 600 464 corollum
629 437 830 471 conspexisset,
870 436 972 463 coloris

191 483 421 519 pulchritudinem
462 484 587 515 miratus,
617 483 750 509 tinclores
776 482 892 508 similem
921 481 971 508 sibi

191 531 294 564 lingere
308 529 391 563 jussit
406 537 413 556 :
435 529 480 562 qui
510 529 544 556 ad
562 529 638 555 littus
655 527 781 561 profecti,
798 527 973 562 quzesitisque

191 582 224 602 ac
241 575 356 608 repertis
382 573 546 606 muricibus,
580 581 731 608 purpuram
750 573 787 600 illi
821 573 971 599 tinxerunt.

190 620 279 654 Atque
296 620 355 646 huic
372 619 489 646 inventae
505 627 633 654 purpurae
649 620 717 645 ratio
734 618 796 645 fuit.

224 665 286 693 Fuit
303 670 393 691 autem
410 665 500 699 templi
513 665 583 698 quod
598 665 697 690 struxit
710 664 845 691 Salomon.
864 663 973 690 Davidis

190 711 273 742 filius,
291 709 432 745 longitudo
459 709 612 740 cubitorum
629 710 780 744 sexaginta,
805 709 918 735 latitudo
935 709 974 735 vi-

191 757 270 791 ginti,
291 757 407 783 altitudo
438 760 561 789 centum,
589 756 666 790 cujus
692 761 796 790 partem
815 755 972 781 interiorem

190 806 274 829 totam
289 809 358 829 auro
377 801 514 833 obduxit;
541 801 605 836 quin
633 806 659 829 et
689 801 760 828 intra
779 801 908 834 templum
928 807 973 827 sa-

192 848 311 874 crarium
330 855 345 874 e
361 847 442 881 lignis
472 847 595 881 abiegnis
625 847 736 878 struxit,
754 846 861 873 cubitos
876 846 972 880 viginti

193 893 314 926 longum,
331 891 425 925 viginti
443 892 538 923 latum,
569 899 600 918 ac
629 891 743 918 totidem
773 893 875 923 altum;
902 890 975 925 quod
992 883 1012 910 Π

193 942 248 962 tam
267 937 341 964 intus
352 944 433 970 quam
450 936 517 963 loris
532 943 600 963 auro
614 935 740 966 obduxit,
759 935 830 962 facta
848 943 930 968 super
944 942 976 961 eo

191 981 403 1007 cberubinorum
443 979 541 1012 forma,
579 988 694 1014 quorum
735 985 848 1013 uterque
884 979 975 1005 decem

191 1031 250 1053 erat
268 1027 376 1053 cubitos
401 1027 509 1060 longus,
528 1033 561 1053 ac
582 1026 704 1060 quinque
730 1026 810 1056 latus,
838 1033 868 1051 ex
897 1032 975 1055 auro,

192 1080 264 1098 unus
279 1073 311 1100 ad
328 1072 440 1099 sacrarii
456 1072 527 1098 latus
540 1072 676 1103 dextrum,
692 1072 760 1097 alter
774 1070 806 1097 ad
820 1070 975 1101 sinistrum,

190 1121 218 1143 et
238 1117 346 1151 utrique
362 1124 408 1143 sex
420 1117 479 1148 alw,
497 1117 598 1151 quibus
613 1124 694 1150 super
708 1123 741 1142 eo
752 1115 872 1142 extensis
889 1115 975 1148 ipsum

191 1163 364 1197 obtegebant.
391 1162 456 1188 Dein
486 1169 577 1188 arcam
602 1169 616 1188 e
646 1162 755 1187 civitate
785 1160 865 1195 176
891 1160 975 1185 Sibun

191 1207 335 1234 deductam
355 1207 380 1233 in
399 1206 482 1233 dumo
502 1206 553 1233 ista
571 1205 672 1240 posuit.
701 1204 771 1237 Quin
788 1209 814 1230 et
830 1209 892 1230 ante
909 1209 977 1230 lt-tn-

193 1253 266 1286 plum
285 1252 356 1280 istud
375 1252 442 1278 duas
461 1252 604 1278 columnas
620 1258 709 1276 abeas
726 1250 851 1284 ingentes
869 1250 975 1280 statuit,

192 1306 308 1332 quarum
325 1303 441 1330 utraque
457 1296 567 1330 triginta
581 1296 689 1322 cubitos
713 1295 791 1329 longa
819 1294 880 1326 fuit,
898 1296 976 1328 quin-

193 1350 246 1375 quc
259 1343 334 1375 lata;
352 1342 452 1376 quibus
472 1341 561 1367 velum
589 1340 750 1367 coccineum
776 1340 847 1373 quod
876 1339 977 1366 fecerat

193 1388 310 1414 diversis
339 1394 508 1421 gemmarum
541 1385 687 1418 speciebus
716 1389 871 1412 Consertqu
903 1393 918 1410 c
937 1392 977 1410 re-

194 1433 273 1466 gi0ue
290 1433 381 1466 templi
399 1432 539 1466 appendit.
556 1431 677 1458 Mensam
693 1431 774 1457 etiam
791 1438 894 1457 aeneam
912 1429 977 1457 fecit

195 1481 221 1505 in
247 1487 300 1513 qua
329 1484 475 1513 poneretur
501 1478 579 1512 panis
606 1477 772 1510 oblationis;
791 1477 869 1511 cujus
890 1477 977 1509 longi-

194 1525 260 1552 tudo
277 1524 372 1558 viginti
390 1529 449 1551 erat
466 1524 633 1555 cubitorum,
662 1531 693 1549 ac
721 1523 832 1550 totidem
850 1522 973 1553 latitudo,

193 1570 334 1597 rrassities
349 1569 442 1596 decem
458 1577 465 1600 ;
483 1576 563 1604 quam
582 1573 609 1596 et
623 1576 690 1595 auro
707 1568 875 1602 gemmisque
889 1567 976 1594 obdu-

193 1617 242 1642 xit.
262 1616 360 1643 Omnia
375 1615 458 1642 ctiam
477 1622 541 1641 vasa
562 1622 656 1646 aurea,
672 1618 800 1648 argentea
818 1617 844 1639 et
862 1613 977 1647 getnmis

194 1660 320 1687 confecta
347 1660 373 1685 in
391 1659 523 1693 templum
551 1659 719 1693 importavit.
751 1658 857 1685 Struxit
896 1657 977 1683 etiam

194 1705 247 1731 sibi
263 1704 404 1738 palatium,
436 1703 510 1737 quod
545 1711 623 1734 auro,
658 1707 827 1737 argentoque
859 1701 976 1734 oblevit;

194 1749 274 1782 cujus
292 1748 318 1775 in
338 1747 428 1774 medio
441 1741 602 1781 praetorium
628 1747 774 1780 exstruxit,
794 1747 901 1774 cubitos
916 1754 979 1773 cen-

197 1798 253 1818 tum
267 1793 389 1825 longum,
413 1792 613 1826 quinquaginta
639 1791 732 1823 latum,
748 1791 832 1817 altum
848 1791 978 1825 triginta;

196 1837 311 1864 interius
337 1836 415 1870 quasi
442 1835 626 1863 ambientibus
652 1841 768 1870 quatuor
790 1835 977 1862 columnarum

196 1882 368 1909 eedrinarum
397 1888 466 1908 auro
495 1880 677 1908 obductarum
716 1880 869 1912 ordinibus,
898 1888 979 1914 super

197 1927 296 1960 quibus
333 1931 412 1953 erant
446 1929 562 1960 quatuor
583 1930 653 1953 tecta
676 1933 743 1952 auro
762 1930 868 1952 ornata.
903 1924 980 1952 Fecit

196 1973 276 2001 etiam
293 1973 420 2000 thronum
448 1977 576 2005 magnum
597 1970 763 2001 eburneum,
795 1977 862 1995 auro
890 1969 979 1995 varic-

196 2022 299 2052 gatum,
313 2017 484 2053 gemmisque
499 2015 671 2047 distinctum,
688 2015 759 2050 quod
776 2016 802 2042 in
819 2015 899 2048 hujus
913 2022 980 2047 prae-

198 2064 258 2090 torii
288 2063 376 2090 medio
406 2062 512 2094 statuit,
537 2061 580 2088 cui
609 2061 739 2088 insideret
757 2061 827 2094 ipse;
855 2067 916 2086 cum
947 2060 980 2086 de

197 2109 335 2135 hominum
349 2107 433 2134 rebus
449 2110 639 2142 cognosceret.
656 2105 761 2139 Templi
779 2109 871 2132 autem
891 2110 917 2130 et
933 2112 980 2137 pa.

197 2153 255 2180 latii
295 2157 463 2180 structuram
495 2156 597 2185 septem
632 2151 711 2177 annis
740 2150 865 2177 absolvit.
891 2149 978 2176 Jama

989 1547 1010 1576 C

1026 264 1057 283 ac
1073 261 1199 283 Irortuus
1216 263 1284 284 esset
1303 262 1383 284 noctu
1404 259 1474 284 illius
1487 259 1584 291 ipsius,
1601 267 1643 286 me
1656 259 1808 288 dormiente

1026 300 1070 326 illa
1091 301 1173 326 filium
1192 309 1271 327 suum
1290 306 1426 327 mortuum
1443 303 1608 335 prehensum
1626 304 1726 337 pectori
1748 313 1808 332 meo

1026 345 1182 376 admovens,
1198 347 1229 372 ad
1245 355 1274 374 sc
1287 346 1372 374 filium
1385 348 1468 374 istum
1485 355 1574 375 meum
1590 350 1700 383 recepit.
1717 351 1808 377 Ain-ra

1026 396 1114 418 autem
1134 400 1140 418 :
1164 391 1212 418 llic
1233 392 1342 425 (inquit)
1367 400 1444 427 puer,
1465 401 1542 420 meus
1567 398 1608 421 est
1631 395 1724 427 titius;
1749 396 1809 428 cjus

1026 441 1128 466 autem,
1147 441 1281 464 mortuus.
1295 437 1423 465 Salomon
1438 446 1502 474 ergo
1521 439 1638 472 gladium
1652 440 1702 467 sibi
1719 440 1807 467 tim-rei

1024 482 1135 517 jubcns,
1155 491 1324 517 puerumque
1351 492 1430 510 manu
1456 492 1504 511 sua
1525 485 1695 519 prehendens
1712 496 1718 514 :
1737 487 1810 513 Divi-

1026 528 1100 560 dam,
1113 528 1210 562 inquit,
1227 529 1252 555 in
1267 528 1334 556 duas
1350 533 1441 562 partes
1456 537 1581 563 puerum,
1598 539 1711 564 quarum
1728 539 1809 558 unam

1027 574 1134 608 utrique
1160 579 1279 600 vestrum
1306 574 1421 601 tradam.
1449 575 1516 601 Tum
1541 581 1625 602 mater
1644 577 1730 610 pueri,
1756 576 1807 602 Do-

1028 620 1101 645 mine
1121 619 1168 649 mi,
1186 620 1284 653 inquit,
1302 629 1335 648 ne
1349 620 1454 647 dividas
1471 622 1571 655 ipsum,
1589 622 1635 648 sed
1655 623 1679 648 ei
1697 621 1807 657 [totum]

1027 665 1138 697 tradas;
1161 666 1268 692 dicente
1291 667 1374 692 altera
1398 676 1404 693 :
1432 667 1539 702 [Quin]
1566 668 1681 699 dividas,
1706 674 1735 695 ιιι
1759 677 1809 695 nec

1028 710 1093 736 mihi
1111 711 1155 741 sit,
1180 718 1228 737 nec
1254 711 1302 737 illi.
1325 711 1403 738 Dedit
1422 720 1488 746 ergo
1502 713 1631 740 Salomon
1655 721 1768 747 puerum
1783 714 1808 740 ei

1027 762 1086 788 qum
1098 761 1130 780 ne
1143 754 1310 782 divideretur
1322 756 1409 789 petiit,
1425 762 1593 790 perspectum
1607 757 1710 783 habens
1723 757 1809 791 ipsam

1028 805 1141 827 matrem
1165 801 1226 835 ejus
1241 809 1314 831 esse.
1331 809 1362 829 ex
1379 810 1412 829 eo
1429 803 1474 836 qui
1498 803 1624 836 apparuit
1647 810 1709 836 erga
1734 802 1809 829 illum

1028 846 1127 873 affectu
1155 846 1249 880 ipsius.
1278 847 1422 879 Miratiqne
1444 853 1508 874 sunt
1535 848 1661 875 homines
1678 847 1810 882 judicium

1027 892 1123 926 ipsius.
1151 891 1272 918 Fuerunt
1288 897 1377 919 autem
1395 886 1551 919 Salomonis
1572 900 1671 919 uxores
1688 893 1811 927 ingenua:

1028 938 1217 971 septingcntrc,
1233 942 1258 963 et
1272 942 1312 964 ter
1326 943 1434 964 centum
1450 938 1530 972 180
1544 938 1714 965 concubium.
1732 938 1811 964 Duxit

1027 983 1107 1010 etiam
1123 982 1249 1009 Salomon
1265 982 1422 1012 Pharaonis.
1436 983 1542 1018 Aigypti
1557 983 1636 1017 regis,
1649 983 1693 1009 cui
1709 991 1810 1009 nomen

1029 1027 1138 1058 Shisak,
1155 1027 1247 1058 liliatn,
1273 1035 1389 1062 eamque
1401 1028 1591 1063 Hierosolyma
1606 1029 1729 1055 adduxit.
1747 1027 1812 1055 Post

1027 1081 1087 1106 qua:
1102 1074 1239 1106 profectus
1263 1073 1379 1105 Pharao,
1402 1073 1509 1108 (Egypti
1529 1081 1586 1105 rex,
1609 1077 1702 1100 urbem
1723 1074 1812 1100 Aazar

1027 1122 1207 1151 expugnatam
1221 1117 1281 1150 igne
1298 1117 1450 1144 succendit.
1466 1118 1526 1151 Igne
1541 1118 1623 1143 etiam
1636 1117 1813 1144 Chanaanitis

1027 1162 1137 1188 Maraab
1149 1162 1329 1189 incolentibus
1346 1162 1480 1191 immisso,
1497 1169 1562 1195 opes
1574 1169 1668 1188 eorum
1686 1169 1754 1195 quas
1769 1161 1812 1187 di-

1027 1208 1109 1241 ripuit
1126 1209 1158 1234 ad
1185 1209 1265 1234 filiam
1292 1216 1369 1234 suam
1393 1208 1548 1234 Salomonis
1564 1207 1707 1241 coniugem
1727 1208 1810 1234 misit.

1028 1252 1129 1286 Regina
1154 1254 1234 1280 etiam
1261 1253 1347 1283 Sabze,
1374 1253 1466 1280 audito
1493 1261 1606 1287 regnare
1625 1251 1812 1283 Salomoucm,

1028 1298 1060 1324 ad
1087 1299 1173 1331 ipsum
1201 1299 1292 1325 multis
1314 1306 1375 1325 cntn
1397 1299 1555 1325 muneribus
1580 1299 1724 1329 accedens,
1739 1298 1812 1325 dedit

1029 1343 1080 1377 ipsi
1100 1343 1158 1369 auri
1177 1343 1276 1370 talenta
1293 1349 1402 1371 centum
1420 1345 1541 1378 triginta.
1558 1344 1679 1378 Cumque
1691 1344 1715 1371 ei
1732 1343 1812 1370 vicis-

1028 1388 1080 1414 sim
1105 1388 1227 1414 dcdisset
1254 1388 1381 1415 Salomon
1408 1389 1592 1422 quodcunque
1618 1389 1751 1422 petiisset,
1777 1389 1811 1415 ab

1028 1433 1086 1466 ipso
1098 1441 1204 1459 reversa
1219 1437 1272 1459 est.
1284 1433 1365 1460 Duxit
1382 1434 1445 1467 quin
1462 1434 1542 1460 etiam
1557 1434 1695 1463 Salomon,
1706 1434 1813 1461 Davidis

1029 1477 1109 1508 filius,
1132 1477 1250 1503 tribuum
1280 1477 1492 1509 alienigenarum
1512 1478 1590 1507 ﬁlias.
1607 1479 1658 1504 v17.
1673 1479 1812 1504 Ammoni-

1028 1527 1128 1552 tarntu.
1155 1522 1378 1554 Amalekilarum,
1410 1523 1597 1554 Moabitarum,
1623 1523 1813 1555 aliarumque;

1029 1575 1095 1601 quas
1111 1574 1172 1594 cum
1189 1571 1302 1597 ainaret,
1317 1575 1370 1600 prze
1386 1567 1487 1594 amoris
1499 1575 1552 1601 quo
1566 1568 1638 1601 ipsas
1655 1568 1814 1602 complexus

1028 1616 1071 1639 est
1099 1612 1282 1643 vehementia,
1310 1613 1398 1646 ipsum
1419 1612 1585 1646 impulerunt
1608 1613 1660 1640 sibi
1684 1613 1813 1647 templum

1029 1657 1157 1688 condere,
1174 1657 1200 1683 in
1218 1665 1270 1691 quo
1286 1657 1356 1684 idola
1372 1665 1432 1692 quae
1448 1658 1579 1690 colerent,
1598 1659 1753 1692 quibusque
1769 1666 1813 1686 sa-

1030 1702 1193 1730 crificarent.
1218 1702 1349 1736 reposuit.
1369 1703 1456 1736 Atque
1481 1703 1549 1729 hanc
1569 1703 1603 1730 ob
1623 1711 1732 1730 causam
1763 1703 1812 1730 de—

1028 1747 1114 1782 iectus
1130 1753 1171 1774 est
1185 1747 1326 1776 Salomon.
1347 1747 1454 1774 Daridis
1464 1748 1578 1783 liliusIde
1595 1748 1680 1782 gradu
1696 1748 1814 1782 prophe-

1031 1793 1096 1818 tico.
1115 1792 1199 1818 Porro
1215 1792 1324 1818 fuerunt
1339 1793 1365 1819 in
1380 1793 1501 1820 exercitu
1516 1793 1604 1828 ipsius
1620 1793 1752 1827 equitum,
1768 1794 1815 1827 qtti

1030 1845 1115 1871 equas
1133 1838 1364 1869 conscenderent,
1379 1838 1541 1873 quadragies
1557 1838 1639 1870 mille,
1657 1838 1703 1872 qui
1719 1846 1813 1872 equos,

1029 1882 1114 1909 vicies
1127 1882 1210 1909 mille.
1224 1882 1286 1908 Fuit
1299 1881 1436 1910 Salomoni
1451 1891 1545 1910 servus
1562 1883 1667 1910 nomine
1685 1883 1812 1914 Reboam,

1031 1926 1126 1953 Nahati
1150 1926 1234 1958 filius,
1257 1934 1271 1953 e
1285 1926 1358 1953 tribu
1382 1926 1523 1961 Ephraim,
1548 1926 1625 1962 cujus
1646 1927 1736 1959 matri,
1754 1934 1814 1960 qua:

1032 1971 1128 1997 mulier
1143 1976 1202 1997 erat
1219 1971 1308 2002 furax,
1329 1978 1428 1997 nomen
1447 1971 1546 2003 Sisera,
1563 1979 1644 2006 quem
1663 1979 1724 1998 cum
1745 1979 1814 2005 pra-.-

1035 2017 1143 2043 feeisset
1163 2017 1291 2043 Salomon
1308 2016 1511 2051 tribuiJosepb,
1528 2017 1692 2052 ipsojjurbetll
1712 2017 1770 2043 Sair
1786 2017 1813 2043 in

1032 2062 1172 2095 Ephraimi
1191 2061 1324 2090 limitibus
1340 2062 1472 2091 condidit.
1491 2062 1593 2095 fuitque
1609 2061 1697 2094 fortis,
1718 2062 1816 2089 robore

1031 2107 1145 2141 pollens.
1164 2107 1204 2133 llli
1224 2114 1373 2134 occurrens
1390 2106 1459 2132 Abta
1475 2106 1649 2142 181-183
1672 2108 1812 2141 projiheta,

1032 2156 1188 2186 vestemque
1200 2159 1276 2178 suam
1293 2156 1428 2185 arreptam
1448 2151 1474 2177 in
1492 2152 1633 2178 duodecim
1648 2159 1665 2185 p
1675 2156 1738 2178 :rtes
1752 2160 1813 2178 cum

199 2205 282 2232 regno
300 2197 410 2224 Davidis
426 2197 459 2224 ad
478 2196 610 2223 fabricam
637 2196 731 2229 templi
748 2195 897 2222 absolutam
916 2196 979 2222 anni
994 2203 1019 2232 D
1033 2198 1167 2228 scidisset,
1188 2197 1326 2224 ltabaamo
1349 2197 1442 2223 Nabati
1467 2197 1521 2223 fi!io
1540 2199 1633 2223 ducem
1648 2204 1742 2224 caruu
1757 2201 1813 2223 tra-

198 2248 263 2270 sunt
278 2243 501 2276 undesexaginta.
518 2241 635 2275 Fuitque
659 2248 759 2268 census
776 2248 885 2267 annuus
902 2240 981 2267 Salo-

203 2290 302 2320 monis,
330 2289 377 2315 ﬁlii
398 2287 517 2319 Davidis,
548 2287 711 2314 talentorum
743 2287 800 2312 auri
830 2287 981 2313 sexcenties

199 2336 321 2369 sexagies
335 2335 422 2360 sexles
440 2333 523 2366 mille,
543 2333 613 2359 ultra
636 2340 666 2358 ei
682 2340 742 2366 qua:
759 2337 911 2358 mercatura
938 2340 983 2358 ac-

198 2379 385 2413 quirebantur.
416 2378 573 2405 Dimensum
603 2377 780 2412 177-179
805 2377 865 2410 ejus
891 2377 981 2410 quoli-

198 2426 322 2454 dianmn,
338 2423 435 2450 simila:
454 2423 511 2449 cori
538 2422 661 2457 triginta,
692 2422 786 2448 farinm
812 2423 867 2448 cori
900 2429 982 2447 sexa-

199 2470 283 2502 ginta,
297 2468 407 2502 jnvenci
418 2468 524 2499 decem,
539 2467 622 2494 boves
636 2467 732 2500 viginti
752 2466 818 2497 duo,
836 2474 900 2493 oves
917 2474 982 2492 ccu-

200 2520 268 2548 tum,
298 2518 395 2549 praeter
410 2520 517 2544 cervos,
538 2513 681 2547 capreolos
697 2518 723 2540 et
751 2513 885 2540 volucres.
914 2513 983 2539 Fue-

202 2564 264 2585 runt
278 2559 360 2586 etiam
377 2558 404 2585 in
422 2558 521 2592 palatio
551 2557 706 2584 Salomonis
740 2562 851 2584 centum
881 2566 983 2584 mensa:

201 2611 289 2631 aurea:
305 2609 332 2630 et
346 2603 372 2630 in
385 2610 479 2630 earum
497 2603 614 2637 singulis
627 2607 735 2629 centum
751 2603 921 2636 paropsides,
933 2610 983 2629 nec

201 2657 254 2676 non
271 2653 391 2676 trecenta
413 2649 532 2681 vasaria,
550 2647 576 2674 in
591 2655 707 2682 quorum
727 2647 842 2682 singulis
860 2652 982 2674 trecenta

201 2701 279 2722 erant
294 2695 390 2729 pocula
406 2702 499 2721 aurea.

237 2740 408 2767 Salomonem
430 2744 519 2766 autem
538 2740 582 2766 die
602 2739 719 2774 quodam
747 2740 772 2766 in
791 2741 915 2776 przetorio
939 2748 983 2768 sc-

202 2785 310 2812 deutem
328 2790 505 2812 accesserunt
531 2785 637 2812 feniinae
658 2786 718 2813 duae
734 2786 898 2820 quibuscum
924 2791 983 2812 crat

205 2837 273 2864 puer
288 2836 382 2856 recens
403 2833 496 2862 natus,
518 2838 633 2864 quarum
653 2839 706 2857 una
727 2832 795 2858 dixit
814 2841 820 2858 :
837 2831 900 2858 Heri
921 2839 982 2858 cum

1034 2243 1112 2273 dens,
1126 2242 1194 2268 dixit
1210 2251 1217 2269 :
1237 2242 1408 2277 Regnaturus
1428 2251 1456 2269 es
1477 2249 1502 2267 Ill
1525 2243 1552 2269 in
1569 2243 1660 2269 dcerem
1679 2243 1816 2269 lsraelita-

1034 2296 1091 2314 rum
1116 2288 1213 2315 tribus.
1230 2288 1258 2314 In
1274 2289 1364 2315 animo
1377 2294 1465 2315 autem
1489 2288 1625 2315 Salomoni
1645 2288 1694 2314 fttit
1710 2287 1814 2315 Raban-

1034 2341 1104 2358 tuum
1123 2337 1209 2358 morte
1226 2334 1340 2359 allici-re.
1369 2334 1414 2360 Ille
1434 2341 1498 2368 ergo
1513 2334 1547 2360 ab
1577 2333 1636 2366 ipso
1654 2333 1716 2368 fuga
1735 2341 1763 2360 se
1780 2333 1814 2359 ad

1034 2377 1211 2411 Sbishakum,
1229 2377 1337 2413 [Egypti
1355 2378 1536 2411 Pharaonem,
1561 2379 1725 2413 proripit-us,
1743 2379 1813 2413 apud

1035 2422 1122 2456 ipsum
1141 2424 1261 2456 mansit;
1281 2424 1326 2458 qui
1345 2425 1371 2450 in
1391 2432 1501 2451 uxorem
1519 2426 1543 2451 ci
1558 2425 1683 2460 conjugis
1703 2433 1759 2451 sua‘.
1774 2433 1818 2452 sc-

1035 2476 1124 2494 rort-m
1147 2469 1230 2500 dedit,
1252 2470 1295 2495 cui
1319 2477 1417 2496 nomen
1437 2471 1500 2501 Atu,
1518 2479 1632 2505 quaeque
1656 2471 1738 2496 tilium
1764 2471 1814 2504 ipsi

1035 2513 1149 2547 peperit,
1167 2522 1245 2548 quem
1264 2515 1372 2542 nomine
1395 2516 1480 2549 patris
1505 2516 1546 2541 sui
1572 2516 1726 2550 appellavit.
1749 2517 1814 2542 Pro-

1035 2560 1180 2592 phetarum
1207 2563 1327 2593 tempore
1356 2559 1527 2591 Saloruonis,
1552 2561 1658 2586 Natliau
1685 2565 1711 2587 et
1731 2560 1815 2588 Acbia

1036 2603 1179 2635 Sbilouita,
1196 2603 1298 2638 fuitque
1311 2604 1439 2631 sacerdos
1464 2614 1586 2632 summus
1601 2605 1700 2633 Sadoc.
1714 2606 1815 2633 Eodem

1036 2652 1157 2681 tempore
1171 2648 1197 2675 in
1212 2647 1316 2675 Graecia
1338 2648 1430 2675 ﬂoruit
1447 2649 1581 2676 Homerus
1600 2656 1677 2684 poeta
1691 2651 1814 2677 Gralcus.

1071 2693 1145 2720 Obiit
1170 2699 1259 2720 autem
1287 2694 1413 2721 Salomon
1439 2702 1499 2721 cutn
1521 2703 1610 2721 annos
1636 2695 1814 2729 quadraginta

1035 2745 1184 2775 regnasset,
1205 2746 1232 2768 et
1255 2741 1281 2767 in
1304 2741 1411 2768 Davidis
1438 2741 1519 2769 domo
1550 2743 1671 2776 sepultus
1690 2748 1740 2769 est.
1764 2742 1814 2777 Ipsi

1037 2786 1063 2812 in
1080 2793 1161 2820 regno
1184 2786 1317 2813 successit
1341 2786 1412 2814 [ilius
1438 2786 1525 2820 ipsius
1542 2787 1711 2817 Rehoboam,
1730 2794 1816 2813 annos

1036 2837 1116 2858 natus
1135 2831 1283 2861 srxdccim.
1299 2833 1344 2864 qui
1364 2831 1652 2870 llicrosulymisaunos
1661 2831 1814 2867 septemde-

1499 2908 1504 2929 Ι
