2015 3081
220 164 272 195 949

941 166 1122 198 ANNALES.

1794 170 1847 201 9Ἶο

220 219 273 245 cim
301 220 436 254 regnavit.
464 219 550 247 Porro
573 221 690 248 audiens
717 219 861 248 Jeroboam
873 240 881 250 .
912 220 1007 248 Nabati
1025 224 1046 251 Λ
1061 222 1218 250 Rehoboam
1232 223 1386 251 Saiomonis
1400 224 1470 252 ﬁlius
1483 232 1583 253 uxores
1595 224 1757 256 octodecim,
1775 227 1846 253 mul-

222 266 306 297 ﬁlius,
329 270 468 293 mortuunt
490 273 552 294 esse
570 266 757 299 Salomonem,
780 274 812 294 ex
837 266 957 301 {Egypto
977 267 1009 294 ad

221 310 316 338 urbem
331 311 394 339 Sair
411 312 544 340 ascendit.
566 312 696 340 lsraehtze
713 318 802 340 autem
817 312 850 338 ad
868 311 1011 339 Rehoboa-

222 365 297 384 mum
311 356 467 386 Salomonis
479 358 565 386 ﬁlium
581 358 752 393 congregati.
768 358 896 386 dixerunt
911 367 917 385 :
930 358 1012 385 Pater

223 409 287 432 tuus
304 404 374 432 male
392 405 539 432 admodum
564 413 614 432 nos
634 404 807 440 gubernavit,
828 408 856 431 tu
879 408 970 432 autem
988 405 1010 431 si

223 451 291 478 bene
318 457 368 478 uos
393 451 590 485 gubernaveris
619 451 691 478 servi
721 451 769 478 tibi
794 450 880 478 futuri
904 458 1010 478 smnus.

226 495 332 529 Quibus
362 496 408 523 ille
426 505 433 522 :
453 497 534 524 Abite
550 496 662 532 (inquit)
696 501 723 524 et
744 496 915 531 postriduum
934 496 1011 523 vobis

223 549 383 576 responsum
401 542 524 569 reddam.
544 543 611 570 Cum
628 550 693 577 ergo
714 550 730 570 θ
745 543 803 570 suis
819 542 923 577 aliquot
946 550 1011 570 cen-

222 587 367 620 suluisset,
384 589 513 617 dixerunt
532 589 569 616 illi
593 597 600 616 :
627 588 707 617 Dicas
728 588 781 616 illis
802 597 809 615 z
827 588 856 615 Si
875 588 945 615 mala
964 596 1012 615 vos

225 633 330 660 ratione
347 633 418 660 rexit
438 637 515 668 pater
540 641 629 664 meus,
646 641 697 668 ego
713 641 763 661 vos
779 633 882 668 optitna
903 641 934 660 ac
950 634 1011 666 pul-

222 678 370 709 cherrima,
384 686 498 714 quisque
514 680 590 707 vobis
607 679 746 707 levissima
766 678 859 706 futura
878 679 913 706 sit
931 677 1011 714 184

222 725 249 748 et
265 723 462 757 placidissima,
489 728 614 751 recturus
639 731 712 751 sum.
737 723 816 757 Quod
833 731 896 750 cum
917 723 1012 749 audire

223 768 319 799 nollet,
333 769 365 794 ad
387 769 516 796 mulieres
531 777 597 796 suas
614 770 755 804 ingressus
773 768 844 795 idem
864 768 917 794 illis
931 767 1011 797 dixit.

222 822 284 847 qua!
299 814 444 841 consilium
461 814 512 848 ipsi
529 814 663 842 dederunt
678 817 708 841 ut
725 814 776 841 hoc
789 813 868 840 tnodo
881 812 1012 839 lsi-aclttis

224 860 402 892 responderet
422 869 428 886 :
455 859 483 887 Si
502 860 572 887 male
592 868 641 887 vos
662 859 732 887 rexit
757 863 832 893 pater
856 865 944 888 meus,
961 865 1011 891 ego

225 911 273 929 vos
297 903 334 930 ita
360 912 451 938 regam
475 908 504 930 ut
528 908 679 931 conventus
696 908 801 931 vestros
826 902 968 936 diSsipem,
985 906 1011 928 ct

221 952 313 975 ctetus
330 955 435 976 vestros
452 949 604 986 dispergam
619 959 626 982 ;
649 949 702 977 hoc
728 949 877 984 (dixerunt)
900 949 954 976 illis
971 949 1012 975 di-

225 1001 273 1021 ras
293 1002 325 1020 ne
350 999 376 1022 te
395 1003 444 1029 pro
471 1003 557 1029 puero
577 995 712 1026 habeant.
734 998 761 1022 et
784 995 905 1028 ipsorum
936 995 969 1020 de
988 999 1013 1020 te

224 1040 402 1074 praesumptio
417 1040 604 1069 conﬁrmetur.
625 1041 747 1073 Quarum
766 1041 911 1067 consilium
933 1047 1012 1067 secus

226 1089 281 1115 Ius,
296 1091 327 1110 ea
345 1083 478 1111 lsraclitis
494 1084 563 1111 dixit
579 1093 639 1119 qua:
655 1085 721 1118 ipsae
740 1085 778 1111 illi
806 1089 1012 1118 suggesserant.

224 1127 264 1154 Illi
291 1136 366 1161 ergo,
386 1129 486 1155 auditis
510 1129 570 1164 ejus
597 1129 698 1161 verbis,
720 1137 734 1156 a
761 1131 904 1164 praesentia
928 1130 1014 1164 ipsius

224 1173 337 1207 egressi.
360 1175 517 1201 tumultuati
543 1179 616 1201 sunt.
640 1175 770 1208 Egressus
787 1182 852 1210 ergo
880 1175 911 1201 ad
939 1175 1014 1208 ipsos

226 1219 393 1249 llehoboam,
411 1220 481 1246 misit
497 1220 530 1247 ad
549 1221 621 1254 ipsos
636 1221 831 1247 Adoniramum
849 1220 1012 1247 tributorum

226 1264 484 1299 p‘tul'eetum,quem
503 1266 539 1292 illi
557 1267 625 1292 adeo
643 1269 671 1292 ut
684 1271 837 1292 moreretur
849 1266 1011 1299 lapidarunt,

226 1310 347 1345 fugiente
372 1312 406 1338 ab
429 1311 496 1344 ipsis
521 1311 697 1339 Bcltoboamo
723 1311 922 1346 Hierosolyma.
944 1311 1015 1338 Con-

225 1357 327 1391 gregati
346 1364 412 1391 eigo
431 1357 560 1385 Israelita:
574 1365 664 1392 regem
682 1358 734 1385 sibi
755 1358 953 1384 constituerunt
967 1356 1014 1383 Je-

226 1402 406 1434 roboantum,
422 1401 515 1429 INahati
545 1403 640 1434 lilium,
661 1409 742 1437 atque
769 1402 804 1428 ita
835 1402 950 1429 divisum
976 1406 1015 1427 est

228 1455 353 1482 regnum.
376 1449 564 1483 Regnavilqne
585 1447 742 1480 Jcroboam,
766 1447 862 1474 Nabati
889 1447 971 1478 ﬁlius,
989 1447 1015 1473 in

228 1493 323 1520 decem
340 1494 449 1527 tribus;
468 1499 494 1521 et
510 1494 620 1525 Nahles.
637 1495 728 1528 inqua
747 1498 773 1520 ct
789 1494 933 1523 habitavit.
952 1501 1017 1519 cou-

228 1538 309 1571 didit,
322 1547 428 1566 necnon
442 1540 574 1567 Phanuel.
592 1539 725 1574 Regnavit
741 1544 832 1567 autent
848 1538 1016 1568 ﬂeboboam,

228 1586 383 1613 Saloumnis
398 1587 478 1619 ﬁl'us,
494 1587 520 1613 in
533 1587 632 1615 tribum
648 1586 724 1614 Iudae
737 1591 764 1614 et
775 1586 927 1622 Beniamin.
946 1585 1016 1612 Fue-

228 1636 347 1665 runtque
369 1631 554 1663 Rclioboamo.
580 1632 736 1659 Salomonis
758 1631 830 1663 ﬁlio,
868 1631 1015 1658 bellatores

229 1676 335 1703 centies
357 1677 440 1703 vicies
461 1677 545 1708 mille,
572 1677 725 1711 inultusque
747 1676 868 1710 possedit
886 1676 977 1707 urbes,
1001 1684 1015 1702 e

227 1721 328 1754 quibus
341 1721 509 1755 Bcthlehem,
525 1723 653 1753 Batshur.
668 1722 746 1758 Ziplt,
766 1723 877 1754 Laltish,
894 1723 975 1756 Galli,
990 1727 1016 1751 et

228 1766 325 1798 Azika,
338 1775 398 1793 cum
413 1768 541 1796 omnibus
558 1773 638 1796 terra:
651 1768 772 1796 Judaicae
789 1774 814 1794 et
831 1769 1016 1803 licujamitica:

229 1812 355 1840 urbibus.
371 1813 433 1840 Fuit
448 1815 526 1841 matri
543 1814 630 1849 ipsius
646 1822 746 1841 nomen
763 1814 865 1845 Nauali,
880 1822 895 1840 ρ
911 1814 1016 1840 ﬁliabus

230 1858 459 1888 Amunmitarmu,
477 1866 538 1892 quae
557 1858 645 1892 ipsum
662 1857 694 1885 ad
713 1857 784 1884 idola
808 1857 923 1884 colenda
947 1856 1013 1884 inci~

229 1907 308 1930 tthl.
332 1903 365 1930 At
386 1903 544 1935 Jeroboam,
569 1903 665 1930 Nabati
696 1903 777 1936 illius,
801 1904 898 1930 timens
923 1903 1017 1938 185-

231 1949 312 1984 187
324 1957 358 1976 ne
374 1949 514 1982 Israelita‘,
530 1950 551 1976 si
568 1957 629 1976 cum
649 1949 767 1976 victimis
785 1949 970 1984 Hierosolyma
984 1949 1016 1975 ad

229 1996 340 2021 douuuu
366 1994 473 2021 Duntitti
498 1994 688 2026 ascenderem,
713 2002 774 2021 cum
793 1995 922 2028 templum
945 1994 1018 2021 vide-

231 2044 302 2070 rent.
318 2041 345 2066 in
358 2040 446 2074 ipsum
458 2040 630 2071 rebellarent,
645 2039 1017 2074 Rchoboamoque.Salomo—

232 2085 274 2112 nis
293 2085 358 2117 ﬁlio,
383 2084 459 2112 Judaa
475 2085 531 2120 regi
548 2084 696 2116 traderent.
711 2085 780 2112 duos
800 2085 900 2111 vitulos
921 2092 1019 2111 aureos

231 2131 363 2163 confecit,
378 2137 498 2164 quorum
520 2137 604 2156 unum
624 2129 650 2156 in
667 2128 774 2161 Bctlicl,
790 2129 905 2156 alterum
922 2130 948 2156 in
967 2129 1017 2155 Ba-

232 2176 290 2204 nias
307 2177 407 2211 posuit,
426 2175 580 2210 iisdemque
595 2175 754 2202 sacerdotes
767 2182 781 2201 e
798 2174 900 2202 Levitis
915 2176 1018 2202 consti-

232 2222 294 2252 tuit,
311 2221 405 2248 dicens
421 2221 507 2256 ipsis:
522 2220 552 2247 lli
566 2224 630 2248 sunt
642 2221 679 2247 dii
695 2222 777 2248 τρειτὶ
790 2222 835 2255 qui
850 2229 898 2247 vos
913 2229 927 2247 e
939 2229 1018 2247 manu

234 2267 384 2294 Pharaonis
395 2267 559 2297 liberarunt.
578 2267 659 2293 colite
669 2266 828 2301 ergoipsns,
841 2274 903 2293 cum
915 2275 968 2293 nou
988 2268 1021 2294 sit

234 2321 301 2348 opus
311 2318 339 2340 ut
349 2312 537 2348 Hierosolyma
546 2312 701 2340 asceudatis
711 2321 718 2344 ;
730 2312 795 2346 quin
805 2316 832 2338 ct
846 2312 944 2339 festum
964 2320 1021 2338 ma-

234 2367 317 2393 gnum
338 2359 392 2386 illis
403 2358 534 2391 instituit,
544 2358 615 2385 sicut
630 2358 738 2384 interra
748 2356 824 2384 Judte
835 2357 891 2383 ﬁeri
907 2357 1020 2384 solebat.

270 2403 354 2430 Porro
378 2411 440 2431 cum
464 2409 537 2429 anno
568 2401 749 2432 lteboboami,
777 2401 934 2428 Salomonis
963 2401 1021 2433 ﬁlii,

234 2450 341 2483 quinto,
356 2449 518 2476 ascenderet
533 2447 633 2474 Sliisak
644 2446 752 2473 Pharao
767 2445 945 2480 Egyptiacus
960 2446 1021 2472 Hic-

235 2495 372 2530 rosolyma
388 2502 450 2522 cum
466 2494 532 2520 viris
547 2494 629 2520 vicies
644 2497 670 2518 et
686 2493 727 2519 bis
745 2492 816 2518 mille
833 2494 960 2527 (quorum
976 2501 1019 2519 sc-

235 2542 303 2574 pties
328 2541 401 2568 mille
422 2540 529 2575 equites
545 2538 634 2572 erant)
658 2537 778 2572 fugiente
800 2538 835 2564 ab
851 2537 910 2571 ipso
930 2537 1021 2564 Rebu-

235 2588 344 2619 boamu.
360 2587 434 2621 cepit
456 2585 574 2613 Shishak
598 2592 691 2612 omnes
707 2584 765 2611 auri
789 2588 815 2611 et
833 2584 938 2618 argenti
963 2583 1019 2610 the-

235 2640 333 2660 sauros
345 2632 393 2666 qui
413 2632 440 2658 in
454 2632 536 2658 domo
556 2630 661 2657 Domini
678 2629 810 2661 fuerunt;
827 2637 932 2656 necnon
946 2633 1022 2656 scuta

237 2686 319 2705 aurea
337 2683 364 2705 et
377 2684 514 2712 argentea.
529 2686 589 2712 quae
607 2677 633 2704 in
652 2685 714 2704 arce
730 2677 814 2711 regia,
832 2684 949 2712 quorum
963 2676 1023 2704 loco

236 2724 289 2751 alia
312 2732 345 2751 ex
363 2731 416 2750 mre
435 2723 552 2750 conn-cit
574 2724 741 2753 Itehoboam,
770 2722 924 2749 Salomonis
941 2721 1022 2749 lilius.

240 2769 322 2797 ldulta
338 2773 428 2796 autem
443 2769 604 2796 acciderunt
620 2769 691 2795 inter
709 2768 927 2800 liehoboamum,
947 2767 1022 2794 Salo-

238 2814 327 2842 monis
345 2813 440 2846 lilium,
456 2819 481 2840 et
496 2812 702 2846 Jcroboanmm,
718 2812 815 2839 Nabati
833 2811 928 2843 ﬁlium,
942 2811 1021 2844 bella,

237 2859 370 2894 quamdiu
397 2859 423 2886 in
447 2859 515 2886 vivis
541 2864 611 2886 esset
640 2857 806 2885 lb-lrohoamr
834 2856 917 2884 Porro
945 2857 1022 2884 duxit

1062 272 1158 301 tosque
1172 269 1264 304 genuit
1282 269 1392 296 liberos.
1412 269 1493 297 Duxit
1511 271 1592 298 etiam
1609 271 1742 303 Macham,
1760 272 1846 299 Abso-

1063 314 1144 341 lomis
1167 314 1261 346 ﬁliam,
1280 321 1340 348 qua:
1359 315 1410 348 ipsi
1430 315 1526 342 Abiam
1548 315 1701 350 fratresque
1716 316 1777 349 ejus
1798 325 1845 351 pe-

1062 361 1132 394 perit
1156 369 1162 387 :
1188 360 1299 388 fuerunt
1327 361 1438 395 insuper
1459 361 1510 396 ipsi
1527 362 1688 389 concubium
1712 363 1845 397 triginta;

1062 413 1157 433 omnes
1172 411 1262 433 autem
1278 407 1363 441 ipsius
1381 407 1459 434 liberi
1473 413 1526 434 tam
1543 415 1630 435 mares
1643 415 1723 443 quam
1740 409 1849 436 feminae

1063 449 1174 477 fuerunt
1193 451 1285 486 viginti
1309 457 1383 479 Octo.
1411 452 1492 487 188
1502 451 1704 488 Prophetarum
1725 457 1850 489 tempore

1064 495 1229 523 Rehoboami
1252 496 1409 525 Salomonis
1436 498 1482 524 ﬁlii
1508 498 1634 526 Semaiah
1661 498 1847 530 Machlamita.

1063 545 1089 567 et
1106 542 1189 568 Achia
1211 541 1356 575 Shilonita,
1378 544 1560 578 prophetante
1579 544 1659 571 etiam
1679 543 1773 571 Obedo
1788 544 1850 572 Bei-

1063 587 1129 614 tlteli
1149 587 1242 614 ﬁssum
1265 592 1308 616 est
1323 589 1419 616 altare.
1431 589 1499 617 Cum
1515 589 1631 617 obiisset
1648 594 1738 617 autem
1754 589 1847 616 Reho-

1064 633 1155 665 hoam,
1176 633 1331 661 Salomonis
1357 635 1440 666 ﬁlius,
1463 642 1525 662 cum
1551 639 1629 670 patre
1652 643 1703 663 suo
1720 635 1748 662 in
1769 635 1850 662 domo

1064 678 1173 706 [uvidis
1185 678 1307 713 sepultus
1320 684 1373 710 est.
1387 684 1445 713 post
1457 680 1545 715 ipsttm
1563 684 1693 714 regnante
1708 681 1733 708 in
1749 680 1848 708 Iudam

1062 729 1091 750 et
1114 723 1300 760 Hierosolyma
1326 725 1380 752 tliio
1399 725 1484 760 ipsius
1507 726 1575 753 Abia
1591 733 1637 754 sex
1661 726 1751 758 annis,
1768 726 1850 760 idque

1064 775 1135 795 anno
1151 768 1259 796 decimo
1277 772 1374 796 octavo
1389 769 1465 803 regni
1485 768 1652 802 Jeroboami,
1671 769 1766 796 Nahati
1789 769 1847 799 ﬁlii,

1064 814 1134 848 regis
1157 814 1276 842 lsraeiis.
1303 815 1471 842 Acciderunt
1494 815 1577 842 etiam
1600 815 1674 842 inter
1693 815 1788 842 Ahiam
1806 823 1849 842 re-

1064 868 1123 894 gem
1136 859 1223 891 Iuda,
1236 864 1263 887 et
1277 860 1421 888 Jeroboam
1434 860 1543 888 lsraelis
1560 868 1649 895 regem
1667 860 1736 888 bella
1752 861 1847 888 multa.

1066 906 1153 940 ipsum
1172 906 1198 933 in
1217 905 1308 940 fugam
1329 910 1506 934 convertente
1527 905 1594 933 Abia
1615 914 1676 942 rege
1695 905 1783 936 .lndac,
1802 913 1834 932 oc

1064 952 1183 986 cisisque
1197 951 1381 978 lsraelitarum
1394 951 1573 985 quingenties
1589 951 1672 982 mille,
1688 950 1755 977 adeo
1771 954 1799 976 ut
1817 950 1845 977 al.

1068 997 1135 1023 Abia
1155 1004 1216 1031 rege
1233 996 1309 1024 Judae
1328 997 1435 1023 timeret
1447 996 1568 1024 Roboam
1585 996 1692 1023 lsraelis
1706 1003 1762 1022 rex.
1781 994 1838 1020 Mur

1064 1047 1127 1068 tuus
1150 1048 1239 1070 autem
1259 1043 1325 1069 Aliia
1350 1042 1426 1069 inde
1450 1050 1495 1069 rex
1522 1042 1646 1076 sepultus
1671 1045 1711 1068 est
1735 1040 1761 1067 in
1785 1040 1844 1066 lll’bt

1065 1089 1212 1119 Davidica;
1232 1093 1361 1122 regnante
1387 1093 1444 1122 post
1462 1089 1551 1122 ipsum
1568 1088 1594 1114 in
1618 1087 1687 1114 Juda
1707 1091 1733 1114 ct
1758 1085 1838 1112 Iliero

1065 1134 1176 1169 solymis
1193 1135 1249 1161 lilio
1269 1134 1355 1168 ipsius
1373 1134 1424 1160 Asa
1448 1134 1525 1161 anuis
1539 1134 1718 1168 quadraginta
1735 1137 1762 1159 ct
1783 1140 1851 1164 uno,

1067 1181 1147 1213 idque
1179 1188 1251 1207 anno
1278 1180 1353 1214 regni
1378 1179 1553 1210 Jeroboami.
1579 1179 1676 1206 Naliati
1704 1179 1749 1206 lilii
1781 1178 1851 1213 regis

1066 1225 1184 1257 lsi-aclis,
1208 1225 1337 1252 viresimo
1361 1230 1468 1259 quarto.
1491 1225 1569 1252 Matri
1593 1230 1682 1252 autem
1704 1225 1764 1251 Asm
1781 1225 1851 1257 regis

1065 1272 1141 1299 Iudae
1163 1279 1259 1298 nomen
1277 1275 1337 1298 erat
1360 1270 1479 1298 Naemalt
1497 1270 1655 1298 Absltalotni
1681 1270 1745 1297 ﬁlia.
1766 1269 1852 1296 Porro

1066 1320 1192 1343 mortuus
1208 1320 1249 1342 est
1271 1315 1416 1343 Jeroboam
1441 1314 1536 1342 Nabati
1557 1314 1638 1345 ﬁlius,
1664 1314 1771 1341 lsraelis
1793 1321 1852 1345 rex,

1067 1367 1209 1396 postquam
1234 1368 1322 1388 annos
1344 1361 1437 1396 viginti
1462 1365 1581 1396 quatuor
1604 1366 1744 1395 regnasset
1759 1379 1765 1389 .
1792 1363 1854 1392 post

1067 1414 1148 1440 quem
1163 1414 1247 1440 regno
1265 1406 1374 1434 lsraelis
1389 1406 1490 1440 potitus
1507 1410 1549 1433 est
1563 1405 1636 1432 ﬁlius
1657 1405 1743 1439 ipsius
1765 1403 1852 1430 Nahat

1068 1453 1146 1479 annis
1171 1452 1288 1483 duobus,
1311 1452 1392 1486 idque
1412 1459 1485 1478 anno
1499 1451 1576 1485 regni
1599 1450 1659 1477 Aste
1684 1450 1755 1484 regis
1778 1448 1853 1476 Jud'E

1071 1496 1201 1523 secundo.
1226 1496 1359 1523 Nabatmn
1383 1501 1474 1522 autem
1500 1496 1613 1522 adortus
1636 1495 1751 1524 Baasba.
1780 1495 1854 1521 Abite

1071 1542 1153 1573 ﬁlius,
1165 1542 1326 1569 Gibbclhoni
1350 1542 1439 1576 ipsum
1459 1540 1606 1572 interfecit,
1622 1547 1786 1573 emnemque
1801 1547 1853 1565 una

1070 1587 1235 1620 Jerohoami,
1262 1587 1358 1614 Nabati
1384 1586 1449 1616 ﬁlii.
1474 1586 1641 1620 progeniem.
1670 1585 1855 1619 Regnavitqu‘

1069 1633 1173 1660 Baasha
1194 1633 1271 1660 Abite
1296 1633 1377 1665 ﬁlius,
1405 1633 1431 1659 in
1451 1631 1580 1659 lsraeietn
1606 1631 1633 1658 in
1660 1630 1739 1657 Tirsa
1768 1636 1855 1658 annos

1067 1678 1164 1713 viginti
1177 1683 1313 1712 quatuor;
1331 1678 1414 1712 idque
1435 1683 1508 1704 anno
1525 1676 1601 1711 regni
1618 1677 1678 1702 Asm
1693 1675 1765 1710 regis
1779 1674 1856 1702 Iudae

1067 1725 1159 1752 tertio.
1184 1724 1277 1756 Porro,
1295 1723 1377 1750 multa
1396 1722 1477 1758 189
1493 1721 1570 1756 191
1593 1721 1663 1748 inter
1679 1720 1760 1748 Asam
1779 1720 1857 1747 Inda:

1069 1777 1168 1802 regem.
1186 1774 1212 1795 et
1225 1769 1356 1796 Baasham
1374 1768 1484 1795 lsraelis
1499 1774 1587 1800 regem
1604 1766 1760 1793 acciderunt
1774 1765 1854 1793 bella.

1103 1814 1251 1841 invadente
1277 1819 1366 1840 autem
1396 1813 1503 1840 llaaSha
1532 1812 1641 1840 lsraelis
1667 1819 1730 1846 rege
1755 1815 1855 1838 terram

1068 1859 1154 1892 ludar,
1171 1860 1320 1893 urbemque
1337 1859 1420 1885 [tanta
1432 1863 1602 1889 eaStruente,
1617 1858 1702 1884 multa
1716 1857 1790 1884 misit
1802 1857 1858 1884 Asa

1068 1905 1100 1932 ad
1113 1904 1217 1936 Hadad.
1230 1903 1346 1931 Jazaclis
1358 1904 1452 1935 ﬁlium,
1468 1902 1592 1929 Damasci
1609 1909 1710 1936 regem,
1729 1909 1853 1931 munera.

1069 1956 1220 1984 omnesque
1237 1956 1307 1983 quos
1328 1948 1402 1975 domi
1421 1955 1477 1975 suae
1493 1947 1589 1974 habuit
1604 1946 1675 1977 auri,
1691 1947 1806 1981 argenti,
1826 1953 1860 1979 ac,

1070 2002 1236 2031 gemmarum
1257 1994 1414 2024 thesauros,
1439 2000 1517 2028 opem
1542 1992 1576 2019 ab
1598 1993 1658 2027 ipso
1675 1995 1769 2019 contra
1788 1991 1855 2018 Baa-

1071 2042 1159 2072 sham,
1175 2040 1283 2068 lsraelis
1297 2047 1386 2074 regem
1407 2043 1521 2073 petens;
1539 2045 1624 2072 quare
1641 2037 1714 2065 misit
1728 2037 1780 2071 ipsi
1802 2036 1856 2063 lla-

1069 2086 1340 2117 dadiazaelisﬁlius.
1357 2086 1509 2112 exercitum
1523 2091 1650 2119 magnum
1662 2083 1689 2110 in
1707 2082 1860 2114 auxilium;

1069 2140 1188 2167 quocum
1205 2139 1332 2166 egressus
1345 2131 1439 2158 urbem
1457 2130 1573 2156 fontium
1590 2134 1616 2156 et
1634 2128 1692 2162 Bal,
1711 2129 1857 2159 omniaque

1070 2178 1232 2211 repositoria
1250 2182 1404 2210 terramque
1422 2175 1579 2209 Naphtalim
1599 2175 1758 2201 universam
1777 2175 1856 2201 (leva—

1039 2227 1059 2254 t)
1075 2223 1165 2250 stavit.
1182 2222 1258 2255 Quod
1270 2231 1331 2249 cum
1348 2222 1480 2248 amliisset
1495 2220 1612 2251 Baasha,
1628 2220 1735 2246 lsraelis
1751 2226 1808 2250 rex,
1824 2219 1857 2245 ab

1074 2265 1232 2292 aediﬁcanda
1250 2265 1333 2292 Ratun
1357 2266 1495 2292 desistens
1519 2264 1627 2292 Tirsam
1645 2271 1774 2291 reversus
1796 2268 1856 2295 est;

1076 2310 1127 2337 As»
1154 2316 1246 2336 autem
1274 2310 1350 2337 Juda:
1378 2318 1438 2342 rex,
1467 2309 1645 2344 comportatis
1672 2308 1808 2343 lapidibus
1832 2313 1859 2335 et

1075 2356 1154 2388 lignis
1177 2356 1278 2389 quibus
1303 2355 1414 2382 [tamam
1431 2359 1572 2382 exstruere
1597 2355 1719 2382 voluerat
1743 2354 1858 2386 Baasha,

1075 2400 1182 2427 lsraclis
1201 2409 1258 2432 rex.
1283 2401 1316 2427 iis
1336 2408 1432 2427 omnes
1454 2407 1531 2427 arces
1554 2408 1586 2427 ac
1606 2400 1714 2426 rastello
1737 2400 1763 2426 in
1788 2404 1857 2427 terra
1875 2394 1878 2397 ’

1076 2445 1250 2479 Benjatnitieu
1264 2447 1408 2473 exstruxit.
1421 2445 1578 2480 Contraque
1590 2446 1677 2479 ipsum
1692 2452 1753 2471 eum
1766 2452 1859 2479 egres-

1075 2499 1121 2518 sus
1143 2496 1215 2518 esstt
1236 2491 1335 2521 Zaralt,
1362 2491 1539 2518 Cushworum
1566 2491 1623 2525 (qui
1652 2495 1717 2517 sunt
1736 2490 1857 2524 Nigritmi

1076 2544 1133 2568 rex,
1147 2543 1208 2562 cum
1224 2535 1356 2562 militibus
1366 2535 1465 2563 millies
1481 2535 1565 2567 mille,
1578 2543 1727 2562 occurrens
1742 2536 1791 2570 ipsi
1806 2537 1857 2562 Λευ

1075 2580 1153 2607 Jnda:
1170 2587 1216 2606 rex
1234 2588 1295 2606 cttm
1320 2581 1449 2608 trecentis
1472 2581 1506 2606 de
1522 2579 1590 2607 Iuda
1617 2580 1759 2610 militibus.
1782 2585 1809 2606 et
1827 2580 1860 2606 de

1075 2627 1234 2660 Beujamine
1251 2626 1447 2661 quinquaginta
1465 2626 1573 2653 duobus
1590 2625 1723 2656 millibus.
1741 2625 1860 2660 Nigritas.

1077 2673 1101 2700 in
1126 2672 1217 2707 fugam
1240 2671 1386 2703 convertit,
1409 2678 1504 2705 magna
1521 2671 1642 2705 ipsorum
1663 2675 1754 2706 strage
1775 2671 1859 2700 edita,

1075 2718 1219 2753 captisque
1236 2725 1296 2752 qua:
1313 2724 1406 2744 secum
1428 2716 1558 2744 attulerat
1574 2715 1714 2744 omnibus.
1736 2715 1859 2742 Hortum

1075 2768 1164 2791 autem
1182 2763 1297 2795 Baaslm,
1320 2761 1431 2789 lsraelis
1452 2770 1509 2793 rex,
1528 2762 1555 2788 iit
1573 2761 1651 2788 Tirsa
1669 2761 1789 2796 sepultus
1807 2767 1858 2787 cst.

1075 2809 1140 2837 Post
1163 2817 1242 2844 quem
1270 2811 1296 2836 in
1325 2809 1462 2836 lsraelitas
1488 2808 1594 2834 duobus
1619 2807 1699 2835 anuis
1726 2808 1752 2833 in
1780 2807 1858 2834 Tirsa

1076 2856 1198 2891 regnavit
1222 2855 1292 2882 ﬁlius
1314 2856 1398 2889 ipsius
1418 2854 1473 2887 Ela,
1496 2853 1576 2887 idque
1601 2860 1673 2880 anno
1695 2854 1767 2886 Asre,
1790 2853 1859 2886 tegis
