2015 3081
157 78 206 112 951

157 191 282 226 princeps
297 193 346 220 fuit
365 195 448 225 Omri,
464 195 509 227 qui
528 195 603 221 Ela'tt
621 196 731 221 adortus
753 196 839 229 ipsunt
855 196 939 222 inter-

158 236 230 270 fecit,
259 246 367 274 unaque
392 245 473 267 totam
498 240 619 271 Baashaz,
638 241 710 274 regis
732 241 853 273 lsraelis,
878 249 940 276 pro-

157 284 273 318 sapiam.
289 285 370 312 Erant
387 285 462 320 [tunc
480 286 623 321 temporis]
640 287 769 314 lsraelitm
783 289 939 322 congregati

159 330 185 356 in
208 330 341 357 Gibethon
367 331 399 356 ad
422 331 521 357 bellum
548 333 707 366 alienigenis
733 333 940 370 [iub-rendutn].

159 383 287 409 quorum,
305 384 366 403 cum
384 376 417 403 de
433 377 506 403 cmde
531 377 584 403 Ehe
602 378 672 412 regis
691 379 732 404 sui
750 380 873 405 nuntiutn
897 387 943 405 ac-

159 422 306 455 cepissent,
335 422 478 448 voluerunt
505 423 589 455 aliqui
615 428 643 448 ut
669 431 752 457 regno
776 423 942 456 prte'licerent

160 466 227 498 ipsis
249 465 344 497 Omri;
369 467 414 492 alii
441 467 532 497 Tibui.
557 468 682 495 Gaiualhi
712 469 806 500 ﬁliuni,
832 469 882 496 sibi
909 470 942 495 ad

160 510 240 537 breve
262 512 393 545 temporis
416 513 533 546 spatium
554 513 733 547 praefecerunt
756 522 762 540 :
782 519 844 548 post
859 514 943 548 quod.

161 560 268 582 mortuo
287 556 379 588 Tibni,
407 558 533 592 regnavit
559 559 584 584 in
612 558 739 585 Israelem
759 558 834 585 Omri
858 567 944 587 annos

160 601 314 632 duodecim,
328 601 408 635 idque
421 610 492 629 anno
507 603 581 637 regni
599 604 668 633 Asm.
689 605 761 637 regis
774 603 861 634 .Iudze.
872 605 946 630 vice-

161 647 232 674 simo
246 647 378 682 septimo:
395 656 509 682 quorum
529 657 576 676 sex
593 650 618 675 in
630 649 708 675 Tirsa
725 651 855 684 regnavit,
873 649 946 685 [qui-

161 691 224 727 bus]
239 697 265 718 et
287 692 380 719 urbem
404 693 526 721 condidit
543 702 624 728 quant
646 694 789 728 appellavit
811 695 897 726 Omri,
919 695 945 720 in

163 742 254 765 monte
273 738 388 771 Samer;
410 747 457 766 sex
477 739 505 766 in
532 739 665 767 Samaria.
690 739 791 767 Deinde
812 744 947 772 mortuus,

163 783 293 811 Samariae
306 785 430 819 sepultus
452 791 503 813 est.
524 785 590 813 Post
607 787 696 819 ipsum
722 787 748 813 in
766 786 905 816 Israelem,
921 786 947 812 in

163 829 301 863 Samaria,
313 832 436 866 regnavit
457 832 528 859 ﬁlius
546 832 630 866 ipsius
649 832 737 862 Abab.
754 839 841 859 annos
856 832 950 865 viginti

165 882 259 907 unttm,
276 875 358 910 idque
377 884 448 903 anno
463 878 537 912 regni
552 879 612 904 Asze
631 878 701 912 regis
718 877 792 904 Juda':
813 878 952 904 tricesimo

165 925 272 948 octavo.
288 921 408 949 Allectus
424 927 465 949 est
477 927 567 949 autem
584 922 648 953 Asa,
661 930 721 950 cum
739 923 888 955 seuuisset,
903 931 952 957 po-

165 967 250 1001 dagra
266 976 274 1000 ;
288 975 339 994 nec
352 967 434 994 desiit
449 969 475 994 in
491 968 692 1002 tranquillitate
707 973 733 995 et
749 975 815 1002 pace
830 976 952 1002 regnare.

169 1012 235 1046 Ejus
250 1017 373 1048 tempore
390 1013 587 1048 prophetarum
602 1013 718 1045 ilauani,
736 1019 762 1041 et
776 1014 849 1040 ﬁlius
864 1014 953 1048 ipsius

168 1058 249 1091 Jehu,
265 1067 370 1086 net-non
392 1059 500 1092 Azaria,
518 1059 602 1086 Ohedi
624 1060 706 1093 ﬁlius,
725 1060 871 1094 prophetae.
885 1060 953 1086 Cum

169 1103 285 1132 obiisset
304 1110 394 1132 autem
409 1105 473 1136 Asa,
495 1105 570 1132 Judre
587 1113 645 1136 rex,
664 1106 690 1132 in
705 1107 771 1131 urbe
787 1105 896 1132 Davidis
911 1113 954 1132 se.

170 1149 262 1183 pullus
280 1155 332 1176 est.
358 1149 423 1188 Post
439 1151 528 1184 ipsum
544 1151 571 1177 in
587 1150 683 1177 ludam
702 1150 898 1184 Hierosolymis
915 1157 956 1176 re-

170 1195 263 1228 gnavit
280 1195 355 1222 ﬁlius
372 1194 523 1229 Joshaphat
542 1203 629 1222 annos
651 1200 731 1222 natus
750 1196 858 1230 triginta
876 1195 955 1228 quin-

171 1249 244 1274 que;
272 1241 450 1275 regnavitque
473 1248 561 1267 annos
587 1241 681 1274 viginti
705 1240 846 1274 quinque;
875 1240 957 1275 idque

172 1293 244 1313 anno
260 1286 332 1320 regni
353 1286 449 1317 Ahabi,
471 1286 542 1320 regis
560 1285 666 1311 lsraelis
681 1306 688 1316 ,
708 1291 816 1319 qttarto.
838 1285 958 1318 lnclytus

175 1333 264 1356 autem
280 1329 367 1357 evasit
385 1337 430 1356 rex
448 1329 609 1363 Joshaphat,
625 1329 779 1363 opibusque
794 1334 819 1356 et
837 1329 956 1356 exercitu

175 1374 290 1408 pollens.
318 1373 494 1409 193-195
521 1373 586 1408 Ejus
616 1378 739 1408 tempore
763 1374 959 1408 prophetarum

175 1419 263 1447 Micha
285 1419 349 1448 Ehe.
372 1418 441 1446 lehn
465 1418 581 1451 liauani,
601 1418 708 1445 Eliazar
730 1419 846 1454 Dudayaa
864 1419 958 1452 ﬁlius;

663 85 846 116 EU'FYCHH
866 86 1132 119 ALEXANDRINI
1153 91 1262 122 PATR.

155 146 241 179 Iudae,
258 146 390 176 vicesimo
409 154 497 177 sexto.
520 150 576 177 Elae
598 154 687 177 autem
706 150 784 185 192
802 152 939 179 exercitus
959 144 979 169 Α
996 145 1132 178 “mltum.
1160 154 1249 182 regem
1277 149 1396 182 Ιετεειῖε.
1420 150 1492 178 Elius
1520 152 1663 186 propheta.
1682 154 1769 186 ipsum

1717 97 1770 129 952

993 193 1136 227 increpans
1154 202 1161 220 :
1178 194 1249 221 Cave
1265 195 1374 229 (inquit)
1387 193 1504 223 Nabothi
1518 197 1624 224 hortum
1642 199 1770 233 accipias,

993 243 1040 265 aut
1053 241 1085 267 ad
1107 241 1193 274 ipsum
1212 243 1425 276 appropinques.
1442 242 1528 270 iratus
1544 244 1649 271 scilicet
1664 250 1706 271 est
1723 245 1771 271 tibi

994 285 1136 314 Dominus.
1156 291 1212 312 tum
1229 288 1300 320 quod
1316 286 1386 314 idola
1412 289 1497 318 colas.
1515 293 1569 315 tum
1592 289 1662 323 quod
1687 289 1774 316 lzebel

995 335 1120 357 uxortua
1138 331 1290 358 Nabothunt
1310 333 1410 365 injuste
1433 333 1582 366 occiderit;
1612 340 1773 369 potestatem

993 383 1058 409 ergo
1085 377 1216 404 concedet
1244 378 1376 405 Dominus
1403 379 1429 405 in
1459 384 1496 410 te.
1525 385 1551 406 et
1579 380 1605 406 in
1633 380 1775 409 lzehclem,

995 420 1137 457 [alii]qu
1151 427 1178 448 et
1196 428 1222 449 te
1248 429 1274 450 et
1297 424 1383 457 ipsam
1412 425 1566 452 interﬁciet.
1593 425 1670 451 Ahab
1695 425 1778 460 igitur

995 475 1054 498 rex,
1079 468 1174 494 audito
1201 468 1267 496 Elite
1289 477 1428 503 sermone,
1455 471 1638 504 perterritus.
1667 471 1776 497 hortum

995 514 1126 545 deseruit,
1142 521 1192 541 nec
1210 515 1242 541 ad
1261 515 1348 550 ipsum
1367 517 1495 543 accessit.
1510 516 1544 543 At
1560 517 1659 548 Izebel,
1682 517 1779 543 auditu

998 558 1083 586 Eliam
1104 561 1263 594 prophetam
1288 569 1379 596 regem
1399 562 1541 595 impediise
1555 569 1588 588 ne
1605 561 1715 588 hortum
1730 569 1778 587 ac-

999 606 1112 639 ciperet,
1145 605 1219 633 misit
1247 612 1308 640 post
1334 614 1395 633 eum
1421 607 1468 641 qui
1496 607 1584 641 ipsum
1613 606 1779 633 occiderent.

999 650 1122 678 Metuens
1140 659 1205 685 ergo
1220 652 1253 679 ab
1269 652 1326 686 ipsa
1347 652 1419 679 Elias
1443 651 1587 679 Dominum
1608 651 1719 685 supplex
1738 659 1782 676 ro-

999 696 1073 729 gavit
1087 704 1121 723 ne
1133 696 1158 723 in
1176 701 1275 722 terram
1295 697 1414 730 pluviam
1431 696 1601 727 dimitteret;
1618 696 1676 728 ipse
1689 700 1779 721 autem

1002 749 1048 774 per
1061 740 1189 768 Iordanis
1217 741 1332 767 conﬁnia
1356 741 1382 767 in
1404 746 1521 767 montem
1548 739 1638 767 lloreb
1660 739 1717 773 (qui
1740 744 1783 764 est

965 799 987 828 Β
1002 794 1081 813 mons
1096 787 1174 820 Sina)
1195 786 1313 821 fugiens,
1328 787 1364 813 ibi
1384 787 1410 812 in
1427 786 1507 812 fontis
1529 786 1625 813 ﬁssura
1639 783 1784 812 habitavit,

1002 840 1017 857 e
1033 839 1086 865 qua
1102 836 1128 859 et
1152 839 1248 865 aquam
1273 832 1354 863 bibit,
1383 839 1466 859 corvo
1491 831 1542 866 ipsi
1567 830 1687 864 quotidie
1706 837 1786 855 mane

1005 885 1114 909 panem,
1139 877 1246 910 ve-peri
1275 884 1385 903 carnem
1417 883 1498 910 quam
1526 875 1619 902 ederet
1645 873 1784 900 afferente.

1004 923 1064 950 Fuit
1081 929 1173 950 autem
1191 923 1263 950 Elias
1277 923 1406 957 propheta
1427 923 1497 948 ﬁlius
1511 921 1601 952 Arbm,
1615 919 1784 946 Gileadites:

1004 969 1109 995 Arabes
1126 969 1214 1002 ipsum
1232 968 1351 995 Alclmdr
1363 967 1510 1002 appellant.
1535 966 1603 993 Cum
1620 970 1710 992 autem
1725 968 1788 997 post

1005 1017 1064 1043 dics
1081 1016 1183 1049 aliquot
1198 1015 1327 1042 deﬁceret
1342 1023 1357 1040 e
1370 1015 1441 1040 clivo
1457 1022 1539 1047 aqua,
1557 1013 1695 1046 proiectus
1717 1010 1788 1036 Elias

1006 1062 1138 1096 propheta
1169 1061 1201 1087 ad
1230 1061 1324 1086 urbem
1355 1060 1527 1093 Sarepbiah,
1554 1058 1675 1088 Sidonis,
1701 1057 1790 1083 viduae

1006 1107 1113 1134 cuidam
1142 1107 1213 1141 ligna
1233 1107 1371 1141 eolligenti
1396 1106 1535 1137 occurrit;
1560 1113 1574 1131 a
1596 1111 1649 1138 qua
1674 1110 1735 1130 cum
1761 1106 1789 1127 ut

1007 1151 1058 1185 ipsi
1085 1153 1175 1178 cibum
1202 1157 1351 1184 potumque
1379 1149 1566 1184 197-199
1590 1149 1723 1181 praeberet
1741 1156 1791 1181 pv-

1007 1198 1106 1229 tiisset,
1126 1198 1184 1231 ipsa
1200 1197 1277 1222 illum
1303 1195 1414 1222 domtttn
1433 1202 1510 1222 snam
1534 1194 1647 1220 deduxit
1673 1193 1718 1220 ubi
1740 1194 1791 1227 ipsi

1009 1243 1105 1270 farinae
1126 1248 1207 1275 atque
1221 1243 1273 1268 olei
1290 1241 1460 1274 aliquantu-u
1476 1240 1537 1269 fuit,
1559 1247 1573 1266 e.
1589 1247 1645 1273 quo
1660 1247 1722 1265 CIIII]
1740 1239 1791 1273 ipsi

1008 1295 1106 1322 patient
1133 1287 1344 1314 subcineritinui
1363 1291 1500 1320 parasset,
1526 1285 1563 1311 illi
1591 1292 1702 1318 uitaque
1731 1284 1794 1311 tiliis

1011 1333 1069 1360 suis
1090 1333 1224 1359 edendum
1242 1332 1368 1366 praebuit.
1388 1331 1569 1358 Benediceute
1592 1337 1657 1363 ergo
1673 1330 1730 1356 Elia
1757 1329 1795 1356 fa-

1013 1379 1078 1406 riutn
1104 1379 1210 1413 oleique
1228 1379 1312 1409 vasis,
1333 1378 1471 1411 impletum
1498 1376 1646 1403 estfarinaa
1669 1384 1717 1402 vas
1733 1376 1793 1401 I'ari-

1013 1431 1056 1453 na,
1070 1422 1122 1449 olei
1135 1422 1206 1449 oleo.
1227 1421 1387 1454 .‘Egrotante
1413 1419 1513 1447 deinde
1538 1419 1625 1445 viduae
1646 1419 1700 1445 ﬁlio
1728 1418 1797 1444 adeo

175 1465 290 1497 Ohatlia,
307 1465 364 1491 Elia
383 1465 440 1499 (qui
455 1465 598 1492 Al-Chadr
613 1467 678 1499 est).
695 1471 720 1492 et
739 1466 825 1499 ipsius
841 1465 959 1499 diseipu-
974 1468 997 1499 ο
1014 1473 1044 1494 ιιι
1056 1476 1070 1494 a
1089 1473 1176 1495 morti;
1202 1475 1286 1501 prope
1308 1466 1428 1497 abesset,
1457 1473 1519 1493 cum
1542 1465 1708 1499 supplicaret
1738 1463 1796 1490 Elia

177 1509 219 1537 ius
237 1511 341 1538 Elisha.
360 1509 422 1537 Fuit
438 1511 533 1537 eodem
559 1517 680 1544 tempore
693 1510 774 1536 etiam
798 1513 957 1544 pseudopro-

177 1558 256 1592 pheta
273 1557 382 1583 nomine
401 1555 527 1588 Sedekia,
543 1555 699 1583 Chanaanm
719 1555 801 1581 ﬁlius.
823 1555 900 1581 Ahab
915 1562 962 1581 au-

177 1608 242 1634 tem.
260 1602 369 1630 lsraelis
396 1609 454 1633 rex,
471 1609 584 1628 uxorem
610 1601 687 1627 duxit
711 1602 821 1627 nomine
838 1600 963 1632 lzhelem,

178 1647 332 1678 ’l‘halmani,
357 1647 428 1681 regis
447 1646 570 1677 Sidonis,
594 1646 697 1677 ﬁliam;
721 1646 821 1671 struxit
845 1644 924 1670 etiam
939 1645 964 1670 in

180 1692 303 1718 Samaria
329 1691 470 1725 templum,
498 1691 524 1717 in
553 1698 607 1724 quo
632 1691 748 1724 posiltnn
773 1690 873 1716 idolum
902 1690 965 1716 Buel

183 1737 280 1765 coluit.

219 1783 303 1810 Porro
332 1782 419 1809 Ahabi
449 1783 519 1816 regis
545 1782 653 1809 lsraelis
686 1786 817 1814 tempore,
846 1781 967 1807 Israelita

183 1828 293 1862 quidam
311 1827 372 1859 fuit,
390 1828 499 1854 nomine
512 1826 684 1858 Nabolh,cui
701 1827 797 1853 hortus
824 1827 967 1853 admodum

183 1874 293 1909 elegans
322 1873 384 1904 fuit,
414 1881 493 1908 quem
518 1881 579 1900 cum
604 1876 718 1906 cuperet
748 1880 794 1899 rex
822 1872 909 1902 Ahab,
935 1871 968 1897 ad

185 1919 338 1946 Nabothum
363 1919 486 1950 mittens,
515 1923 544 1945 ut
567 1918 619 1945 sibi
634 1918 711 1944 illum
728 1918 857 1944 venderet
881 1916 968 1950 petiit,

187 1969 280 1999 utpote
297 1964 400 1991 aedibus
415 1965 472 1991 suis
491 1964 623 1991 vicinum.
654 1963 774 1997 Negante
790 1962 924 1993 Nabotlto,
940 1969 970 1986 ac

188 2013 319 2038 dicente:
340 2011 440 2037 Hortus
461 2011 511 2037 iste
528 2009 593 2036 mihi
611 2008 783 2036 hatreditario
798 2008 859 2040 jure
884 2014 899 2032 a
925 2014 971 2040 pa-

187 2058 276 2085 tribus
296 2061 377 2091 atque
401 2056 460 2082 avis
482 2054 603 2086 (thHIil,
629 2054 744 2087 ideoque
770 2053 859 2086 ipsum
885 2059 971 2085 neque

188 2102 316 2134 vendam,
332 2108 421 2135 neque
434 2100 506 2126 dono
531 2099 613 2126 dabo.
630 2098 699 2125 Cum
713 2105 784 2131 aegre
811 2097 862 2123 hoc
889 2096 972 2122 ferret

189 2148 266 2176 Ahab
280 2148 349 2174 adeo
362 2153 391 2174 ut
405 2146 444 2173 ira
458 2151 485 2172 et
502 2145 597 2172 dolore
614 2143 778 2174 adiceretur,
799 2142 921 2176 ingressa
938 2140 971 2167 ad
987 2135 1011 2163 Ι)

190 2197 277 2228 ipsum
294 2193 365 2221 lzbel
384 2199 454 2219 uxor
470 2191 539 2217 dixit
557 2199 562 2216 :
579 2189 647 2222 Quid
660 2189 713 2215 hoc
734 2189 773 2215 rei
789 2193 832 2214 est
847 2187 919 2221 quod
946 2191 972 2212 te

192 2245 320 2266 mtestum
351 2246 383 2264 ac
416 2239 521 2264 tristem
561 2234 752 2266 conspiciant?
782 2232 974 2266 licspondenle

193 2284 346 2312 :tlo:Cum
373 2291 387 2309 a
415 2281 541 2309 Nabutho
562 2280 686 2314 petierim
711 2283 741 2305 ut
767 2277 833 2304 ιιιὶΙιὶ
866 2278 972 2302 hortum

192 2330 331 2361 venderet,
351 2332 431 2362 atque
448 2327 493 2353 ille
510 2325 661 2359 negaverit.
678 2325 729 2350 hoc
743 2330 786 2349 me
810 2321 879 2348 male
894 2321 975 2347 habet

192 2375 265 2408 quod
282 2382 325 2401 me
342 2373 484 2407 repulerit,
507 2378 596 2405 neque
613 2370 685 2403 quod
708 2368 780 2395 volui
806 2367 973 2401 praestiterit.

195 2422 311 2456 Egi-ossa
327 2427 391 2454 ergo
406 2418 478 2445 lzbel
503 2417 537 2444 ab
563 2415 659 2442 Ahabo
685 2422 757 2447 rege,
789 2412 975 2439 lsraelitarum

195 2466 371 2502 quibusdam.
387 2463 432 2498 qui
449 2463 500 2496 ipsi
523 2460 713 2488 contradicere
742 2460 888 2489 nescirent,
912 2465 977 2484 con-

195 2512 311 2543 vocatis,
323 2511 393 2537 dixit
407 2507 623 2536 :Teslimouium
637 2505 701 2532 mihi
715 2508 809 2531 centra
825 2502 976 2529 Nabothttm

196 2557 352 2593 perhibeto,
365 2557 453 2591 ipsttnt
472 2554 556 2580 Deum
571 2553 732 2586 abnegasse,
755 2554 782 2576 et
798 2548 865 2575 Mosi
884 2548 975 2574 convi~

196 2591 297 2633 cialum
310 2610 388 2633 esse;
409 2600 481 2635 quod
498 2607 559 2626 cum
577 2598 616 2624 illi
634 2597 661 2624 in
680 2595 761 2630 196
776 2595 864 2629 ipsum
888 2591 979 2619 testati

196 2654 303 2682 essent,
318 2649 394 2681 jussu
411 2646 508 2673 lzhelis
522 2644 658 2680 lapidatus
678 2647 733 2674 est,
752 2641 820 2667 adeo
834 2644 863 2665 ut
891 2645 981 2664 tuere-

198 2701 286 2723 retur.
301 2694 371 2721 Tum
384 2693 507 2727 ingressa
535 2691 569 2717 ad
585 2688 724 2718 Ahabum,
749 2693 840 2720 regem
863 2683 981 2715 lsraelis,

198 2740 287 2770 lzebel
306 2749 314 2767 ς
332 2739 371 2765 Ne
391 2737 504 2772 angoris
520 2735 643 2770 (inquit),
662 2731 750 2761 occidi
777 2730 913 2765 siquidem
930 2727 983 2754 Na—

201 2786 333 2818 bothum;
349 2784 443 2819 accipe
457 2790 523 2817 ergo
549 2782 670 2808 hortutn.
695 2778 836 2807 Accedens
857 2783 922 2811 ergo
950 2773 984 2802 ad

1016 1513 1143 1545 Domino,
1162 1514 1278 1539 salutem
1296 1512 1333 1540 illi
1351 1511 1490 1538 concessit.
1507 1511 1578 1536 Deus
1600 1515 1628 1536 ut
1646 1511 1759 1536 viveret.

1051 1559 1163 1585 Exactis
1189 1562 1283 1591 postea
1313 1557 1401 1584 tribus
1426 1555 1506 1583 annis
1536 1560 1561 1582 et
1582 1563 1628 1582 sex
1656 1554 1799 1581 mensibus

1016 1604 1157 1639 profectus
1179 1603 1237 1629 Elia
1263 1603 1394 1636 propheta
1420 1601 1543 1628 Ahahum
1573 1607 1661 1633 regem
1690 1598 1801 1625 Israelis

1017 1650 1106 1684 petiit,
1132 1656 1187 1683 quo
1212 1652 1270 1674 toto
1296 1647 1427 1681 temporis
1453 1646 1540 1680 spatio
1572 1653 1625 1671 non
1652 1644 1801 1671 demiserat

1018 1695 1119 1722 cmlum
1139 1693 1269 1728 pluviam.
1286 1693 1354 1718 adeo
1372 1695 1401 1718 ut
1417 1699 1472 1725 prie
1487 1690 1568 1716 famis
1586 1694 1612 1716 et
1636 1689 1697 1716 sitis
1719 1689 1801 1715 vehe-

1019 1740 1120 1767 tnentia
1135 1740 1315 1765 'morerentur
1332 1737 1468 1764 homines.
1498 1735 1564 1762 Dum
1587 1735 1670 1769 igitur
1686 1733 1801 1765 Obadia,

1018 1784 1104 1811 Ahabi
1132 1782 1291 1816 deputatus,
1320 1781 1355 1807 ad
1382 1779 1556 1814 quaerendam
1589 1786 1686 1812 aquam
1719 1777 1803 1803 valles

1020 1829 1162 1860 eireuiret,
1188 1834 1252 1854 ecce
1269 1826 1388 1852 occurrit
1414 1825 1464 1859 ipsi
1490 1823 1557 1854 Elia.
1582 1832 1662 1856 «ptem
1683 1831 1744 1849 cum
1769 1824 1802 1848 ad

1021 1874 1147 1901 Ahabum
1172 1871 1343 1901 deduxisset,
1367 1869 1511 1903 tlixit'ipsi
1537 1869 1614 1895 Ahab
1641 1876 1686 1894 rex
1703 1876 1709 1894 :
1725 1866 1802 1892 Tune

1022 1920 1122 1946 emtum
1139 1916 1287 1944 cohibuisti
1305 1923 1338 1942 ne
1354 1923 1401 1948 per
1419 1919 1505 1941 totum
1520 1914 1570 1939 hoc
1587 1913 1718 1946 temporis
1740 1919 1805 1945 spa-

1022 1967 1089 1992 tiunt
1117 1963 1240 1998 plueret?
1257 1962 1306 1987 (Ini
1336 1960 1475 1994 respondit
1504 1959 1560 1984 Elia
1586 1959 1716 1992 propheta
1739 1956 1804 1983 :Tn

1024 2012 1123 2038 caelum
1143 2017 1177 2036 ne
1191 2009 1298 2043 plut-ret
1312 2005 1457 2034 cohibuisti
1476 2004 1546 2030 idola
1555 2004 1680 2036 colendo,
1697 2009 1721 2029 et
1733 2002 1807 2027 caule

1024 2056 1170 2087 immerita,
1187 2062 1241 2088 qua
1261 2060 1327 2079 uxor
1339 2056 1384 2078 tua
1402 2050 1487 2076 lzebel
1512 2048 1666 2076 Nabothum
1684 2047 1805 2077 sustulit.

1027 2110 1077 2130 nec
1107 2109 1158 2128 non
1192 2099 1489 2134 pseudoprophetarum
1518 2102 1673 2122 sermonem
1703 2093 1805 2126 ample-

1025 2146 1134 2173 ctendo.
1147 2144 1315 2172 Convocavit
1335 2142 1417 2176 igitur
1442 2140 1520 2167 Ahab
1536 2148 1582 2166 rex
1600 2145 1696 2165 omnes
1723 2137 1808 2164 Israc-

1026 2193 1101 2224 litas,
1129 2198 1238 2223 unaque
1266 2197 1360 2215 omnes
1388 2186 1650 2221 pscudoprophetas.
1688 2181 1809 2209 Fuerunt

1026 2243 1116 2265 autem
1147 2236 1213 2262 idoli
1240 2235 1327 2261 Baelis
1354 2233 1494 2266 prophetae
1523 2227 1810 2264 quadrittgentiqnin-

1027 2283 1154 2318 quaginta
1170 2282 1211 2308 vel
1230 2280 1323 2315 [juxta
1342 2277 1415 2304 aliud
1441 2276 1590 2309 exemplar,
1617 2272 1808 2308 quadringenti

1027 2327 1184 2363 octoginta]
1210 2331 1235 2352 et
1261 2324 1400 2357 propheta:
1429 2322 1534 2348 Astera:
1550 2322 1621 2355 (qua:
1641 2320 1729 2353 palma
1752 2323 1811 2344 enat.

1029 2362 1110 2410 quam
1123 2372 1258 2405 colebant)
1276 2370 1357 2404 200
1369 2366 1573 2403 quadringenti.
1586 2365 1659 2391 Dixit
1674 2370 1737 2397 ergo
1755 2362 1810 2388 Elia

1030 2409 1275 2453 pseudoprophetis
1293 2423 1301 2441 ε
1319 2414 1402 2439 Binos
1426 2417 1565 2438 sumamus
1584 2409 1727 2443 juvencos,
1745 2415 1813 2440 quo-

1031 2473 1089 2492 rum
1120 2464 1236 2498 primum
1266 2468 1314 2487 vus
1340 2458 1417 2485 vobis
1451 2457 1584 2490 eligentes
1611 2457 1756 2480 mactatum
1785 2452 1811 2477 in

1032 2496 1200 2537 oblationem
1224 2506 1277 2533 diis
1294 2503 1392 2530 vestris
1421 2501 1524 2531 afferte,
1546 2507 1628 2533 quem
1657 2497 1680 2523 si
1706 2504 1720 2523 e
1744 2496 1814 2522 curio

1032 2556 1164 2589 delapsus
1187 2551 1258 2586 ignis
1278 2546 1493 2580 consumpserit,
1518 2544 1637 2570 seiemus
1657 2548 1737 2568 veros
1753 2548 1815 2566 esse

1033 2586 1237 2627 deos-vestros;
1266 2596 1308 2622 sia
1332 2594 1435 2622 minus,
1456 2598 1505 2624 ego
1528 2589 1603 2615 Sttitls
1628 2587 1680 2613 hoc
1706 2586 1814 2614 iaciam,

1034 2653 1089 2680 quo
1105 2640 1277 2676 cognoscatis
1295 2647 1340 2666 vos
1358 2639 1383 2664 in
1405 2643 1498 2662 errore
1521 2642 1592 2664 esse,
1609 2639 1652 2658 me
1673 2632 1814 2657 veritatem

1033 2689 1121 2724 sequi.
1143 2687 1309 2713 l’reheusum
1337 2690 1402 2717 ergo
1429 2681 1577 2715 iuvencum
1606 2684 1666 2703 ctnn
1699 2679 1816 2701 mantus-

1036 2719 1105 2765 selit,
1118 2734 1237 2766 deosque
1247 2737 1310 2756 suos
1324 2728 1429 2754 Baelem
1446 2730 1612 2753 t'atlernsuue
1637 2730 1651 2748 a
1679 2728 1756 2746 mane
1783 2719 1815 2744 ad

1036 2786 1176 2812 vesperam
1198 2784 1284 2808 usque.
1302 2776 1345 2802 inv
1357 2777 1486 2801 tcasseut,
1504 2771 1568 2797 nihil
1585 2768 1696 2796 munitio
1714 2766 1814 2792 factum
