2015 3081
191 159 243 191 955

696 163 878 193 EUTYCIHI
899 164 1162 196 ALEXANDRINI
1173 167 1280 198 PATR.

1772 176 1824 208 £56

190 215 269 243 Judze
280 216 414 244 vicesimo
427 216 557 243 secundo.
568 215 701 243 Proiectis
712 217 809 244 deinde
826 223 920 244 contra
939 217 984 244 Jo-
999 220 1021 247 A
1036 221 1135 254 posito,
1152 222 1184 248 ad
1202 223 1320 249 Elisbam
1349 225 1505 258 prophetam
1523 227 1632 254 mittens
1643 247 1650 257 .
1667 227 1732 253 dixit
1747 227 1796 261 ipsi
1814 239 1819 255 ε

190 262 353 297 shaphatum
362 261 436 289 Inda:
444 269 530 295 regem
541 262 701 289 Ammonitis
709 266 734 288 et
742 262 899 290 Amalekitis
916 271 978 290 cum

191 314 289 340 magna
307 307 443 333 hominum
456 305 630 335 nultitudine.
643 310 716 332 metu
729 314 824 334 eorum
839 308 981 341 perculsus

196 352 406 386 estlosbaphat,
421 356 449 377 ut
468 351 579 378 suborto
593 352 618 378 in
640 353 857 379 Amnionitarum
873 353 980 380 Amale-

192 396 309 423 kitarum
336 397 455 423 exercitu
482 397 612 428 clamore,
635 398 679 424 alii
693 398 762 425 alios
781 400 936 426 orcidctttes
953 400 978 425 in

193 443 282 476 rugam
298 449 388 468 coram
405 442 464 474 ipso
479 443 605 469 conversi
624 447 698 469 sunt.
722 443 791 470 Cum
806 452 870 479 ergo
883 445 980 471 Josba-

191 488 265 522 pbati
280 487 393 514 comites
412 487 501 515 tribus
515 488 613 515 diebus
631 489 663 515 ad
687 494 777 516 castra
792 498 900 522 eorum,
917 496 977 518 ten-

189 534 258 560 toria
276 539 303 559 et
319 540 381 560 vasa
398 533 563 567 diripienda.
585 533 785 566 substitissent,
806 537 863 570 ipse
880 536 977 563 Hiero-

189 579 293 614 solyma
316 579 491 614 209-211
520 588 647 607 reversus
668 586 720 608 ρει.
748 581 846 609 Postea
865 589 976 616 egresso

188 632 251 659 rege
275 624 360 652 Moabi
377 630 471 652 contra
485 624 625 652 Joramum
658 626 768 654 israelis
785 635 887 661 regem,
913 627 976 654 mit-

188 675 247 697 tens
264 670 310 698 ille
332 670 365 696 ad
388 669 586 705 Joshaphatum
610 671 687 698 Jud:e
716 680 821 707 regem,
843 681 922 707 opem
941 674 974 700 ab

187 718 248 751 ipso
261 721 356 744 contra
370 718 459 744 Moabi
476 725 565 751 regem
579 719 665 752 petiit.
688 718 759 745 Misit
774 720 855 746 etiam
873 720 906 747 ad
921 720 975 747 lto-

187 770 317 789 mazorum
335 770 425 797 regem
449 763 495 796 qtti
507 767 573 789 tunc
589 765 721 797 temporis
743 764 768 791 in
786 765 891 792 Sbarah
912 765 973 797 fuit,

187 809 276 842 ipsum
294 808 321 835 iu
340 808 470 834 auxilium
485 815 623 835 vocatum.
646 810 810 845 Cougregali
829 819 895 846 ergo
920 817 973 839 lrcs

188 862 265 889 reges
282 862 312 881 ac
329 859 424 882 contra
443 863 533 889 regem
551 856 631 883 Moab
644 857 757 891 profecti
779 857 849 883 viam
871 859 971 885 deserti

187 905 333 926 tenuerunt
346 907 400 934 quo
419 900 508 935 ipsum
528 902 713 933 adorirentur,
738 906 765 928 at
785 909 847 928 cum
869 906 971 936 septem

186 946 291 972 diel'ltut
317 946 368 972 iter
395 946 423 972 in
449 947 559 974 deserto
586 948 771 974 confecissent
793 944 878 974 (léfuit
906 949 972 982 ipsis

186 999 256 1025 aqua
272 999 352 1026 quam
370 992 505 1024 biberent,
530 993 600 1020 adeo
615 999 641 1019 ιιι
658 1001 752 1025 parum
776 994 886 1021 abesset
904 994 970 1028 quin

187 1037 232 1063 siti
258 1037 389 1071 perirent.
415 1037 476 1063 Fuit
501 1042 591 1065 autem
618 1046 678 1065 eum
707 1039 773 1072 ipsis
796 1039 885 1065 Elislta
910 1046 973 1072 pro-

188 1082 287 1116 pheta,
311 1083 357 1117 qui
385 1084 453 1110 dixit
484 1083 550 1118 ipsis
586 1083 688 1112 :Manc
714 1084 869 1116 implebitur
897 1086 974 1112 \allis

188 1130 239 1154 ista
254 1129 432 1160 torrentibus,
450 1129 579 1162 vobisque
594 1129 735 1156 Victoriam
753 1130 780 1156 in
798 1131 890 1157 hostes
906 1138 971 1157 con:

187 1181 314 1200 cessurus
344 1180 384 1200 est
408 1174 491 1201 Deus.
517 1173 686 1208 Factumque
707 1179 749 1201 est
781 1175 818 1201 uti
846 1175 971 1209 praediin

187 1218 328 1253 propheta.
346 1218 399 1245 Deo
415 1219 481 1253 ipsis
497 1219 523 1245 in
535 1219 630 1246 hostes
642 1220 783 1246 victoriam
795 1221 971 1252 concedetur,

187 1264 256 1290 adeo
269 1269 298 1290 ιιι
319 1265 391 1298 regis
412 1265 552 1291 Moabitici
573 1267 704 1291 comitum
721 1274 819 1300 magna
843 1267 916 1293 edita
938 1268 973 1294 sit

188 1313 303 1344 strages.
320 1309 426 1336 Virtum
441 1318 506 1344 ergo
521 1318 548 1336 se
564 1318 626 1337 cum
644 1311 754 1338 vidisset
776 1319 821 1338 rex
835 1312 912 1339 Moab
928 1320 973 1339 ar-

186 1362 245 1381 cent
270 1355 420 1390 ingressus.
445 1355 528 1382 tilium
549 1363 628 1382 suum
647 1362 710 1383 natu
736 1358 884 1384 maximum
913 1366 974 1392 pre-

186 1401 301 1427 hensum
318 1409 350 1427 ac
366 1409 446 1434 super
465 1409 555 1428 arcem
574 1402 659 1429 Moabi
674 1403 826 1438 iugulatum
843 1404 868 1431 in
884 1405 971 1430 sacri-

186 1447 278 1473 ticium
306 1448 415 1474 obtulit.
440 1447 526 1483 Cujus
554 1449 668 1476 horrere
695 1451 812 1484 perculsi
843 1450 972 1477 [sror-litae

185 1493 284 1520 bellum
302 1494 351 1528 ipsi
369 1493 469 1520 inferre
486 1499 628 1521 cessantes
644 1495 745 1522 reversi
761 1501 836 1523 sunt.

1034 267 1131 294 Annon
1159 269 1250 296 dixist-i
1282 270 1423 296 Dominum
1453 279 1494 296 me
1520 272 1631 299 victoria
1660 274 1686 300 in
1714 273 1818 300 hostem

1031 323 1121 341 meum
1146 315 1320 347 donaturum,
1340 317 1516 352 213-215
1533 320 1654 352 quandiu
1673 328 1738 353 ergo
1762 321 1814 346 crit

1032 361 1102 388 hoc?
1116 361 1266 396 Respondit
1281 363 1370 390 Elisha
1385 364 1514 398 propheta
1529 366 1644 391 nuntio:
1660 366 1738 392 Dicas
1749 366 1816 399 regi,

1031 414 1092 433 cras
1120 407 1170 433 hac
1196 408 1304 434 circiter
1329 409 1406 440 hora,
1423 410 1567 437 victoriam
1587 411 1635 438 tibi
1662 411 1687 436 in
1706 411 1812 438 hostent

1033 456 1107 477 tuum
1124 459 1305 479 concessurus
1317 458 1357 480 est
1374 454 1515 486 Dominus,
1534 460 1560 481 ct
1572 456 1604 481 ad
1618 461 1723 490 portam
1738 457 1812 483 urbis

1030 497 1160 523 Samaria:
1169 498 1264 524 similm
1276 500 1394 530 mollius,
1409 500 1502 526 hordei
1517 501 1571 527 duo
1587 502 1667 529 modii
1681 503 1808 530 drachma

1030 543 1189 570 vendentur.
1204 544 1314 571 Dicente
1335 545 1431 571 nuntio
1451 545 1550 572 Elisbre
1572 547 1710 580 prop'tetze
1729 556 1737 575 :
1753 547 1809 573 Hoc.

1028 588 1085 614 licri
1113 597 1166 615 non
1189 594 1289 623 potest,
1314 591 1453 625 respondit
1482 591 1571 618 Etisha
1592 591 1750 619 :Futnrum
1766 597 1807 620 cst

1028 634 1090 664 hoc,
1109 639 1135 662 te
1149 635 1267 666 vidente,
1284 641 1311 663 at
1324 636 1358 663 de
1374 644 1407 662 eo
1431 644 1600 670 nequaquam
1618 638 1787 665 comedente.

1061 679 1181 708 Fuerunt
1193 689 1258 716 ergo
1276 681 1309 707 ad
1324 685 1474 708 extremam
1491 683 1560 708 muri
1573 688 1675 716 partem
1695 689 1816 718 quatuor

1025 727 1075 753 viri
1095 725 1223 753 Israelita:
1241 727 1312 762 lepra
1330 727 1430 759 all‘ccti,
1451 727 1497 762 qui
1515 728 1560 754 alii
1578 728 1638 754 aliis
1663 729 1789 756 dixerunt
1807 739 1814 756 :

1025 773 1191 800 Advenientc
1210 777 1288 800 nocte
1304 781 1353 799 nos
1368 774 1400 800 de
1417 781 1496 800 muro
1518 773 1693 802 demittentes
1710 777 1740 801 ad
1757 775 1794 810 Sy
1806 791 1817 795 -

1024 826 1116 845 rornm
1139 823 1227 845 castra
1247 820 1407 851 tendamus,
1429 819 1474 853 qui
1502 827 1551 846 nos
1573 820 1614 846 vel
1641 820 1813 847 interfectnri

1026 870 1098 895 sunt,
1121 865 1159 892 vel
1171 873 1266 899 panem
1284 867 1363 892 nobis
1379 866 1527 898 praebituri.
1542 867 1564 898 ρ
1576 866 1618 892 ιοιΙ
1636 871 1662 893 et
1675 867 1809 894 fecerunt.

1026 911 1059 937 At
1079 919 1139 937 cum
1165 911 1197 937 a-l
1217 916 1305 938 castra
1330 911 1528 945 pervenissent,
1552 913 1665 938 tentoria
1682 918 1708 940 et
1725 913 1815 940 taber-

1025 958 1084 984 cula
1110 957 1175 983 viris
1203 965 1316 991 prorsus
1340 965 1424 984 vacua
1454 959 1601 988 invertere,
1631 958 1710 992 idque
1740 960 1811 993 quod

1024 1003 1132 1033 oborto,
1158 1007 1238 1030 nocte
1263 1003 1328 1033 ista,
1347 1003 1374 1030 in
1401 1004 1521 1030 exercitu
1543 1003 1673 1038 Syrorum
1692 1012 1815 1034 rumore.

1024 1049 1186 1075 convenisse
1207 1048 1326 1084 Egypli,
1345 1049 1453 1076 lsraelis
1476 1054 1502 1076 et
1521 1049 1597 1076 Iudae
1628 1057 1716 1084 reges,
1732 1055 1815 1077 emto-

1025 1102 1123 1128 rosque
1137 1102 1231 1121 omnes
1250 1102 1304 1128 quo
1318 1095 1391 1129 ipsos
1411 1100 1491 1122 noctu
1510 1096 1694 1126 adorirentur,
1714 1097 1740 1123 in
1769 1097 1814 1123 ιιι-

1025 1148 1084 1172 gam
1101 1141 1225 1167 conversi
1242 1141 1415 1168 tabernacula
1428 1146 1454 1168 et
1470 1142 1585 1168 tentoria
1605 1150 1665 1168 cum
1694 1143 1810 1177 impedi-

1025 1185 1134 1215 mentis,
1154 1186 1285 1216 sarcinis.
1301 1193 1414 1220 quaeque
1442 1186 1578 1214 habebant
1602 1188 1729 1214 omnibus
1752 1189 1814 1214 reli-

1024 1235 1152 1261 querunt.
1181 1231 1292 1258 Reversi
1322 1232 1405 1267 igitur
1436 1233 1551 1265 leprosi,
1579 1241 1642 1259 cum
1672 1234 1724 1260 hor:
1758 1235 1812 1267 regi

1029 1275 1136 1302 lsraelis
1156 1277 1339 1308 mtnliaSSent,
1370 1278 1445 1304 misit
1474 1278 1517 1304 ille
1548 1284 1608 1312 post
1626 1280 1710 1314 ipsos,
1739 1280 1810 1305 vivos

1023 1321 1067 1354 qni
1084 1329 1176 1347 eorum
1195 1323 1307 1351 vestieia
1327 1327 1508 1357 sectarentur,
1522 1325 1568 1359 qui
1581 1324 1812 1352 cumJnrdanem

1025 1374 1110 1401 usque
1129 1368 1325 1401 pervenissent.
1354 1376 1405 1395 nec
1433 1369 1516 1395 ullum
1542 1377 1638 1396 eorum
1655 1369 1811 1404 tvestigium

1023 1412 1205 1444 invi-nissenl,
1227 1415 1314 1444 aperit
1332 1422 1377 1440 rex
1404 1414 1478 1441 urbis
1505 1419 1629 1448 portam,
1656 1414 1815 1448 egressique

1024 1458 1148 1486 homines
1164 1460 1255 1486 omnia
1271 1468 1329 1492 qum
1347 1459 1373 1486 in
1390 1459 1520 1495 Syrorum
1543 1460 1644 1487 castris
1660 1464 1748 1491 erant,
1766 1460 1810 1486 di-

1026 1505 1176 1540 ripuerunt,
1201 1506 1269 1532 adeo
1289 1509 1317 1531 ιιι
1339 1507 1431 1532 statim
1457 1505 1556 1532 similae
1582 1506 1706 1538 modius,
1731 1506 1814 1541 216

221 1537 345 1565 Mortuus
360 1543 450 1565 autent
465 1538 616 1573 Josbapbat
632 1538 709 1566 .Iudze
724 1548 770 1566 rex
787 1540 813 1566 in
836 1541 902 1567 urbe
923 1541 972 1566 ih-

1026 1551 1118 1577 hordei
1135 1551 1218 1577 modii
1248 1550 1302 1578 duo
1320 1551 1451 1578 drachma
1469 1551 1606 1578 venirent.
1632 1551 1750 1579 Nuntius
1765 1559 1815 1578 au-

185 1585 254 1611 iidis
279 1586 404 1618 sepultus
427 1590 480 1616 est,
511 1585 555 1612 cui
582 1585 609 1612 in
637 1593 721 1620 regno
744 1587 877 1613 successit
903 1588 971 1614 lilins

185 1632 271 1662 ipsius
295 1631 402 1662 Joram,
428 1639 517 1658 annos
541 1635 623 1658 natus
649 1632 761 1667 triginta
788 1637 854 1661 tres.
870 1633 921 1666 Qui
944 1635 970 1660 in

183 1676 281 1703 J-ulam
306 1677 502 1711 Hierosolymis
524 1682 587 1703 octo
612 1685 699 1705 annos
723 1680 865 1713 regnavit;
891 1679 973 1714 idque

185 1731 256 1749 anno
271 1723 364 1757 :ninto
378 1723 453 1756 regni
469 1722 571 1749 Jorami
598 1723 646 1749 lilii
663 1723 749 1750 Ababi
765 1726 836 1760 regis
852 1725 971 1753 lsi-aclis.

185 1769 273 1803 Ipsius
284 1774 405 1803 tempore
415 1769 612 1803 prophetarum
625 1769 717 1798 Elisha
732 1771 882 1804 discipulus
895 1772 971 1805 Elite,

184 1821 212 1842 et
227 1815 342 1842 Obadia.
362 1815 446 1840 Porro
469 1822 598 1848 egressus
615 1814 763 1843 Benbadad
779 1818 860 1853 212
886 1819 973 1854 Syria».

185 1869 231 1888 rcx
255 1868 316 1887 cum
338 1861 424 1893 copiis
451 1861 509 1887 suis
531 1860 670 1888 Joramum
695 1861 804 1889 Israelis
831 1871 920 1899 regem
945 1865 971 1890 in

186 1907 309 1933 Samaria
334 1907 404 1933 bello
421 1915 565 1941 aggressus
578 1914 629 1936 est,
647 1910 668 1935 Α
682 1916 736 1943 quo
754 1917 815 1936 cum
841 1915 974 1937 metueret

183 1953 289 1986 Joram,
304 1954 372 1981 dixit
384 1955 434 1988 ipsi
450 1954 539 1982 Elisba
555 1965 561 1982 :
575 1956 613 1982 Ne
629 1957 737 1985 timeas,
760 1957 850 1983 sedse
865 1961 970 1983 tantum

185 2002 212 2027 in
237 2001 303 2028 urbe
323 2006 367 2028 tua
387 2002 512 2034 nuntias;
533 2002 605 2029 Deus
621 2003 693 2029 enim
711 2003 759 2029 tibi
787 2003 927 2029 victoriam
946 2005 971 2030 iu

186 2047 291 2075 hostem
324 2050 401 2073 lllttltl
420 2055 602 2074 concessurus
627 2053 680 2075 est.
704 2049 751 2075 Ille
768 2056 832 2083 ergo
854 2057 915 2075 cum
944 2058 973 2076 se

185 2093 212 2120 in
232 2094 296 2121 urbe
310 2094 482 2124 munivisset.
497 2095 658 2122 accedentes
679 2095 810 2129 Syrorum
826 2095 914 2128 copim
932 2095 972 2121 in-

185 2142 245 2165 star
270 2146 358 2166 arenzc
385 2140 480 2170 maris,
506 2139 607 2166 Jorami
631 2139 738 2169 urbem.
759 2140 972 2173 univcrsamque

187 2184 319 2212 Samaria:
335 2185 473 2219 regionem
489 2185 644 2213 cinxerunt.
656 2184 780 2219 Cumque
795 2185 880 2212 tribus
893 2187 972 2213 annis

186 2230 331 2257 obsidione
346 2230 470 2266 [inclusi]
486 2231 669 2264 perstitissent
687 2231 826 2262 Israelita,
846 2231 917 2258 facta
933 2236 973 2258 est

186 2276 213 2303 in
229 2277 351 2303 Samaria
377 2276 461 2304 fames
492 2284 605 2310 magna,
626 2277 695 2305 adeo
723 2282 753 2304 ιιι
779 2278 812 2305 ad
837 2277 971 2305 cadavera

185 2323 289 2349 edenda
311 2322 486 2357 adigerentur
509 2323 632 2350 homines
644 2343 651 2353 ,
671 2331 720 2350 nec
739 2331 792 2350 tton
807 2328 913 2350 stercus
928 2331 974 2350 co-

185 2368 339 2396 lumbinum
354 2369 540 2400 comi-tierent,
555 2369 773 2403 vendereturque
794 2374 877 2404 caput
901 2370 971 2396 asini

185 2414 286 2440 mortui
302 2413 440 2448 octoginta
456 2413 605 2446 drachmis,
618 2415 805 2449 stercorisque
823 2415 971 2441 columbini

184 2458 269 2485 cabus
292 2459 413 2493 quinque
437 2458 583 2486 drachmis.
614 2458 680 2485 Dum
702 2467 768 2493 ergo
793 2467 876 2493 super
897 2459 973 2487 mbis

185 2504 334 2531 munimine.
359 2504 497 2531 incederet
512 2503 616 2535 Joram,
637 2504 745 2532 lsraelis
769 2512 828 2536 rex,
844 2513 908 2531 ecce
923 2513 972 2531 oc-

183 2551 269 2577 currit
300 2551 352 2585 ipsi
383 2550 481 2576 mulier
508 2558 568 2584 qum
595 2550 676 2577 aliam
707 2555 802 2577 tenens
831 2551 972 2578 mulierem

183 2604 260 2630 opem
276 2605 289 2622 ιι
305 2604 366 2630 regis
378 2597 465 2631 petiit,
481 2596 577 2623 dicens
594 2605 601 2624 :
619 2596 688 2622 Dixit
705 2596 770 2622 mihi
790 2597 887 2623 mulier
908 2597 972 2627 ista,

185 2641 266 2667 hodie
281 2642 365 2669 lilium
381 2646 458 2669 luunt
486 2645 588 2668 mactas
601 2648 655 2675 quo
672 2649 826 2673 vescamur,
853 2649 887 2667 tte
903 2641 973 2667 fama

183 2686 344 2718 moriamur,
365 2694 427 2714 cras
451 2693 501 2720 ego
527 2693 618 2712 meum
643 2686 785 2716 mactabo,
813 2691 842 2712 ut
867 2691 894 2713 et.
911 2686 972 2720 ipso

184 2740 337 2760 vescamur.
366 2732 423 2766 Ego
440 2732 522 2767 igitur
546 2733 630 2758 lilium
647 2739 737 2758 meum
759 2732 816 2759 heri
837 2732 971 2766 jugulavi,

184 2787 264 2812 quem
279 2779 405 2811 edimus;
419 2779 465 2805 illa
483 2784 575 2805 autem
593 2777 674 2805 hodie
694 2778 780 2804 illium
806 2786 885 2805 suum
909 2786 972 2812 pre-

185 2826 303 2852 hensum
321 2824 476 2851 abscondit.
503 2822 694 2849 'l‘remet'actus
722 2831 767 2850 rex
794 2823 837 2850 his
859 2824 970 2854 auditis,

186 2869 309 2898 vestibus
329 2869 386 2895 suis
407 2867 514 2899 scissis,
543 2867 709 2901 puivcreqne
731 2869 814 2902 capiti
837 2870 972 2902 superint-

1024 1600 1076 1622 tem
1090 1596 1136 1628 qui
1163 1596 1282 1622 Elisbam
1301 1597 1460 1631 prophetam
1479 1596 1612 1624 mendacii
1629 1598 1729 1632 arguit,
1759 1597 1811 1623 hoc

1024 1641 1132 1674 quidem
1149 1641 1224 1670 vidit.
1245 1646 1272 1668 at
1292 1643 1319 1668 iu
1336 1642 1411 1668 urbis
1428 1648 1504 1677 [rma
1523 1650 1579 1676 prae
1604 1650 1702 1677 magna
1724 1642 1809 1669 turbae

1023 1686 1227 1720 compressione
1248 1692 1372 1713 mortuus
1389 1693 1439 1713 est.
1461 1689 1585 1715 l‘ostlrrc
1612 1696 1741 1721 egressus
1762 1688 1810 1715 Jo-

1024 1737 1081 1754 ram
1106 1737 1151 1755 rex
1173 1729 1247 1757 Jnda!
1264 1731 1296 1757 ad
1327 1729 1464 1761 Roma-os,
1482 1732 1527 1765 qui
1553 1732 1579 1757 in
1600 1731 1707 1758 Sharab
1733 1736 1813 1758 et-ant

1025 1782 1148 1808 magnam
1161 1783 1255 1802 eorum
1274 1781 1393 1808 stragem
1412 1777 1505 1803 cdidit.
1521 1777 1641 1803 Nort-ius
1657 1782 1748 1804 autem
1768 1783 1810 1805 est

1023 1820 1035 1846 .l
1058 1829 1112 1847 ram
1134 1820 1211 1848 Judaa
1238 1829 1300 1853 rex,
1327 1827 1351 1849 et
1383 1823 1408 1849 iu
1434 1824 1501 1850 urbe
1532 1823 1642 1850 Davidis
1669 1825 1812 1857 sepultus,

1025 1870 1153 1899 regnante
1176 1872 1237 1900 post
1254 1867 1344 1901 ipsum
1364 1875 1465 1894 annum
1484 1876 1567 1895 unum
1590 1870 1617 1895 in
1635 1867 1733 1896 ludam
1750 1868 1812 1895 "ic-

1025 1911 1180 1947 rosolymis.
1198 1913 1253 1939 lilio
1270 1913 1358 1947 ipsius
1383 1914 1496 1946 Ahazia,
1521 1922 1608 1941 annos
1625 1919 1690 1942 nato
1716 1915 1811 1949 viginti

1024 1957 1109 1990 duos;
1123 1958 1203 1992 idque
1219 1959 1291 1993 regni
1303 1958 1404 1985 Jorami
1420 1959 1505 1986 Ababi
1529 1959 1576 1986 lilii
1589 1979 1596 1991 ,
1613 1961 1684 1995 regis
1702 1959 1812 1987 lsraelis

1024 2003 1195 2031 duodecimo.
1214 2004 1299 2032 Mater
1308 2005 1367 2039 ejus
1379 2006 1488 2031 nomine
1501 2005 1608 2032 Atlial’a
1624 2005 1723 2036 Altabi,
1739 2007 1812 2032 reeis

1025 2049 1142 2081 lsraelis,
1160 2049 1236 2077 Omri
1255 2050 1303 2077 lilii
1320 2057 1409 2077 soror.
1428 2051 1492 2082 Ejus
1510 2055 1634 2084 tetnpore
1660 2052 1809 2086 propheta-

1025 2099 1088 2121 rnnt
1114 2094 1204 2121 Elisba
1226 2099 1251 2122 et
1276 2094 1409 2122 Obadiab.
1434 2095 1578 2123 Profectus
1601 2101 1692 2124 autem
1721 2096 1811 2124 Joram

1024 2141 1132 2168 Isr‘ielis
1147 2149 1204 2171 rex.
1220 2140 1334 2168 liam-itu
1353 2149 1413 2168 cum
1428 2141 1482 2168 ilaz
1493 2143 1543 2169 tele
1566 2142 1686 2169 tribuum
1704 2151 1765 2177 rege
1778 2143 1811 2169 ad

1026 2186 1123 2212 lelbiu‘.
1139 2193 1201 2212 cum
1218 2185 1295 2220 Syris
1308 2186 1467 2220 gerendum,
1484 2194 1546 2213 cum
1568 2187 1593 2213 in
1610 2187 1704 2220 prcelio
1716 2188 1811 2214 vulne-

1027 2236 1100 2256 ratus
1124 2236 1197 2258 esset
1218 2231 1251 2258 ad
1281 2231 1376 2258 urbem
1401 2231 1548 2259 .Ii-zrrelent
1576 2241 1702 2259 reversus
1715 2238 1757 2260 est
1782 2240 1812 2259 ιιι

1026 2276 1061 2302 ibi
1080 2280 1234 2307 saltaretur,
1258 2284 1312 2309 quo
1334 2277 1480 2304 salutatum
1508 2285 1569 2303 eun
1600 2278 1738 2312 profectus
1769 2283 1812 2305 est

1025 2322 1126 2348 Ahazia
1144 2322 1246 2348 Jorami
1264 2322 1347 2348 illius.
1367 2322 1459 2349 Elisba
1474 2327 1563 2349 autent
1580 2324 1712 2358 propheta
1731 2324 1812 2350 disci-

1024 2368 1086 2402 pulo
1100 2375 1149 2394 suo
1164 2366 1239 2394 Jome
1261 2368 1354 2394 Minari
1374 2368 1429 2394 lilio
1445 2368 1501 2403 (qui
1521 2369 1590 2394 idem
1607 2374 1649 2396 est
1674 2369 1722 2396 Dui
1737 2368 1810 2400 Nuu.

1024 2413 1050 2439 id
1068 2418 1109 2440 cst
1130 2413 1256 2440 Dominus
1274 2414 1363 2447 piscis,
1379 2422 1459 2448 quem
1475 2414 1617 2449 deglutivit
1635 2415 1729 2448 piscis)
1748 2423 1812 2450 pre-

1025 2459 1121 2489 hz-nso,
1141 2467 1225 2485 cornu
1241 2459 1267 2486 in
1286 2467 1340 2493 quo
1357 2464 1415 2486 erat
1430 2460 1531 2490 oleum.
1551 2460 1663 2487 tradens
1683 2469 1690 2486 ε
1715 2461 1811 2487 Profe-

1024 2508 1092 2532 ctus.
1111 2504 1209 2537 inquit.
1234 2505 1266 2530 ad
1294 2505 1389 2531 urbem
1418 2504 1514 2530 Ramot
1531 2503 1637 2535 Gilead,
1652 2513 1714 2531 cum
1738 2505 1773 2530 ibi
1795 2514 1810 2530 ιτ

1024 2549 1139 2576 ducibus
1165 2550 1310 2584 quemdam
1339 2550 1447 2576 nomine
1473 2549 1553 2580 Jebu.
1583 2550 1687 2577 Nimsbi
1715 2551 1810 2581 lilium,

1024 2596 1172 2628 inveneris,
1189 2596 1278 2630 ipsum
1293 2596 1353 2622 oleo
1366 2596 1418 2622 isto
1432 2603 1521 2630 ungas
1537 2597 1564 2622 in
1581 2604 1672 2631 regem
1691 2597 1810 2624 lsraelis.

1024 2642 1124 2667 Abiens
1147 2649 1212 2674 ergo
1232 2640 1317 2668 Jonas
1346 2641 1448 2668 Elishze
1476 2641 1630 2674 discipulus
1654 2642 1725 2675 quoi
1756 2642 1809 2675 ιιιςὶ

1024 2689 1179 2713 mandatum
1194 2687 1282 2714 fuerat
1297 2687 1369 2718 fecit,
1383 2687 1454 2720 quod
1469 2695 1530 2714 cum
1548 2687 1630 2714 sociis
1646 2687 1704 2713 suis
1717 2687 1812 2721 217-

1024 2733 1106 2768 219
1123 2734 1261 2760 retulisset
1277 2733 1357 2763 Jebu.
1376 2733 1442 2767 ipsis
1464 2734 1640 2767 congregatis
1656 2733 1689 2759 ad
1713 2733 1810 2759 urbem

1023 2777 1182 2810 Jezmelem,
1196 2775 1334 2803 Joramum
1352 2777 1463 2804 lsraelis
1482 2783 1571 2809 regem
1588 2776 1734 2810 quaesitum
1746 2783 1810 2810 pro-

1025 2825 1113 2850 tectus
1128 2827 1181 2850 est.
1198 2823 1323 2857 Cumque
1344 2822 1453 2849 obviam
1470 2822 1521 2855 ipsi
1546 2823 1734 2854 procederent,
1761 2822 1811 2848 Jo-

1029 2876 1097 2901 ratn,
1115 2867 1233 2901 lsrai-lis,
1258 2873 1283 2894 et
1301 2868 1419 2894 Acbazia
1442 2867 1517 2894 Juda‘
1533 2875 1590 2899 rex,
1615 2867 1683 2894 Jchu
1711 2868 1808 2902 sagitta
