2015 3081
230 157 280 186 Ωῆἶ

949 158 1139 190 ANNALES.

1801 164 1854 195 958

231 213 302 247 regis
321 219 369 239 cor
383 214 527 247 percussit.
553 213 750 249 interfectoqne
771 218 852 249 caput
877 214 1009 247 abstulit;
1027 217 1047 244 Α
1062 220 1156 244 contra
1173 214 1262 250 ipsum
1278 217 1387 247 llazael.
1403 216 1488 251 Syria:
1500 225 1561 249 rev,
1579 218 1672 244 urbem
1684 218 1736 245 Gat
1750 219 1774 246 ei
1791 220 1855 247 alts-

231 259 351 292 fngicnte
364 258 480 285 Acbazia
493 258 570 286 .Iudte
588 267 661 294 rege,
677 267 757 295 quem
773 260 856 286 etiatn
872 259 1015 287 insecutus

229 303 298 331 Jclttt
315 304 473 332 vulneribus
487 305 608 333 confodit
622 314 629 333 ε
646 307 693 340 qui
714 311 803 333 tamen
827 307 860 332 ab
878 307 937 340 ipso
950 313 1015 333 cva-

231 348 310 382 dcns,
325 351 419 378 urbem
434 351 565 386 Mageddo
581 352 729 387 ingressus,
744 353 782 380 ibi
798 357 922 381 mortuus
937 357 992 379 est.

267 394 387 424 Mortuus
406 404 471 430 ergo
485 397 604 425 Acltazia
628 397 705 425 .ludze
719 405 776 429 rex,
804 406 818 424 a
844 400 931 426 servis
955 399 1014 425 suis

231 441 417 478 Hierosolyma
432 444 592 476 translatus,
607 445 634 472 in
649 445 758 472 civitate
781 445 865 472 David
888 445 1014 479 sepultus

230 491 289 520 est;
306 488 501 523 imperavitquc
511 490 588 518 Jttdte
601 490 796 525 Hierosolymis
811 491 935 518 Acltazia:
955 498 1013 517 ma-

230 537 283 565 ter.
304 535 412 562 nomine
427 535 544 565 Athalia.
560 536 637 563 annis
660 541 774 569 septem.
792 535 908 570 Scripsit
921 541 1010 563 autem

230 579 298 607 Jeltu
318 580 350 607 ad
369 581 514 615 optimates
529 582 658 608 Samarite
675 590 683 609 :
702 582 730 608 Si
749 582 815 608 tnibi
830 583 1013 616 obsequentes

231 625 346 656 fueritis,
365 626 493 659 prteﬁcite
510 626 588 653 vobis
604 634 618 653 e
635 627 696 654 ﬁliis
717 626 814 657 Altabi,
838 627 913 661 rcgis‘
930 627 1014 654 lsrac-

230 671 272 701 lis,
300 679 398 705 regem.
422 672 651 700 Rescribentibus
674 673 766 707 ipsis:
792 673 848 699 Nott
865 679 906 701 est
935 674 1012 700 nobis

229 720 327 748 perter
345 720 372 743 te
397 725 454 750 rex.
470 717 580 752 scripsit
595 727 602 745 :
624 717 724 746 Omnes
740 726 806 750 ergo
821 718 893 746 ﬁlios
911 719 1009 751 Ababi,

229 761 301 793 regis
323 761 445 794 lsraelis.
477 770 491 789 e
520 763 610 790 medio
637 763 735 790 tollite.
766 763 891 791 Fuerunt
918 768 1009 791 autem

228 806 315 833 Altnbi
333 808 379 835 ﬁlii
394 813 420 834 et
439 813 552 842 nepotes
568 808 617 835 viri
634 809 818 843 septuaginta,
837 817 952 843 quorum
967 810 1010 836 in-

229 852 374 880 lnt'rt‘t‘lttrlt
387 862 403 878 ιι
437 855 525 888 capita
549 854 581 881 ad
609 855 675 881 Jehu
700 856 843 882 miserunt.
868 855 1009 883 Profectus

228 906 293 931 ergo
307 898 375 926 Jcltu
409 899 574 932 Samariam,
600 900 736 926 neminem
762 908 792 926 ex
821 900 905 926 Altabi
929 902 1012 935 stirpe

227 943 362 977 reliquum
389 943 461 975 fecit.
479 952 559 978 quem
581 953 634 971 non
661 945 835 972 interﬁceret.
857 946 1012 973 Occurrens

228 995 319 1016 autem
342 990 368 1017 in
391 991 433 1017 via
458 991 525 1018 viris
552 991 732 1024 quadraginta
758 991 876 1023 duobus,
902 992 1011 1024 quinam

228 1039 321 1061 essent
348 1036 546 1069 interrogat-it,
573 1036 748 1070 dicentesque
772 1045 778 1063 :
806 1036 860 1064 Nos
888 1037 1013 1064 Acltazite

228 1080 298 1113 regis
315 1079 391 1107 Jutlte
416 1081 533 1112 fratres,
554 1081 699 1115 iugulavit.
729 1082 818 1108 Baclis
838 1087 929 1108 autem
948 1083 1011 1109 idoli

227 1125 355 1158 templum
388 1125 413 1152 in
446 1125 569 1152 Samaria
602 1125 702 1158 diruit,
738 1126 950 1161 sacerdotesque
979 1134 1012 1154 ac

227 1171 365 1204 ptincipes
384 1171 440 1198 ueri
458 1170 550 1203 dedit;
565 1171 741 1206 reguavitqne
758 1171 784 1198 itt
802 1171 942 1199 lsraelitas
959 1181 1010 1199 att-

227 1224 276 1242 nos
295 1216 386 1250 tiginti
404 1221 476 1244 octo.
488 1217 570 1251 220
582 1216 780 1252 Egressamquc
793 1217 881 1245 Altabi
899 1225 1011 1245 uxorem

227 1263 369 1294 Ιῑιτὶιυιθιιι,
383 1271 442 1297 ψιεῐι
455 1271 483 1289 se
497 1263 522 1290 in
538 1262 606 1290 Jebu
624 1271 767 1290 occursum
789 1269 944 1294 ornaverat.
969 1265 1011 1291 in-

227 1309 345 1340 trr'ecit,
370 1317 468 1339 cuum,
485 1317 545 1335 cum
569 1309 666 1336 diebus
695 1310 793 1344 aliquot
827 1311 945 1344 proj-cta
969 1311 1011 1343 ja-

226 1355 338 1386 rttissct,
368 1356 545 1382 comederunt
568 1363 658 1382 ranos.
681 1356 781 1383 Deinde
804 1358 927 1389 corporis
949 1357 1010 1390 ejus

226 1400 355 1433 reliquias
379 1400 487 1434 sepeliri
503 1401 597 1433 juSsit.
621 1401 705 1426 Porro
730 1400 849 1431 Atltalia,
869 1409 931 1427 cum
950 1406 1010 1436 post

227 1445 310 1472 ftlium
332 1446 358 1473 in
382 1445 478 1472 ludant
505 1445 700 1481 Hierosolymis
726 1451 860 1480 regnaret,
887 1447 931 1474 ﬁlii
967 1448 1009 1475 sui

225 1491 350 1518 Acbazize
380 1492 480 1518 liberos
506 1491 659 1523 interficit,
687 1492 816 1519 familiam
854 1492 1010 1521 Daridicam

1030 883 1049 910 Β

1068 261 1140 293 tulit,
1158 261 1218 296 ipso
1238 262 1308 296 apud
1327 262 1398 288 illam
1411 262 1535 294 devicto;
1555 263 1652 290 deinde
1666 263 1853 300 Hierosolyma

1067 307 1215 335 ascendere
1238 307 1264 334 in
1292 307 1385 334 animo
1403 308 1510 334 ltabuit.
1535 308 1696 342 Maguopere
1721 309 1803 343 igitur
1818 311 1852 336 ab

1066 353 1126 386 ipso
1143 359 1267 381 metuens
1283 353 1367 381 loaslt
1386 362 1480 381 omnes
1497 356 1640 381 thesaurus
1651 355 1697 389 qui
1715 356 1741 382 in
1756 356 1855 389 templo

1067 401 1153 431 fuere,
1170 407 1238 434 quos
1265 404 1445 434 reposuerant
1464 405 1555 434 patres
1584 401 1674 434 ipsius
1689 400 1857 434 Josltapltat,

1065 446 1158 473 Joratn
1182 451 1210 473 et
1230 446 1360 478 Acltazia,
1384 453 1509 479 quosque
1539 446 1595 479 ipse
1619 446 1784 476 contulerat,
1807 453 1854 473 ac-

1065 497 1169 526 ceptos,
1187 491 1219 518 ad
1249 491 1400 523 ":IZM‘iHII,
1418 491 1502 526 Syri-.e
1526 498 1628 525 regem.
1645 491 1731 522 misit,
1748 492 1793 525 qui
1819 492 1853 518 ab

1065 537 1122 571 ipso
1139 546 1264 564 reversus
1279 543 1317 564 est
1324 557 1331 564 .

1101 582 1222 610 Mortuus
1235 587 1325 610 autem
1339 583 1407 610 Jeltu
1427 582 1535 609 lsraelis
1549 590 1597 609 rex
1616 582 1747 609 Samaria:
1760 582 1854 616 sepul-

1065 634 1108 656 tus
1124 633 1184 661 est,
1210 633 1342 662 regnante
1359 633 1421 663 post
1447 629 1533 661 ipsum
1562 628 1619 654 ﬁlio
1639 627 1725 661 ipsius
1742 627 1852 654 Acbazo

1063 674 1192 702 Samaria:
1215 681 1301 701 annos
1331 674 1548 708 septemdecim.
1573 673 1653 706 idque
1675 680 1747 699 anno
1777 673 1850 706 regni

1063 719 1154 747 Joashi
1177 718 1253 746 ludat
1275 719 1347 753 regis
1371 719 1502 746 vicesimo
1519 719 1610 745 tertio.
1631 717 1679 744 llic
1697 718 1767 744 idola
1794 717 1848 744 sibi

1062 768 1171 799 accepta
1193 765 1290 792 coluit.
1312 764 1494 792 Prmvalenles
1511 770 1600 791 autetn
1629 763 1721 791 lsraeli
1751 762 1852 790 Mazaei

1063 809 1147 846 Syriae
1159 818 1216 841 rex.
1229 815 1256 838 et
1277 809 1368 837 "adad
1393 809 1527 837 Hazaeliis
1551 809 1633 838 ﬁlius.
1648 808 1721 835 viros
1742 807 1852 834 Israeli-

1064 856 1132 883 ticos
1148 855 1218 882 bello
1235 856 1465 889 absumpserunt.
1483 855 1550 880 adeo
1568 859 1597 881 ttt
1614 861 1668 880 non
1682 857 1774 880 essent
1789 852 1851 879 reli-

1064 901 1110 936 qtti
1127 901 1236 928 Acltazo
1247 901 1356 928 Israelis
1371 900 1427 936 regi
1446 901 1472 927 itt
1489 900 1559 927 belli)
1576 903 1674 934 praeter
1686 899 1789 933 pedites
1803 899 1852 924 de-

1064 947 1119 973 cies
1138 947 1221 978 mille,
1241 946 1367 982 etﬂu
1389 946 1495 981 equites
1516 946 1726 980 quinquaginta.
1753 944 1850 974 Porro,

1065 996 1188 1019 mortuus
1200 996 1241 1019 est
1255 992 1345 1019 Elisita
1357 992 1499 1027 propheta.
1511 991 1634 1018 Mortuus
1648 992 1728 1018 etiam
1740 991 1848 1022 Mazaei,

1065 1040 1150 1074 Syriae
1163 1047 1221 1070 rex,
1239 1039 1282 1066 cui
1297 1040 1326 1066 in
1340 1047 1424 1073 regno
1438 1039 1576 1065 successit
1597 1037 1668 1064 ﬁlius
1692 1038 1777 1072 ipsius
1796 1037 1851 1062 Ila.

1065 1085 1284 1112 dadJReversus
1308 1085 1404 1110 deinde
1421 1084 1512 1111 Acltaz
1535 1083 1644 1110 Israelis
1668 1091 1714 1109 rex
1741 1082 1851 1109 lladado

1064 1130 1188 1158 llasaelis
1207 1130 1262 1156 ﬁlio
1288 1137 1349 1163 rege
1375 1129 1461 1163 Syriae
1486 1126 1604 1160 devicto,
1632 1128 1723 1159 urbes,
1752 1128 1851 1162 quibus

1063 1177 1151 1212 captis
1171 1177 1354 1211 imperaverat
1371 1179 1447 1209 pater
1460 1174 1562 1208 ipsius,
1582 1174 1619 1200 illi
1638 1173 1760 1200 abstulit.
1778 1173 1850 1200 Mcr-

1063 1227 1125 1249 tttus
1141 1221 1238 1249 deinde
1254 1221 1344 1251 Altaz,
1361 1220 1469 1247 lsraelis
1492 1227 1538 1246 rex
1550 1238 1558 1250 .
1579 1219 1708 1246 Samaria?
1724 1219 1850 1252 sepultus

1062 1272 1114 1300 est,
1132 1271 1261 1302 regnante
1282 1272 1342 1300 post
1358 1267 1445 1300 ipsum
1463 1266 1490 1292 itt
1511 1265 1637 1292 lsraelem
1656 1264 1787 1291 Samaria!
1803 1272 1851 1290 au-

1063 1321 1113 1340 tms
1132 1313 1269 1340 sexdecim
1288 1312 1342 1350 lilio
1364 1311 1449 1346 ipsius
1464 1310 1548 1338 Joasb
1567 1320 1573 1337 :
1595 1311 1674 1344 idque
1691 1310 1766 1343 regni
1784 1309 1848 1336 Joa-

1063 1356 1103 1383 slti
1122 1357 1193 1390 regis
1204 1355 1280 1382 Judae
1292 1354 1438 1382 tricesimo
1456 1362 1537 1381 ttono.
1554 1353 1601 1381 Ille
1626 1355 1702 1389 pejus
1719 1362 1748 1379 se
1762 1355 1848 1388 gessit

1063 1405 1137 1434 patre
1168 1409 1228 1433 suo,
1258 1406 1338 1434 atque
1366 1401 1437 1427 idola
1469 1401 1574 1427 coluit."
1594 1399 1726 1426 Joasltum
1757 1404 1848 1426 atttettt

1061 1446 1138 1474 JIILISE
1155 1454 1244 1480 regem
1261 1447 1350 1474 adorti
1370 1447 1440 1474 servi
1457 1447 1544 1480 ipsius
1564 1446 1778 1474 interfecerunt.
1795 1454 1852 1480 quo

1063 1492 1088 1518 itt
1112 1491 1221 1519 civitate
1237 1491 1345 1518 Davidis
1357 1492 1465 1524 sepulto
1480 1491 1632 1524 imperavit,
1655 1490 1732 1518 Jutlte
1752 1491 1851 1517 llieru-

225 1545 350 1570 quierant;
363 1541 391 1564 ttt
407 1538 480 1572 ipzos
495 1545 510 1564 e
526 1537 615 1564 medio
633 1538 748 1570 tolleret,
768 1540 838 1573 qttod
854 1540 910 1573 ipsa
927 1548 1011 1572 genus
1027 1543 1047 1570 ο
1065 1537 1177 1571 sulymis
1193 1544 1280 1563 annos
1294 1537 1390 1571 viginti
1410 1543 1506 1563 novent
1524 1536 1596 1563 lilius
1616 1537 1701 1570 ipsius
1726 1536 1847 1563 A-ntasia.

225 1583 328 1610 ducens
346 1583 500 1610 abAcbabo
519 1582 628 1610 lsraelis
644 1591 715 1617 rege,
733 1587 815 1610 totatn
832 1584 942 1618 stirpem
960 1584 1010 1610 Da-

224 1628 340 1655 vidicatn
355 1628 516 1654 exstinctam
530 1633 651 1662 cuperet.
669 1627 734 1654 Erat
752 1632 843 1656 autem
866 1629 916 1663 ipsi
933 1629 986 1655 lilia
1001 1638 1008 1661 ;

224 1674 349 1700 Acltalize
361 1681 450 1705 soror,
467 1673 577 1700 nomine
589 1673 760 1706 Jebosbuba,
780 1673 920 1701 Jeltoiadae
935 1675 1010 1709 prin-

224 1719 293 1752 ripis
317 1717 488 1745 sacerdotum
516 1726 594 1750 uxor,
619 1726 681 1753 quae
704 1719 862 1753 subreptum
888 1728 901 1746 a
923 1725 1011 1748 ntat'e

224 1765 309 1799 ipsius
327 1765 409 1791 lilittttt
437 1764 563 1791 Acltazia:
588 1765 632 1790 cui
662 1772 760 1790 nomen
785 1763 880 1797 Joasb.
906 1771 1008 1800 septem

224 1809 304 1837 annis
319 1809 390 1843 apud
407 1817 437 1836 se
464 1809 618 1836 abscondit.
643 1809 848 1843 Pt-Opbetartutt
876 1811 928 1838 sub
951 1812 1009 1846 ipsa

225 1854 318 1881 lilislta
347 1858 374 1880 et
407 1853 521 1881 Obadia.
557 1854 665 1881 Atbalia
699 1859 790 1882 atttem
820 1855 1010 1891 Hierosolyma

225 1899 391 1926 scortatione
404 1899 569 1933 inquinavit.
583 1898 668 1926 Jussit
686 1900 757 1926 enim
773 1900 889 1929 feminas
903 1902 1011 1937 publice

225 1945 327 1979 absque
349 1949 421 1971 mettt
435 1943 562 1975 scortari,
584 1951 690 1971 necnon
710 1945 782 1972 viros
807 1950 933 1980 stuprum
948 1955 1009 1974 cunt

224 1990 332 2018 feminis
346 1991 453 2018 nemine
478 1990 636 2023 increpante
652 1991 835 2018 committere.
853 1991 903 2019 Ubi
919 1998 1008 2020 autem

224 2037 389 2064 adolevisset
418 2036 501 2063 Joasb
528 2035 653 2062 Acbaziu:
676 2035 760 2068 ﬁlius,
777 2035 905 2065 Jchuiatla
918 2046 1010 2066 sacer-

224 2083 274 2109 dos
304 2082 460 2109 convocatis
491 2080 567 2107 Iuda:
595 2081 764 2115 principibus
789 2082 823 2108 ad
855 2083 915 2110 illos
947 2083 1010 2111 Joa-

225 2128 304 2155 sbum
324 2128 412 2162 ipsum
428 2126 554 2154 Acbaziae
584 2126 666 2153 ﬁlium
695 2127 831 2161 produxit,
860 2137 940 2164 quem
971 2130 1010 2157 illi

225 2181 315 2208 regem
344 2173 396 2199 sibi
424 2173 634 2200 constituerunt.
664 2172 724 2204 Quo
753 2173 864 2205 audito,
891 2174 1008 2205 Atbalia.

1063 1583 1145 1616 lthtte
1159 1590 1230 1608 anno
1244 1583 1319 1616 regni
1335 1581 1430 1608 Joaslti
1444 1582 1519 1615 regis
1533 1582 1641 1608 lsraelis
1654 1583 1785 1608 secundo.
1800 1582 1849 1608 llic

1061 1631 1157 1662 captos
1173 1635 1268 1654 servos
1283 1627 1327 1662 qui
1344 1633 1448 1661 patrem
1466 1626 1550 1661 ipsius
1564 1626 1758 1654 inlerfecerattt
1769 1627 1850 1659 juga-

1062 1672 1136 1698 lavit.
1148 1672 1204 1699 Sub
1218 1679 1252 1699 eo
1262 1672 1433 1707 propltctavit
1443 1672 1526 1699 Amos
1541 1672 1674 1706 propltela
1693 1672 1847 1698 Davidit-us.

1060 1717 1230 1745 Ascendente
1248 1723 1338 1744 autem
1358 1717 1459 1745 Joaslto
1477 1717 1588 1745 lsraelis
1601 1725 1662 1752 rege
1690 1717 1847 1752 Ilierosoly~

1063 1769 1114 1790 tua.
1139 1763 1248 1790 Amasia
1264 1763 1340 1790 Judaa
1359 1770 1404 1789 rex
1424 1767 1496 1790 metu
1515 1763 1573 1796 eius
1588 1762 1785 1789 Beitsltemsnm
1804 1763 1849 1790 fa-

1061 1809 1149 1844 gicns,
1167 1810 1260 1835 urbem
1279 1816 1391 1835 vacuant
1407 1808 1526 1842 reliquit.
1550 1808 1638 1835 Dirttit
1654 1815 1720 1842 ergo
1734 1808 1820 1837 Juasb
1833 1818 1848 1836 e

1061 1862 1138 1881 muro
1163 1855 1239 1882 urbis
1253 1854 1510 1889 Hierosolymitante
1532 1854 1639 1882 cubitos
1663 1855 1847 1889 quadringen-

1061 1905 1113 1930 tos,
1127 1904 1323 1934 acceptumque
1338 1901 1407 1929 auri.
1426 1900 1530 1934 argenti
1546 1905 1573 1926 et
1585 1907 1755 1933 gemmarum
1769 1900 1847 1934 quid-

1061 1946 1125 1979 qttitl
1147 1946 1172 1972 itt
1196 1945 1307 1978 templo,
1333 1953 1443 1972 necnon
1472 1945 1605 1979 quidquid
1626 1946 1684 1971 auri
1703 1950 1785 1977 atque
1803 1952 1848 1971 ar-

1060 1991 1132 2025 genti
1145 1990 1171 2016 itt
1185 1990 1284 2024 palatio
1297 1989 1367 2024 regis
1387 1990 1496 2016 \tnasize
1510 1990 1569 2020 fuit.
1584 1990 1734 2016 Samariam
1751 1998 1847 2022 aspor-

1062 2036 1139 2063 tavil.
1157 2036 1263 2062 Mortuo
1288 2035 1387 2062 deinde
1412 2034 1513 2062 Joasho
1537 2036 1645 2062 lsrarlis
1667 2044 1739 2070 rege,
1765 2040 1848 2069 atque

1062 2081 1190 2109 Samaria:
1207 2082 1325 2117 sepulto.
1340 2086 1402 2116 post
1418 2082 1505 2116 ipsum
1523 2082 1652 2108 Samaria).
1666 2081 1847 2116 225-227

1062 2128 1088 2154 in
1105 2128 1233 2155 lsraclem
1247 2129 1369 2162 regnavit
1382 2135 1469 2154 annos
1481 2128 1659 2162 quadraginta
1674 2135 1759 2154 unum
1775 2127 1848 2154 (ilius

1063 2174 1149 2208 ipsius
1166 2174 1320 2205 Jerob’oam.
1339 2174 1420 2208 idque
1443 2181 1515 2200 anno
1541 2174 1616 2208 regni
1632 2173 1751 2200 Atuazia:
1776 2173 1848 2208 regis

225 2219 323 2246 scissis
339 2218 461 2245 vestibus
481 2218 512 2244 ad
539 2218 626 2252 ipsum
642 2218 866 2252 rottspicicudutn
888 2227 1008 2253 egressa,
1027 2208 1048 2235 θ
1061 2218 1138 2246 Iuda:
1153 2220 1259 2246 decimo
1274 2219 1379 2254 qttinto.
1400 2219 1506 2245 Mortuo
1530 2219 1614 2245 Joaslt
1641 2218 1749 2245 Israelis
1773 2226 1847 2252 rege,

225 2265 315 2292 elttdio
332 2263 495 2298 interempta
507 2269 558 2290 est.
580 2263 714 2295 Regnavit
738 2271 803 2298 ergo
820 2263 902 2291 .lttaslt
919 2265 1010 2292 Arba—

226 2309 273 2336 zire
286 2309 357 2336 ﬁlius
373 2309 567 2343 Hierosolymis
578 2309 603 2334 itt
613 2308 707 2335 Judaut
718 2309 895 2344 quadraginta
909 2317 1009 2343 annos;

228 2363 310 2389 regno
318 2359 407 2381 autent
418 2353 561 2388 pra-lectus
572 2359 612 2381 est
622 2362 707 2381 annos
719 2358 796 2380 natus
807 2359 921 2388 septem;
931 2356 1010 2390 idque

225 2409 297 2427 anno
313 2401 386 2434 regni
399 2399 467 2427 Jeltu
479 2400 550 2434 regis
563 2400 669 2426 lsraelis
678 2400 802 2434 septimo.
817 2400 894 2427 Matri
915 2400 1009 2428 Joaslti

225 2454 322 2473 nomen
333 2445 508 2481 221-223
519 2450 577 2472 erat
590 2445 668 2472 Scbia
685 2446 852 2473 Birsebaitis.
867 2445 931 2480 Ejus
941 2452 1010 2473 tctu-

226 2500 289 2526 pore
298 2493 496 2526 propltetarunt
504 2491 604 2523 Elislta,
615 2491 690 2522 Uria,
700 2496 724 2516 et
735 2491 865 2517 Zacltaria
875 2491 1011 2518 Jehoiatlte

227 2537 378 2564 sacerdotis
402 2537 483 2563 ﬁlius.
498 2537 590 2570 Neque
604 2536 707 2563 destitit
717 2537 782 2562 bene
797 2545 825 2563 sc
838 2538 863 2563 itt
881 2537 947 2564 Juda
966 2546 1011 2571 ge-

227 2591 296 2616 rere,
313 2583 400 2610 donec
416 2589 567 2609 moreretur
577 2581 707 2608 .Ieboiada
723 2582 911 2616 sacerdos,qni
926 2591 1011 2610 anuo-

225 2638 285 2655 l'lllll
295 2633 403 2656 centum
416 2633 473 2655 erat
486 2633 512 2654 et
532 2627 650 2660 triginta.
662 2628 738 2662 Cepit
754 2628 850 2655 deittdc
865 2628 946 2656 Jouslt
959 2637 1005 2655 rex

225 2673 276 2699 sibi
286 2672 355 2699 idola
364 2680 423 2706 qua:
431 2673 544 2703 coleret,
555 2672 625 2706 qttod
636 2679 696 2698 cum
708 2673 796 2699 lacere
805 2673 892 2706 ipsum
907 2677 1009 2698 vetaret

225 2718 355 2746 Zacltztria
365 2718 494 2752 propheta
510 2716 646 2744 Jeboiadm
661 2717 860 2752 lilitts,jubettte
871 2718 928 2751 ipso
941 2718 1008 2752 lapi-

226 2768 305 2790 datus
320 2763 432 2790 interiit.
445 2763 500 2790 Hoc
512 2762 615 2790 scilicet
631 2762 769 2797 praemium
787 2762 911 2790 retribuit
926 2762 1007 2790 Joaslt

227 2808 365 2836 Jeboiadaa
383 2808 532 2841 sacerdoti;
558 2815 669 2842 regnum
698 2808 784 2841 ipsius
807 2815 859 2842 ope
879 2808 1007 2842 adeptus,

226 2855 310 2881 lilium
328 2854 385 2888 ejus
404 2853 562 2881 Zachariam
587 2854 732 2881 interfecit.
754 2854 885 2888 Egressus
912 2858 1005 2880 atttctn

1063 2265 1171 2292 Atnazia
1185 2264 1263 2292 Judae
1280 2273 1325 2291 rex
1342 2271 1357 2290 a
1372 2264 1541 2291 Beilsbemes
1554 2263 1740 2297 Hierosolyma
1756 2270 1847 2289 rever-

1061 2318 1109 2338 sus
1121 2315 1172 2338 est.
1191 2310 1255 2338 Post
1269 2309 1379 2344 aliquod
1400 2315 1490 2336 autem
1510 2309 1641 2343 temporis
1665 2309 1784 2342 spatium
1799 2307 1844 2335 Je-

1060 2357 1207 2384 roboamtts
1219 2355 1327 2383 lsraelis
1341 2363 1387 2382 rex
1403 2355 1525 2382 collectis
1540 2355 1626 2388 copiis
1645 2354 1701 2381 suis
1720 2354 1847 2381 Hieroso-

1061 2401 1131 2437 lyma
1149 2400 1290 2433 ascendit;
1318 2409 1331 2426 τι
1351 2408 1405 2434 quo
1420 2408 1481 2427 cuttt
1499 2400 1608 2427 Atnazia
1628 2399 1704 2426 Jttdm
1725 2407 1773 2425 rex
1789 2419 1796 2431 ,
1814 2399 1846 2425 ad

1061 2447 1155 2473 urbem
1183 2445 1314 2472 Lacltisclt
1340 2444 1477 2479 fugisset,
1508 2445 1617 2471 tuittctts
1645 2444 1688 2470 ille
1706 2448 1768 2477 post
1784 2451 1846 2470 eunt

1061 2490 1239 2520 Lacltidtunt.
1254 2489 1290 2516 ibi
1308 2489 1396 2523 ipsttttt
1414 2488 1572 2520 interfecit;
1590 2489 1635 2522 qtti
1657 2488 1846 2522 Hierosolyma

1061 2544 1075 2563 a
1092 2537 1178 2564 servis
1192 2536 1250 2562 suis
1267 2539 1422 2570 reportatus
1437 2534 1583 2561 incivitate
1598 2534 1708 2560 Davidis
1723 2533 1846 2567 sepultus

1061 2587 1113 2610 est.
1132 2581 1265 2616 Regnavit
1280 2585 1342 2615 post
1359 2581 1446 2614 ipsuttt
1474 2581 1499 2606 itt
1526 2579 1624 2607 Jttdatu
1652 2579 1847 2613 Hierosolymis

1061 2635 1147 2654 annos
1163 2627 1358 2660 quinquaginta
1374 2626 1438 2656 duo,
1455 2626 1525 2652 filius
1542 2626 1626 2659 ipsius
1647 2624 1739 2655 Uzzia,
1758 2631 1843 2649 annos

1061 2672 1195 2699 sexdecim
1214 2676 1304 2700 natus.
1323 2671 1403 2704 idque
1419 2678 1489 2697 anno
1506 2670 1579 2704 regni
1595 2668 1752 2696 Jeroltoami
1771 2667 1843 2702 regis

1061 2715 1139 2743 Israel
1155 2716 1261 2742 decimo
1286 2715 1392 2749 qttittlo.
1419 2715 1484 2748 Ejus
1508 2720 1628 2749 tempore
1645 2713 1844 2748 propitetaruut

1062 2762 1155 2792 Amos,
1171 2761 1285 2795 eiusque
1309 2760 1380 2787 ﬁlius
1397 2760 1483 2787 lsaialt
1511 2768 1526 2788 e
1552 2759 1655 2786 familia
1675 2759 1758 2786 David
1772 2779 1779 2789 .
1799 2757 1847 2784 Jo-

1061 2807 1129 2835 sbtta
1145 2806 1250 2838 Jebadi,
1267 2805 1339 2834 ﬁlius
1357 2805 1504 2840 Rubeuita,
1520 2805 1604 2833 Jonas
1620 2804 1733 2832 Mutatite
1747 2803 1817 2831 l‘tlitts
1829 2811 1845 2830 e

1061 2851 1246 2886 Gatbltapbar.
