2015 3081
189 153 222 184 59
676 150 859 182 EUTYCHII
882 149 1150 180 ALEXANDRINI
1170 150 1278 180 PA'I‘R.

1739 144 1791 178 960

205 207 327 234 Μυτιυιιε
338 205 608 238 «ieroboaszraelis
623 212 678 237 retr.
690 204 821 231 Samaria:
832 204 955 238 sepultus
968 203 994 232 Α
1007 208 1039 234 ad
1056 208 1143 242 ipsum
1160 206 1249 233 Achaz
1268 204 1342 232 Joda:
1369 212 1426 236 rex,
1447 209 1474 230 ut
1498 204 1599 239 gratias
1623 203 1645 228 ιιῑ
1670 203 1704 229 ob
1725 201 1789 228 illul

170 258 222 280 est.
241 254 425 289 Regnavitque
440 257 500 288 post
514 253 603 287 ipsum
631 251 762 278 Samaria:
778 251 803 277 iu
824 250 951 277 lsraelem

174 306 222 326 sex
243 307 350 326 nienses
364 319 370 330 .
395 299 466 325 lilius
497 299 580 332 ipsius
604 297 735 324 Zacharia
750 317 757 327 .
777 297 858 330 idque
878 296 952 330 regni

171 345 263 372 Uuia:
280 345 350 380 regis
364 344 439 371 .ludze
453 351 524 370 anno
541 343 670 370 vicesimo
684 350 757 370 nono
771 351 778 374 ;
797 350 876 376 quem
893 349 954 368 cum

175 391 262 424 ipsum
282 390 380 420 adorti,
397 389 517 415 Shallum
533 387 643 415 Jabeshi
662 388 731 414 ﬁlius
746 393 773 415 ct
790 388 891 414 Bileum
909 387 954 421 qui

177 440 257 462 rranl
272 443 288 462 e
304 435 419 461 ducibus
442 434 537 468 ipsius,
556 433 767 464 interfecissent,
782 439 893 467 regnum
909 439 956 459 oc-

170 488 274 515 cupans
290 479 410 507 Shallum
427 478 537 507 Jabeshi
551 479 630 511 (ilius,
646 479 776 505 Samarim
789 479 815 504 in
829 478 954 504 lsraelem

173 527 232 553 dies
258 525 365 559 triginta
394 524 527 559 regnavit,
554 525 634 559 idque
661 532 733 552 anno
763 524 839 556 regni
869 523 956 550 Urzia:

171 572 252 604 regis.
270 570 347 597 Iudae
368 571 498 598 vicesimo
520 579 602 598 nono.
620 570 696 597 lllum
726 570 839 596 adortus
858 569 956 596 Mena-

171 617 250 644 chetu
266 615 334 642 Gadl
359 615 442 648 ﬁlius,
457 616 504 650 qui
522 623 536 642 e
548 616 665 643 ducibus
679 616 762 650 228
773 615 832 648 ejus
849 615 938 641 [Iterat
949 635 956 646 ,

172 663 232 694 ipso
246 660 390 687 interfecto
408 668 521 694 regnum
537 661 680 694 occupavit
691 679 699 691 .
717 660 893 694 regnavitque
909 660 959 686 Sa-

173 705 265 731 maria:
281 705 307 730 in
323 704 451 731 lsraelem
467 712 552 731 annos
566 705 658 739 viginti
681 713 688 731 :
705 705 787 738 idque
804 704 881 730 initio
895 703 957 730 auui

172 750 249 785 regni
265 749 355 777 Uzziae
378 750 451 784 regis
469 749 545 776 .Iudze
570 750 720 777 tricesimo.
739 749 839 776 Deinde
854 748 958 775 Tiisam

175 797 270 823 urbem
291 796 430 829 profectus
449 804 480 822 ea
494 800 573 830 capta
590 803 685 822 omnes
699 796 744 830 qui
767 795 792 822 iu
810 795 866 829 ipsa
883 799 960 821 erant

177 847 264 869 morte
277 841 377 874 affecit,
392 847 416 868 el
431 845 618 876 pra‘guanlum
635 846 727 868 nteros
739 841 846 868 ditiidit.
859 840 961 866 Ascen-

176 887 285 914 rleutem
302 888 399 915 deinde
423 893 518 914 centra
541 887 630 923 ipsum
647 887 740 913 Palam
765 894 855 920 regem
874 885 960 912 Musal
978 873 997 900 Β

174 932 331 960 Ilertachem
348 933 455 960 lsraelis
469 940 527 964 rex.
539 941 636 967 magna
650 932 708 959 auri
724 937 751 959 et
766 931 868 966 argenti
884 931 962 965 copia

174 978 248 1010 data,
268 977 406 1009 demulsit,
421 985 455 1005 ne
468 978 519 1005 sibi
533 976 680 1013 [noceret,]
694 984 780 1011 quare
793 976 827 1002 ab
843 975 903 1010 ipso
919 982 963 1001 rc-

176 1030 273 1051 versus
294 1028 345 1050 est.
362 1023 470 1050 MOI-tuo
482 1022 669 1053 Menachemo.
684 1026 712 1048 et
727 1020 857 1048 Samaria:
873 1019 964 1054 sepul-

175 1071 215 1101 to,
234 1069 358 1103 regnavit
372 1073 433 1103 post
449 1069 535 1103 ipsum
559 1068 691 1096 Samaria:
708 1068 734 1094 in
748 1067 875 1094 lsraclem
895 1066 964 1092 duos

176 1121 264 1140 annos
280 1114 353 1140 lilius
369 1114 455 1147 ipsius
472 1113 601 1145 Pt-kahia,
618 1113 699 1148 idque
724 1121 796 1140 auuo
817 1113 892 1147 regni
913 1111 964 1138 Uz-

176 1159 226 1184 zia:
243 1158 315 1192 regis
327 1157 404 1185 Iudae
421 1159 660 1192 quinquagesimo.
678 1158 756 1184 lllum
784 1158 898 1184 adortus
913 1156 965 1182 Pe-

177 1204 240 1237 kab,
257 1203 384 1230 Remaiia:
401 1204 484 1236 illius,
498 1212 513 1230 e
530 1203 646 1230 ducibus
660 1203 755 1238 ipsius,
773 1211 834 1230 cum
854 1203 966 1230 interfe-

176 1249 270 1280 cisset,
280 1257 391 1283 regnum
406 1249 562 1282 occupavit,
573 1249 750 1283 rcgnavilquc
764 1249 821 1283 ipse
834 1250 860 1276 in
876 1249 962 1277 Israe-

177 1295 241 1326 iem,
251 1293 380 1320 Samaria-
395 1301 481 1320 annos
493 1293 587 1327 viginti
602 1299 673 1323 octo.
689 1294 770 1328 idque
788 1296 863 1329 regni
876 1295 965 1322 Uzzia:

178 1338 250 1372 regis
267 1338 341 1365 Juda'
355 1338 585 1372 quinquagesimo
610 1338 741 1365 secundo.
768 1338 843 1366 Fecit
868 1345 961 1367 autern

184 1382 265 1409 Uni:
282 1383 333 1410 iste
350 1391 431 1410 omne
447 1383 568 1415 malum;
584 1383 725 1418 ingressus
743 1385 815 1412 enim
836 1384 967 1412 Sanctum

180 1434 353 1459 sanctorum.
363 1434 469 1463 arrepto
477 1429 539 1456 inde
549 1437 562 1456 c
569 1437 650 1457 manu
659 1430 810 1459 sacerdotis
821 1431 968 1463 thuribulo,

179 1474 362 1502 sullimentum
374 1475 452 1502 altari
466 1475 602 1507 admovit;
616 1483 697 1509 quam
715 1476 750 1503 ob
762 1484 873 1504 causam
888 1477 963 1512 lepra

1006 252 1077 286 quod
1094 252 1195 279 iecerat
1207 255 1307 286 ageret.
1331 250 1466 277 Peltahum
1481 254 1569 276 autem
1583 249 1689 274 lsraeiis
1701 255 1790 281 regem

1005 297 1086 329 Osea,
1104 298 1159 324 Elre
1175 297 1256 329 illius,
1276 297 1320 331 qui
1339 304 1354 322 e
1370 295 1483 322 duribus
1507 296 1592 329 ipsius
1620 293 1679 324 fuit.
1703 293 1790 327 ipsum

1007 344 1120 371 adortus
1146 343 1296 374 interfecit,
1322 349 1461 376 regnoque
1490 345 1633 373 occupato,
1661 339 1792 366 Samaria:

1006 388 1086 424 232
1110 389 1136 416 in
1156 389 1284 416 lsraelem
1316 395 1411 414 novem
1437 393 1522 412 annos
1549 385 1685 418 regnavit;
1712 383 1792 416 idque

1006 442 1078 461 anno
1097 435 1171 469 regni
1189 434 1290 460 Achazi
1310 433 1381 467 regis
1394 431 1469 459 Juslaz
1483 431 1657 458 duodecimo.
1670 428 1792 455 Mortuus

1007 481 1104 507 deinde
1119 481 1207 507 Achaz
1225 478 1301 506 Juda‘
1313 487 1357 505 rex
1376 479 1401 505 in
1413 478 1523 505 civitate
1546 477 1656 503 Davidis
1670 476 1793 509 sepul'us

1007 530 1048 553 est
1062 545 1069 556 ,
1084 530 1226 560 postquam
1247 525 1369 559 regnavit
1386 523 1581 557 Hierosolymis
1601 530 1682 556 super
1693 519 1790 548 ludam

1010 579 1096 599 annos
1120 571 1213 603 viginti
1241 578 1336 597 novem
1365 570 1435 597 lilius
1461 569 1547 603 ipsius
1564 567 1690 599 Ezekiah,
1706 573 1795 593 annos

1010 622 1088 644 natus
1106 616 1358 651 vigintiquinque;
1391 614 1472 648 idque
1503 621 1575 640 anno
1605 612 1680 646 regni
1705 611 1792 640 Osete.

1010 662 1081 696 regis
1107 661 1234 692 lsraelis,
1266 661 1357 688 tertio.
1386 660 1451 693 Ejus
1476 659 1574 686 diebus
1600 658 1796 692 prophetarum

1011 706 1107 739 Isaias,
1131 707 1216 734 Oseas
1239 711 1266 733 et
1300 705 1386 732 Mieha
1413 705 1588 738 liphraimita.
1613 704 1698 731 Porro
1723 711 1796 729 anno

1011 752 1084 786 regni
1103 751 1217 783 Ezekia',
1236 753 1305 787 regis
1319 751 1406 783 lude,
1432 755 1540 784 quarto,
1557 750 1602 784 qui
1620 749 1708 780 Osem,
1723 749 1795 781 regis

1013 796 1134 830 Islaelis,
1150 798 1281 832 septimus
1297 802 1365 828 erat,
1392 797 1542 822 Samariam
1567 794 1717 821 aseendens
1735 793 1792 820 Sal-

1013 851 1166 875 manassar,
1190 843 1274 869 Musal
1292 846 1319 868 et
1334 842 1535 875 Mesopotamia:
1550 848 1607 872 rex,
1622 847 1682 866 eam
1701 840 1794 866 Irihus

1014 889 1094 915 anuis
1111 889 1250 915 obsessam
1271 888 1362 925 cepit:
1380 892 1544 922 captumque
1559 886 1669 917 Oseam,
1686 885 1796 912 lsraelis

1015 942 1115 968 regem,
1131 934 1158 960 in
1170 941 1306 961 carcerem
1320 933 1445 967 conjecit,
1458 940 1489 959 ac
1500 933 1595 959 decem
1613 932 1797 958 lsraclitarum

1014 979 1111 1010 tribus,
1127 987 1142 1006 e
1158 979 1268 1014 regione
1284 978 1457 1010 Samaritlca,
1475 978 1602 1005 Amidam
1620 977 1754 1004 Musalum
1769 982 1797 1002 et

1016 1024 1138 1052 Babelcm
1153 1024 1316 1058 deportavit.
1328 1024 1395 1050 adeo
1412 1027 1441 1050 ut
1454 1023 1510 1058 jam
1526 1028 1739 1058 nonsuperesset
1750 1021 1801 1047 nisi

1017 1068 1103 1096 tribus
1118 1068 1202 1100 Jntlm,
1215 1075 1276 1094 (‘lllll
1292 1069 1377 1102 stirpe
1397 1068 1523 1095 Davidica
1540 1076 1599 1103 qua:
1614 1068 1669 1094 illis
1683 1067 1801 1101 impera-

1017 1119 1067 1146 ret,
1083 1120 1109 1142 et
1123 1115 1211 1141 tribus
1233 1114 1409 1148 Beujamiuis.
1435 1113 1594 1141 Translatos
1610 1120 1699 1140 autem
1717 1112 1802 1139 Balin-

1017 1159 1061 1191 lis,
1075 1159 1177 1191 Amidi.
1193 1165 1219 1187 et
1236 1159 1331 1187 Musali
1355 1160 1459 1186 incolas
1480 1159 1507 1186 in
1524 1159 1639 1186 urbibus
1660 1158 1802 1185 Samariti-

1017 1206 1056 1233 eis
1070 1206 1130 1232 loco
1146 1206 1329 1233 lsraclilarum
1348 1205 1508 1238 collocavit;
1525 1205 1620 1233 relicto
1635 1205 1705 1239 apud
1724 1205 1798 1238 ipsos

1017 1251 1158 1278 sacerdote
1186 1251 1295 1278 nomine
1321 1250 1379 1277 Lun
1408 1250 1454 1284 qui
1484 1251 1558 1286 ipsos
1576 1250 1660 1284 legem
1681 1250 1802 1277 doceret.

1019 1296 1134 1323 Exlocuit
1149 1303 1213 1330 ergo
1229 1296 1305 1330 ipsos
1319 1295 1388 1327 Lun,
1409 1296 1484 1322 illam
1499 1303 1580 1330 quam
1597 1299 1690 1322 tenent
1704 1294 1802 1326 legé‘tll.

1020 1343 1196 1377 Fueruntque
1212 1342 1249 1369 illi
1265 1341 1499 1369 Samaritanorum
1520 1345 1622 1375 patres,
1638 1340 1803 1367 Samaritaui

1019 1393 1108 1415 autem
1124 1388 1169 1422 qui
1190 1388 1241 1415 hoc
1259 1393 1381 1421 tempore
1399 1387 1576 1421 reperiuntur
1597 1387 1717 1420 ipsorum
1744 1386 1804 1412 ﬁlii.

1020 1434 1142 1469 Separati
1158 1435 1228 1461 enim
1248 1442 1261 1460 a
1275 1433 1378 1460 Judzeis
1390 1432 1562 1467 prophetiam
1581 1432 1688 1459 Davidis
1704 1435 1730 1458 et
1742 1440 1806 1465 pro-

1021 1482 1162 1516 phetarum
1181 1481 1300 1507 omnium
1321 1479 1512 1513 repudiarunt,
1527 1479 1659 1505 dicentes:
1678 1478 1735 1504 Non
1754 1477 1807 1504 luit

179 1521 209 1548 in
226 1519 296 1547 facie
311 1528 457 1554 percussus
471 1525 523 1551 est,
541 1528 628 1555 neque
641 1525 732 1548 tamen
751 1529 766 1548 a
782 1530 864 1557 regno
879 1531 967 1550 semo-
980 1539 1001 1569 Ο
1022 1532 1080 1561 post
1106 1527 1196 1553 Mosen
1214 1526 1370 1560 prophetam
1385 1544 1392 1555 ,
1405 1525 1556 1558 propheta;
1575 1524 1627 1550 sibi
1646 1523 1770 1557 principe
1786 1530 1802 1548 (Β

179 1571 234 1598 tus,
248 1574 308 1592 cum
320 1566 390 1593 ﬁlius
404 1567 490 1600 ipslus
501 1565 620 1599 Jolham,
632 1574 744 1602 regnum
757 1568 965 1603 administrans,

179 1611 267 1645 ipsum
286 1617 418 1638 lucretur.
437 1612 562 1639 Mortuus
579 1617 669 1639 autem
685 1613 766 1640 Uzzia
780 1634 788 1646 ,
802 1613 878 1641 Juda:
898 1623 942 1642 rex
957 1635 965 1647 ,

181 1657 207 1682 iu
230 1657 340 1682 civitate
370 1657 452 1682 David
477 1657 601 1690 sepultus
624 1661 676 1684 est.
702 1657 886 1693 licgnavitquc
908 1664 967 1693 post

180 1702 268 1734 ipsum
287 1701 481 1736 Hierosolymis
495 1702 521 1728 iu
539 1702 635 1737 Iudam
655 1702 727 1730 {ilius
746 1705 830 1738 ipsius
858 1705 967 1731 Jotbam

181 1753 242 1773 aunt
254 1754 267 1773 s
284 1746 430 1775 sexdecim.
447 1754 534 1773 annos
547 1751 603 1772 tum
626 1753 705 1774 Italus
729 1749 822 1782 viginti
838 1750 967 1783 quinque.

190 1790 270 1826 quue
287 1791 464 1827 229-231
481 1799 554 1818 anno
570 1792 642 1826 regni
661 1793 749 1824 Polite,
765 1795 835 1829 regis
848 1795 967 1826 lsraelis,

184 1837 315 1863 secundo.
334 1836 399 1871 Ejus
420 1842 542 1871 lelupore
561 1838 758 1872 prophetarqu
775 1839 868 1872 Isaias,
882 1840 969 1868 Micha

183 1883 341 1915 lllorashita,
358 1889 384 1909 et
398 1883 456 1911 Jocl
469 1884 616 1911 Phanuelis
630 1885 711 1911 lilius.
732 1886 864 1920 Egressus
876 1891 967 1913 autent

183 1929 271 1964 Tiglat
289 1929 398 1962 Pilvser,
417 1938 463 1957 rex
481 1930 567 1957 Musal
581 1950 589 1960 .
606 1931 705 1958 multas
719 1931 903 1959 lsraebtaaum
922 1941 968 1959 ur-

183 1975 232 2002 bes
250 1975 383 2006 devictas,
402 1976 469 2009 ipsis
487 1976 609 2003 abstulit.

217 2019 339 2047 Mortuus
365 2020 473 2047 .lotham
492 2020 569 2050 Judm
592 2029 638 2048 rex
652 2041 659 2052 ,
677 2022 704 2049 in
727 2023 836 2050 civitate
862 2023 970 2049 [)avidis

182 2065 340 2094 Bethlehem
367 2067 492 2101 sepultus
509 2071 568 2100 est;
594 2068 773 2103 regnavitque
798 2073 858 2103 post
880 2069 969 2103 ipsum

182 2111 381 2147 Hierosolymis
395 2113 420 2139 iu
434 2112 530 2139 .ludam
548 2121 635 2140 annos
648 2113 787 2141 sexdecim
803 2115 873 2142 [ilius
887 2115 972 2150 ipsius

182 2159 273 2186 Aehaz
288 2166 376 2186 annos
395 2165 475 2186 natus
489 2159 584 2194 viginti
599 2169 605 2186 :
622 2159 703 2194 idque
718 2160 794 2193 regni
808 2161 888 2187 Peliae
903 2161 972 2195 regis

183 2205 268 2232 lsrael
288 2205 396 2232 decimo
411 2205 538 2239 septimo.
553 2205 620 2239 Ejus
637 2209 758 2239 tempore
774 2206 971 2240 prophetarunt
990 2200 1011 2228 Ῐ¹

184 2250 278 2281 Isaias.
309 2249 405 2281 Oscos,
428 2256 455 2277 et
481 2251 580 2282 Micha,
598 2251 781 2285 princepsque
798 2251 972 2278 sacerdotum

183 2301 242 2323 erat
259 2295 333 2323 Uria.
353 2295 494 2323 Profectus
517 2300 608 2322 autem
634 2297 718 2323 Rczin
744 2296 868 2324 Damasci
900 2305 946 2324 rex
962 2318 970 2330 ,

185 2349 239 2368 nua
252 2349 314 2368 cum
330 2340 447 2373 Pt'kaho,
465 2341 574 2369 lsraelis
589 2349 662 2376 rege,
676 2341 859 2378 Hierosolyma
878 2350 973 2370 asecn-

184 2386 252 2414 deus
269 2394 328 2414 eam
348 2386 455 2414 obsedit
469 2395 476 2418 ;
493 2394 574 2421 quam
589 2395 650 2414 cum
664 2394 763 2421 capere
776 2395 828 2415 non
845 2393 972 2421 possent,

187 2433 289 2460 reversi
305 2432 562 2467 sunt.Vastavitque
578 2432 671 2464 Belin,
691 2433 815 2459 Damasci
833 2441 889 2465 rex,
909 2433 972 2459 Lam

186 2478 271 2514 Syria:
288 2478 392 2509 urbem,
415 2478 441 2504 in
468 2486 540 2512 qua,
565 2478 690 2506 abductis
710 2478 771 2506 inde
794 2478 906 2510 Jtnlagis,
924 2479 975 2506 ιιι)-

188 2532 269 2551 u-aaos
281 2524 314 2550 ad
330 2525 416 2559 ipsam
435 2523 607 2550 inmoleudzuu
626 2524 733 2556 statuit,
751 2526 797 2559 qui
823 2533 881 2551 eam
902 2525 975 2551 hunc

189 2576 274 2604 usque
295 2570 365 2596 diem
393 2570 524 2596 incolunt.
541 2569 655 2603 Scripsit
680 2578 745 2602 ergo
771 2570 873 2599 Achaz.
898 2570 975 2597 Judzc

189 2623 245 2647 rex,
264 2615 296 2642 ad
313 2616 560 2642 Salmau—assarum
574 2636 580 2645 ,
602 2623 692 2649 regem
712 2615 796 2641 Musal
809 2636 817 2648 ,
841 2624 917 2650 σιω-ιιι
942 2617 976 2643 ab

191 2660 253 2695 ipso
272 2661 383 2695 petitum
399 2681 406 2693 ,
421 2662 505 2688 misso
523 2661 555 2687 ad
582 2661 671 2695 ipsum
698 2661 881 2695 quodcunque
896 2662 954 2688 auri
968 2683 975 2694 ,

189 2706 306 2740 argenti,
323 2713 354 2733 ac
372 2714 539 2740 gemmarum
557 2706 582 2732 in
598 2707 698 2740 templo
712 2707 860 2741 repositum
879 2707 975 2734 fuerat.

191 2751 232 2779 Ad
251 2760 332 2787 quem
348 2760 414 2787 ergo
431 2753 562 2780 accedens
582 2760 643 2779 cum
660 2753 826 2780 exercitibus
850 2753 907 2779 suis
932 2760 977 2778 rex

193 2796 289 2828 Musal,
309 2798 468 2825 Damncum
487 2803 592 2831 t-aplaiu
613 2799 673 2828 igne
690 2798 851 2829 eoudms~it,
874 2806 978 2833 regeru-

197 2849 250 2875 que
269 2841 353 2874 ipsius
375 2840 457 2867 lleziu
478 2846 564 2867 tumlc
586 2841 686 2867 afficit.
705 2842 895 2868 Prnl‘xlusesl
916 2851 979 2876 ergo

1019 1573 1134 1607 posteris
1157 1573 1273 1599 Aaronis
1297 1570 1459 1602 constituto,
1475 1570 1517 1597 cui
1539 1568 1714 1604 233-235
1730 1568 1804 1602 regis

1019 1619 1126 1646 titulum
1146 1618 1312 1645 indiderunt.

1055 1663 1148 1698 Regno
1161 1669 1251 1690 autem
1268 1663 1356 1697 potito
1374 1662 1474 1689 Ezrkia
1498 1662 1573 1689 Jtltlzl‘.
1588 1669 1651 1694 rege
1669 1662 1695 1687 in
1712 1668 1809 1687 omnes

1020 1709 1167 1741 tsraclitas,
1184 1713 1211 1736 et
1225 1710 1271 1744 qui
1287 1717 1318 1736 ex
1335 1709 1402 1743 ipsis
1416 1708 1514 1742 reliqui
1525 1713 1617 1735 essent
1630 1708 1656 1733 in
1670 1706 1806 1736 Samaria,

1021 1756 1090 1783 idola
1107 1755 1309 1790 confregerunt,
1323 1759 1483 1788 statuasque
1499 1758 1677 1782 amoverunl;
1693 1759 1742 1778 nec
1753 1759 1809 1778 nou

1024 1806 1177 1836 serpentem
1202 1809 1307 1828 aeneum
1323 1820 1329 1832 ,
1352 1808 1431 1834 quem
1453 1799 1551 1831 Moses,
1566 1807 1591 1827 ‹·.
1610 1808 1636 1834 p.
1652 1800 1678 1825 in
1696 1798 1807 1824 deserto

1022 1846 1132 1878 fecerat,
1148 1854 1284 1881 quemque
1307 1846 1374 1873 illud
1396 1854 1481 1880 usque
1498 1851 1603 1878 tempus
1619 1853 1672 1871 non
1686 1846 1809 1871 destitis-

1021 1899 1082 1919 sent
1098 1892 1229 1919 lsraelilze
1247 1891 1334 1926 Inagui
1357 1892 1446 1919 facere
1461 1897 1488 1918 et
1510 1891 1610 1921 colere,
1637 1891 1809 1917 comminuit.

1022 1936 1121 1963 Tribus
1134 1938 1215 1963 etiam
1231 1937 1397 1970 alienigenas
1412 1941 1592 1970 oppugnatas,
1608 1935 1709 1962 Gazam
1724 1943 1810 1968 usque.

1022 1987 1049 2010 ct
1075 1982 1167 2010 urbem
1187 1982 1316 2016 Raphach
1340 1981 1453 2016 fugavit.
1473 1981 1544 2007 illisit
1564 1981 1643 2007 etiam
1666 1980 1698 2007 ad
1724 1984 1811 2006 telum

1023 2027 1220 2058 lsraelitarutu,
1233 2029 1277 2062 qui
1293 2027 1423 2054 ditionem
1484 2026 1681 2056 Samariticam,
1695 2031 1810 2053 terram-

1023 2081 1077 2109 que
1090 2073 1166 2101 Iuda?
1182 2073 1344 2103 incolerent,
1361 2077 1475 2102 emtum,
1489 2077 1517 2096 ut
1535 2071 1728 2106 Hierosolymis
1745 2078 1812 2098 cou-

1024 2121 1163 2147 vcuientcs
1181 2120 1284 2146 Pascha
1302 2119 1482 2146 celebrari-nt.
1502 2117 1662 2151 (lougregati
1679 2124 1743 2151 ergo
1765 2117 1802 2142 illi

1026 2166 1129 2193 Pascha
1149 2165 1345 2200 Hierosolymis
1362 2165 1545 2191 celebrarunt.
1572 2162 1695 2189 Mactavit
1721 2166 1811 2188 autem

1029 2210 1126 2237 lizckia
1147 2210 1224 2237 Judm
1248 2218 1293 2236 rex
1317 2210 1449 2243 juveucos
1465 2207 1506 2234 his
1527 2207 1610 2237 mille,
1628 2206 1744 2241 pecudes
1769 2214 1814 2232 se-

1029 2256 1099 2290 pties
1117 2255 1208 2287 mille;
1225 2254 1345 2289 pra-fecti
1361 2255 1419 2288 ejus
1442 2254 1574 2286 juvencos
1598 2251 1679 2281 mille.
1698 2251 1815 2285 pecudes

1028 2301 1120 2329 decies
1138 2301 1220 2332 mille,
1239 2300 1392 2333 festumque.
1411 2299 1554 2333 pulchrum
1572 2303 1598 2324 et
1614 2297 1754 2330 copiosum
1770 2305 1814 2322 cc-

1028 2348 1177 2375 iehrarunt.
1189 2345 1273 2372 Porro
1284 2352 1354 2371 anno
1367 2345 1440 2378 regni
1457 2344 1562 2370 Ezekiaz
1582 2343 1653 2376 regis
1669 2342 1754 2373 Judze,
1768 2341 1815 2367 dc-

1029 2393 1215 2423 cituoquarto,
1226 2398 1286 2417 cum
1300 2390 1451 2416 ascendens
1471 2388 1656 2415 Senuachcrih
1667 2395 1712 2414 rex
1724 2385 1810 2413 Musal

1028 2438 1054 2464 in
1071 2442 1170 2464 terram
1186 2436 1272 2465 Jutlze.
1297 2435 1395 2462 turritas
1414 2436 1474 2468 ejus
1491 2435 1572 2461 urbes
1587 2433 1718 2465 cepisset,
1737 2436 1812 2458 metu

1028 2483 1087 2517 ejus
1104 2482 1247 2516 perculsus
1266 2480 1378 2507 Ezekias
1400 2479 1476 2506 Juda:
1489 2487 1547 2510 rex,
1563 2478 1636 2504 misit
1665 2477 1697 2503 ad
1717 2478 1816 2511 ipsum,

1029 2527 1155 2554 Lachishi
1172 2532 1227 2552 tum
1242 2529 1393 2551 manentem
1408 2522 1537 2559 [dicens],
1551 2522 1734 2557 quodcunque
1752 2522 1817 2547 mihi

1030 2571 1202 2604 lmposueris,
1218 2578 1268 2605 ego
1294 2571 1320 2596 in
1336 2578 1378 2596 me
1397 2569 1442 2594 tibi
1461 2568 1642 2602 prastaudum
1658 2567 1816 2600 suscipiam,

1032 2617 1112 2644 modo
1126 2625 1140 2643 a
1155 2625 1195 2643 me
1210 2617 1332 2642 recedas.
1350 2614 1467 2648 Scripsit
1480 2621 1544 2646 ergo
1560 2613 1592 2639 ad
1611 2613 1699 2646 ipsum
1714 2613 1819 2638 Sen-ia-

1029 2663 1135 2693 cherih,
1149 2671 1192 2688 rex
1205 2662 1302 2688 illustri:
1315 2660 1377 2691 Fac,
1388 2660 1451 2687 mihi
1464 2659 1522 2686 auri
1532 2659 1630 2686 talenta
1641 2662 1771 2688 IreCcuta,
1780 2665 1822 2684 ar‘

1030 2708 1102 2742 genti
1115 2713 1155 2734 ter
1165 2707 1342 2734 ntiilealTeras
1355 2715 1362 2732 :
1375 2706 1473 2733 obtulit
1486 2713 1549 2740 ergo
1559 2705 1608 2739 ipsi
1620 2704 1715 2731 Ezekia
1732 2704 1820 2737 quod-

1032 2762 1140 2788 conque
1154 2754 1180 2780 in
1200 2753 1298 2788 templo
1316 2751 1368 2779 fuit
1383 2753 1440 2778 auri
1453 2751 1534 2786 236
1545 2755 1625 2785 atque
1641 2750 1754 2784 argenti.
1771 2758 1820 2775 nec

1033 2807 1085 2824 non
1104 2803 1195 2832 portas
1211 2797 1409 2830 tcmpliaurcas
1421 2795 1576 2822 confractas
1587 2795 1620 2822 ad
1631 2794 1718 2829 ipsum
1734 2794 1817 2819 misit.

1034 2843 1131 2869 liudem
1148 2849 1235 2869 autem
1256 2846 1335 2868 nocte
1349 2841 1444 2867 oborto
1463 2840 1489 2865 in
1506 2840 1625 2867 exercitu
1641 2837 1818 2866 Seuachcrihi
