2015 3081
234 145 281 175 961

948 147 1135 177 ΑΝΝΜΕΞ.

1802 145 1853 177 962

241 203 404 238 i-ogisblusal
414 210 533 235 rumore,
546 203 659 237 aliisque
673 203 739 230 alios
755 203 918 230 medentibus
930 211 1022 238 egres-
1039 207 1058 233 Α
1077 205 1137 238 igne
1155 204 1321 236 conmuSsit;
1345 203 1444 230 occisis
1464 202 1574 235 insuper
1593 205 1618 228 rt
1642 202 1701 236 igne
1725 202 1852 228 trematis

233 258 279 276 sus
298 248 419 280 Etekias,
435 256 479 275 rex
499 247 585 280 Judat,
606 249 739 275 inlerfecit
762 256 793 275 ex
808 248 875 282 ipsis
894 248 1014 276 virorum

233 293 336 320 centies
360 291 482 325 ot-togies
499 292 644 326 quinquies
673 292 754 318 mille.
778 291 1011 319 Sennaeheribum

233 345 296 364 vero
314 345 402 372 regem
420 336 515 368 Musal,
533 344 595 364 cum
616 338 729 371 l'ugisst-t
745 335 875 368 Nineven,
894 336 940 363 lilii
957 337 1015 370 ejus

233 383 298 413 duo.
316 390 430 417 quorum
455 383 531 409 alteri
556 390 653 409 nomen
676 383 765 409 Anzar
788 382 894 408 Malaeh
908 402 915 413 ,
936 383 1013 408 alteri

235 429 358 460 Sareser,
377 428 403 454 in
422 428 510 461 ipsum
527 428 671 459 irruentes,
687 428 776 462 gladio
801 428 1013 460 interfecerunt;

232 474 328 501 deinde
351 475 377 500 in
394 478 492 500 terram
517 472 605 499 Korda
617 492 624 505 ,
637 481 697 507 quae
711 477 753 500 est
773 476 844 499 terra
864 472 1013 504 Al-Mosal,

234 520 370 553 fugerunt.
387 519 440 545 Istc
458 518 552 545 lizekia
569 526 614 544 rex
626 537 633 549 .
658 518 702 544 illc
728 522 786 545 crat
801 518 879 551 cujus
892 518 952 544 vita:
968 518 1014 544 ad—

234 564 302 591 didit
319 563 448 590 Dorninus
466 570 551 589 annos
570 562 746 596 quindecim,
772 561 844 594 quod
857 582 864 593 ,
891 561 1013 592 scilicet,

238 609 387 642 propinqua
405 613 489 634 tnorte
505 615 566 634 cum
585 607 676 634 nulltts
690 607 741 640 ipsi
759 607 831 633 lilius
846 611 932 638 esset,
946 613 1013 632 con-

235 661 312 680 versa
330 654 459 688 parietem
485 652 554 679 facie
570 661 663 679 amare
680 652 756 679 ﬂeret
770 660 862 678 coram
888 651 1013 678 Domino.

234 699 358 726 Misertus
368 707 431 732 ergo
445 699 530 732 ipsius
545 697 675 725 Dominus
685 698 922 730 clementissimus,
931 698 1015 725 misso

234 744 361 778 adipsum
372 743 476 778 angelo,
499 747 592 769 notum
608 743 658 777 ipsi
675 743 737 770 fecit
752 751 781 770 se
798 743 952 777 quindecim
967 751 1015 769 an-

235 796 284 816 nos
300 789 361 814 vita}
375 787 460 822 ipsius
479 787 617 821 adiecisse.
634 787 719 813 Natus
734 791 775 814 est
787 794 850 822 ergo
873 787 923 821 ipsi
946 787 1014 814 [ilius

231 842 310 868 qttcnt
325 834 472 860 Manassen:
485 834 637 867 appellavit.
657 833 750 864 Porro,
769 833 866 859 dicitur
880 833 954 860 illum
968 833 1013 867 qui

1071 248 1208 274 idolorum
1231 247 1431 279 sacerdotibus,
1454 255 1503 275 nec
1521 255 1574 275 non
1596 254 1659 275 ossa
1682 250 1850 273 mortuorum

1068 292 1114 326 qui
1152 292 1220 319 idola
1251 292 1393 319 coluerant
1429 294 1541 319 collecta
1576 292 1693 319 ﬂammis
1725 291 1849 318 tradidit.

1068 337 1154 363 Porro
1171 344 1243 363 anno
1261 338 1335 371 regni
1352 337 1392 364 sui
1410 337 1517 363 decimo
1539 341 1635 363 octavo
1657 336 1762 363 Pascha
1777 336 1852 362 cclc-

1072 381 1158 408 bravit
1173 382 1253 416 quale
1268 389 1347 409 nemo
1364 389 1478 415 unquam
1495 381 1681 408 celebraverat
1698 389 1711 407 a
1728 385 1851 415 tempore

1066 427 1147 454 Josue
1164 427 1209 454 ﬁlii
1226 427 1297 454 Non.
1318 426 1451 453 Sacerdos
1468 431 1532 453 tune
1548 431 1606 453 erat
1625 426 1712 452 Ililkia
1728 426 1853 453 Ieremia!

1067 471 1204 504 propheta:
1225 476 1316 505 pater;
1336 472 1393 505 qui,
1410 477 1515 503 reperto
1528 471 1553 497 in
1569 471 1668 504 templo
1682 471 1750 497 libro
1767 471 1844 505 legis,

1067 524 1128 544 cum
1161 517 1237 543 illum
1266 517 1392 552 legisset,
1424 516 1524 543 Pascha
1548 518 1625 551 juxta
1651 516 1723 551 quod
1753 517 1778 542 in
1804 517 1852 542 illo

1067 561 1228 598 {scriptum}
1249 569 1317 593 erat,
1338 563 1465 589 instituit.
1490 562 1546 590 Sub
1570 563 1628 597 ipso
1652 563 1850 597 prophetarunt

1070 606 1171 633 Chalda
1190 615 1258 633 uxor
1275 608 1339 634 Salu
1370 608 1510 635 icustodis
1525 609 1640 635 vestium
1654 608 1761 640 templi,
1776 607 1852 634 Jerc-

1068 652 1136 679 inias
1166 657 1192 678 et
1219 652 1372 686 Sephonias
1403 654 1565 687 prophetae:
1595 652 1729 679 Jeretnias
1759 657 1848 679 autem

1066 702 1208 731 acceptam
1235 705 1324 724 arcam
1346 698 1372 724 in
1400 699 1489 724 media
1515 703 1590 732 petra
1616 699 1779 725 abscondit:
1799 697 1850 723 fuit

1065 743 1148 769 etiam
1162 743 1197 769 ibi
1215 743 1450 777 pseudoprophela
1466 744 1575 777 quidam
1592 744 1701 770 nomine
1715 742 1847 769 Hanania.

1067 787 1202 822 Tempore
1229 787 1311 815 Josize
1340 789 1411 823 regis
1439 788 1515 815 ludat
1546 789 1698 816 ascendens
1725 788 1847 815 Pharaoli

1065 833 1142 860 Nahu
1158 835 1241 868 (quod
1252 838 1293 860 est
1304 833 1436 866 Claudus)
1450 832 1558 869 [Egypti
1574 842 1630 866 rex,
1646 839 1740 861 contra
1758 841 1848 868 regem

232 879 281 913 ipsi
297 887 311 906 a
327 878 381 905 Deo
390 878 487 905 dixerit
501 887 507 904 :
522 878 632 905 Addidit
645 878 715 905 Deus
730 878 790 905 vitae
806 883 857 904 tum
865 878 1016 912 quindecim
1034 877 1053 903 Β
1069 877 1153 904 Musa]
1164 898 1170 909 ,
1202 878 1274 904 illum
1302 879 1371 905 bello
1400 879 1556 905 lacrssitum
1581 884 1793 914 superatumque
1819 880 1846 906 in

231 931 327 954 annos.
343 923 425 950 fuisse
439 922 532 949 Isaiam
549 923 720 957 prophetam;
746 927 826 958 atque
844 924 893 949 hoc
917 930 1010 949 verum

230 973 283 995 est.
300 967 431 1002 Regnavit
446 972 535 994 autem
559 968 585 993 in
602 966 688 994 Musa!
712 967 799 994 Filius
817 966 1012 994 Sennachcribi

230 1015 338 1042 nomine
362 1013 546 1040 Asarhaddon.
565 1013 699 1047 Tempore
714 1018 803 1040 autem
813 1012 916 1040 Ezekia:
942 1013 1013 1048 regis

229 1059 313 1091 Judw,
329 1059 469 1094 imperavit
484 1057 611 1085 Romanis
627 1066 672 1086 rex
696 1057 805 1085 nomine
820 1057 953 1089 IIonnrus,
967 1059 1012 1092 qui

230 1105 322 1131 urbem
337 1105 467 1131 condens:
481 1103 529 1138 ipsi
547 1103 671 1134 Romam,
682 1103 863 1138 appellatione
875 1110 889 1128 a
904 1103 1012 1129 nomine

229 1157 278 1177 suo
303 1150 459 1183 desumpta,
477 1157 573 1175 nomen
597 1149 739 1183 imposuit;
762 1148 796 1176 ab
816 1148 908 1176 eodem
931 1149 1010 1176 etiam

228 1196 391 1223 denominali
406 1199 468 1222 sunt
483 1194 661 1230 237-239
675 1194 787 1221 Romani
802 1197 809 1220 ξ
823 1195 856 1221 ab
873 1202 905 1221 eo
923 1202 1007 1229 usque

229 1247 348 1275 tempore
370 1241 436 1268 urbs
460 1240 545 1268 Roma
568 1241 644 1274 regni
673 1239 775 1275 [caput]
795 1240 855 1266 fuit.
878 1239 1010 1275 Regnavit

227 1291 316 1313 autent
332 1285 456 1314 Romqu
474 1294 559 1313 annos
573 1285 681 1320 triginta
694 1290 764 1312 octo.

261 1331 383 1359 Mortuus
412 1336 500 1358 autem
537 1330 634 1357 Exekia
678 1330 754 1358 Juda:
784 1338 831 1357 rex
870 1330 897 1357 in
929 1330 1010 1357 domo

230 1377 337 1404 Davidls
354 1378 476 1411 sepultus
491 1380 542 1403 est.
558 1375 624 1403 Post
643 1377 732 1411 ipsum
757 1375 955 1410 Hierosolymis
980 1377 1007 1402 in

228 1422 325 1449 Judam
341 1425 462 1457 regnavit
485 1422 556 1449 ﬁlius
577 1422 664 1456 ipsius
684 1420 809 1449 Manasse
826 1428 912 1449 annos
927 1422 1008 1456 quin-

226 1469 355 1503 quaginta
379 1467 519 1502 quinque,
547 1475 633 1494 annos
659 1471 739 1493 natus
766 1466 930 1499 duodecim;
960 1466 1006 1500 qui

226 1514 306 1540 tertio
332 1513 405 1547 regni
425 1513 466 1539 sui
489 1519 560 1538 anno
587 1511 658 1538 idola
684 1510 819 1542 confecit,
838 1510 870 1537 ad
888 1517 1005 1545 quorum

1066 922 1155 956 fugam
1173 923 1247 950 dedit
1259 942 1265 954 ,
1283 923 1371 951 donec
1389 924 1552 958 Euphratem
1577 925 1730 959 perveniret
1746 934 1752 952 :
1770 932 1849 951 cum-

1064 975 1116 1001 quc
1140 968 1239 995 rediret
1263 967 1341 1004 24],
1352 968 1447 1004 -243
1463 969 1569 996 obviam
1584 969 1632 1003 ipsi
1650 969 1789 1004 profectus
1805 974 1849 996 est

1062 1012 1135 1040 Josia
1160 1022 1205 1039 rex
1232 1012 1308 1040 Iuda:
1330 1014 1425 1042 multis
1448 1023 1509 1040 cum
1539 1016 1714 1045 muneribus.
1740 1020 1766 1041 at
1790 1015 1848 1049 ipse

1064 1058 1152 1085 visum
1180 1067 1241 1086 eum
1272 1059 1427 1091 interfecit,
1453 1067 1533 1094 quem
1559 1067 1624 1095 ergo
1648 1064 1813 1094 reportatum
1832 1068 1845 1087 a

1062 1104 1186 1139 Megiddo
1204 1105 1273 1139 (qtta‘.
1289 1104 1396 1132 Menbai
1414 1105 1472 1139 (est)
1490 1105 1687 1141 Hierosolyma.
1705 1106 1739 1132 ibi
1759 1105 1846 1140 ipsum

1065 1151 1234 1184 sepelierunt
1261 1151 1333 1178 servi
1363 1151 1469 1185 ipsius,
1500 1159 1587 1178 annos
1614 1155 1706 1178 natum
1738 1151 1846 1185 triginta

1064 1204 1173 1224 novem.
1188 1197 1252 1224 Post
1269 1197 1356 1231 ipsum
1374 1195 1572 1230 Hierosolymis
1590 1197 1615 1223 in
1633 1196 1730 1222 Judam
1747 1204 1844 1231 regna-

1062 1243 1099 1269 vit
1117 1243 1205 1269 trilms
1218 1243 1358 1269 mensibus
1370 1242 1440 1268 lilius
1452 1242 1537 1276 ipsius
1550 1241 1660 1272 Joehaz,
1672 1249 1756 1268 annos
1767 1246 1847 1268 natus

1061 1287 1158 1322 viginti
1179 1292 1246 1314 tres.
1263 1287 1421 1314 Ascendcns
1436 1293 1525 1314 autem
1542 1287 1666 1314 I’haraoh
1686 1287 1760 1313 Nalm
1779 1286 1845 1314 Ilic-

1061 1333 1199 1368 rosolyma
1210 1331 1360 1359 .Ioehazum
1375 1331 1451 1358 Judaa
1465 1340 1554 1364 regem
1566 1336 1674 1366 captum
1687 1336 1710 1358 et
1724 1333 1846 1360 vinctum

1060 1385 1113 1404 una
1130 1385 1190 1404 tum
1208 1377 1364 1404 .ludzrorum
1387 1377 1562 1403 multitudine
1582 1376 1728 1412 Egyptutn
1745 1378 1845 1413 depor-

1060 1423 1138 1450 tavit.
1158 1423 1289 1457 Imposuit
1308 1424 1391 1450 etiam
1409 1422 1533 1450 Pharaoh
1554 1423 1630 1450 Nalm
1648 1424 1779 1451 omnibus
1797 1425 1844 1458 qui

1060 1467 1256 1502 Hierosolymis
1273 1472 1351 1494 erant
1370 1468 1514 1499 tributum,
1526 1469 1597 1502 quod
1614 1469 1680 1502 ipsis
1696 1469 1748 1496 sibi
1765 1475 1845 1504 qtlnl-

1060 1513 1138 1539 annis
1170 1512 1338 1539 oITerendnm
1362 1512 1501 1545 iniunxit.
1522 1512 1581 1538 auri
1605 1513 1704 1538 talenta
1724 1517 1842 1545 centu-ii,

225 1559 329 1586 cultum
356 1542 495 1585 Israelitas
522 1558 629 1592 adegit,
651 1557 686 1583 ob
709 1555 781 1591 quod
804 1563 865 1582 cum
885 1556 919 1583 ab
937 1554 1006 1582 Isaia
1021 1542 1041 1571 θ
1059 1562 1085 1584 et
1097 1557 1201 1592 argenti
1213 1559 1335 1584 totidem.
1349 1542 1483 1584 Deind--in
1493 1557 1636 1592 Egyptum
1650 1565 1774 1584 reversus
1790 1542 1844 1588 ea;

226 1605 357 1638 pl'npltcla
377 1603 534 1636 increpatus
554 1606 638 1633 esset,
655 1602 742 1635 ipsum
759 1600 933 1627 interfectum
950 1607 1008 1626 ser-

225 1645 309 1682 raque
329 1647 446 1674 medium
471 1647 542 1673 inter
562 1646 631 1672 duos
645 1652 752 1673 asseres
774 1644 922 1672 dissectum
946 1645 1006 1679 igne

225 1694 390 1720 combussit.
408 1691 506 1719 Fertur
522 1697 614 1718 autem
632 1690 718 1723 Isaia),
734 1698 795 1717 cum
811 1694 873 1716 ante
891 1696 1004 1716 mortem

224 1741 321 1767 sitiens
339 1738 483 1764 Dominum
508 1738 672 1768 invocasset,
697 1741 818 1771 apertum
842 1736 925 1762 fuisse
943 1736 1003 1762 fou-

226 1789 277 1811 tetn
301 1791 315 1810 c
331 1791 384 1817 quo
408 1782 490 1814 bibit;
518 1784 613 1815 estque
639 1781 684 1807 ille
706 1779 767 1806 fons
790 1779 908 1811 Silwan,
925 1779 1003 1812 cujus

226 1829 343 1855 t-omiuis
357 1826 545 1861 interpretatio
559 1830 613 1859 est,
628 1825 720 1852 Missa.
738 1824 835 1851 Fertur
848 1824 928 1851 etiatu
943 1831 1004 1850 eum

226 1878 318 1908 postea
338 1876 431 1907 gentes
456 1871 640 1906 Hierosolyma
659 1870 819 1900 incolerent,
835 1870 1003 1896 exsiccatum

223 1927 283 1946 esse
298 1919 398 1944 [niuem
415 1917 509 1950 illum;
527 1921 554 1943 at
565 1924 626 1943 cum
643 1916 784 1947 Israelitzc,
801 1922 870 1949 aqua
882 1914 1004 1942 ﬂuxisse.

222 1964 368 1991 Colueruut
395 1968 484 1990 autem
511 1961 639 1988 Israelita:
669 1961 739 1987 idola
764 1961 843 1987 annis
869 1960 1003 1994 quinqua-

222 2010 294 2044 ginta
311 2014 437 2043 quatuor.
456 2007 557 2034 Deinde
575 2007 680 2034 Babelis
700 2014 746 2033 rex
766 2012 873 2040 captum
894 2005 1003 2032 Manas-

222 2063 271 2081 sen
291 2054 366 2082 .Iudte
386 2061 474 2088 regem
492 2054 569 2079 vituli
583 2053 657 2083 ιλιι·ρὶ,
676 2052 718 2078 cui
738 2052 827 2085 ignem
846 2050 1001 2085 supposuit,

222 2101 283 2126 alvo
297 2099 415 2126 inclusit.
429 2098 522 2124 Oranti
537 2098 617 2132 igitur
631 2096 754 2124 liIanassc
770 2095 846 2122 Iudae
863 2096 917 2130 regi
938 2095 1000 2122 dum

223 2146 249 2172 in
267 2145 405 2172 simulacri
424 2145 484 2170 alvo
498 2143 659 2174 exsisteret,
679 2147 706 2168 ct
721 2142 757 2168 ob
775 2150 805 2168 ea
822 2148 882 2175 quae
900 2140 1002 2168 fecerat

222 2192 407 2226 pmttiteutiatu
430 2191 518 2224 agenti
540 2197 686 2224 precesque
710 2190 742 2216 ad
765 2189 908 2215 Dominum
932 2188 1000 2214 I'un-

221 2237 305 2268 denti,
322 2244 384 2262 cum
401 2240 542 2270 peccatum
563 2235 608 2261 ille
627 2235 788 2266 remisisset,
803 2238 829 2260 et
847 2234 934 2269 ipsius
950 2234 999 2260 uti-

221 2288 310 2309 sertus
335 2287 425 2313 esset,
452 2281 590 2315 diruptum
620 2284 662 2307 est
689 2281 883 2312 simulacrum,
910 2280 947 2307 ita
972 2284 1001 2307 nt

219 2327 325 2359 exiret;
346 2327 473 2360 misitque
488 2324 620 2352 Dominus
637 2325 688 2360 ipsi
708 2325 832 2360 angelum
849 2325 894 2358 qui
909 2325 1000 2352 subla-

221 2377 277 2398 tum
296 2371 482 2406 Hierosolyma
508 2370 666 2404 reportavit.
688 2369 810 2396 Mortuus
830 2374 920 2396 autem
941 2370 999 2396 Ma-

221 2422 299 2441 uasse
316 2415 340 2440 in
363 2414 440 2440 ltorto
456 2412 537 2448 240
553 2412 631 2440 Ulla:
649 2413 773 2446 sepultus
788 2418 845 2446 est;
863 2415 1000 2448 regnavit-

219 2467 272 2493 qne
287 2464 346 2493 post
363 2459 452 2492 ipsum
473 2458 583 2484 biennio
601 2457 671 2484 lilius
686 2459 772 2491 ipsius
788 2458 894 2491 Amon;
913 2467 998 2486 annos

219 2510 301 2530 natus
327 2504 420 2538 viginti
436 2503 516 2535 duos,
533 2503 577 2536 qui
601 2503 627 2529 in
649 2502 771 2530 colendis
791 2503 869 2530 idolis
894 2508 997 2537 patrem

218 2557 298 2575 suum
315 2550 435 2575 imitatus
450 2553 501 2575 est.
519 2547 596 2574 Illum
613 2553 702 2574 autem
721 2547 809 2574 adorti
826 2548 897 2574 servi
914 2548 998 2581 ipsius

218 2595 291 2621 domi
309 2601 365 2621 sua:
381 2597 467 2620 morte
483 2594 609 2620 allectum
627 2600 689 2619 eum
708 2599 782 2626 patr-3
804 2601 854 2620 suo
875 2594 900 2619 in
919 2592 998 2620 U211:

219 2640 298 2666 horto
314 2639 497 2672 sepelierunt;
513 2642 643 2671 regnante
658 2645 720 2672 post
735 2639 823 2671 ipsum
843 2638 998 2674 Hierosoly-

219 2685 270 2710 mis
296 2686 321 2710 in
344 2683 459 2716 Judatn,
482 2691 568 2710 annos
592 2683 701 2718 triginta
726 2691 807 2709 unum
834 2683 888 2709 lilio
913 2684 997 2718 ipsius

217 2728 309 2762 Josia,
330 2730 449 2755 octenni.
470 2730 514 2755 Ille
529 2734 618 2756 autem
635 2736 706 2756 anno
724 2729 799 2763 regni
817 2730 858 2756 sui
876 2730 996 2756 secundo

218 2774 287 2800 idola
318 2773 475 2804 confracta.
505 2774 654 2808 omniaque
681 2774 816 2800 idolorum
841 2775 940 2808 templa
969 2775 995 2801 iu

217 2820 348 2853 Samaria,
365 2827 424 2855 quae
454 2824 642 2848 exstiuxctant
671 2820 778 2848 Israelis
797 2828 884 2855 reges.
904 2820 994 2848 diruta

1017 2201 1038 2228 D

1093 1603 1200 1631 Mortuo
1225 1609 1314 1630 autem
1333 1603 1453 1630 .Iorhazo
1475 1603 1553 1630 Iudae
1578 1611 1641 1635 rege
1665 1604 1692 1630 in
1714 1603 1843 1638 Egypto,

1058 1650 1181 1684 regnavit
1201 1654 1260 1683 post
1276 1650 1363 1682 ipsum
1382 1649 1579 1684 Hierosolymis
1598 1649 1623 1675 in
1636 1647 1734 1675 Iudam
1756 1648 1842 1675 unde-

1058 1696 1111 1722 eim
1139 1702 1227 1722 annos
1252 1694 1366 1721 Eliakim
1392 1694 1474 1722 .Iosiaa
1502 1695 1573 1722 ﬁlius
1596 1695 1660 1729 (qui
1685 1699 1712 1721 ct
1736 1694 1840 1721 Joakim

1057 1741 1149 1767 dictus
1174 1740 1235 1770 est)
1263 1748 1349 1767 annos
1376 1744 1456 1766 natus
1483 1739 1576 1774 viginti
1608 1740 1740 1774 quinque.
1776 1741 1842 1772 Eius

1056 1788 1177 1818 tempore
1206 1785 1404 1818 prophetarunt
1432 1783 1564 1810 Jercmias
1593 1785 1746 1818 propheta,
1774 1783 1840 1811 Uria

1056 1827 1171 1855 Setnaia:
1194 1829 1267 1855 filius
1289 1836 1319 1855 ex
1335 1828 1434 1862 oppido
1448 1828 1553 1860 Aauab,
1573 1832 1600 1854 ιιι
1624 1828 1685 1855 Buzi
1710 1828 1842 1855 Ez‘kielis

1056 1878 1142 1907 pater.
1156 1873 1276 1900 I'ortavit
1293 1878 1381 1900 autem
1397 1873 1502 1899 Joakim
1521 1872 1596 1899 ludat
1617 1881 1675 1905 rex,
1694 1874 1840 1908 quotannis

1055 1919 1087 1945 ad
1104 1919 1272 1945 Pharaonem
1291 1919 1368 1945 Nalm
1388 1918 1498 1953 A’Sgypti
1520 1927 1623 1952 regem,
1642 1926 1690 1952 pro
1703 1926 1732 1945 se
1746 1923 1773 1945 el
1791 1927 1842 1953 pro

1054 1965 1165 1999 regione
1183 1971 1247 1995 sua,
1272 1964 1298 1990 in
1321 1964 1452 1989 tributum
1477 1967 1585 1990 centum
1604 1964 1662 1990 auri
1682 1972 1713 1991 ac
1728 1963 1840 1990 totidem

1053 2009 1158 2043 argenti
1177 2009 1290 2035 talenta.
1308 2009 1386 2034 Anno
1405 2012 1494 2035 autem
1508 2013 1609 2043 quarto
1626 2009 1701 2042 regni
1721 2008 1838 2035 Joakimi

1054 2053 1124 2087 regis
1144 2052 1221 2080 Judm
1240 2053 1384 2086 imperavit
1406 2052 1607 2080 Bochtanasser
1623 2053 1726 2086 Ilabeli,
1743 2055 1798 2084 cui,
1813 2059 1840 2080 et

1053 2098 1105 2125 sub
1129 2099 1197 2132 ipso,
1224 2097 1414 2132 Hierosolyma
1439 2097 1594 2125 ascendenti
1620 2098 1726 2124 obviam
1752 2098 1840 2124 lactus

1052 2142 1157 2169 Joakim
1176 2142 1251 2170 Judae
1267 2151 1325 2176 rex,
1340 2143 1391 2177 ipsi
1412 2143 1498 2170 instar
1516 2144 1586 2171 servi
1600 2142 1688 2170 factus
1702 2143 1783 2179 2M
1798 2149 1840 2170 est

1054 2188 1086 2215 ad
1117 2188 1277 2215 triennium.
1309 2187 1445 2215 Reversus
1475 2194 1517 2215 est
1547 2196 1611 2222 ergo
1639 2189 1838 2217 Bochtanasser

1053 2234 1178 2261 Bahelem
1206 2235 1330 2261 mittente
1363 2234 1395 2260 ad
1424 2235 1512 2268 ipsum
1540 2235 1688 2268 quotannis
1716 2234 1838 2262 Joakiuo

1051 2287 1110 2306 eam
1133 2287 1216 2314 quam
1241 2280 1273 2306 ad
1293 2279 1463 2306 Pharaonem
1487 2279 1562 2305 Nalm
1591 2281 1698 2306 mittere
1723 2281 1837 2312 Solebat,

1050 2326 1110 2353 auri
1125 2330 1206 2359 atque
1218 2325 1322 2360 argenti
1338 2333 1490 2357 summam;
1508 2326 1652 2359 imperium
1666 2326 1738 2353 eniut
1751 2327 1838 2354 tenuit

1051 2370 1252 2396 Bochtanasser
1269 2377 1282 2395 a
1309 2368 1407 2396 Babele
1429 2376 1515 2402 usque.
1540 2370 1571 2395 ad
1593 2369 1686 2396 urbem
1712 2369 1836 2403 Raphak.

1053 2413 1149 2441 Postea
1174 2419 1284 2448 pactum
1309 2414 1415 2440 irritum
1442 2413 1560 2440 reddens
1582 2412 1689 2440 Joakim
1717 2415 1782 2440 nihil
1803 2415 1836 2441 ad

1049 2460 1137 2494 ipsum
1159 2459 1244 2486 misit.
1266 2458 1389 2485 Mortuus
1406 2463 1494 2485 autem
1509 2458 1626 2492 Joakim,
1643 2468 1687 2485 rex
1701 2458 1789 2492 1min},
1808 2460 1834 2486 in

1049 2504 1152 2531 aedibus
1179 2504 1287 2532 Davidis
1326 2497 1534 2539 sepultus'cst.
1562 2505 1749 2539 chnavitque
1775 2504 1836 2540 pos‘

1048 2548 1137 2583 ipsum
1151 2549 1222 2576 ﬁlius
1237 2549 1322 2583 ipsius
1338 2548 1477 2581 Joachim,
1491 2551 1536 2584 qui
1552 2554 1577 2576 rt
1592 2550 1659 2577 Abin
1675 2550 1765 2577 dii-tus
1782 2555 1834 2583 est,

1049 2594 1258 2630 Hierosolymis,
1280 2595 1366 2622 tribus
1386 2595 1537 2627 mensibus,
1553 2604 1639 2622 attnos
1660 2600 1739 2623 natus
1757 2601 1835 2623 octo-

1048 2641 1158 2674 decim;
1178 2642 1223 2675 qni
1241 2649 1302 2668 cum
1324 2642 1456 2668 tributum
1477 2649 1530 2668 non
1550 2643 1679 2675 mitteret,
1703 2643 1835 2670 aecedrns

1048 2686 1248 2714 Bochtanasser
1262 2694 1323 2713 eum
1343 2688 1463 2714 exercitu
1481 2695 1531 2715 Suo
1552 2688 1740 2723 IlierosMyma
1756 2690 1835 2716 obae-

1048 2732 1103 2765 dit;
1126 2732 1158 2759 ad
1183 2740 1263 2766 quem
1285 2739 1396 2766 egresso
1425 2731 1566 2759 Joaehimo
1588 2732 1665 2760 Juda:
1688 2742 1759 2768 rege,
1780 2742 1832 2760 una

1048 2785 1108 2803 cum
1127 2782 1223 2808 matre,
1238 2777 1392 2812 sertisque,
1409 2782 1435 2804 et
1454 2777 1637 2805 Israelitarum
1653 2780 1832 2814 principibus,

1049 2823 1143 2850 urbem
1157 2823 1181 2849 ei
1194 2827 1378 2858 aperuerunt;
1390 2830 1470 2858 quam
1486 2823 1626 2858 ingressus
1637 2824 1832 2852 Bochtanasser
