2015 3081
205 141 257 172 ὓὸἰ

709 139 886 169 EUTYCIHI
909 142 928 168 Δ
936 139 1175 170 LEXANDRINI
1196 141 1307 170 PATR.

1775 147 1825 178 Ξ)ἶᾷ

208 196 340 232 quidquid
361 196 386 223 in
406 195 506 230 templo
522 199 579 222 erat
596 200 704 224 vasum,
726 194 799 223 auri,
818 194 940 228 argenti,
956 198 982 220 t-t
1001 196 1025 225 Α
1041 195 1180 222 fornacem
1198 196 1269 230 ignis
1292 197 1408 231 conjecti
1433 201 1507 224 sum.
1527 197 1598 225 Misit
1618 207 1680 226 vero
1701 200 1770 228 Deus
1790 204 1823 229 ad

205 250 387 277 gemmarum,
413 249 531 268 necnon
555 238 687 275 quidquid
710 238 736 264 in
761 245 823 265 arce
845 239 917 273 regia
935 238 986 266 fuit

205 294 389 320 gemmarum,
406 287 476 315 auri.
495 289 521 311 et
537 283 661 318 argenti,
677 282 803 309 Babelem
820 283 985 317 asportavit;

202 331 358 359 Joakimuin
378 332 489 365 insuper
502 329 577 357 Iuda:
591 337 680 364 regem
698 330 834 361 vinctum,
851 324 905 356 una
921 338 984 356 (‘Ulll

204 377 351 404 comitibus
368 376 452 410 ipsius
470 376 571 409 septies
587 375 660 402 mille
673 382 766 403 secum
782 375 910 402 Babelem
926 379 983 400 tra-

203 423 291 454 duxit,
309 429 358 448 nec
375 429 426 447 non
447 420 630 448 lsraelitarum
651 425 787 455 quotquot
799 421 905 448 viribus
923 419 981 454 pol-

203 467 302 495 lerent.
322 467 394 494 Inter
408 466 528 501 captivos
545 471 624 493 erant
644 466 738 492 Daniel
755 466 844 493 adhuc
861 473 938 500 puer,
958 470 985 491 et

199 517 256 540 tres
270 512 356 546 pueri,
367 511 521 543 Hananiali,
535 511 632 538 Azaria
654 516 680 537 et
708 511 812 543 Misael,
825 513 870 545 qui
887 512 913 537 in
932 511 986 537 for-

200 565 296 585 ttacem
316 557 387 591 ignis
404 557 521 591 conjecti
540 561 614 583 sunt.
631 556 725 590 Neque
743 557 770 583 in
791 557 857 584 urbe
873 557 984 584 relictus

199 608 242 630 est
257 602 300 629 vel
315 609 387 629 unus
403 602 476 636 quis,
493 601 609 628 inﬁrmis
626 606 652 627 et
669 602 834 636 pauperibus
848 603 980 634 exceptis.

199 647 324 675 Pra‘fecit
336 654 426 675 autent
440 648 637 674 Bocbtanasser
648 647 855 682 Hierosolymis,
868 647 983 674 Jonkimi

200 694 272 727 regis
294 693 371 720 ludar
390 693 511 724 fratrem,
527 693 706 728 245-247
719 692 800 720 Josite
822 693 916 723 ﬁliuni,
933 700 983 719 no-

200 739 272 766 mine
286 738 443 770 Mataniam,
457 746 536 773 quem
552 738 695 765 Zedekiam
708 738 854 773 appellavit
867 738 982 765 Joakimi

199 786 270 819 regis
283 784 361 811 Judas
377 788 522 817 patruum;
546 784 592 819 qui
610 784 736 811 undecim
759 785 838 812 annis
852 785 981 812 Hieroso-

198 831 279 866 lymis
295 831 429 866 regnavit,
445 838 533 857 annos
547 835 629 857 natus
648 830 743 865 viginti
759 836 787 858 et
803 839 897 857 unum.
912 831 977 865 Ejus

1040 242 1113 275 ipsos
1132 249 1146 268 e
1168 243 1240 268 coelo
1263 243 1387 277 angelum
1406 244 1452 277 qui
1470 243 1558 278 ignem
1577 245 1615 271 ita
1632 247 1778 279 exstinxit,
1795 253 1824 273 ut

1041 286 1126 321 frigus
1153 287 1220 321 ipsis
1245 292 1271 314 et
1297 288 1473 316 incolumitas
1496 295 1570 317 esset
1594 298 1601 317 :
1629 291 1701 324 quod
1728 292 1822 320 videns

1038 331 1240 360 Bochtanasser
1260 334 1334 367 ipsos
1348 340 1364 361 e
1380 334 1494 362 fornace
1515 336 1620 368 eduxit,
1638 344 1755 371 eumque
1773 345 1821 365 eos

1037 382 1176 404 scrutatus
1198 379 1300 405 nullum
1316 380 1386 414 ignis
1404 374 1558 415 vestigium,
1577 388 1625 407 nec
1643 382 1670 408 in
1686 382 1754 416 ipsis
1768 390 1818 409 nec

1037 422 1064 448 iu
1079 422 1198 449 vestibus
1212 423 1333 456 ipsorum
1347 424 1585 457 deprehendisset,
1599 425 1679 452 valde
1695 427 1820 456 miratus,

1038 470 1166 501 metuque
1188 468 1331 501 perculsus
1355 468 1532 504 259-251
1558 469 1631 504 ipsos
1653 470 1757 497 honore
1779 471 1819 498 af-

1037 511 1140 544 fectos,
1163 517 1189 539 et
1214 513 1298 548 gradu
1323 513 1431 540 sublimi
1454 514 1603 542 collocatos
1631 517 1768 550 principes
1792 518 1818 544 in

1036 557 1136 592 palatio
1159 565 1209 584 suo
1233 559 1387 586 constituit.
1407 559 1491 586 Porro
1514 568 1585 587 anno
1599 565 1658 595 post
1682 563 1817 589 excidium

1037 602 1287 637 Hierosolymorum
1298 609 1404 639 quarto,
1417 613 1479 632 cum
1492 605 1606 633 vidisSet
1619 606 1818 635 Bochtanasser

1035 649 1192 681 insomnia,
1235 650 1408 684 congregatis
1435 651 1591 678 onirocritis
1618 657 1645 679 et
1672 654 1818 688 astrologis

1035 694 1118 720 dixit:
1142 693 1267 722 Visiones
1282 703 1351 729 quas
1371 696 1425 722 vidi
1445 704 1496 723 una
1514 704 1574 723 cum
1594 697 1713 731 ipsarum
1731 699 1816 726 inter—

1035 740 1235 774 pretationibus
1260 741 1324 767 mihi
1351 742 1492 769 narretis:
1522 742 1564 769 sin
1593 743 1701 776 minus,
1727 745 1817 778 capite

1033 793 1081 812 vos
1105 785 1231 820 plectam.
1260 786 1470 821 Responderunt
1495 788 1556 815 illi:
1585 788 1642 815 Non
1667 794 1708 816 est
1736 790 1816 816 nobis

1033 830 1168 857 visionum
1194 831 1328 864 scientia,
1355 832 1406 860 nisi
1432 833 1489 867 ipse
1515 833 1595 861 nobis
1620 834 1723 862 indices
1749 835 1815 869 quid

200 882 321 911 tempore
336 876 532 910 prophetarum
547 875 690 906 Jeremias,
710 876 849 907 Habacuc,
860 881 887 904 et
899 876 975 903 Buri.
998 872 1017 898 Β
1033 876 1155 909 videris,
1191 882 1220 904 ut
1245 878 1310 905 illud
1345 879 1392 905 tibi
1423 879 1601 914 explicemus.
1633 879 1723 907 Iratus
1749 888 1814 914 ergo

197 921 283 948 Porro
296 928 368 947 anno
381 928 452 948 nono
465 921 583 948 detinuit
596 920 712 947 Zedekia
723 920 801 948 ludat
814 929 869 954 rex,
884 929 980 948 aurum

197 971 279 1000 atque
296 971 437 1000 argentum
459 965 532 1000 quod
548 965 581 992 ad
600 966 848 993 Bochtanasserum
871 967 980 994 mittere

197 1013 295 1040 solitus
320 1011 538 1047 fuerat:,quare
559 1011 646 1039 iratus
666 1011 868 1040 Boclitanasscr
883 1012 980 1040 ducem

197 1067 212 1085 e
225 1058 283 1086 suis
297 1058 456 1092 quemdam,
480 1057 590 1085 nomine
609 1057 865 1090 Nabuzaradanum,
890 1057 981 1092 spicu-

198 1106 312 1131 latoruiu
336 1104 500 1138 principem,
522 1103 713 1138 Hierosolyma
738 1103 830 1135 misit,
851 1103 897 1137 qui
918 1111 979 1130 cum

196 1151 293 1177 urbem
310 1150 430 1176 triennio
452 1149 601 1180 obsideret,
618 1149 735 1175 maxima
753 1149 895 1176 hominum
917 1156 980 1184 pars

197 1195 269 1222 fame
282 1195 425 1229 absumpta
443 1198 494 1221 cst.
505 1193 620 1220 Zedekia
637 1198 738 1224 autem,
752 1193 827 1221 ludaa
844 1201 901 1226 rex,
916 1193 979 1232 fuga

197 1247 279 1269 noctu
305 1241 446 1268 contendit
468 1240 502 1267 ad
527 1239 684 1274 speluncam
710 1246 793 1274 quam
822 1243 978 1274 paraverat,

197 1288 361 1322 Speluncam
376 1286 480 1313 Canum
494 1285 657 1320 appellatam
671 1294 678 1311 :
694 1284 766 1319 quod
779 1293 838 1312 cuin
853 1285 978 1312 animad—

195 1333 324 1361 vertissat
341 1330 549 1363 Nabuzaradan,
563 1329 639 1356 illum
654 1327 812 1356 Jerecliunli
825 1334 978 1361 assecutus,

196 1379 398 1415 apprehensum
413 1376 447 1404 ad
464 1376 725 1407 Bochtanasserum,
741 1374 914 1402 Antiochiam
930 1375 979 1402 Ini-

195 1426 231 1452 sit
245 1434 252 1452 ;
265 1432 344 1458 quem
361 1423 525 1458 prehensum
537 1422 624 1448 oculis
636 1421 752 1456 privavit
766 1421 977 1453 Boclitanasser,

196 1470 258 1497 ﬁliis
273 1469 360 1504 ipsius
375 1469 466 1503 gladio
476 1468 609 1502 jttgulatis
624 1475 631 1494 :
649 1466 840 1501 interfecitque
856 1467 978 1494 Nabuza-

193 1515 277 1544 radan
293 1522 417 1550 magnam
431 1513 587 1540 Iudaeorum
604 1513 816 1544 multitudinem,
833 1513 976 1546 templum—
990 1531 1010 1557 ϐ

194 1569 247 1595 que
263 1561 383 1586 dirutqu
414 1559 551 1590 incendit,
571 1563 600 1585 ut
621 1562 648 1585 et
670 1558 764 1585 urbem
789 1557 974 1592 Hierosolyma

196 1611 331 1634 vastatam
363 1603 501 1636 incendit.
533 1609 559 1631 et
584 1604 717 1638 quidquid
742 1604 767 1630 in
791 1604 892 1637 templo
911 1603 973 1635 fuit,

192 1651 262 1681 auri,
273 1650 375 1685 argenti
390 1655 416 1676 et
426 1650 499 1681 aeris,
512 1648 635 1675 Babelem
649 1647 809 1682 asportavit,
819 1646 974 1674 Judmorum

198 1701 290 1722 autem
306 1704 366 1722 cum
384 1694 430 1721 alii
446 1693 603 1728 Egyptum,
620 1693 666 1720 alii
681 1694 707 1720 in
725 1693 832 1720 deserta
850 1698 876 1720 et
894 1693 976 1720 valles

194 1740 345 1775 fugissent,
371 1744 505 1774 quotquot
530 1738 628 1772 reliqui
655 1743 751 1770 erant,
778 1739 824 1765 ille
848 1738 974 1765 Babelem

194 1785 317 1820 captivos
334 1785 466 1816 abduxit,
484 1784 552 1810 adeo
573 1787 602 1810 ut
619 1783 740 1810 desolata
756 1787 900 1810 manerent
914 1782 976 1810 llic-

195 1830 328 1865 rosolyma
340 1850 347 1861 ,
371 1829 481 1856 nemine
496 1828 553 1862 ipsa
577 1827 725 1854 incolcnte.
741 1827 870 1854 ﬂabacuc
884 1831 973 1854 autem

193 1876 322 1909 propheta
349 1874 377 1900 in
403 1878 502 1900 terram
529 1872 612 1908 248
637 1872 834 1899 lsmaelitarum
859 1871 921 1906 fuga
946 1879 975 1899 se

193 1920 312 1953 recepit,
335 1917 432 1945 deinde
457 1918 483 1944 in
512 1916 657 1952 Egyptum
683 1917 834 1944 descendit.
856 1916 974 1944 Ieremia

192 1965 322 1998 propheta
335 1962 481 1998 Egyptqu
496 1962 574 1997 fugit,
588 1962 668 1996 idque
682 1970 753 1989 anno
767 1962 842 1996 regni
857 1962 975 1988 Boclita-

190 2010 321 2041 nasseris,
336 2009 443 2035 decimo
458 2015 542 2035 nono.

223 2054 310 2082 Porro
335 2055 368 2081 ad
395 2054 578 2088 captivitatem
606 2053 796 2087 Babylonicam
820 2057 847 2080 et
866 2054 973 2081 destru-

188 2100 307 2127 ctionem
332 2099 437 2133 templi,
463 2105 477 2124 a
495 2105 578 2133 regno
596 2098 718 2130 Davidis,
739 2098 803 2124 anni
822 2103 886 2125 sunt
905 2106 972 2133 qua-

188 2145 324 2180 dringenti
348 2143 519 2179 septuaginta
541 2147 657 2178 septem.
685 2143 725 2171 Ab
743 2144 817 2170 exitu
838 2143 974 2170 lsraelita-

1033 921 1232 950 Buchlanasser
1245 922 1272 949 in
1289 924 1378 950 animo
1390 924 1564 951 habuit'colla
1576 925 1642 959 ipsis
1655 925 1814 959 praecidere.

1033 965 1171 994 Danielem
1184 971 1273 994 autem
1286 968 1457 1003 prophetam,
1472 969 1518 1004 qui
1533 974 1655 1004 tempore
1668 970 1814 1004 captivita-

1033 1013 1067 1039 tis
1085 1013 1244 1040 adolescens
1260 1012 1326 1046 fuit,
1351 1019 1521 1049 assumptum
1542 1014 1593 1041 sibi
1613 1016 1815 1043 Bocbtanasser

1032 1057 1107 1084 domi
1126 1065 1181 1085 suae
1198 1057 1363 1086 educaverat
1383 1064 1410 1086 et
1426 1059 1601 1093 przefecerat;
1618 1060 1664 1087 ille
1679 1067 1745 1094 ergo
1760 1060 1813 1095 ipsi

1031 1102 1099 1128 dixit
1115 1110 1122 1128 :
1142 1103 1197 1137 Ego
1215 1103 1262 1130 tibi
1280 1103 1307 1130 in
1325 1103 1461 1130 somnium
1484 1104 1554 1137 quod
1571 1103 1659 1131 vidisti
1685 1105 1812 1136 narrabo,

1032 1148 1177 1182 ipsumque
1204 1148 1251 1175 tibi
1276 1149 1486 1183 interpretabor.
1513 1148 1587 1176 Vidit
1608 1149 1742 1183 siquidem
1764 1157 1812 1176 rex

1032 1193 1175 1228 imaginem
1199 1201 1325 1228 magnam
1336 1214 1344 1227 ,
1362 1198 1477 1228 aspectu
1490 1194 1637 1221 terribilem
1648 1214 1655 1225 ,
1669 1194 1713 1221 cui
1731 1199 1814 1229 caput

1030 1245 1062 1264 ex
1076 1245 1160 1270 auro,
1182 1246 1282 1266 manus
1298 1246 1329 1266 ex
1352 1244 1482 1274 argento,
1499 1244 1595 1266 venter
1609 1243 1637 1266 81,
1658 1239 1760 1267 femora
1777 1247 1812 1267 ex

1030 1291 1094 1315 aere,
1110 1291 1191 1311 crura
1206 1291 1221 1311 e
1237 1284 1321 1317 ferro,
1339 1285 1421 1319 pedes
1436 1292 1451 1311 e
1467 1289 1551 1318 testa;
1567 1285 1632 1312 vidit
1647 1285 1745 1312 deinde
1763 1293 1812 1312 rex

1031 1334 1135 1364 petram
1154 1330 1282 1365 grandem
1304 1338 1319 1358 e
1337 1335 1429 1358 monte
1446 1330 1506 1358 sine
1527 1331 1646 1364 alicujus
1666 1338 1717 1365 ope
1735 1331 1812 1358 exci-

1029 1381 1105 1406 sam,
1120 1382 1181 1409 qua:
1197 1375 1341 1410 imaginem
1358 1376 1438 1403 istam
1456 1376 1621 1403 confractam
1638 1377 1810 1408 comminuit,

1029 1421 1097 1447 adeo
1130 1426 1159 1447 ut
1191 1421 1296 1448 nullum
1326 1421 1409 1456 ipsius
1438 1422 1580 1457 vestigium
1608 1423 1810 1457 perciperetur:

1029 1470 1104 1499 petra
1120 1471 1210 1493 autem
1236 1473 1313 1493 mons
1335 1474 1450 1501 magnus
1466 1468 1564 1499 evasit,
1587 1471 1740 1502 terramque
1761 1469 1812 1494 im-

1029 1511 1132 1545 plevit:
1150 1512 1200 1538 hoc
1218 1515 1261 1539 est
1278 1512 1350 1546 quod
1371 1513 1438 1540 vidit
1463 1520 1520 1540 rex.
1543 1514 1734 1548 Interpretatio
1752 1514 1811 1548 ejus

1029 1558 1100 1584 haec:
1116 1557 1166 1589 Tu,
1184 1565 1200 1584 ο
1217 1565 1275 1590 rex,
1287 1562 1368 1592 caput
1385 1566 1415 1585 es
1444 1558 1570 1593 imaginis
1589 1559 1668 1586 istius
1686 1566 1810 1592 aureum;

1027 1607 1088 1636 post
1105 1607 1131 1629 te
1154 1608 1315 1637 regnaturus
1334 1611 1378 1630 rex
1402 1609 1426 1630 te
1450 1604 1577 1636 inferior,
1599 1608 1740 1638 argentum
1757 1609 1809 1642 est;

1027 1653 1088 1681 post
1106 1648 1193 1682 ipsum
1213 1649 1272 1682 ipso
1298 1648 1426 1679 inferior,
1442 1656 1495 1682 aes;
1514 1649 1594 1683 252
1611 1655 1671 1683 post
1686 1650 1760 1676 illum
1778 1658 1810 1677 eo

1029 1692 1153 1725 inferior,
1170 1693 1290 1726 ferrum;
1309 1699 1370 1727 post
1385 1701 1465 1728 quem
1483 1693 1600 1728 denique
1618 1698 1645 1721 et
1661 1694 1719 1728 ipso
1739 1694 1810 1721 infe-

1026 1739 1083 1765 rior
1100 1743 1275 1773 regnaturus,
1290 1742 1360 1766 testa
1376 1744 1439 1766 est:
1457 1744 1484 1765 at
1500 1744 1561 1773 post
1575 1740 1664 1773 ipsum
1682 1743 1810 1773 regnatu~

1025 1792 1072 1811 rus
1083 1789 1125 1811 est
1138 1792 1183 1810 rex
1198 1791 1312 1818 magnus
1324 1783 1403 1818 cujus
1417 1791 1528 1819 regnum
1542 1791 1680 1817 nunquam
1692 1785 1807 1812 desinet:

1025 1831 1051 1854 et
1067 1827 1297 1861 quemadmodum
1317 1828 1409 1855 vidisti
1425 1833 1528 1862 petram
1542 1836 1557 1855 e
1579 1833 1669 1856 monte
1684 1829 1745 1857 sine
1758 1830 1810 1856 ali-

1024 1872 1103 1907 cujus
1122 1880 1174 1907 ope
1193 1873 1312 1900 excisam
1335 1880 1397 1907 quae
1417 1873 1562 1915 imaginem
1583 1873 1733 1908 confregit,
1752 1879 1807 1900 ter-

1024 1925 1137 1952 ramque
1160 1918 1297 1953 implevit,
1320 1919 1359 1944 ita
1382 1919 1435 1945 erit
1456 1923 1486 1944 ut
1505 1926 1551 1945 rex
1579 1919 1630 1946 iste
1655 1919 1702 1946 toti
1729 1924 1809 1946 terra:

1025 1963 1183 1990 dominetur
1203 1971 1291 1998 usque
1313 1963 1339 1990 in
1363 1964 1504 1992 saeculum.
1526 1963 1726 1991 Bochtanasser
1744 1973 1808 1999 ergo

1025 2008 1160 2036 Danielem
1182 2014 1258 2036 veste
1272 2009 1397 2036 indutum
1419 2010 1521 2036 honore
1536 2009 1643 2042 affecit,
1664 2011 1808 2038 omnibus-

1024 2061 1077 2088 que
1092 2054 1200 2082 Babelis
1213 2055 1302 2082 doctis
1320 2055 1453 2089 praefecit,
1467 2056 1619 2090 domusque
1633 2065 1689 2084 sum
1707 2057 1808 2091 princi-

1025 2106 1084 2133 pem
1098 2100 1241 2126 constituit
1257 2109 1264 2133 ;
1280 2101 1390 2126 nomine
1405 2099 1526 2127 Beltasar
1539 2100 1589 2135 ipsi
1607 2101 1704 2129 indito.
1720 2102 1807 2129 Porro

1024 2151 1096 2170 anno
1107 2145 1274 2179 captivitatis
1289 2145 1461 2180 Babylonica
1478 2146 1575 2179 quinto
1591 2151 1651 2180 post
1666 2148 1806 2174 destructa

189 2198 248 2218 rum
269 2198 303 2217 ex
325 2189 454 2224 Egypto,
477 2189 552 2216 mille
574 2189 712 2222 octoginta
738 2195 802 2216 tres.
829 2190 871 2216 Ab
885 2190 972 2217 Abra-
990 2199 1010 2225 ο
1026 2189 1231 2224 Hierosolyma,
1256 2192 1456 2226 prophetarum
1485 2191 1576 2219 Babeli
1603 2200 1637 2219 ex
1662 2192 1804 2226 lsraelitis,

189 2237 285 2268 hamo,
303 2235 377 2262 mille
399 2235 539 2269 quingenti
557 2233 715 2269 nonaginta.
734 2234 756 2260 A
774 2233 909 2266 Pbaleko,
930 2235 972 2262 bis

189 2282 262 2308 mille
284 2285 394 2308 centum
419 2280 530 2313 triginta
551 2283 579 2306 et
598 2286 677 2305 tutus.
696 2279 717 2305 A
731 2279 831 2306 diluvio
842 2280 882 2306 bis
900 2280 973 2306 mille

188 2328 308 2355 sexcenti
332 2326 474 2359 sexaginta
500 2325 564 2352 duo.
583 2324 623 2351 Ab
639 2323 756 2355 Adamo.
781 2330 876 2358 quater
901 2326 972 2353 mille

188 2373 315 2407 nongenti
332 2378 358 2398 et
376 2371 539 2398 octodecim.
563 2371 658 2402 Porro,
681 2369 884 2397 Boclttanasser
899 2378 972 2398 anno

188 2419 263 2454 regni
277 2419 316 2445 sui
337 2418 444 2445 decimo
461 2421 568 2448 octavo,
584 2423 616 2443 eo
631 2423 726 2450 nempe
743 2417 788 2450 qui
804 2416 971 2444 destructio-

188 2472 248 2491 neni
272 2464 366 2498 templi
391 2463 515 2497 proxime
540 2462 688 2488 antecessit
710 2465 827 2487 statuant
851 2469 884 2488 ex
905 2469 972 2489 auro

187 2509 316 2536 conﬂavit
327 2509 436 2536 cubitos
449 2508 530 2534 altam
546 2507 697 2540 sexaginta,
714 2508 795 2532 latam
808 2514 854 2534 sex
867 2515 875 2537 ;
889 2514 970 2541 quam

187 2562 248 2581 cum
266 2556 292 2581 in
308 2554 397 2581 medio
415 2554 491 2581 urbis
506 2553 587 2581 Babel
603 2554 755 2583 statuisset.
773 2562 870 2581 omnes
885 2554 971 2588 impc-

189 2600 228 2626 rio
254 2608 303 2627 suo
327 2599 449 2627 subditos
469 2600 555 2634 ipsam
587 2599 700 2626 adorare
723 2599 826 2633 jussit:
852 2600 924 2634 quod
948 2600 970 2626 si

187 2647 249 2681 quis
266 2647 354 2674 facere
368 2649 507 2673 recusaret
519 2645 545 2672 in
560 2644 671 2672 fornace
686 2645 755 2680 ignis
769 2645 971 2672 comburendus

186 2698 255 2721 erat.
275 2694 416 2729 Selegerat
435 2697 524 2719 autem
545 2692 596 2719 sibi
614 2691 815 2719 Bochtanasser
830 2701 862 2720 ex
882 2691 969 2719 Israe-

187 2739 244 2766 litis
256 2746 356 2774 pueros
370 2743 437 2769 tres,
452 2745 567 2772 quorutn
584 2744 668 2764 unum
682 2738 829 2773 appellavit
841 2737 969 2770 Sidracb,

186 2784 299 2811 alterum
326 2783 446 2814 Misach,
472 2783 582 2809 tertium
609 2782 772 2818 Abd-Nagu.
798 2784 866 2811 Tres
891 2784 966 2818 pueri

187 2829 233 2855 isti
257 2835 318 2854 cum
342 2828 444 2854 idolum
469 2834 523 2853 non
546 2827 706 2861 adorarent,
727 2829 804 2863 jussu
829 2830 914 2863 ipsius
940 2830 967 2856 in

1024 2234 1130 2262 Ezekiel
1152 2235 1223 2262 ﬁlius
1247 2235 1331 2267 Buzi,
1356 2235 1416 2263 loco
1440 2236 1513 2263 dicto
1533 2236 1676 2269 Carmela;
1699 2238 1804 2265 Bai-ach

1022 2280 1109 2307 Neria:
1133 2281 1220 2312 ﬁlius,
1242 2280 1327 2308 frater
1349 2282 1408 2315 ejus
1424 2281 1522 2313 Saras,
1540 2282 1632 2309 Daniel
1648 2291 1662 2309 c
1679 2285 1805 2319 prosapia

1024 2325 1161 2357 Davidiea,
1178 2325 1363 2359 Mordechani,
1383 2327 1543 2360 Benjamita,
1560 2325 1653 2358 Hacai,
1672 2327 1803 2354 Zacliaria

1023 2371 1093 2397 ﬁlius
1109 2371 1264 2402 Baraebiae,
1281 2371 1429 2398 Mulacliias
1442 2393 1448 2403 ,
1466 2372 1542 2403 EZs-a,
1559 2379 1584 2398 et
1602 2371 1716 2399 Naluun.
1732 2372 1803 2399 Fue-

1022 2422 1140 2450 runtque
1156 2415 1274 2451 [Egypto
1289 2418 1427 2451 propheta:
1446 2417 1583 2448 llabacuc,
1605 2417 1764 2450 Simeonita,
1777 2423 1804 2444 rt

1020 2461 1147 2489 Ieremia.
1160 2462 1309 2489 Coluerunt
1322 2468 1411 2489 autem
1426 2462 1554 2489 lsraoliue
1567 2464 1592 2489 in
1606 2463 1703 2490 Babclc
1719 2464 1801 2494 idola,

1021 2508 1055 2535 ob
1068 2508 1141 2542 quod
1158 2515 1219 2534 cum
1236 2508 1309 2541 ipsos
1326 2507 1479 2542 increparet
1497 2508 1601 2534 Ezekiel
1616 2509 1758 2543 propheta,
1775 2509 1801 2534 in

1020 2561 1082 2579 eum
1101 2553 1236 2580 irruentes
1254 2553 1437 2580 lsraelitarum
1456 2553 1589 2587 primores
1608 2558 1694 2580 morte
1713 2554 1800 2588 ipsum

1022 2599 1183 2626 multarunt.
1213 2599 1298 2626 Porro
1326 2598 1527 2625 Bochtanasser
1555 2606 1626 2626 anno
1655 2601 1727 2634 regni
1759 2600 1802 2626 sui

1022 2645 1150 2672 vicesimo
1178 2645 1274 2679 quinto
1301 2643 1448 2679 Egyptqu
1479 2643 1616 2678 profectus
1641 2652 1718 2680 rcges
1742 2645 1802 2679 ejus

1021 2689 1176 2722 interfecit;
1194 2690 1390 2724 imperavitque
1409 2688 1537 2724 Aigypto,
1554 2690 1649 2725 Syriae,
1668 2694 1802 2724 terraeque

1019 2734 1105 2768 ludar,
1120 2735 1306 2768 liomaeorum,
1329 2734 1497 2765 Grtecorum,
1522 2736 1630 2766 Persim,
1649 2736 1755 2762 Balielis
1774 2741 1802 2762 ct

1019 2781 1166 2809 Al-Musal.
1182 2781 1280 2808 Totum
1298 2781 1372 2816 regni
1386 2781 1446 2815 ejus
1459 2781 1578 2815 spatium
1596 2789 1727 2807 annorqu
1741 2786 1801 2806 erat.

1019 2829 1198 2863 quadraginta
1222 2828 1359 2862 quinque,
1387 2834 1502 2861 quorum
1523 2827 1707 2854 novemdecim
1724 2827 1799 2852 exci-
