  <div class='ocr_page' id='page_1' title='image "/cluster/home/n/w/nwhite01/storage/ocr_20150623/111/njp.32101077772943/554.png"; bbox 0 0 2015 3081; ppageno 0'>
   <div class='ocr_carea' id='block_1_1' title="bbox 214 148 265 179">
    <p class='ocr_par' dir='ltr' id='par_1_1' title="bbox 214 148 265 179">
     <span class='ocr_line' id='line_1_1' title="bbox 214 148 265 179; baseline -0.039 0"><span class='ocrx_word' id='word_1_1' title='bbox 214 148 265 179; x_wconf 78' lang='lat'><strong>965</strong></span> 
     </span>
    </p>
   </div>
   <div class='ocr_carea' id='block_1_2' title="bbox 924 149 1109 180">
    <p class='ocr_par' dir='ltr' id='par_1_2' title="bbox 924 149 1109 180">
     <span class='ocr_line' id='line_1_2' title="bbox 924 149 1109 180; baseline -0.011 -1"><span class='ocrx_word' id='word_1_2' title='bbox 924 149 1109 180; x_wconf 69' lang='lat' dir='ltr'><strong>ANNALES.</strong></span> 
     </span>
    </p>
   </div>
   <div class='ocr_carea' id='block_1_3' title="bbox 1781 144 1833 176">
    <p class='ocr_par' dir='ltr' id='par_1_3' title="bbox 1781 144 1833 176">
     <span class='ocr_line' id='line_1_3' title="bbox 1781 144 1833 176; baseline -0.038 0"><span class='ocrx_word' id='word_1_3' title='bbox 1781 144 1833 176; x_wconf 81' lang='lat'><strong><em>966</em></strong></span> 
     </span>
    </p>
   </div>
   <div class='ocr_carea' id='block_1_4' title="bbox 214 200 1836 237">
    <p class='ocr_par' dir='ltr' id='par_1_4' title="bbox 214 200 1836 237">
     <span class='ocr_line' id='line_1_4' title="bbox 214 200 1836 237; baseline -0.001 -11"><span class='ocrx_word' id='word_1_4' title='bbox 214 201 287 227; x_wconf 83' lang='lat' dir='ltr'><strong>dium</strong></span> <span class='ocrx_word' id='word_1_5' title='bbox 309 200 485 236; x_wconf 72' lang='lat'><strong>253-255</strong></span> <span class='ocrx_word' id='word_1_6' title='bbox 507 201 754 237; x_wconf 78' lang='lat' dir='ltr'><strong>Hierosolymorum</strong></span> <span class='ocrx_word' id='word_1_7' title='bbox 773 207 799 229; x_wconf 86' lang='lat' dir='ltr'><strong>et</strong></span> <span class='ocrx_word' id='word_1_8' title='bbox 818 203 1002 237; x_wconf 80' lang='lat' dir='ltr'><strong>captivitatem</strong></span> <span class='ocrx_word' id='word_1_9' title='bbox 1021 205 1041 234; x_wconf 82' lang='lat' dir='ltr'><strong>A</strong></span> <span class='ocrx_word' id='word_1_10' title='bbox 1058 207 1118 234; x_wconf 81' lang='lat' dir='ltr'><strong>set,</strong></span> <span class='ocrx_word' id='word_1_11' title='bbox 1138 209 1192 228; x_wconf 87' lang='lat' dir='ltr'><strong>rem</strong></span> <span class='ocrx_word' id='word_1_12' title='bbox 1214 201 1380 229; x_wconf 85' lang='lat' dir='ltr'><strong>illicoufessi</strong></span> <span class='ocrx_word' id='word_1_13' title='bbox 1396 206 1479 234; x_wconf 90' lang='lat' dir='ltr'><strong>sunt;</strong></span> <span class='ocrx_word' id='word_1_14' title='bbox 1499 208 1582 236; x_wconf 85' lang='lat' dir='ltr'><strong>quare</strong></span> <span class='ocrx_word' id='word_1_15' title='bbox 1597 205 1622 227; x_wconf 85' lang='lat' dir='ltr'><strong>et</strong></span> <span class='ocrx_word' id='word_1_16' title='bbox 1646 200 1746 227; x_wconf 78' lang='lat' dir='ltr'><strong>idolum</strong></span> <span class='ocrx_word' id='word_1_17' title='bbox 1769 208 1836 226; x_wconf 84' lang='lat' dir='ltr'><strong>con-</strong></span> 
     </span>
    </p>
   </div>
   <div class='ocr_carea' id='block_1_5' title="bbox 215 246 998 281">
    <p class='ocr_par' dir='ltr' id='par_1_5' title="bbox 215 246 998 281">
     <span class='ocr_line' id='line_1_5' title="bbox 215 246 998 281; baseline 0.004 -11"><span class='ocrx_word' id='word_1_18' title='bbox 215 246 396 272; x_wconf 83' lang='lat' dir='ltr'><strong>lsraelitarum</strong></span> <span class='ocrx_word' id='word_1_19' title='bbox 412 251 637 279; x_wconf 82' lang='lat' dir='ltr'><strong>antecesserunt;</strong></span> <span class='ocrx_word' id='word_1_20' title='bbox 657 247 749 281; x_wconf 77' lang='lat' dir='ltr'><strong>viginti</strong></span> <span class='ocrx_word' id='word_1_21' title='bbox 761 255 806 274; x_wconf 80' lang='lat' dir='ltr'><strong>sex</strong></span> <span class='ocrx_word' id='word_1_22' title='bbox 825 247 908 274; x_wconf 77' lang='lat' dir='ltr'><strong>secuti</strong></span> <span class='ocrx_word' id='word_1_23' title='bbox 925 251 998 274; x_wconf 80' lang='lat' dir='ltr'><strong>stitit.</strong></span> 
     </span>
    </p>
   </div>
   <div class='ocr_carea' id='block_1_6' title="bbox 253 289 1002 325">
    <p class='ocr_par' dir='ltr' id='par_1_6' title="bbox 253 289 1002 325">
     <span class='ocr_line' id='line_1_6' title="bbox 253 289 1002 325; baseline 0 -9"><span class='ocrx_word' id='word_1_24' title='bbox 253 289 360 316; x_wconf 79' lang='lat' dir='ltr'><strong>Mortuo</strong></span> <span class='ocrx_word' id='word_1_25' title='bbox 376 289 591 317; x_wconf 86' lang='lat' dir='ltr'><strong>Bochtanassero</strong></span> <span class='ocrx_word' id='word_1_26' title='bbox 607 298 678 324; x_wconf 72' lang='lat' dir='ltr'><strong>rege,</strong></span> <span class='ocrx_word' id='word_1_27' title='bbox 696 294 755 324; x_wconf 84' lang='lat' dir='ltr'><strong>post</strong></span> <span class='ocrx_word' id='word_1_28' title='bbox 767 291 853 324; x_wconf 82' lang='lat' dir='ltr'><strong>ipsum</strong></span> <span class='ocrx_word' id='word_1_29' title='bbox 882 291 1002 325; x_wconf 77' lang='lat' dir='ltr'><strong>regnavit</strong></span> 
     </span>
    </p>
   </div>
   <div class='ocr_carea' id='block_1_7' title="bbox 217 334 1002 370">
    <p class='ocr_par' dir='ltr' id='par_1_7' title="bbox 217 334 1002 370">
     <span class='ocr_line' id='line_1_7' title="bbox 217 334 1002 370; baseline 0.001 -9"><span class='ocrx_word' id='word_1_30' title='bbox 217 335 288 361; x_wconf 83' lang='lat' dir='ltr'><strong>filius</strong></span> <span class='ocrx_word' id='word_1_31' title='bbox 308 335 393 369; x_wconf 83' lang='lat' dir='ltr'><strong>ipsius</strong></span> <span class='ocrx_word' id='word_1_32' title='bbox 413 334 610 362; x_wconf 64' lang='lat' dir='ltr'><strong>Evil-tlardoch</strong></span> <span class='ocrx_word' id='word_1_33' title='bbox 638 343 725 362; x_wconf 70' lang='lat' dir='ltr'><strong>annos</strong></span> <span class='ocrx_word' id='word_1_34' title='bbox 751 336 841 370; x_wconf 66' lang='lat' dir='ltr'><strong>viginti</strong></span> <span class='ocrx_word' id='word_1_35' title='bbox 873 342 933 363; x_wconf 86' lang='lat' dir='ltr'><strong>tres.</strong></span> <span class='ocrx_word' id='word_1_36' title='bbox 954 336 1002 362; x_wconf 92' lang='lat' dir='ltr'><strong>llic</strong></span> 
     </span>
    </p>
   </div>
   <div class='ocr_carea' id='block_1_8' title="bbox 213 378 999 414">
    <p class='ocr_par' dir='ltr' id='par_1_8' title="bbox 213 378 999 414">
     <span class='ocr_line' id='line_1_8' title="bbox 213 378 999 414; baseline 0.001 -10"><span class='ocrx_word' id='word_1_37' title='bbox 213 378 346 409; x_wconf 82' lang='lat' dir='ltr'><strong>Joachim,</strong></span> <span class='ocrx_word' id='word_1_38' title='bbox 364 379 545 405; x_wconf 86' lang='lat' dir='ltr'><strong>lsraelitarnnt</strong></span> <span class='ocrx_word' id='word_1_39' title='bbox 565 387 593 405; x_wconf 85' lang='lat' dir='ltr'><strong>re</strong></span> <span class='ocrx_word' id='word_1_40' title='bbox 603 387 676 414; x_wconf 71' lang='lat' dir='ltr'><strong>gem,</strong></span> <span class='ocrx_word' id='word_1_41' title='bbox 693 388 706 406; x_wconf 87' lang='lat' dir='ltr'><strong>e</strong></span> <span class='ocrx_word' id='word_1_42' title='bbox 724 387 831 406; x_wconf 82' lang='lat' dir='ltr'><strong>carcere</strong></span> <span class='ocrx_word' id='word_1_43' title='bbox 846 380 973 406; x_wconf 69' lang='lat' dir='ltr'><strong>eductum</strong></span> <span class='ocrx_word' id='word_1_44' title='bbox 991 400 999 411; x_wconf 86' lang='lat'><strong>,</strong></span> 
     </span>
    </p>
   </div>
   <div class='ocr_carea' id='block_1_9' title="bbox 217 425 998 459">
    <p class='ocr_par' dir='ltr' id='par_1_9' title="bbox 217 425 998 459">
     <span class='ocr_line' id='line_1_9' title="bbox 217 425 998 459; baseline 0 -8"><span class='ocrx_word' id='word_1_45' title='bbox 217 429 291 452; x_wconf 89' lang='lat' dir='ltr'><strong>veste</strong></span> <span class='ocrx_word' id='word_1_46' title='bbox 309 425 408 455; x_wconf 82' lang='lat' dir='ltr'><strong>induit,</strong></span> <span class='ocrx_word' id='word_1_47' title='bbox 426 426 548 459; x_wconf 86' lang='lat' dir='ltr'><strong>beneque</strong></span> <span class='ocrx_word' id='word_1_48' title='bbox 563 426 700 457; x_wconf 81' lang='lat' dir='ltr'><strong>tractavit,</strong></span> <span class='ocrx_word' id='word_1_49' title='bbox 718 433 767 452; x_wconf 88' lang='lat' dir='ltr'><strong>nec</strong></span> <span class='ocrx_word' id='word_1_50' title='bbox 781 433 834 452; x_wconf 90' lang='lat' dir='ltr'><strong>non</strong></span> <span class='ocrx_word' id='word_1_51' title='bbox 863 426 998 451; x_wconf 65' lang='lat' dir='ltr'><strong>Israelitas</strong></span> 
     </span>
    </p>
   </div>
   <div class='ocr_carea' id='block_1_10' title="bbox 213 470 996 505">
    <p class='ocr_par' dir='ltr' id='par_1_10' title="bbox 213 470 996 505">
     <span class='ocr_line' id='line_1_10' title="bbox 213 470 996 505; baseline 0 -9"><span class='ocrx_word' id='word_1_52' title='bbox 213 476 345 505; x_wconf 91' lang='lat' dir='ltr'><strong>quotquot</strong></span> <span class='ocrx_word' id='word_1_53' title='bbox 362 471 386 498; x_wconf 91' lang='lat' dir='ltr'><strong>in</strong></span> <span class='ocrx_word' id='word_1_54' title='bbox 404 479 511 498; x_wconf 88' lang='lat' dir='ltr'><strong>carcere</strong></span> <span class='ocrx_word' id='word_1_55' title='bbox 528 475 605 497; x_wconf 88' lang='lat' dir='ltr'><strong>erant</strong></span> <span class='ocrx_word' id='word_1_56' title='bbox 631 470 744 497; x_wconf 81' lang='lat' dir='ltr'><strong>dimisit.</strong></span> <span class='ocrx_word' id='word_1_57' title='bbox 764 470 880 497; x_wconf 86' lang='lat' dir='ltr'><strong>.lcremia</strong></span> <span class='ocrx_word' id='word_1_58' title='bbox 907 477 996 497; x_wconf 80' lang='lat' dir='ltr'><strong>autem</strong></span> 
     </span>
    </p>
   </div>
   <div class='ocr_carea' id='block_1_11' title="bbox 214 516 995 551">
    <p class='ocr_par' dir='ltr' id='par_1_11' title="bbox 214 516 995 551">
     <span class='ocr_line' id='line_1_11' title="bbox 214 516 995 551; baseline -0.001 -8"><span class='ocrx_word' id='word_1_59' title='bbox 214 518 346 551; x_wconf 92' lang='lat' dir='ltr'><strong>propheta</strong></span> <span class='ocrx_word' id='word_1_60' title='bbox 359 517 386 542; x_wconf 89' lang='lat' dir='ltr'><strong>in</strong></span> <span class='ocrx_word' id='word_1_61' title='bbox 405 516 522 550; x_wconf 59' lang='lat' dir='ltr'><strong>[Egypto</strong></span> <span class='ocrx_word' id='word_1_62' title='bbox 541 517 705 551; x_wconf 83' lang='lat' dir='ltr'><strong>lapidatione</strong></span> <span class='ocrx_word' id='word_1_63' title='bbox 733 525 748 543; x_wconf 93' lang='lat' dir='ltr'><strong>e</strong></span> <span class='ocrx_word' id='word_1_64' title='bbox 762 517 852 543; x_wconf 85' lang='lat' dir='ltr'><strong>medio</strong></span> <span class='ocrx_word' id='word_1_65' title='bbox 870 516 995 542; x_wconf 87' lang='lat' dir='ltr'><strong>sublatus</strong></span> 
     </span>
    </p>
   </div>
   <div class='ocr_carea' id='block_1_12' title="bbox 213 560 998 596">
    <p class='ocr_par' dir='ltr' id='par_1_12' title="bbox 213 560 998 596">
     <span class='ocr_line' id='line_1_12' title="bbox 213 560 998 596; baseline -0.003 -8"><span class='ocrx_word' id='word_1_66' title='bbox 213 567 265 589; x_wconf 76' lang='lat' dir='ltr'><strong>est.</strong></span> <span class='ocrx_word' id='word_1_67' title='bbox 280 561 412 595; x_wconf 81' lang='lat' dir='ltr'><strong>lapidibus</strong></span> <span class='ocrx_word' id='word_1_68' title='bbox 427 561 528 595; x_wconf 86' lang='lat' dir='ltr'><strong>petitus</strong></span> <span class='ocrx_word' id='word_1_69' title='bbox 545 569 631 596; x_wconf 82' lang='lat' dir='ltr'><strong>usque</strong></span> <span class='ocrx_word' id='word_1_70' title='bbox 640 562 703 588; x_wconf 88' lang='lat' dir='ltr'><strong>dtnn</strong></span> <span class='ocrx_word' id='word_1_71' title='bbox 717 565 875 595; x_wconf 81' lang='lat' dir='ltr'><strong>moreretur,</strong></span> <span class='ocrx_word' id='word_1_72' title='bbox 886 560 998 596; x_wconf 74' lang='lat' dir='ltr'><strong>[illlqllf‘]</strong></span> 
     </span>
    </p>
   </div>
   <div class='ocr_carea' id='block_1_13' title="bbox 213 605 997 642">
    <p class='ocr_par' dir='ltr' id='par_1_13' title="bbox 213 605 997 642">
     <span class='ocr_line' id='line_1_13' title="bbox 213 605 997 642; baseline 0 -10"><span class='ocrx_word' id='word_1_73' title='bbox 213 607 346 640; x_wconf 81' lang='lat' dir='ltr'><strong>sepultus.</strong></span> <span class='ocrx_word' id='word_1_74' title='bbox 365 605 467 633; x_wconf 85' lang='lat' dir='ltr'><strong>Ferunt</strong></span> <span class='ocrx_word' id='word_1_75' title='bbox 483 606 667 633; x_wconf 80' lang='lat' dir='ltr'><strong>Alexandrum</strong></span> <span class='ocrx_word' id='word_1_76' title='bbox 697 614 758 633; x_wconf 89' lang='lat' dir='ltr'><strong>cum</strong></span> <span class='ocrx_word' id='word_1_77' title='bbox 781 606 928 642; x_wconf 59' lang='lat' dir='ltr'><strong>(Egyptnm</strong></span> <span class='ocrx_word' id='word_1_78' title='bbox 955 609 997 632; x_wconf 86' lang='lat' dir='ltr'><strong>in-</strong></span> 
     </span>
    </p>
   </div>
   <div class='ocr_carea' id='block_1_14' title="bbox 213 651 994 686">
    <p class='ocr_par' dir='ltr' id='par_1_14' title="bbox 213 651 994 686">
     <span class='ocr_line' id='line_1_14' title="bbox 213 651 994 686; baseline 0.001 -9"><span class='ocrx_word' id='word_1_79' title='bbox 213 660 322 686; x_wconf 70' lang='lat' dir='ltr'><strong>greSsus</strong></span> <span class='ocrx_word' id='word_1_80' title='bbox 341 657 424 682; x_wconf 74' lang='lat' dir='ltr'><strong>esset.</strong></span> <span class='ocrx_word' id='word_1_81' title='bbox 439 651 566 678; x_wconf 70' lang='lat' dir='ltr'><strong>Jeremitc</strong></span> <span class='ocrx_word' id='word_1_82' title='bbox 586 653 725 686; x_wconf 71' lang='lat' dir='ltr'><strong>propheta:</strong></span> <span class='ocrx_word' id='word_1_83' title='bbox 750 659 851 686; x_wconf 81' lang='lat' dir='ltr'><strong>corpus</strong></span> <span class='ocrx_word' id='word_1_84' title='bbox 874 654 994 679; x_wconf 78' lang='lat' dir='ltr'><strong>Alexan-</strong></span> 
     </span>
    </p>
   </div>
   <div class='ocr_carea' id='block_1_15' title="bbox 213 697 999 731">
    <p class='ocr_par' dir='ltr' id='par_1_15' title="bbox 213 697 999 731">
     <span class='ocr_line' id='line_1_15' title="bbox 213 697 999 731; baseline 0 -8"><span class='ocrx_word' id='word_1_85' title='bbox 213 699 298 724; x_wconf 85' lang='lat' dir='ltr'><strong>driam</strong></span> <span class='ocrx_word' id='word_1_86' title='bbox 315 698 476 724; x_wconf 79' lang='lat' dir='ltr'><strong>translatum</strong></span> <span class='ocrx_word' id='word_1_87' title='bbox 496 698 532 724; x_wconf 87' lang='lat' dir='ltr'><strong>ibi</strong></span> <span class='ocrx_word' id='word_1_88' title='bbox 552 698 702 731; x_wconf 83' lang='lat' dir='ltr'><strong>sepeliisse.</strong></span> <span class='ocrx_word' id='word_1_89' title='bbox 729 697 836 724; x_wconf 85' lang='lat' dir='ltr'><strong>Mortuo</strong></span> <span class='ocrx_word' id='word_1_90' title='bbox 853 698 910 724; x_wconf 82' lang='lat' dir='ltr'><strong>Evil</strong></span> <span class='ocrx_word' id='word_1_91' title='bbox 926 697 999 723; x_wconf 84' lang='lat' dir='ltr'><strong>Mar-</strong></span> 
     </span>
    </p>
   </div>
   <div class='ocr_carea' id='block_1_16' title="bbox 213 743 999 778">
    <p class='ocr_par' dir='ltr' id='par_1_16' title="bbox 213 743 999 778">
     <span class='ocr_line' id='line_1_16' title="bbox 213 743 999 778; baseline 0.003 -10"><span class='ocrx_word' id='word_1_92' title='bbox 213 743 301 769; x_wconf 78' lang='lat' dir='ltr'><strong>Iloclm</strong></span> <span class='ocrx_word' id='word_1_93' title='bbox 316 747 377 777; x_wconf 91' lang='lat' dir='ltr'><strong>post</strong></span> <span class='ocrx_word' id='word_1_94' title='bbox 400 743 488 777; x_wconf 90' lang='lat' dir='ltr'><strong>ipsum</strong></span> <span class='ocrx_word' id='word_1_95' title='bbox 525 743 642 770; x_wconf 86' lang='lat' dir='ltr'><strong>triennio</strong></span> <span class='ocrx_word' id='word_1_96' title='bbox 672 743 792 777; x_wconf 75' lang='lat' dir='ltr'><strong>regnarit</strong></span> <span class='ocrx_word' id='word_1_97' title='bbox 822 743 892 770; x_wconf 84' lang='lat' dir='ltr'><strong>filius</strong></span> <span class='ocrx_word' id='word_1_98' title='bbox 913 744 999 778; x_wconf 86' lang='lat' dir='ltr'><strong>ipsius</strong></span> 
     </span>
    </p>
   </div>
   <div class='ocr_carea' id='block_1_17' title="bbox 213 787 1000 823">
    <p class='ocr_par' dir='ltr' id='par_1_17' title="bbox 213 787 1000 823">
     <span class='ocr_line' id='line_1_17' title="bbox 213 787 1000 823; baseline 0.004 -10"><span class='ocrx_word' id='word_1_99' title='bbox 213 787 345 819; x_wconf 76' lang='lat' dir='ltr'><strong>Deltasar.</strong></span> <span class='ocrx_word' id='word_1_100' title='bbox 353 788 450 815; x_wconf 88' lang='lat' dir='ltr'><strong>deinde</strong></span> <span class='ocrx_word' id='word_1_101' title='bbox 463 789 622 815; x_wconf 82' lang='lat' dir='ltr'><strong>interfectus</strong></span> <span class='ocrx_word' id='word_1_102' title='bbox 633 793 685 815; x_wconf 89' lang='lat' dir='ltr'><strong>est.</strong></span> <span class='ocrx_word' id='word_1_103' title='bbox 695 790 810 823; x_wconf 83' lang='lat' dir='ltr'><strong>Quippe,</strong></span> <span class='ocrx_word' id='word_1_104' title='bbox 827 797 887 816; x_wconf 83' lang='lat' dir='ltr'><strong>cum</strong></span> <span class='ocrx_word' id='word_1_105' title='bbox 899 789 1000 816; x_wconf 76' lang='lat' dir='ltr'><strong>instru~</strong></span> 
     </span>
    </p>
   </div>
   <div class='ocr_carea' id='block_1_18' title="bbox 214 833 998 861">
    <p class='ocr_par' dir='ltr' id='par_1_18' title="bbox 214 833 998 861">
     <span class='ocr_line' id='line_1_18' title="bbox 214 833 998 861; baseline 0.003 -2"><span class='ocrx_word' id='word_1_106' title='bbox 214 839 259 860; x_wconf 90' lang='lat' dir='ltr'><strong>clo</strong></span> <span class='ocrx_word' id='word_1_107' title='bbox 276 833 399 860; x_wconf 82' lang='lat' dir='ltr'><strong>convivio</strong></span> <span class='ocrx_word' id='word_1_108' title='bbox 415 841 466 859; x_wconf 89' lang='lat' dir='ltr'><strong>una</strong></span> <span class='ocrx_word' id='word_1_109' title='bbox 480 841 542 859; x_wconf 90' lang='lat' dir='ltr'><strong>cum</strong></span> <span class='ocrx_word' id='word_1_110' title='bbox 555 834 703 860; x_wconf 82' lang='lat' dir='ltr'><strong>comitibus</strong></span> <span class='ocrx_word' id='word_1_111' title='bbox 716 834 773 860; x_wconf 83' lang='lat' dir='ltr'><strong>suis</strong></span> <span class='ocrx_word' id='word_1_112' title='bbox 801 835 894 861; x_wconf 78' lang='lat' dir='ltr'><strong>ederet</strong></span> <span class='ocrx_word' id='word_1_113' title='bbox 911 842 942 860; x_wconf 84' lang='lat' dir='ltr'><strong>ac.</strong></span> <span class='ocrx_word' id='word_1_114' title='bbox 958 835 998 861; x_wconf 88' lang='lat' dir='ltr'><strong>bi-</strong></span> 
     </span>
    </p>
   </div>
   <div class='ocr_carea' id='block_1_19' title="bbox 216 874 1034 914">
    <p class='ocr_par' dir='ltr' id='par_1_19' title="bbox 216 874 1034 914">
     <span class='ocr_line' id='line_1_19' title="bbox 216 874 1034 914; baseline 0.001 -9"><span class='ocrx_word' id='word_1_115' title='bbox 216 880 302 911; x_wconf 80' lang='lat' dir='ltr'><strong>beret,</strong></span> <span class='ocrx_word' id='word_1_116' title='bbox 316 879 475 913; x_wconf 80' lang='lat' dir='ltr'><strong>ebriusjam</strong></span> <span class='ocrx_word' id='word_1_117' title='bbox 492 879 580 906; x_wconf 83' lang='lat' dir='ltr'><strong>factus</strong></span> <span class='ocrx_word' id='word_1_118' title='bbox 593 879 685 905; x_wconf 71' lang='lat' dir='ltr'><strong>afferri</strong></span> <span class='ocrx_word' id='word_1_119' title='bbox 707 879 790 912; x_wconf 83' lang='lat' dir='ltr'><strong>jussit</strong></span> <span class='ocrx_word' id='word_1_120' title='bbox 815 887 880 906; x_wconf 85' lang='lat' dir='ltr'><strong>vasa</strong></span> <span class='ocrx_word' id='word_1_121' title='bbox 905 881 995 914; x_wconf 92' lang='lat' dir='ltr'><strong>templi</strong></span> <span class='ocrx_word' id='word_1_122' title='bbox 1015 874 1034 901; x_wconf 73' lang='grc' dir='ltr'><strong>Β</strong></span> 
     </span>
    </p>
   </div>
   <div class='ocr_carea' id='block_1_20' title="bbox 213 924 998 959">
    <p class='ocr_par' dir='ltr' id='par_1_20' title="bbox 213 924 998 959">
     <span class='ocr_line' id='line_1_20' title="bbox 213 924 998 959; baseline 0.003 -9"><span class='ocrx_word' id='word_1_123' title='bbox 213 932 293 950; x_wconf 81' lang='lat' dir='ltr'><strong>aurea</strong></span> <span class='ocrx_word' id='word_1_124' title='bbox 307 930 334 950; x_wconf 86' lang='lat' dir='ltr'><strong>ct.</strong></span> <span class='ocrx_word' id='word_1_125' title='bbox 345 930 471 958; x_wconf 76' lang='lat' dir='ltr'><strong>argentea</strong></span> <span class='ocrx_word' id='word_1_126' title='bbox 482 933 541 959; x_wconf 81' lang='lat' dir='ltr'><strong>qua:</strong></span> <span class='ocrx_word' id='word_1_127' title='bbox 555 924 749 959; x_wconf 83' lang='lat' dir='ltr'><strong>Hierosolymis</strong></span> <span class='ocrx_word' id='word_1_128' title='bbox 761 925 918 952; x_wconf 82' lang='lat' dir='ltr'><strong>abduxisset</strong></span> <span class='ocrx_word' id='word_1_129' title='bbox 931 934 998 953; x_wconf 83' lang='lat' dir='ltr'><strong>avus</strong></span> 
     </span>
    </p>
   </div>
   <div class='ocr_carea' id='block_1_21' title="bbox 213 969 996 1004">
    <p class='ocr_par' dir='ltr' id='par_1_21' title="bbox 213 969 996 1004">
     <span class='ocr_line' id='line_1_21' title="bbox 213 969 996 1004; baseline 0.004 -9"><span class='ocrx_word' id='word_1_130' title='bbox 213 969 297 1002; x_wconf 83' lang='lat' dir='ltr'><strong>ipsius</strong></span> <span class='ocrx_word' id='word_1_131' title='bbox 316 970 526 1002; x_wconf 78' lang='lat' dir='ltr'><strong>llochlanasserI</strong></span> <span class='ocrx_word' id='word_1_132' title='bbox 544 971 570 996; x_wconf 94' lang='lat' dir='ltr'><strong>in</strong></span> <span class='ocrx_word' id='word_1_133' title='bbox 585 970 684 1004; x_wconf 80' lang='lat' dir='ltr'><strong>quibus</strong></span> <span class='ocrx_word' id='word_1_134' title='bbox 702 977 763 996; x_wconf 91' lang='lat' dir='ltr'><strong>cum</strong></span> <span class='ocrx_word' id='word_1_135' title='bbox 783 971 895 998; x_wconf 86' lang='lat' dir='ltr'><strong>bibisset</strong></span> <span class='ocrx_word' id='word_1_136' title='bbox 909 976 936 998; x_wconf 88' lang='lat' dir='ltr'><strong>et</strong></span> <span class='ocrx_word' id='word_1_137' title='bbox 952 980 996 998; x_wconf 88' lang='lat' dir='ltr'><strong>so-</strong></span> 
     </span>
    </p>
   </div>
   <div class='ocr_carea' id='block_1_22' title="bbox 212 1013 997 1048">
    <p class='ocr_par' dir='ltr' id='par_1_22' title="bbox 212 1013 997 1048">
     <span class='ocr_line' id='line_1_22' title="bbox 212 1013 997 1048; baseline 0.001 -9"><span class='ocrx_word' id='word_1_138' title='bbox 212 1013 263 1040; x_wconf 83' lang='lat' dir='ltr'><strong>ciis</strong></span> <span class='ocrx_word' id='word_1_139' title='bbox 277 1014 335 1040; x_wconf 86' lang='lat' dir='ltr'><strong>suis</strong></span> <span class='ocrx_word' id='word_1_140' title='bbox 347 1014 492 1040; x_wconf 80' lang='lat' dir='ltr'><strong>bibendum</strong></span> <span class='ocrx_word' id='word_1_141' title='bbox 512 1015 681 1048; x_wconf 73' lang='lat' dir='ltr'><strong>prmbuisset.</strong></span> <span class='ocrx_word' id='word_1_142' title='bbox 697 1015 800 1041; x_wconf 87' lang='lat' dir='ltr'><strong>interea</strong></span> <span class='ocrx_word' id='word_1_143' title='bbox 816 1016 880 1041; x_wconf 87' lang='lat' dir='ltr'><strong>dttm</strong></span> <span class='ocrx_word' id='word_1_144' title='bbox 897 1016 922 1042; x_wconf 92' lang='lat' dir='ltr'><strong>iu</strong></span> <span class='ocrx_word' id='word_1_145' title='bbox 939 1016 997 1042; x_wconf 66' lang='lat' dir='ltr'><strong>loci:</strong></span> 
     </span>
    </p>
   </div>
   <div class='ocr_carea' id='block_1_23' title="bbox 213 1059 996 1095">
    <p class='ocr_par' dir='ltr' id='par_1_23' title="bbox 213 1059 996 1095">
     <span class='ocr_line' id='line_1_23' title="bbox 213 1059 996 1095; baseline 0 -10"><span class='ocrx_word' id='word_1_146' title='bbox 213 1066 263 1085; x_wconf 90' lang='lat' dir='ltr'><strong>suo</strong></span> <span class='ocrx_word' id='word_1_147' title='bbox 280 1059 424 1090; x_wconf 83' lang='lat' dir='ltr'><strong>dormiret,</strong></span> <span class='ocrx_word' id='word_1_148' title='bbox 441 1059 510 1086; x_wconf 83' lang='lat' dir='ltr'><strong>vidit</strong></span> <span class='ocrx_word' id='word_1_149' title='bbox 535 1067 599 1086; x_wconf 87' lang='lat' dir='ltr'><strong>ecce</strong></span> <span class='ocrx_word' id='word_1_150' title='bbox 616 1060 704 1086; x_wconf 85' lang='lat' dir='ltr'><strong>volam</strong></span> <span class='ocrx_word' id='word_1_151' title='bbox 727 1067 823 1087; x_wconf 80' lang='lat' dir='ltr'><strong>manus</strong></span> <span class='ocrx_word' id='word_1_152' title='bbox 839 1061 864 1087; x_wconf 92' lang='lat' dir='ltr'><strong>in</strong></span> <span class='ocrx_word' id='word_1_153' title='bbox 884 1061 996 1095; x_wconf 77' lang='lat' dir='ltr'><strong>pariete,</strong></span> 
     </span>
    </p>
   </div>
   <div class='ocr_carea' id='block_1_24' title="bbox 212 1103 996 1140">
    <p class='ocr_par' dir='ltr' id='par_1_24' title="bbox 212 1103 996 1140">
     <span class='ocr_line' id='line_1_24' title="bbox 212 1103 996 1140; baseline 0.003 -10"><span class='ocrx_word' id='word_1_154' title='bbox 212 1105 291 1137; x_wconf 86' lang='lat' dir='ltr'><strong>cujus</strong></span> <span class='ocrx_word' id='word_1_155' title='bbox 303 1105 376 1139; x_wconf 81' lang='lat' dir='ltr'><strong>digiti</strong></span> <span class='ocrx_word' id='word_1_156' title='bbox 391 1103 516 1140; x_wconf 87' lang='lat' dir='ltr'><strong>[aliquid]</strong></span> <span class='ocrx_word' id='word_1_157' title='bbox 531 1105 694 1132; x_wconf 82' lang='lat' dir='ltr'><strong>scriberent.</strong></span> <span class='ocrx_word' id='word_1_158' title='bbox 711 1105 807 1139; x_wconf 69' lang='lat' dir='ltr'><strong>Magno</strong></span> <span class='ocrx_word' id='word_1_159' title='bbox 830 1106 911 1139; x_wconf 78' lang='lat' dir='ltr'><strong>igitur</strong></span> <span class='ocrx_word' id='word_1_160' title='bbox 924 1111 996 1133; x_wconf 90' lang='lat' dir='ltr'><strong>metu</strong></span> 
     </span>
    </p>
   </div>
   <div class='ocr_carea' id='block_1_25' title="bbox 213 1149 996 1184">
    <p class='ocr_par' dir='ltr' id='par_1_25' title="bbox 213 1149 996 1184">
     <span class='ocr_line' id='line_1_25' title="bbox 213 1149 996 1184; baseline 0.003 -9"><span class='ocrx_word' id='word_1_161' title='bbox 213 1154 405 1176; x_wconf 74' lang='lat' dir='ltr'><strong>consternatus</strong></span> <span class='ocrx_word' id='word_1_162' title='bbox 419 1157 515 1177; x_wconf 88' lang='lat' dir='ltr'><strong>omnes</strong></span> <span class='ocrx_word' id='word_1_163' title='bbox 541 1149 752 1184; x_wconf 78' lang='lat' dir='ltr'><strong>Babyloniorum</strong></span> <span class='ocrx_word' id='word_1_164' title='bbox 773 1151 869 1178; x_wconf 90' lang='lat' dir='ltr'><strong>doctos</strong></span> <span class='ocrx_word' id='word_1_165' title='bbox 895 1160 996 1178; x_wconf 86' lang='lat' dir='ltr'><strong>convu—</strong></span> 
     </span>
    </p>
   </div>
   <div class='ocr_carea' id='block_1_26' title="bbox 213 1195 995 1231">
    <p class='ocr_par' dir='ltr' id='par_1_26' title="bbox 213 1195 995 1231">
     <span class='ocr_line' id='line_1_26' title="bbox 213 1195 995 1231; baseline 0.003 -10"><span class='ocrx_word' id='word_1_166' title='bbox 213 1195 283 1221; x_wconf 82' lang='lat' dir='ltr'><strong>eavit</strong></span> <span class='ocrx_word' id='word_1_167' title='bbox 302 1199 332 1222; x_wconf 87' lang='lat' dir='ltr'><strong>ut</strong></span> <span class='ocrx_word' id='word_1_168' title='bbox 348 1196 512 1229; x_wconf 85' lang='lat' dir='ltr'><strong>scripturam</strong></span> <span class='ocrx_word' id='word_1_169' title='bbox 533 1196 613 1222; x_wconf 88' lang='lat' dir='ltr'><strong>istam</strong></span> <span class='ocrx_word' id='word_1_170' title='bbox 631 1196 751 1230; x_wconf 82' lang='lat' dir='ltr'><strong>legerent</strong></span> <span class='ocrx_word' id='word_1_171' title='bbox 768 1201 849 1231; x_wconf 87' lang='lat' dir='ltr'><strong>atque</strong></span> <span class='ocrx_word' id='word_1_172' title='bbox 861 1197 995 1231; x_wconf 82' lang='lat' dir='ltr'><strong>interpre-</strong></span> 
     </span>
    </p>
   </div>
   <div class='ocr_carea' id='block_1_27' title="bbox 213 1240 996 1275">
    <p class='ocr_par' dir='ltr' id='par_1_27' title="bbox 213 1240 996 1275">
     <span class='ocr_line' id='line_1_27' title="bbox 213 1240 996 1275; baseline 0.004 -9"><span class='ocrx_word' id='word_1_173' title='bbox 213 1245 346 1267; x_wconf 78' lang='lat' dir='ltr'><strong>tarentur.</strong></span> <span class='ocrx_word' id='word_1_174' title='bbox 366 1240 443 1273; x_wconf 88' lang='lat' dir='ltr'><strong>Quod</strong></span> <span class='ocrx_word' id='word_1_175' title='bbox 462 1248 521 1267; x_wconf 90' lang='lat' dir='ltr'><strong>cum</strong></span> <span class='ocrx_word' id='word_1_176' title='bbox 542 1241 578 1267; x_wconf 87' lang='lat' dir='ltr'><strong>illi</strong></span> <span class='ocrx_word' id='word_1_177' title='bbox 594 1241 684 1268; x_wconf 85' lang='lat' dir='ltr'><strong>facere</strong></span> <span class='ocrx_word' id='word_1_178' title='bbox 702 1249 755 1268; x_wconf 92' lang='lat' dir='ltr'><strong>non</strong></span> <span class='ocrx_word' id='word_1_179' title='bbox 779 1247 901 1275; x_wconf 84' lang='lat' dir='ltr'><strong>possent,</strong></span> <span class='ocrx_word' id='word_1_180' title='bbox 923 1243 996 1269; x_wconf 77' lang='lat' dir='ltr'><strong>dixe-</strong></span> 
     </span>
    </p>
   </div>
   <div class='ocr_carea' id='block_1_28' title="bbox 213 1285 994 1321">
    <p class='ocr_par' dir='ltr' id='par_1_28' title="bbox 213 1285 994 1321">
     <span class='ocr_line' id='line_1_28' title="bbox 213 1285 994 1321; baseline 0.003 -9"><span class='ocrx_word' id='word_1_181' title='bbox 213 1291 276 1312; x_wconf 91' lang='lat' dir='ltr'><strong>runt</strong></span> <span class='ocrx_word' id='word_1_182' title='bbox 306 1287 362 1321; x_wconf 79' lang='lat' dir='ltr'><strong>regi</strong></span> <span class='ocrx_word' id='word_1_183' title='bbox 382 1286 449 1314; x_wconf 72' lang='lat' dir='ltr'><strong>:list</strong></span> <span class='ocrx_word' id='word_1_184' title='bbox 477 1286 521 1313; x_wconf 89' lang='lat' dir='ltr'><strong>hic</strong></span> <span class='ocrx_word' id='word_1_185' title='bbox 540 1294 572 1313; x_wconf 82' lang='lat' dir='ltr'><strong>ex</strong></span> <span class='ocrx_word' id='word_1_186' title='bbox 600 1285 728 1314; x_wconf 87' lang='lat' dir='ltr'><strong>lsraelitis</strong></span> <span class='ocrx_word' id='word_1_187' title='bbox 749 1287 871 1321; x_wconf 88' lang='lat' dir='ltr'><strong>quidam,</strong></span> <span class='ocrx_word' id='word_1_188' title='bbox 885 1288 994 1314; x_wconf 91' lang='lat' dir='ltr'><strong>nomine</strong></span> 
     </span>
    </p>
   </div>
   <div class='ocr_carea' id='block_1_29' title="bbox 214 1331 996 1368">
    <p class='ocr_par' dir='ltr' id='par_1_29' title="bbox 214 1331 996 1368">
     <span class='ocr_line' id='line_1_29' title="bbox 214 1331 996 1368; baseline 0.004 -12"><span class='ocrx_word' id='word_1_189' title='bbox 214 1331 316 1363; x_wconf 84' lang='lat' dir='ltr'><strong>Daniel,</strong></span> <span class='ocrx_word' id='word_1_190' title='bbox 334 1339 415 1365; x_wconf 89' lang='lat' dir='ltr'><strong>quem</strong></span> <span class='ocrx_word' id='word_1_191' title='bbox 433 1331 466 1358; x_wconf 88' lang='lat' dir='ltr'><strong>ad</strong></span> <span class='ocrx_word' id='word_1_192' title='bbox 486 1332 616 1359; x_wconf 78' lang='lat' dir='ltr'><strong>honorem</strong></span> <span class='ocrx_word' id='word_1_193' title='bbox 639 1333 736 1364; x_wconf 73' lang='lat' dir='ltr'><strong>evexit,</strong></span> <span class='ocrx_word' id='word_1_194' title='bbox 764 1337 790 1359; x_wconf 83' lang='lat' dir='ltr'><strong>et</strong></span> <span class='ocrx_word' id='word_1_195' title='bbox 821 1334 910 1368; x_wconf 75' lang='lat' dir='ltr'><strong>magni</strong></span> <span class='ocrx_word' id='word_1_196' title='bbox 933 1334 996 1360; x_wconf 88' lang='lat' dir='ltr'><strong>fecit</strong></span> 
     </span>
    </p>
   </div>
   <div class='ocr_carea' id='block_1_30' title="bbox 213 1369 995 1412">
    <p class='ocr_par' dir='ltr' id='par_1_30' title="bbox 213 1369 995 1412">
     <span class='ocr_line' id='line_1_30' title="bbox 213 1369 995 1412; baseline 0.005 -11"><span class='ocrx_word' id='word_1_197' title='bbox 213 1383 279 1403; x_wconf 77' lang='lat' dir='ltr'><strong>avus</strong></span> <span class='ocrx_word' id='word_1_198' title='bbox 300 1381 362 1404; x_wconf 86' lang='lat' dir='ltr'><strong>tuus</strong></span> <span class='ocrx_word' id='word_1_199' title='bbox 378 1369 596 1410; x_wconf 61' lang='lat' dir='ltr'><strong>Bochtanasser;</strong></span> <span class='ocrx_word' id='word_1_200' title='bbox 615 1377 660 1404; x_wconf 92' lang='lat' dir='ltr'><strong>ille</strong></span> <span class='ocrx_word' id='word_1_201' title='bbox 670 1377 752 1412; x_wconf 72' lang='grc'><strong>256</strong></span> <span class='ocrx_word' id='word_1_202' title='bbox 764 1377 811 1404; x_wconf 88' lang='lat' dir='ltr'><strong>tibi</strong></span> <span class='ocrx_word' id='word_1_203' title='bbox 831 1380 995 1412; x_wconf 79' lang='lat' dir='ltr'><strong>scripturam</strong></span> 
     </span>
    </p>
   </div>
   <div class='ocr_carea' id='block_1_31' title="bbox 214 1421 997 1458">
    <p class='ocr_par' dir='ltr' id='par_1_31' title="bbox 214 1421 997 1458">
     <span class='ocr_line' id='line_1_31' title="bbox 214 1421 997 1458; baseline 0.003 -10"><span class='ocrx_word' id='word_1_204' title='bbox 214 1421 284 1448; x_wconf 82' lang='lat' dir='ltr'><strong>hanc</strong></span> <span class='ocrx_word' id='word_1_205' title='bbox 304 1427 330 1449; x_wconf 88' lang='lat' dir='ltr'><strong>et</strong></span> <span class='ocrx_word' id='word_1_206' title='bbox 356 1422 426 1456; x_wconf 75' lang='lat' dir='ltr'><strong>leget</strong></span> <span class='ocrx_word' id='word_1_207' title='bbox 441 1427 469 1449; x_wconf 84' lang='lat' dir='ltr'><strong>et</strong></span> <span class='ocrx_word' id='word_1_208' title='bbox 503 1423 737 1457; x_wconf 85' lang='lat' dir='ltr'><strong>iulerprctabitnr.</strong></span> <span class='ocrx_word' id='word_1_209' title='bbox 767 1424 916 1450; x_wconf 65' lang='lat' dir='ltr'><strong>Aecisrsivit</strong></span> <span class='ocrx_word' id='word_1_210' title='bbox 933 1432 997 1458; x_wconf 76' lang='lat' dir='ltr'><strong>ergo</strong></span> 
     </span>
    </p>
   </div>
   <div class='ocr_carea' id='block_1_32' title="bbox 214 1467 995 1504">
    <p class='ocr_par' dir='ltr' id='par_1_32' title="bbox 214 1467 995 1504">
     <span class='ocr_line' id='line_1_32' title="bbox 214 1467 995 1504; baseline 0.004 -11"><span class='ocrx_word' id='word_1_211' title='bbox 214 1474 262 1493; x_wconf 72' lang='lat' dir='ltr'><strong>rex</strong></span> <span class='ocrx_word' id='word_1_212' title='bbox 279 1467 430 1500; x_wconf 76' lang='lat' dir='ltr'><strong>Danieleni,</strong></span> <span class='ocrx_word' id='word_1_213' title='bbox 448 1468 496 1502; x_wconf 91' lang='lat' dir='ltr'><strong>qui</strong></span> <span class='ocrx_word' id='word_1_214' title='bbox 520 1468 586 1494; x_wconf 90' lang='lat' dir='ltr'><strong>illud</strong></span> <span class='ocrx_word' id='word_1_215' title='bbox 602 1468 674 1502; x_wconf 87' lang='lat' dir='ltr'><strong>quod</strong></span> <span class='ocrx_word' id='word_1_216' title='bbox 702 1469 832 1502; x_wconf 88' lang='lat' dir='ltr'><strong>scriptum</strong></span> <span class='ocrx_word' id='word_1_217' title='bbox 863 1469 915 1496; x_wconf 84' lang='lat' dir='ltr'><strong>fuit.</strong></span> <span class='ocrx_word' id='word_1_218' title='bbox 945 1470 995 1504; x_wconf 85' lang='lat' dir='ltr'><strong>ipsi</strong></span> 
     </span>
    </p>
   </div>
   <div class='ocr_carea' id='block_1_33' title="bbox 213 1512 1031 1560">
    <p class='ocr_par' dir='ltr' id='par_1_33' title="bbox 213 1512 1031 1560">
     <span class='ocr_line' id='line_1_33' title="bbox 213 1512 1031 1560; baseline 0.002 -21"><span class='ocrx_word' id='word_1_219' title='bbox 213 1513 287 1560; x_wconf 74' lang='lat' dir='ltr'><strong>legit.</strong></span> <span class='ocrx_word' id='word_1_220' title='bbox 304 1512 367 1538; x_wconf 89' lang='lat' dir='ltr'><strong>Erat</strong></span> <span class='ocrx_word' id='word_1_221' title='bbox 382 1519 482 1545; x_wconf 84' lang='lat' dir='ltr'><strong>autem,</strong></span> <span class='ocrx_word' id='word_1_222' title='bbox 500 1513 579 1544; x_wconf 74' lang='lat' dir='ltr'><strong>&quot;ani,</strong></span> <span class='ocrx_word' id='word_1_223' title='bbox 592 1513 693 1546; x_wconf 75' lang='lat' dir='ltr'><strong>Tltecel,</strong></span> <span class='ocrx_word' id='word_1_224' title='bbox 713 1513 905 1541; x_wconf 70' lang='lat' dir='ltr'><strong>Pltaraa.Dixit</strong></span> <span class='ocrx_word' id='word_1_225' title='bbox 913 1522 994 1549; x_wconf 79' lang='lat' dir='ltr'><strong>ergo;</strong></span> <span class='ocrx_word' id='word_1_226' title='bbox 1010 1530 1031 1560; x_wconf 80' lang='lat' dir='ltr'>C</span> 
     </span>
    </p>
   </div>
   <div class='ocr_carea' id='block_1_34' title="bbox 213 1557 998 1594">
    <p class='ocr_par' dir='ltr' id='par_1_34' title="bbox 213 1557 998 1594">
     <span class='ocr_line' id='line_1_34' title="bbox 213 1557 998 1594; baseline 0.005 -10"><span class='ocrx_word' id='word_1_227' title='bbox 213 1557 404 1593; x_wconf 85' lang='lat' dir='ltr'><strong>Interpretatio</strong></span> <span class='ocrx_word' id='word_1_228' title='bbox 414 1559 494 1591; x_wconf 79' lang='lat' dir='ltr'><strong>Mani,</strong></span> <span class='ocrx_word' id='word_1_229' title='bbox 509 1565 560 1592; x_wconf 86' lang='lat' dir='ltr'><strong>est,</strong></span> <span class='ocrx_word' id='word_1_230' title='bbox 578 1559 648 1586; x_wconf 89' lang='lat' dir='ltr'><strong>Deus</strong></span> <span class='ocrx_word' id='word_1_231' title='bbox 664 1567 776 1594; x_wconf 79' lang='lat' dir='ltr'><strong>regnum</strong></span> <span class='ocrx_word' id='word_1_232' title='bbox 793 1565 868 1586; x_wconf 87' lang='lat' dir='ltr'><strong>tuutn</strong></span> <span class='ocrx_word' id='word_1_233' title='bbox 885 1560 998 1593; x_wconf 83' lang='lat' dir='ltr'><strong>perfecit</strong></span> 
     </span>
    </p>
   </div>
   <div class='ocr_carea' id='block_1_35' title="bbox 212 1603 996 1639">
    <p class='ocr_par' dir='ltr' id='par_1_35' title="bbox 212 1603 996 1639">
     <span class='ocr_line' id='line_1_35' title="bbox 212 1603 996 1639; baseline 0.006 -11"><span class='ocrx_word' id='word_1_234' title='bbox 212 1608 238 1629; x_wconf 86' lang='lat' dir='ltr'><strong>et</strong></span> <span class='ocrx_word' id='word_1_235' title='bbox 254 1603 287 1629; x_wconf 90' lang='lat' dir='ltr'><strong>ad</strong></span> <span class='ocrx_word' id='word_1_236' title='bbox 304 1605 518 1638; x_wconf 78' lang='lat' dir='ltr'><strong>magnitudinem</strong></span> <span class='ocrx_word' id='word_1_237' title='bbox 535 1605 671 1639; x_wconf 88' lang='lat' dir='ltr'><strong>perduxit.</strong></span> <span class='ocrx_word' id='word_1_238' title='bbox 683 1605 872 1639; x_wconf 88' lang='lat' dir='ltr'><strong>Interpretatio</strong></span> <span class='ocrx_word' id='word_1_239' title='bbox 888 1606 996 1638; x_wconf 85' lang='lat' dir='ltr'><strong>Thecel,</strong></span> 
     </span>
    </p>
   </div>
   <div class='ocr_carea' id='block_1_36' title="bbox 212 1650 998 1686">
    <p class='ocr_par' dir='ltr' id='par_1_36' title="bbox 212 1650 998 1686">
     <span class='ocr_line' id='line_1_36' title="bbox 212 1650 998 1686; baseline 0.004 -12"><span class='ocrx_word' id='word_1_240' title='bbox 212 1656 326 1683; x_wconf 76' lang='lat' dir='ltr'><strong>regnent</strong></span> <span class='ocrx_word' id='word_1_241' title='bbox 342 1650 386 1676; x_wconf 91' lang='lat' dir='ltr'><strong>ubi</strong></span> <span class='ocrx_word' id='word_1_242' title='bbox 402 1650 550 1684; x_wconf 87' lang='lat' dir='ltr'><strong>perfectqu</strong></span> <span class='ocrx_word' id='word_1_243' title='bbox 565 1650 657 1683; x_wconf 85' lang='lat' dir='ltr'><strong>fuerit,</strong></span> <span class='ocrx_word' id='word_1_244' title='bbox 669 1650 794 1677; x_wconf 85' lang='lat' dir='ltr'><strong>deiicere.</strong></span> <span class='ocrx_word' id='word_1_245' title='bbox 808 1651 998 1686; x_wconf 81' lang='lat' dir='ltr'><strong>lnterpretatio</strong></span> 
     </span>
    </p>
   </div>
   <div class='ocr_carea' id='block_1_37' title="bbox 212 1693 996 1728">
    <p class='ocr_par' dir='ltr' id='par_1_37' title="bbox 212 1693 996 1728">
     <span class='ocr_line' id='line_1_37' title="bbox 212 1693 996 1728; baseline 0.004 -9"><span class='ocrx_word' id='word_1_246' title='bbox 212 1693 325 1725; x_wconf 83' lang='lat' dir='ltr'><strong>Pharas,</strong></span> <span class='ocrx_word' id='word_1_247' title='bbox 342 1701 455 1728; x_wconf 81' lang='lat' dir='ltr'><strong>regnum</strong></span> <span class='ocrx_word' id='word_1_248' title='bbox 480 1699 556 1721; x_wconf 87' lang='lat' dir='ltr'><strong>tuutu</strong></span> <span class='ocrx_word' id='word_1_249' title='bbox 573 1695 657 1722; x_wconf 80' lang='lat' dir='ltr'><strong>Medis</strong></span> <span class='ocrx_word' id='word_1_250' title='bbox 674 1700 702 1722; x_wconf 88' lang='lat' dir='ltr'><strong>et</strong></span> <span class='ocrx_word' id='word_1_251' title='bbox 718 1695 806 1722; x_wconf 79' lang='lat' dir='ltr'><strong>Persis</strong></span> <span class='ocrx_word' id='word_1_252' title='bbox 822 1696 996 1723; x_wconf 85' lang='lat' dir='ltr'><strong>distributum</strong></span> 
     </span>
    </p>
   </div>
   <div class='ocr_carea' id='block_1_38' title="bbox 212 1739 994 1776">
    <p class='ocr_par' dir='ltr' id='par_1_38' title="bbox 212 1739 994 1776">
     <span class='ocr_line' id='line_1_38' title="bbox 212 1739 994 1776; baseline 0.004 -11"><span class='ocrx_word' id='word_1_253' title='bbox 212 1739 255 1766; x_wconf 90' lang='lat' dir='ltr'><strong>iri.</strong></span> <span class='ocrx_word' id='word_1_254' title='bbox 276 1739 332 1766; x_wconf 84' lang='lat' dir='ltr'><strong>Rex</strong></span> <span class='ocrx_word' id='word_1_255' title='bbox 349 1748 413 1774; x_wconf 78' lang='lat' dir='ltr'><strong>ergo</strong></span> <span class='ocrx_word' id='word_1_256' title='bbox 443 1740 578 1767; x_wconf 68' lang='lat' dir='ltr'><strong>[ianielcm</strong></span> <span class='ocrx_word' id='word_1_257' title='bbox 603 1745 677 1768; x_wconf 82' lang='lat' dir='ltr'><strong>veste</strong></span> <span class='ocrx_word' id='word_1_258' title='bbox 694 1745 721 1768; x_wconf 91' lang='lat' dir='ltr'><strong>et</strong></span> <span class='ocrx_word' id='word_1_259' title='bbox 739 1747 835 1776; x_wconf 75' lang='lat' dir='ltr'><strong>tci&#39;que</strong></span> <span class='ocrx_word' id='word_1_260' title='bbox 853 1749 937 1768; x_wconf 89' lang='lat' dir='ltr'><strong>aureo</strong></span> <span class='ocrx_word' id='word_1_261' title='bbox 954 1745 994 1768; x_wconf 90' lang='lat' dir='ltr'><strong>in-</strong></span> 
     </span>
    </p>
   </div>
   <div class='ocr_carea' id='block_1_39' title="bbox 211 1784 995 1816">
    <p class='ocr_par' dir='ltr' id='par_1_39' title="bbox 211 1784 995 1816">
     <span class='ocr_line' id='line_1_39' title="bbox 211 1784 995 1816; baseline 0 -6"><span class='ocrx_word' id='word_1_262' title='bbox 211 1784 281 1812; x_wconf 86' lang='lat' dir='ltr'><strong>duit.</strong></span> <span class='ocrx_word' id='word_1_263' title='bbox 300 1784 351 1810; x_wconf 77' lang='lat' dir='ltr'><strong>lsla</strong></span> <span class='ocrx_word' id='word_1_264' title='bbox 371 1789 463 1812; x_wconf 84' lang='lat' dir='ltr'><strong>autem</strong></span> <span class='ocrx_word' id='word_1_265' title='bbox 479 1791 559 1812; x_wconf 85' lang='lat' dir='ltr'><strong>nocte</strong></span> <span class='ocrx_word' id='word_1_266' title='bbox 575 1785 733 1812; x_wconf 81' lang='lat' dir='ltr'><strong>interfectus</strong></span> <span class='ocrx_word' id='word_1_267' title='bbox 748 1791 788 1811; x_wconf 88' lang='lat' dir='ltr'><strong>est</strong></span> <span class='ocrx_word' id='word_1_268' title='bbox 806 1794 851 1812; x_wconf 84' lang='lat' dir='ltr'><strong>rex</strong></span> <span class='ocrx_word' id='word_1_269' title='bbox 865 1785 995 1816; x_wconf 83' lang='lat' dir='ltr'><strong>Deltasar,</strong></span> 
     </span>
    </p>
   </div>
   <div class='ocr_carea' id='block_1_40' title="bbox 213 1829 994 1865">
    <p class='ocr_par' dir='ltr' id='par_1_40' title="bbox 213 1829 994 1865">
     <span class='ocr_line' id='line_1_40' title="bbox 213 1829 994 1865; baseline 0.005 -11"><span class='ocrx_word' id='word_1_270' title='bbox 213 1829 390 1864; x_wconf 77' lang='lat' dir='ltr'><strong>ltegnumque</strong></span> <span class='ocrx_word' id='word_1_271' title='bbox 409 1834 470 1865; x_wconf 76' lang='lat' dir='ltr'><strong>post</strong></span> <span class='ocrx_word' id='word_1_272' title='bbox 493 1832 581 1865; x_wconf 84' lang='lat' dir='ltr'><strong>ipsum</strong></span> <span class='ocrx_word' id='word_1_273' title='bbox 607 1831 753 1865; x_wconf 67' lang='lat' dir='ltr'><strong>occupavit</strong></span> <span class='ocrx_word' id='word_1_274' title='bbox 783 1830 880 1859; x_wconf 82' lang='lat' dir='ltr'><strong>Darius</strong></span> <span class='ocrx_word' id='word_1_275' title='bbox 908 1831 994 1858; x_wconf 83' lang='lat' dir='ltr'><strong>Asriri</strong></span> 
     </span>
    </p>
   </div>
   <div class='ocr_carea' id='block_1_41' title="bbox 211 1875 993 1912">
    <p class='ocr_par' dir='ltr' id='par_1_41' title="bbox 211 1875 993 1912">
     <span class='ocr_line' id='line_1_41' title="bbox 211 1875 993 1912; baseline 0.005 -12"><span class='ocrx_word' id='word_1_276' title='bbox 211 1875 293 1907; x_wconf 80' lang='lat' dir='ltr'><strong>lilius,</strong></span> <span class='ocrx_word' id='word_1_277' title='bbox 309 1875 412 1907; x_wconf 82' lang='lat' dir='ltr'><strong>Medus,</strong></span> <span class='ocrx_word' id='word_1_278' title='bbox 429 1883 444 1902; x_wconf 88' lang='lat' dir='ltr'><strong>e</strong></span> <span class='ocrx_word' id='word_1_279' title='bbox 462 1875 667 1903; x_wconf 80' lang='lat' dir='ltr'><strong>Madanensium</strong></span> <span class='ocrx_word' id='word_1_280' title='bbox 684 1885 723 1904; x_wconf 87' lang='lat' dir='ltr'><strong>sc.</strong></span> <span class='ocrx_word' id='word_1_281' title='bbox 741 1877 835 1912; x_wconf 89' lang='lat' dir='ltr'><strong>stirpe,</strong></span> <span class='ocrx_word' id='word_1_282' title='bbox 849 1885 993 1904; x_wconf 89' lang='lat' dir='ltr'><strong>anuonno.</strong></span> 
     </span>
    </p>
   </div>
   <div class='ocr_carea' id='block_1_42' title="bbox 212 1919 994 1957">
    <p class='ocr_par' dir='ltr' id='par_1_42' title="bbox 212 1919 994 1957">
     <span class='ocr_line' id='line_1_42' title="bbox 212 1919 994 1957; baseline 0.004 -11"><span class='ocrx_word' id='word_1_283' title='bbox 212 1920 260 1947; x_wconf 91' lang='lat' dir='ltr'><strong>llic</strong></span> <span class='ocrx_word' id='word_1_284' title='bbox 276 1925 365 1947; x_wconf 84' lang='lat' dir='ltr'><strong>autem</strong></span> <span class='ocrx_word' id='word_1_285' title='bbox 381 1927 551 1956; x_wconf 80' lang='lat' dir='ltr'><strong>assumptum</strong></span> <span class='ocrx_word' id='word_1_286' title='bbox 565 1922 700 1949; x_wconf 80' lang='lat' dir='ltr'><strong>Daniclem</strong></span> <span class='ocrx_word' id='word_1_287' title='bbox 712 1919 842 1949; x_wconf 71' lang='lat' dir='ltr'><strong>exercitui</strong></span> <span class='ocrx_word' id='word_1_288' title='bbox 860 1931 910 1949; x_wconf 88' lang='lat' dir='ltr'><strong>suo</strong></span> <span class='ocrx_word' id='word_1_289' title='bbox 926 1931 994 1957; x_wconf 74' lang='lat' dir='ltr'><strong>pra:-</strong></span> 
     </span>
    </p>
   </div>
   <div class='ocr_carea' id='block_1_43' title="bbox 211 1965 993 2002">
    <p class='ocr_par' dir='ltr' id='par_1_43' title="bbox 211 1965 993 2002">
     <span class='ocr_line' id='line_1_43' title="bbox 211 1965 993 2002; baseline 0.004 -11"><span class='ocrx_word' id='word_1_290' title='bbox 211 1965 284 1995; x_wconf 83' lang='lat' dir='ltr'><strong>fecit,</strong></span> <span class='ocrx_word' id='word_1_291' title='bbox 302 1973 382 1999; x_wconf 89' lang='lat' dir='ltr'><strong>quam</strong></span> <span class='ocrx_word' id='word_1_292' title='bbox 398 1965 434 1992; x_wconf 90' lang='lat' dir='ltr'><strong>ob</strong></span> <span class='ocrx_word' id='word_1_293' title='bbox 454 1973 564 1992; x_wconf 89' lang='lat' dir='ltr'><strong>causam</strong></span> <span class='ocrx_word' id='word_1_294' title='bbox 594 1967 695 1992; x_wconf 80' lang='lat' dir='ltr'><strong>invidia</strong></span> <span class='ocrx_word' id='word_1_295' title='bbox 716 1973 778 2000; x_wconf 81' lang='lat' dir='ltr'><strong>erga</strong></span> <span class='ocrx_word' id='word_1_296' title='bbox 804 1967 890 2002; x_wconf 89' lang='lat' dir='ltr'><strong>ipsum</strong></span> <span class='ocrx_word' id='word_1_297' title='bbox 918 1976 993 1994; x_wconf 89' lang='lat' dir='ltr'><strong>com-</strong></span> 
     </span>
    </p>
   </div>
   <div class='ocr_carea' id='block_1_44' title="bbox 211 2010 993 2046">
    <p class='ocr_par' dir='ltr' id='par_1_44' title="bbox 211 2010 993 2046">
     <span class='ocr_line' id='line_1_44' title="bbox 211 2010 993 2046; baseline 0.004 -11"><span class='ocrx_word' id='word_1_298' title='bbox 211 2011 288 2041; x_wconf 88' lang='lat' dir='ltr'><strong>moti,</strong></span> <span class='ocrx_word' id='word_1_299' title='bbox 308 2010 392 2037; x_wconf 86' lang='lat' dir='ltr'><strong>duces</strong></span> <span class='ocrx_word' id='word_1_300' title='bbox 405 2011 473 2044; x_wconf 79' lang='lat' dir='ltr'><strong>ejus,</strong></span> <span class='ocrx_word' id='word_1_301' title='bbox 504 2011 591 2044; x_wconf 85' lang='lat' dir='ltr'><strong>ipsum</strong></span> <span class='ocrx_word' id='word_1_302' title='bbox 617 2012 687 2045; x_wconf 87' lang='lat' dir='ltr'><strong>apml</strong></span> <span class='ocrx_word' id='word_1_303' title='bbox 719 2020 807 2046; x_wconf 75' lang='lat' dir='ltr'><strong>regem</strong></span> <span class='ocrx_word' id='word_1_304' title='bbox 834 2013 993 2039; x_wconf 80' lang='lat' dir='ltr'><strong>incusarunt</strong></span> 
     </span>
    </p>
   </div>
   <div class='ocr_carea' id='block_1_45' title="bbox 210 2050 993 2090">
    <p class='ocr_par' dir='ltr' id='par_1_45' title="bbox 210 2050 993 2090">
     <span class='ocr_line' id='line_1_45' title="bbox 210 2050 993 2090; baseline 0.005 -10"><span class='ocrx_word' id='word_1_305' title='bbox 210 2050 333 2081; x_wconf 84' lang='lat' dir='ltr'><strong>dicentes</strong></span> <span class='ocrx_word' id='word_1_306' title='bbox 349 2063 356 2081; x_wconf 92' lang='lat'>:</span> <span class='ocrx_word' id='word_1_307' title='bbox 372 2055 477 2081; x_wconf 84' lang='lat' dir='ltr'><strong>Danieli</strong></span> <span class='ocrx_word' id='word_1_308' title='bbox 501 2055 526 2081; x_wconf 92' lang='lat' dir='ltr'><strong>in</strong></span> <span class='ocrx_word' id='word_1_309' title='bbox 543 2057 634 2082; x_wconf 88' lang='lat' dir='ltr'><strong>animo</strong></span> <span class='ocrx_word' id='word_1_310' title='bbox 649 2059 690 2083; x_wconf 84' lang='lat' dir='ltr'><strong>est</strong></span> <span class='ocrx_word' id='word_1_311' title='bbox 709 2057 734 2082; x_wconf 93' lang='lat' dir='ltr'><strong>in</strong></span> <span class='ocrx_word' id='word_1_312' title='bbox 757 2064 846 2090; x_wconf 76' lang='lat' dir='ltr'><strong>regem</strong></span> <span class='ocrx_word' id='word_1_313' title='bbox 862 2057 993 2084; x_wconf 76' lang='lat' dir='ltr'><strong>rebellare</strong></span> 
     </span>
    </p>
   </div>
   <div class='ocr_carea' id='block_1_46' title="bbox 210 2100 993 2134">
    <p class='ocr_par' dir='ltr' id='par_1_46' title="bbox 210 2100 993 2134">
     <span class='ocr_line' id='line_1_46' title="bbox 210 2100 993 2134; baseline 0 -7"><span class='ocrx_word' id='word_1_314' title='bbox 210 2104 292 2134; x_wconf 84' lang='lat' dir='ltr'><strong>atque</strong></span> <span class='ocrx_word' id='word_1_315' title='bbox 310 2100 399 2134; x_wconf 88' lang='lat' dir='ltr'><strong>ipsum</strong></span> <span class='ocrx_word' id='word_1_316' title='bbox 419 2100 581 2126; x_wconf 84' lang='lat' dir='ltr'><strong>interficere.</strong></span> <span class='ocrx_word' id='word_1_317' title='bbox 599 2100 723 2133; x_wconf 87' lang='lat' dir='ltr'><strong>Coujccit</strong></span> <span class='ocrx_word' id='word_1_318' title='bbox 744 2108 809 2134; x_wconf 73' lang='lat' dir='ltr'><strong>ergo</strong></span> <span class='ocrx_word' id='word_1_319' title='bbox 824 2108 870 2127; x_wconf 85' lang='lat' dir='ltr'><strong>rex</strong></span> <span class='ocrx_word' id='word_1_320' title='bbox 897 2101 993 2128; x_wconf 89' lang='lat' dir='ltr'><strong>Danie-</strong></span> 
     </span>
    </p>
   </div>
   <div class='ocr_carea' id='block_1_47' title="bbox 211 2144 993 2179">
    <p class='ocr_par' dir='ltr' id='par_1_47' title="bbox 211 2144 993 2179">
     <span class='ocr_line' id='line_1_47' title="bbox 211 2144 993 2179; baseline 0.003 -9"><span class='ocrx_word' id='word_1_321' title='bbox 211 2145 263 2170; x_wconf 89' lang='lat' dir='ltr'><strong>lem</strong></span> <span class='ocrx_word' id='word_1_322' title='bbox 278 2145 304 2171; x_wconf 89' lang='lat' dir='ltr'><strong>in</strong></span> <span class='ocrx_word' id='word_1_323' title='bbox 323 2144 411 2171; x_wconf 88' lang='lat' dir='ltr'><strong>lacum</strong></span> <span class='ocrx_word' id='word_1_324' title='bbox 429 2144 556 2171; x_wconf 87' lang='lat' dir='ltr'><strong>leonibus</strong></span> <span class='ocrx_word' id='word_1_325' title='bbox 578 2145 741 2172; x_wconf 82' lang='lat' dir='ltr'><strong>truculentis</strong></span> <span class='ocrx_word' id='word_1_326' title='bbox 755 2145 876 2179; x_wconf 90' lang='lat' dir='ltr'><strong>plenum.</strong></span> <span class='ocrx_word' id='word_1_327' title='bbox 893 2146 993 2172; x_wconf 80' lang='lat' dir='ltr'><strong>Deinde</strong></span> 
     </span>
    </p>
   </div>
   <div class='ocr_carea' id='block_1_48' title="bbox 211 2190 566 2223">
    <p class='ocr_par' dir='ltr' id='par_1_48' title="bbox 211 2190 566 2223">
     <span class='ocr_line' id='line_1_48' title="bbox 211 2190 566 2223; baseline 0.006 -8"><span class='ocrx_word' id='word_1_328' title='bbox 211 2190 371 2223; x_wconf 66' lang='lat' dir='ltr'><strong>paenitentia</strong></span> <span class='ocrx_word' id='word_1_329' title='bbox 400 2194 490 2216; x_wconf 88' lang='lat' dir='ltr'><strong>motus</strong></span> <span class='ocrx_word' id='word_1_330' title='bbox 515 2195 566 2217; x_wconf 86' lang='lat' dir='ltr'><strong>est.</strong></span> 
     </span>
    </p>
   </div>
   <div class='ocr_carea' id='block_1_49' title="bbox 209 2234 993 2273">
    <p class='ocr_par' dir='ltr' id='par_1_49' title="bbox 209 2234 993 2273">
     <span class='ocr_line' id='line_1_49' title="bbox 209 2234 993 2273; baseline 0 -12"><span class='ocrx_word' id='word_1_331' title='bbox 209 2238 348 2262; x_wconf 84' lang='lat' dir='ltr'><strong>extractus</strong></span> <span class='ocrx_word' id='word_1_332' title='bbox 363 2239 404 2262; x_wconf 86' lang='lat' dir='ltr'><strong>est</strong></span> <span class='ocrx_word' id='word_1_333' title='bbox 419 2235 512 2273; x_wconf 83' lang='lat' dir='ltr'><strong>Daniel</strong></span> <span class='ocrx_word' id='word_1_334' title='bbox 528 2242 542 2262; x_wconf 88' lang='lat' dir='ltr'><strong>a</strong></span> <span class='ocrx_word' id='word_1_335' title='bbox 563 2235 628 2262; x_wconf 84' lang='lat' dir='ltr'><strong>feris</strong></span> <span class='ocrx_word' id='word_1_336' title='bbox 642 2235 770 2262; x_wconf 81' lang='lat' dir='ltr'><strong>intactus.</strong></span> <span class='ocrx_word' id='word_1_337' title='bbox 791 2234 914 2262; x_wconf 80' lang='lat' dir='ltr'><strong>Metuens</strong></span> <span class='ocrx_word' id='word_1_338' title='bbox 929 2242 993 2267; x_wconf 74' lang='lat' dir='ltr'><strong>ergo</strong></span> 
     </span>
    </p>
   </div>
   <div class='ocr_carea' id='block_1_50' title="bbox 210 2280 992 2315">
    <p class='ocr_par' dir='ltr' id='par_1_50' title="bbox 210 2280 992 2315">
     <span class='ocr_line' id='line_1_50' title="bbox 210 2280 992 2315; baseline 0 -9"><span class='ocrx_word' id='word_1_339' title='bbox 210 2287 257 2307; x_wconf 88' lang='lat' dir='ltr'><strong>rex</strong></span> <span class='ocrx_word' id='word_1_340' title='bbox 293 2280 376 2308; x_wconf 86' lang='lat' dir='ltr'><strong>duces</strong></span> <span class='ocrx_word' id='word_1_341' title='bbox 413 2282 480 2308; x_wconf 86' lang='lat' dir='ltr'><strong>istos</strong></span> <span class='ocrx_word' id='word_1_342' title='bbox 512 2280 558 2315; x_wconf 88' lang='lat' dir='ltr'><strong>qui</strong></span> <span class='ocrx_word' id='word_1_343' title='bbox 594 2280 731 2307; x_wconf 75' lang='lat' dir='ltr'><strong>llanielem</strong></span> <span class='ocrx_word' id='word_1_344' title='bbox 762 2285 938 2307; x_wconf 81' lang='lat' dir='ltr'><strong>accusassent</strong></span> <span class='ocrx_word' id='word_1_345' title='bbox 967 2280 992 2306; x_wconf 91' lang='lat' dir='ltr'><strong>in</strong></span> 
     </span>
    </p>
   </div>
   <div class='ocr_carea' id='block_1_51' title="bbox 211 2323 992 2360">
    <p class='ocr_par' dir='ltr' id='par_1_51' title="bbox 211 2323 992 2360">
     <span class='ocr_line' id='line_1_51' title="bbox 211 2323 992 2360; baseline -0.004 -8"><span class='ocrx_word' id='word_1_346' title='bbox 211 2327 368 2360; x_wconf 71' lang='lat' dir='ltr'><strong>speluncam</strong></span> <span class='ocrx_word' id='word_1_347' title='bbox 379 2327 506 2360; x_wconf 67' lang='lat' dir='ltr'><strong>coniecit,</strong></span> <span class='ocrx_word' id='word_1_348' title='bbox 519 2333 587 2360; x_wconf 89' lang='lat' dir='ltr'><strong>quos</strong></span> <span class='ocrx_word' id='word_1_349' title='bbox 599 2325 763 2352; x_wconf 84' lang='lat' dir='ltr'><strong>devorarunt</strong></span> <span class='ocrx_word' id='word_1_350' title='bbox 776 2323 992 2351; x_wconf 68' lang='lat' dir='ltr'><strong>ferm.Danielt,-m</strong></span> 
     </span>
    </p>
   </div>
   <div class='ocr_carea' id='block_1_52' title="bbox 210 2370 968 2406">
    <p class='ocr_par' dir='ltr' id='par_1_52' title="bbox 210 2370 968 2406">
     <span class='ocr_line' id='line_1_52' title="bbox 210 2370 968 2406; baseline -0.001 -9"><span class='ocrx_word' id='word_1_351' title='bbox 210 2375 298 2398; x_wconf 88' lang='lat' dir='ltr'><strong>autem</strong></span> <span class='ocrx_word' id='word_1_352' title='bbox 319 2372 486 2405; x_wconf 50' lang='lat' dir='ltr'><strong>praifectnne</strong></span> <span class='ocrx_word' id='word_1_353' title='bbox 498 2372 634 2398; x_wconf 85' lang='lat' dir='ltr'><strong>exercitus</strong></span> <span class='ocrx_word' id='word_1_354' title='bbox 652 2374 680 2397; x_wconf 80' lang='lat' dir='ltr'><strong>et</strong></span> <span class='ocrx_word' id='word_1_355' title='bbox 694 2371 824 2406; x_wconf 75' lang='lat' dir='ltr'><strong>dynastis:</strong></span> <span class='ocrx_word' id='word_1_356' title='bbox 840 2370 968 2397; x_wconf 85' lang='lat' dir='ltr'><strong>restituit.</strong></span> 
     </span>
    </p>
   </div>
   <div class='ocr_carea' id='block_1_53' title="bbox 245 2415 991 2450">
    <p class='ocr_par' dir='ltr' id='par_1_53' title="bbox 245 2415 991 2450">
     <span class='ocr_line' id='line_1_53' title="bbox 245 2415 991 2450; baseline -0.004 -6"><span class='ocrx_word' id='word_1_357' title='bbox 245 2416 298 2444; x_wconf 87' lang='lat' dir='ltr'><strong>Ubi</strong></span> <span class='ocrx_word' id='word_1_358' title='bbox 318 2422 406 2444; x_wconf 90' lang='lat' dir='ltr'><strong>autem</strong></span> <span class='ocrx_word' id='word_1_359' title='bbox 423 2417 549 2450; x_wconf 86' lang='lat' dir='ltr'><strong>periisset</strong></span> <span class='ocrx_word' id='word_1_360' title='bbox 574 2416 672 2442; x_wconf 81' lang='lat' dir='ltr'><strong>Darius</strong></span> <span class='ocrx_word' id='word_1_361' title='bbox 689 2416 830 2442; x_wconf 74' lang='lat' dir='ltr'><strong>l‘crsarntu</strong></span> <span class='ocrx_word' id='word_1_362' title='bbox 862 2422 917 2446; x_wconf 84' lang='lat' dir='ltr'><strong>rex,</strong></span> <span class='ocrx_word' id='word_1_363' title='bbox 936 2415 991 2449; x_wconf 69' lang='lat' dir='ltr'><strong>pni-</strong></span> 
     </span>
    </p>
   </div>
   <div class='ocr_carea' id='block_1_54' title="bbox 211 2461 990 2496">
    <p class='ocr_par' dir='ltr' id='par_1_54' title="bbox 211 2461 990 2496">
     <span class='ocr_line' id='line_1_54' title="bbox 211 2461 990 2496; baseline -0.003 -8"><span class='ocrx_word' id='word_1_364' title='bbox 211 2469 272 2489; x_wconf 85' lang='lat' dir='ltr'><strong>mus</strong></span> <span class='ocrx_word' id='word_1_365' title='bbox 293 2463 339 2496; x_wconf 91' lang='lat' dir='ltr'><strong>qui</strong></span> <span class='ocrx_word' id='word_1_366' title='bbox 355 2462 446 2490; x_wconf 82' lang='lat' dir='ltr'><strong>Persis</strong></span> <span class='ocrx_word' id='word_1_367' title='bbox 466 2463 620 2496; x_wconf 82' lang='lat' dir='ltr'><strong>imperavit,</strong></span> <span class='ocrx_word' id='word_1_368' title='bbox 639 2462 690 2488; x_wconf 88' lang='lat' dir='ltr'><strong>fuit</strong></span> <span class='ocrx_word' id='word_1_369' title='bbox 718 2462 805 2495; x_wconf 84' lang='lat' dir='ltr'><strong>Cyrus</strong></span> <span class='ocrx_word' id='word_1_370' title='bbox 836 2461 927 2493; x_wconf 81' lang='lat' dir='ltr'><strong>Persa,</strong></span> <span class='ocrx_word' id='word_1_371' title='bbox 945 2461 990 2495; x_wconf 87' lang='lat' dir='ltr'><strong>qui</strong></span> 
     </span>
    </p>
   </div>
   <div class='ocr_carea' id='block_1_55' title="bbox 210 2506 988 2541">
    <p class='ocr_par' dir='ltr' id='par_1_55' title="bbox 210 2506 988 2541">
     <span class='ocr_line' id='line_1_55' title="bbox 210 2506 988 2541; baseline 0 -9"><span class='ocrx_word' id='word_1_372' title='bbox 210 2509 291 2533; x_wconf 79' lang='lat' dir='ltr'><strong>etiam</strong></span> <span class='ocrx_word' id='word_1_373' title='bbox 311 2507 448 2534; x_wconf 75' lang='lat' dir='ltr'><strong>Danielem</strong></span> <span class='ocrx_word' id='word_1_374' title='bbox 464 2507 597 2534; x_wconf 85' lang='lat' dir='ltr'><strong>exercitui</strong></span> <span class='ocrx_word' id='word_1_375' title='bbox 608 2514 658 2534; x_wconf 89' lang='lat' dir='ltr'><strong>suo</strong></span> <span class='ocrx_word' id='word_1_376' title='bbox 673 2506 804 2541; x_wconf 68' lang='lat' dir='ltr'><strong>pratfecit.</strong></span> <span class='ocrx_word' id='word_1_377' title='bbox 823 2506 883 2533; x_wconf 81' lang='lat' dir='ltr'><strong>Fuit</strong></span> <span class='ocrx_word' id='word_1_378' title='bbox 900 2513 988 2532; x_wconf 84' lang='lat' dir='ltr'><strong>autem</strong></span> 
     </span>
    </p>
   </div>
   <div class='ocr_carea' id='block_1_56' title="bbox 211 2551 991 2586">
    <p class='ocr_par' dir='ltr' id='par_1_56' title="bbox 211 2551 991 2586">
     <span class='ocr_line' id='line_1_56' title="bbox 211 2551 991 2586; baseline 0.003 -10"><span class='ocrx_word' id='word_1_379' title='bbox 211 2551 301 2578; x_wconf 71' lang='lat' dir='ltr'><strong>liabeli</strong></span> <span class='ocrx_word' id='word_1_380' title='bbox 317 2553 418 2579; x_wconf 86' lang='lat' dir='ltr'><strong>idolum</strong></span> <span class='ocrx_word' id='word_1_381' title='bbox 435 2560 534 2578; x_wconf 68' lang='lat' dir='ltr'><strong>aereum</strong></span> <span class='ocrx_word' id='word_1_382' title='bbox 551 2552 646 2586; x_wconf 78' lang='lat' dir='ltr'><strong>ingens</strong></span> <span class='ocrx_word' id='word_1_383' title='bbox 662 2552 705 2578; x_wconf 81' lang='lat' dir='ltr'><strong>cui</strong></span> <span class='ocrx_word' id='word_1_384' title='bbox 721 2559 818 2578; x_wconf 85' lang='lat' dir='ltr'><strong>nomen</strong></span> <span class='ocrx_word' id='word_1_385' title='bbox 835 2551 890 2584; x_wconf 79' lang='lat' dir='ltr'><strong>Bel,</strong></span> <span class='ocrx_word' id='word_1_386' title='bbox 912 2552 991 2585; x_wconf 84' lang='lat' dir='ltr'><strong>cujus</strong></span> 
     </span>
    </p>
   </div>
   <div class='ocr_carea' id='block_1_57' title="bbox 209 2596 990 2631">
    <p class='ocr_par' dir='ltr' id='par_1_57' title="bbox 209 2596 990 2631">
     <span class='ocr_line' id='line_1_57' title="bbox 209 2596 990 2631; baseline 0 -9"><span class='ocrx_word' id='word_1_387' title='bbox 209 2598 363 2623; x_wconf 82' lang='lat' dir='ltr'><strong>dimensum</strong></span> <span class='ocrx_word' id='word_1_388' title='bbox 383 2596 760 2631; x_wconf 78' lang='lat' dir='ltr'><strong>257-259quotidianum</strong></span> <span class='ocrx_word' id='word_1_389' title='bbox 773 2601 831 2622; x_wconf 75' lang='lat' dir='ltr'><strong>erat</strong></span> <span class='ocrx_word' id='word_1_390' title='bbox 847 2596 990 2622; x_wconf 77' lang='lat' dir='ltr'><strong>duodecim</strong></span> 
     </span>
    </p>
   </div>
   <div class='ocr_carea' id='block_1_58' title="bbox 211 2643 990 2677">
    <p class='ocr_par' dir='ltr' id='par_1_58' title="bbox 211 2643 990 2677">
     <span class='ocr_line' id='line_1_58' title="bbox 211 2643 990 2677; baseline 0.001 -9"><span class='ocrx_word' id='word_1_391' title='bbox 211 2644 295 2668; x_wconf 86' lang='lat' dir='ltr'><strong>modii</strong></span> <span class='ocrx_word' id='word_1_392' title='bbox 311 2643 407 2669; x_wconf 71' lang='lat' dir='ltr'><strong>simila:</strong></span> <span class='ocrx_word' id='word_1_393' title='bbox 422 2651 507 2677; x_wconf 64' lang='lat' dir='ltr'><strong>puraa,</strong></span> <span class='ocrx_word' id='word_1_394' title='bbox 520 2651 585 2670; x_wconf 82' lang='lat' dir='ltr'><strong>oves</strong></span> <span class='ocrx_word' id='word_1_395' title='bbox 610 2643 800 2677; x_wconf 75' lang='lat' dir='ltr'><strong>quadraginta,</strong></span> <span class='ocrx_word' id='word_1_396' title='bbox 815 2647 840 2669; x_wconf 91' lang='lat' dir='ltr'><strong>ct</strong></span> <span class='ocrx_word' id='word_1_397' title='bbox 857 2644 909 2668; x_wconf 82' lang='lat' dir='ltr'><strong>vitii</strong></span> <span class='ocrx_word' id='word_1_398' title='bbox 927 2651 990 2669; x_wconf 85' lang='lat' dir='ltr'><strong>sex-</strong></span> 
     </span>
    </p>
   </div>
   <div class='ocr_carea' id='block_1_59' title="bbox 211 2687 991 2723">
    <p class='ocr_par' dir='ltr' id='par_1_59' title="bbox 211 2687 991 2723">
     <span class='ocr_line' id='line_1_59' title="bbox 211 2687 991 2723; baseline 0.001 -10"><span class='ocrx_word' id='word_1_399' title='bbox 211 2688 272 2714; x_wconf 83' lang='lat' dir='ltr'><strong>tarii</strong></span> <span class='ocrx_word' id='word_1_400' title='bbox 289 2695 348 2718; x_wconf 80' lang='lat' dir='ltr'><strong>sex,</strong></span> <span class='ocrx_word' id='word_1_401' title='bbox 367 2689 438 2722; x_wconf 90' lang='lat' dir='ltr'><strong>quod</strong></span> <span class='ocrx_word' id='word_1_402' title='bbox 464 2696 526 2715; x_wconf 89' lang='lat' dir='ltr'><strong>cum</strong></span> <span class='ocrx_word' id='word_1_403' title='bbox 541 2688 661 2723; x_wconf 87' lang='lat' dir='ltr'><strong>quotidie</strong></span> <span class='ocrx_word' id='word_1_404' title='bbox 683 2687 845 2722; x_wconf 82' lang='lat' dir='ltr'><strong>adequitans</strong></span> <span class='ocrx_word' id='word_1_405' title='bbox 869 2696 914 2715; x_wconf 84' lang='lat' dir='ltr'><strong>rex</strong></span> <span class='ocrx_word' id='word_1_406' title='bbox 944 2688 991 2714; x_wconf 88' lang='lat' dir='ltr'><strong>ad-</strong></span> 
     </span>
    </p>
   </div>
   <div class='ocr_carea' id='block_1_60' title="bbox 213 2732 990 2767">
    <p class='ocr_par' dir='ltr' id='par_1_60' title="bbox 213 2732 990 2767">
     <span class='ocr_line' id='line_1_60' title="bbox 213 2732 990 2767; baseline 0.003 -8"><span class='ocrx_word' id='word_1_407' title='bbox 213 2739 315 2764; x_wconf 84' lang='lat' dir='ltr'><strong>oraret,</strong></span> <span class='ocrx_word' id='word_1_408' title='bbox 330 2735 483 2760; x_wconf 80' lang='lat' dir='ltr'><strong>vetuitenm</strong></span> <span class='ocrx_word' id='word_1_409' title='bbox 499 2734 549 2761; x_wconf 88' lang='lat' dir='ltr'><strong>hoc</strong></span> <span class='ocrx_word' id='word_1_410' title='bbox 574 2734 661 2760; x_wconf 86' lang='lat' dir='ltr'><strong>facere</strong></span> <span class='ocrx_word' id='word_1_411' title='bbox 678 2733 782 2766; x_wconf 85' lang='lat' dir='ltr'><strong>Daniel,</strong></span> <span class='ocrx_word' id='word_1_412' title='bbox 806 2732 900 2761; x_wconf 86' lang='lat' dir='ltr'><strong>dicens</strong></span> <span class='ocrx_word' id='word_1_413' title='bbox 915 2742 922 2760; x_wconf 88' lang='lat'><strong><em>:</em></strong></span> <span class='ocrx_word' id='word_1_414' title='bbox 939 2736 990 2767; x_wconf 71' lang='lat' dir='ltr'><strong>Qui</strong></span> 
     </span>
    </p>
   </div>
   <div class='ocr_carea' id='block_1_61' title="bbox 211 2779 990 2814">
    <p class='ocr_par' dir='ltr' id='par_1_61' title="bbox 211 2779 990 2814">
     <span class='ocr_line' id='line_1_61' title="bbox 211 2779 990 2814; baseline 0.004 -10"><span class='ocrx_word' id='word_1_415' title='bbox 211 2779 362 2806; x_wconf 83' lang='lat' dir='ltr'><strong>inserviunt</strong></span> <span class='ocrx_word' id='word_1_416' title='bbox 388 2779 470 2812; x_wconf 87' lang='lat' dir='ltr'><strong>idolo,</strong></span> <span class='ocrx_word' id='word_1_417' title='bbox 489 2780 540 2813; x_wconf 82' lang='lat' dir='ltr'><strong>ipsi</strong></span> <span class='ocrx_word' id='word_1_418' title='bbox 565 2780 625 2814; x_wconf 86' lang='lat' dir='ltr'><strong>ejus</strong></span> <span class='ocrx_word' id='word_1_419' title='bbox 645 2779 800 2807; x_wconf 89' lang='lat' dir='ltr'><strong>dimensum</strong></span> <span class='ocrx_word' id='word_1_420' title='bbox 832 2780 990 2807; x_wconf 84' lang='lat' dir='ltr'><strong>comedunt.</strong></span> 
     </span>
    </p>
   </div>
   <div class='ocr_carea' id='block_1_62' title="bbox 210 2824 990 2859">
    <p class='ocr_par' dir='ltr' id='par_1_62' title="bbox 210 2824 990 2859">
     <span class='ocr_line' id='line_1_62' title="bbox 210 2824 990 2859; baseline 0.004 -9"><span class='ocrx_word' id='word_1_421' title='bbox 210 2824 277 2850; x_wconf 84' lang='lat' dir='ltr'><strong>Cum</strong></span> <span class='ocrx_word' id='word_1_422' title='bbox 290 2832 355 2859; x_wconf 78' lang='lat' dir='ltr'><strong>ergo</strong></span> <span class='ocrx_word' id='word_1_423' title='bbox 371 2832 418 2852; x_wconf 88' lang='lat' dir='ltr'><strong>rex</strong></span> <span class='ocrx_word' id='word_1_424' title='bbox 431 2825 588 2852; x_wconf 85' lang='lat' dir='ltr'><strong>convocatis</strong></span> <span class='ocrx_word' id='word_1_425' title='bbox 603 2824 711 2852; x_wconf 78' lang='lat' dir='ltr'><strong>famulis</strong></span> <span class='ocrx_word' id='word_1_426' title='bbox 728 2825 786 2852; x_wconf 83' lang='lat' dir='ltr'><strong>istis</strong></span> <span class='ocrx_word' id='word_1_427' title='bbox 808 2827 930 2853; x_wconf 86' lang='lat' dir='ltr'><strong>minatus</strong></span> <span class='ocrx_word' id='word_1_428' title='bbox 950 2834 990 2854; x_wconf 90' lang='lat' dir='ltr'><strong>es-</strong></span> 
     </span>
    </p>
   </div>
   <div class='ocr_carea' id='block_1_63' title="bbox 1057 245 1834 282">
    <p class='ocr_par' dir='ltr' id='par_1_63' title="bbox 1057 245 1834 282">
     <span class='ocr_line' id='line_1_63' title="bbox 1057 245 1834 282; baseline -0.001 -9"><span class='ocrx_word' id='word_1_429' title='bbox 1057 247 1146 282; x_wconf 80' lang='lat' dir='ltr'><strong>fregit.</strong></span> <span class='ocrx_word' id='word_1_430' title='bbox 1162 252 1186 273; x_wconf 92' lang='lat' dir='ltr'><strong>et</strong></span> <span class='ocrx_word' id='word_1_431' title='bbox 1205 247 1318 274; x_wconf 87' lang='lat' dir='ltr'><strong>famulos</strong></span> <span class='ocrx_word' id='word_1_432' title='bbox 1339 252 1426 273; x_wconf 84' lang='lat' dir='ltr'><strong>morte</strong></span> <span class='ocrx_word' id='word_1_433' title='bbox 1437 247 1535 274; x_wconf 78' lang='lat' dir='ltr'><strong>all&#39;ecit.</strong></span> <span class='ocrx_word' id='word_1_434' title='bbox 1561 246 1625 273; x_wconf 78' lang='lat' dir='ltr'><strong>Fuit</strong></span> <span class='ocrx_word' id='word_1_435' title='bbox 1642 247 1725 273; x_wconf 88' lang='lat' dir='ltr'><strong>etiam</strong></span> <span class='ocrx_word' id='word_1_436' title='bbox 1742 245 1834 272; x_wconf 79' lang='lat' dir='ltr'><strong>Babcli</strong></span> 
     </span>
    </p>
   </div>
   <div class='ocr_carea' id='block_1_64' title="bbox 1052 292 1837 327">
    <p class='ocr_par' dir='ltr' id='par_1_64' title="bbox 1052 292 1837 327">
     <span class='ocr_line' id='line_1_64' title="bbox 1052 292 1837 327; baseline -0.004 -7"><span class='ocrx_word' id='word_1_437' title='bbox 1052 293 1134 320; x_wconf 87' lang='lat' dir='ltr'><strong>draco</strong></span> <span class='ocrx_word' id='word_1_438' title='bbox 1154 293 1331 327; x_wconf 56' lang='lat' dir='ltr'><strong>praegrandis,</strong></span> <span class='ocrx_word' id='word_1_439' title='bbox 1357 300 1437 327; x_wconf 87' lang='lat' dir='ltr'><strong>quem</strong></span> <span class='ocrx_word' id='word_1_440' title='bbox 1454 301 1513 318; x_wconf 86' lang='lat' dir='ltr'><strong>cum</strong></span> <span class='ocrx_word' id='word_1_441' title='bbox 1528 292 1634 319; x_wconf 83' lang='lat' dir='ltr'><strong>Babelis</strong></span> <span class='ocrx_word' id='word_1_442' title='bbox 1650 292 1744 319; x_wconf 61' lang='lat' dir='ltr'><strong>incolae</strong></span> <span class='ocrx_word' id='word_1_443' title='bbox 1761 292 1837 318; x_wconf 86' lang='lat' dir='ltr'><strong>cole-</strong></span> 
     </span>
    </p>
   </div>
   <div class='ocr_carea' id='block_1_65' title="bbox 1053 337 1831 371">
    <p class='ocr_par' dir='ltr' id='par_1_65' title="bbox 1053 337 1831 371">
     <span class='ocr_line' id='line_1_65' title="bbox 1053 337 1831 371; baseline -0.003 -7"><span class='ocrx_word' id='word_1_444' title='bbox 1053 343 1126 370; x_wconf 82' lang='lat' dir='ltr'><strong>rent,</strong></span> <span class='ocrx_word' id='word_1_445' title='bbox 1144 337 1239 364; x_wconf 81' lang='lat' dir='ltr'><strong>Daniel</strong></span> <span class='ocrx_word' id='word_1_446' title='bbox 1258 337 1312 369; x_wconf 72' lang='lat' dir='ltr'><strong>regi</strong></span> <span class='ocrx_word' id='word_1_447' title='bbox 1331 346 1337 364; x_wconf 92' lang='lat'>:</span> <span class='ocrx_word' id='word_1_448' title='bbox 1358 337 1385 364; x_wconf 83' lang='lat' dir='ltr'><strong>Si</strong></span> <span class='ocrx_word' id='word_1_449' title='bbox 1401 337 1466 364; x_wconf 90' lang='lat' dir='ltr'><strong>mihi</strong></span> <span class='ocrx_word' id='word_1_450' title='bbox 1498 337 1525 364; x_wconf 87' lang='lat' dir='ltr'><strong>in</strong></span> <span class='ocrx_word' id='word_1_451' title='bbox 1553 337 1640 371; x_wconf 88' lang='lat' dir='ltr'><strong>ipsum</strong></span> <span class='ocrx_word' id='word_1_452' title='bbox 1672 340 1831 371; x_wconf 73' lang='lat' dir='ltr'><strong>potestatein</strong></span> 
     </span>
    </p>
   </div>
   <div class='ocr_carea' id='block_1_66' title="bbox 1052 382 1835 417">
    <p class='ocr_par' dir='ltr' id='par_1_66' title="bbox 1052 382 1835 417">
     <span class='ocr_line' id='line_1_66' title="bbox 1052 382 1835 417; baseline -0.001 -8"><span class='ocrx_word' id='word_1_453' title='bbox 1052 383 1231 411; x_wconf 76' lang='lat' dir='ltr'><strong>conoesseris.</strong></span> <span class='ocrx_word' id='word_1_454' title='bbox 1248 390 1298 416; x_wconf 77' lang='lat' dir='ltr'><strong>ego</strong></span> <span class='ocrx_word' id='word_1_455' title='bbox 1313 383 1398 416; x_wconf 76' lang='lat' dir='ltr'><strong>ipsum</strong></span> <span class='ocrx_word' id='word_1_456' title='bbox 1422 382 1594 408; x_wconf 84' lang='lat' dir='ltr'><strong>interliciam.</strong></span> <span class='ocrx_word' id='word_1_457' title='bbox 1617 382 1743 416; x_wconf 81' lang='lat' dir='ltr'><strong>Acceptis</strong></span> <span class='ocrx_word' id='word_1_458' title='bbox 1770 390 1835 417; x_wconf 76' lang='lat' dir='ltr'><strong>ergo</strong></span> 
     </span>
    </p>
   </div>
   <div class='ocr_carea' id='block_1_67' title="bbox 1052 428 1833 463">
    <p class='ocr_par' dir='ltr' id='par_1_67' title="bbox 1052 428 1833 463">
     <span class='ocr_line' id='line_1_67' title="bbox 1052 428 1833 463; baseline 0 -9"><span class='ocrx_word' id='word_1_459' title='bbox 1052 430 1141 463; x_wconf 81' lang='lat' dir='ltr'><strong>adipe,</strong></span> <span class='ocrx_word' id='word_1_460' title='bbox 1158 429 1215 462; x_wconf 87' lang='lat' dir='ltr'><strong>piee</strong></span> <span class='ocrx_word' id='word_1_461' title='bbox 1233 433 1258 455; x_wconf 88' lang='lat' dir='ltr'><strong>et</strong></span> <span class='ocrx_word' id='word_1_462' title='bbox 1276 429 1349 463; x_wconf 85' lang='lat' dir='ltr'><strong>pilisI</strong></span> <span class='ocrx_word' id='word_1_463' title='bbox 1369 428 1457 462; x_wconf 87' lang='lat' dir='ltr'><strong>iisque</strong></span> <span class='ocrx_word' id='word_1_464' title='bbox 1472 428 1594 455; x_wconf 85' lang='lat' dir='ltr'><strong>subactis</strong></span> <span class='ocrx_word' id='word_1_465' title='bbox 1609 436 1670 455; x_wconf 88' lang='lat' dir='ltr'><strong>cum</strong></span> <span class='ocrx_word' id='word_1_466' title='bbox 1689 429 1833 456; x_wconf 80' lang='lat' dir='ltr'><strong>draconem</strong></span> 
     </span>
    </p>
   </div>
   <div class='ocr_carea' id='block_1_68' title="bbox 1055 472 1836 509">
    <p class='ocr_par' dir='ltr' id='par_1_68' title="bbox 1055 472 1836 509">
     <span class='ocr_line' id='line_1_68' title="bbox 1055 472 1836 509; baseline -0.001 -8"><span class='ocrx_word' id='word_1_467' title='bbox 1055 475 1129 502; x_wconf 79' lang='lat' dir='ltr'><strong>cibus</strong></span> <span class='ocrx_word' id='word_1_468' title='bbox 1137 480 1176 501; x_wconf 80' lang='lat' dir='ltr'><strong>set</strong></span> <span class='ocrx_word' id='word_1_469' title='bbox 1191 475 1247 509; x_wconf 71' lang='lat' dir='ltr'><strong>ipse</strong></span> <span class='ocrx_word' id='word_1_470' title='bbox 1258 475 1331 501; x_wconf 88' lang='lat' dir='ltr'><strong>illico</strong></span> <span class='ocrx_word' id='word_1_471' title='bbox 1344 478 1466 501; x_wconf 88' lang='lat' dir='ltr'><strong>mortuus</strong></span> <span class='ocrx_word' id='word_1_472' title='bbox 1482 479 1532 501; x_wconf 90' lang='lat' dir='ltr'><strong>est.</strong></span> <span class='ocrx_word' id='word_1_473' title='bbox 1548 472 1613 500; x_wconf 83' lang='lat' dir='ltr'><strong>Viso</strong></span> <span class='ocrx_word' id='word_1_474' title='bbox 1627 481 1691 507; x_wconf 67' lang='lat' dir='ltr'><strong>ergo</strong></span> <span class='ocrx_word' id='word_1_475' title='bbox 1712 473 1775 507; x_wconf 86' lang='lat' dir='ltr'><strong>quid</strong></span> <span class='ocrx_word' id='word_1_476' title='bbox 1802 476 1836 500; x_wconf 81' lang='lat' dir='ltr'><strong>le-</strong></span> 
     </span>
    </p>
   </div>
   <div class='ocr_carea' id='block_1_69' title="bbox 1051 518 1833 554">
    <p class='ocr_par' dir='ltr' id='par_1_69' title="bbox 1051 518 1833 554">
     <span class='ocr_line' id='line_1_69' title="bbox 1051 518 1833 554; baseline -0.003 -8"><span class='ocrx_word' id='word_1_477' title='bbox 1051 521 1133 547; x_wconf 86' lang='lat' dir='ltr'><strong>cisset</strong></span> <span class='ocrx_word' id='word_1_478' title='bbox 1161 519 1253 546; x_wconf 80' lang='lat' dir='ltr'><strong>Daniel</strong></span> <span class='ocrx_word' id='word_1_479' title='bbox 1284 520 1384 546; x_wconf 86' lang='lat' dir='ltr'><strong>invidia</strong></span> <span class='ocrx_word' id='word_1_480' title='bbox 1412 527 1473 554; x_wconf 70' lang='lat' dir='ltr'><strong>erga</strong></span> <span class='ocrx_word' id='word_1_481' title='bbox 1501 527 1561 545; x_wconf 88' lang='lat' dir='ltr'><strong>eum</strong></span> <span class='ocrx_word' id='word_1_482' title='bbox 1590 519 1654 545; x_wconf 88' lang='lat' dir='ltr'><strong>moti</strong></span> <span class='ocrx_word' id='word_1_483' title='bbox 1682 518 1833 552; x_wconf 65' lang='lat' dir='ltr'><strong>Baby&#39;onii,</strong></span> 
     </span>
    </p>
   </div>
   <div class='ocr_carea' id='block_1_70' title="bbox 1051 561 1830 599">
    <p class='ocr_par' dir='ltr' id='par_1_70' title="bbox 1051 561 1830 599">
     <span class='ocr_line' id='line_1_70' title="bbox 1051 561 1830 599; baseline -0.004 -9"><span class='ocrx_word' id='word_1_484' title='bbox 1051 565 1138 599; x_wconf 84' lang='lat' dir='ltr'><strong>ipsum</strong></span> <span class='ocrx_word' id='word_1_485' title='bbox 1163 565 1233 598; x_wconf 85' lang='lat' dir='ltr'><strong>apud</strong></span> <span class='ocrx_word' id='word_1_486' title='bbox 1253 572 1340 599; x_wconf 68' lang='lat' dir='ltr'><strong>regem</strong></span> <span class='ocrx_word' id='word_1_487' title='bbox 1373 563 1541 595; x_wconf 80' lang='lat' dir='ltr'><strong>deicrebant,</strong></span> <span class='ocrx_word' id='word_1_488' title='bbox 1574 563 1719 589; x_wconf 76' lang='lat' dir='ltr'><strong>dicentes:</strong></span> <span class='ocrx_word' id='word_1_489' title='bbox 1739 561 1830 588; x_wconf 86' lang='lat' dir='ltr'><strong>Daniel</strong></span> 
     </span>
    </p>
   </div>
   <div class='ocr_carea' id='block_1_71' title="bbox 1050 607 1832 642">
    <p class='ocr_par' dir='ltr' id='par_1_71' title="bbox 1050 607 1832 642">
     <span class='ocr_line' id='line_1_71' title="bbox 1050 607 1832 642; baseline -0.004 -7"><span class='ocrx_word' id='word_1_490' title='bbox 1050 609 1149 635; x_wconf 62' lang='lat' dir='ltr'><strong>caedem</strong></span> <span class='ocrx_word' id='word_1_491' title='bbox 1170 615 1243 636; x_wconf 87' lang='lat' dir='ltr'><strong>tuam</strong></span> <span class='ocrx_word' id='word_1_492' title='bbox 1270 610 1391 636; x_wconf 84' lang='lat' dir='ltr'><strong>molitur.</strong></span> <span class='ocrx_word' id='word_1_493' title='bbox 1423 608 1510 635; x_wconf 84' lang='lat' dir='ltr'><strong>Iratus</strong></span> <span class='ocrx_word' id='word_1_494' title='bbox 1530 615 1594 642; x_wconf 75' lang='lat' dir='ltr'><strong>ergo</strong></span> <span class='ocrx_word' id='word_1_495' title='bbox 1620 614 1665 633; x_wconf 72' lang='lat' dir='ltr'><strong>rex</strong></span> <span class='ocrx_word' id='word_1_496' title='bbox 1688 607 1776 640; x_wconf 86' lang='lat' dir='ltr'><strong>ipsmu</strong></span> <span class='ocrx_word' id='word_1_497' title='bbox 1806 607 1832 632; x_wconf 92' lang='lat' dir='ltr'><strong>in</strong></span> 
     </span>
    </p>
   </div>
   <div class='ocr_carea' id='block_1_72' title="bbox 1050 653 1830 689">
    <p class='ocr_par' dir='ltr' id='par_1_72' title="bbox 1050 653 1830 689">
     <span class='ocr_line' id='line_1_72' title="bbox 1050 653 1830 689; baseline -0.003 -9"><span class='ocrx_word' id='word_1_498' title='bbox 1050 655 1207 688; x_wconf 82' lang='lat' dir='ltr'><strong>speluncam</strong></span> <span class='ocrx_word' id='word_1_499' title='bbox 1223 655 1287 681; x_wconf 82' lang='lat' dir='ltr'><strong>feris</strong></span> <span class='ocrx_word' id='word_1_500' title='bbox 1308 656 1400 681; x_wconf 81' lang='lat' dir='ltr'><strong>noxiis</strong></span> <span class='ocrx_word' id='word_1_501' title='bbox 1418 655 1522 689; x_wconf 86' lang='lat' dir='ltr'><strong>plenam</strong></span> <span class='ocrx_word' id='word_1_502' title='bbox 1551 654 1679 686; x_wconf 86' lang='lat' dir='ltr'><strong>conjecit,</strong></span> <span class='ocrx_word' id='word_1_503' title='bbox 1709 653 1753 679; x_wconf 89' lang='lat' dir='ltr'><strong>ubi</strong></span> <span class='ocrx_word' id='word_1_504' title='bbox 1784 661 1830 679; x_wconf 81' lang='lat' dir='ltr'><strong>sex</strong></span> 
     </span>
    </p>
   </div>
   <div class='ocr_carea' id='block_1_73' title="bbox 1049 699 1833 734">
    <p class='ocr_par' dir='ltr' id='par_1_73' title="bbox 1049 699 1833 734">
     <span class='ocr_line' id='line_1_73' title="bbox 1049 699 1833 734; baseline -0.003 -8"><span class='ocrx_word' id='word_1_505' title='bbox 1049 701 1146 728; x_wconf 87' lang='lat' dir='ltr'><strong>diebus</strong></span> <span class='ocrx_word' id='word_1_506' title='bbox 1174 701 1316 734; x_wconf 79' lang='lat' dir='ltr'><strong>substitit;</strong></span> <span class='ocrx_word' id='word_1_507' title='bbox 1356 701 1420 728; x_wconf 82' lang='lat' dir='ltr'><strong>feris</strong></span> <span class='ocrx_word' id='word_1_508' title='bbox 1450 701 1510 727; x_wconf 86' lang='lat' dir='ltr'><strong>istis</strong></span> <span class='ocrx_word' id='word_1_509' title='bbox 1538 700 1691 726; x_wconf 88' lang='lat' dir='ltr'><strong>dimensutn</strong></span> <span class='ocrx_word' id='word_1_510' title='bbox 1719 699 1833 733; x_wconf 77' lang='lat' dir='ltr'><strong>singulis</strong></span> 
     </span>
    </p>
   </div>
   <div class='ocr_carea' id='block_1_74' title="bbox 1049 745 1832 778">
    <p class='ocr_par' dir='ltr' id='par_1_74' title="bbox 1049 745 1832 778">
     <span class='ocr_line' id='line_1_74' title="bbox 1049 745 1832 778; baseline -0.001 -6"><span class='ocrx_word' id='word_1_511' title='bbox 1049 746 1144 773; x_wconf 84' lang='lat' dir='ltr'><strong>diebus</strong></span> <span class='ocrx_word' id='word_1_512' title='bbox 1156 751 1214 772; x_wconf 82' lang='lat' dir='ltr'><strong>erat</strong></span> <span class='ocrx_word' id='word_1_513' title='bbox 1232 747 1313 773; x_wconf 82' lang='lat' dir='ltr'><strong>boves</strong></span> <span class='ocrx_word' id='word_1_514' title='bbox 1326 747 1395 778; x_wconf 82' lang='lat' dir='ltr'><strong>bini,</strong></span> <span class='ocrx_word' id='word_1_515' title='bbox 1413 754 1473 772; x_wconf 83' lang='lat' dir='ltr'><strong>eum</strong></span> <span class='ocrx_word' id='word_1_516' title='bbox 1496 747 1594 772; x_wconf 82' lang='lat' dir='ltr'><strong>ovibus</strong></span> <span class='ocrx_word' id='word_1_517' title='bbox 1619 745 1689 772; x_wconf 83' lang='lat' dir='ltr'><strong>binis</strong></span> <span class='ocrx_word' id='word_1_518' title='bbox 1705 754 1712 771; x_wconf 86' lang='lat'><strong><em>:</em></strong></span> <span class='ocrx_word' id='word_1_519' title='bbox 1729 749 1756 771; x_wconf 84' lang='lat' dir='ltr'><strong>at</strong></span> <span class='ocrx_word' id='word_1_520' title='bbox 1785 753 1832 772; x_wconf 79' lang='lat' dir='ltr'><strong>sex</strong></span> 
     </span>
    </p>
   </div>
   <div class='ocr_carea' id='block_1_75' title="bbox 1050 789 1830 824">
    <p class='ocr_par' dir='ltr' id='par_1_75' title="bbox 1050 789 1830 824">
     <span class='ocr_line' id='line_1_75' title="bbox 1050 789 1830 824; baseline 0.001 -8"><span class='ocrx_word' id='word_1_521' title='bbox 1050 790 1108 817; x_wconf 85' lang='lat' dir='ltr'><strong>istis</strong></span> <span class='ocrx_word' id='word_1_522' title='bbox 1131 790 1227 818; x_wconf 79' lang='lat' dir='ltr'><strong>dieluts</strong></span> <span class='ocrx_word' id='word_1_523' title='bbox 1253 792 1319 818; x_wconf 86' lang='lat' dir='ltr'><strong>nihil</strong></span> <span class='ocrx_word' id='word_1_524' title='bbox 1335 792 1446 817; x_wconf 79' lang='lat' dir='ltr'><strong>omnino</strong></span> <span class='ocrx_word' id='word_1_525' title='bbox 1473 792 1562 818; x_wconf 83' lang='lat' dir='ltr'><strong>carnis</strong></span> <span class='ocrx_word' id='word_1_526' title='bbox 1590 790 1741 824; x_wconf 82' lang='lat' dir='ltr'><strong>conjectum</strong></span> <span class='ocrx_word' id='word_1_527' title='bbox 1771 789 1830 817; x_wconf 83' lang='lat' dir='ltr'><strong>fuit.</strong></span> 
     </span>
    </p>
   </div>
   <div class='ocr_carea' id='block_1_76' title="bbox 1051 833 1831 870">
    <p class='ocr_par' dir='ltr' id='par_1_76' title="bbox 1051 833 1831 870">
     <span class='ocr_line' id='line_1_76' title="bbox 1051 833 1831 870; baseline -0.001 -10"><span class='ocrx_word' id='word_1_528' title='bbox 1051 835 1175 862; x_wconf 85' lang='lat' dir='ltr'><strong>llabacuc</strong></span> <span class='ocrx_word' id='word_1_529' title='bbox 1195 842 1284 863; x_wconf 87' lang='lat' dir='ltr'><strong>autem</strong></span> <span class='ocrx_word' id='word_1_530' title='bbox 1300 836 1457 870; x_wconf 83' lang='lat' dir='ltr'><strong>prophetam</strong></span> <span class='ocrx_word' id='word_1_531' title='bbox 1475 838 1520 870; x_wconf 91' lang='lat' dir='ltr'><strong>qui</strong></span> <span class='ocrx_word' id='word_1_532' title='bbox 1543 837 1567 862; x_wconf 95' lang='lat' dir='ltr'><strong>in</strong></span> <span class='ocrx_word' id='word_1_533' title='bbox 1583 840 1655 862; x_wconf 86' lang='lat' dir='ltr'><strong>terra</strong></span> <span class='ocrx_word' id='word_1_534' title='bbox 1670 833 1756 867; x_wconf 70' lang='lat' dir='ltr'><strong>Judze,</strong></span> <span class='ocrx_word' id='word_1_535' title='bbox 1770 835 1831 861; x_wconf 87' lang='lat' dir='ltr'><strong>loco</strong></span> 
     </span>
    </p>
   </div>
   <div class='ocr_carea' id='block_1_77' title="bbox 1049 879 1830 914">
    <p class='ocr_par' dir='ltr' id='par_1_77' title="bbox 1049 879 1830 914">
     <span class='ocr_line' id='line_1_77' title="bbox 1049 879 1830 914; baseline -0.001 -8"><span class='ocrx_word' id='word_1_536' title='bbox 1049 881 1166 914; x_wconf 85' lang='lat' dir='ltr'><strong>quodam</strong></span> <span class='ocrx_word' id='word_1_537' title='bbox 1185 881 1258 907; x_wconf 91' lang='lat' dir='ltr'><strong>dicto</strong></span> <span class='ocrx_word' id='word_1_538' title='bbox 1285 879 1388 912; x_wconf 76' lang='lat' dir='ltr'><strong>Teltoa,</strong></span> <span class='ocrx_word' id='word_1_539' title='bbox 1411 881 1472 912; x_wconf 84' lang='lat' dir='ltr'><strong>fuit,</strong></span> <span class='ocrx_word' id='word_1_540' title='bbox 1501 882 1563 907; x_wconf 89' lang='lat' dir='ltr'><strong>dum</strong></span> <span class='ocrx_word' id='word_1_541' title='bbox 1584 880 1669 906; x_wconf 86' lang='lat' dir='ltr'><strong>lentes</strong></span> <span class='ocrx_word' id='word_1_542' title='bbox 1692 883 1830 914; x_wconf 84' lang='lat' dir='ltr'><strong>coqueret,</strong></span> 
     </span>
    </p>
   </div>
   <div class='ocr_carea' id='block_1_78' title="bbox 1049 925 1830 960">
    <p class='ocr_par' dir='ltr' id='par_1_78' title="bbox 1049 925 1830 960">
     <span class='ocr_line' id='line_1_78' title="bbox 1049 925 1830 960; baseline 0.001 -10"><span class='ocrx_word' id='word_1_543' title='bbox 1049 931 1073 951; x_wconf 89' lang='lat' dir='ltr'><strong>et</strong></span> <span class='ocrx_word' id='word_1_544' title='bbox 1089 933 1183 959; x_wconf 88' lang='lat' dir='ltr'><strong>panem</strong></span> <span class='ocrx_word' id='word_1_545' title='bbox 1197 925 1320 951; x_wconf 84' lang='lat' dir='ltr'><strong>intritum</strong></span> <span class='ocrx_word' id='word_1_546' title='bbox 1338 926 1473 960; x_wconf 78' lang='lat' dir='ltr'><strong>paropsidi</strong></span> <span class='ocrx_word' id='word_1_547' title='bbox 1490 925 1605 956; x_wconf 85' lang='lat' dir='ltr'><strong>iuderet,</strong></span> <span class='ocrx_word' id='word_1_548' title='bbox 1622 932 1676 959; x_wconf 89' lang='lat' dir='ltr'><strong>quo</strong></span> <span class='ocrx_word' id='word_1_549' title='bbox 1695 932 1830 952; x_wconf 84' lang='lat' dir='ltr'><strong>messores</strong></span> 
     </span>
    </p>
   </div>
   <div class='ocr_carea' id='block_1_79' title="bbox 1049 969 1826 1005">
    <p class='ocr_par' dir='ltr' id='par_1_79' title="bbox 1049 969 1826 1005">
     <span class='ocr_line' id='line_1_79' title="bbox 1049 969 1826 1005; baseline 0.001 -9"><span class='ocrx_word' id='word_1_550' title='bbox 1049 970 1162 1001; x_wconf 90' lang='lat' dir='ltr'><strong>cibaret,</strong></span> <span class='ocrx_word' id='word_1_551' title='bbox 1176 978 1189 996; x_wconf 90' lang='lat' dir='ltr'><strong>e</strong></span> <span class='ocrx_word' id='word_1_552' title='bbox 1203 971 1273 997; x_wconf 78' lang='lat' dir='ltr'><strong>coelo</strong></span> <span class='ocrx_word' id='word_1_553' title='bbox 1289 971 1444 997; x_wconf 83' lang='lat' dir='ltr'><strong>inclamavit</strong></span> <span class='ocrx_word' id='word_1_554' title='bbox 1458 971 1587 1005; x_wconf 75' lang='lat' dir='ltr'><strong>angelus:</strong></span> <span class='ocrx_word' id='word_1_555' title='bbox 1599 969 1670 997; x_wconf 86' lang='lat' dir='ltr'><strong>Heus</strong></span> <span class='ocrx_word' id='word_1_556' title='bbox 1689 969 1826 1002; x_wconf 83' lang='lat' dir='ltr'><strong>llabaeuc,</strong></span> 
     </span>
    </p>
   </div>
   <div class='ocr_carea' id='block_1_80' title="bbox 1049 1012 1832 1047">
    <p class='ocr_par' dir='ltr' id='par_1_80' title="bbox 1049 1012 1832 1047">
     <span class='ocr_line' id='line_1_80' title="bbox 1049 1012 1832 1047; baseline 0.005 -9"><span class='ocrx_word' id='word_1_557' title='bbox 1049 1012 1113 1039; x_wconf 88' lang='lat' dir='ltr'><strong>illud</strong></span> <span class='ocrx_word' id='word_1_558' title='bbox 1132 1013 1203 1047; x_wconf 85' lang='lat' dir='ltr'><strong>quod</strong></span> <span class='ocrx_word' id='word_1_559' title='bbox 1217 1014 1287 1047; x_wconf 83' lang='lat' dir='ltr'><strong>apud</strong></span> <span class='ocrx_word' id='word_1_560' title='bbox 1303 1019 1329 1041; x_wconf 90' lang='lat' dir='ltr'><strong>te</strong></span> <span class='ocrx_word' id='word_1_561' title='bbox 1342 1019 1393 1046; x_wconf 87' lang='lat' dir='ltr'><strong>est,</strong></span> <span class='ocrx_word' id='word_1_562' title='bbox 1408 1015 1440 1040; x_wconf 89' lang='lat' dir='ltr'><strong>ad</strong></span> <span class='ocrx_word' id='word_1_563' title='bbox 1458 1015 1606 1047; x_wconf 86' lang='lat' dir='ltr'><strong>Danielcm,</strong></span> <span class='ocrx_word' id='word_1_564' title='bbox 1631 1014 1766 1046; x_wconf 77' lang='lat' dir='ltr'><strong>Bahelem,</strong></span> <span class='ocrx_word' id='word_1_565' title='bbox 1794 1014 1832 1042; x_wconf 88' lang='lat' dir='ltr'><strong>fe-</strong></span> 
     </span>
    </p>
   </div>
   <div class='ocr_carea' id='block_1_81' title="bbox 1050 1059 1830 1094">
    <p class='ocr_par' dir='ltr' id='par_1_81' title="bbox 1050 1059 1830 1094">
     <span class='ocr_line' id='line_1_81' title="bbox 1050 1059 1830 1094; baseline 0.003 -10"><span class='ocrx_word' id='word_1_566' title='bbox 1050 1065 1112 1091; x_wconf 84' lang='lat' dir='ltr'><strong>ras;</strong></span> <span class='ocrx_word' id='word_1_567' title='bbox 1145 1059 1189 1085; x_wconf 88' lang='lat' dir='ltr'><strong>ille</strong></span> <span class='ocrx_word' id='word_1_568' title='bbox 1219 1059 1350 1093; x_wconf 85' lang='lat' dir='ltr'><strong>siquidem</strong></span> <span class='ocrx_word' id='word_1_569' title='bbox 1375 1060 1432 1094; x_wconf 87' lang='lat' dir='ltr'><strong>jam</strong></span> <span class='ocrx_word' id='word_1_570' title='bbox 1459 1067 1505 1087; x_wconf 82' lang='lat' dir='ltr'><strong>sex</strong></span> <span class='ocrx_word' id='word_1_571' title='bbox 1533 1060 1641 1092; x_wconf 80' lang='lat' dir='ltr'><strong>diebus.</strong></span> <span class='ocrx_word' id='word_1_572' title='bbox 1675 1060 1775 1094; x_wconf 86' lang='lat' dir='ltr'><strong>quibus</strong></span> <span class='ocrx_word' id='word_1_573' title='bbox 1803 1061 1830 1086; x_wconf 91' lang='lat' dir='ltr'><strong>in</strong></span> 
     </span>
    </p>
   </div>
   <div class='ocr_carea' id='block_1_82' title="bbox 1048 1103 1830 1138">
    <p class='ocr_par' dir='ltr' id='par_1_82' title="bbox 1048 1103 1830 1138">
     <span class='ocr_line' id='line_1_82' title="bbox 1048 1103 1830 1138; baseline 0.004 -9"><span class='ocrx_word' id='word_1_574' title='bbox 1048 1104 1177 1138; x_wconf 87' lang='lat' dir='ltr'><strong>spelunca</strong></span> <span class='ocrx_word' id='word_1_575' title='bbox 1196 1103 1312 1131; x_wconf 81' lang='lat' dir='ltr'><strong>ferarum</strong></span> <span class='ocrx_word' id='word_1_576' title='bbox 1331 1104 1392 1137; x_wconf 80' lang='lat' dir='ltr'><strong>fuit,</strong></span> <span class='ocrx_word' id='word_1_577' title='bbox 1414 1105 1480 1132; x_wconf 89' lang='lat' dir='ltr'><strong>nihil</strong></span> <span class='ocrx_word' id='word_1_578' title='bbox 1503 1105 1629 1132; x_wconf 88' lang='lat' dir='ltr'><strong>comedit.</strong></span> <span class='ocrx_word' id='word_1_579' title='bbox 1657 1105 1830 1132; x_wconf 83' lang='lat' dir='ltr'><strong>llabacucum</strong></span> 
     </span>
    </p>
   </div>
   <div class='ocr_carea' id='block_1_83' title="bbox 1048 1150 1832 1186">
    <p class='ocr_par' dir='ltr' id='par_1_83' title="bbox 1048 1150 1832 1186">
     <span class='ocr_line' id='line_1_83' title="bbox 1048 1150 1832 1186; baseline 0.004 -11"><span class='ocrx_word' id='word_1_580' title='bbox 1048 1157 1112 1184; x_wconf 77' lang='lat' dir='ltr'><strong>ergo</strong></span> <span class='ocrx_word' id='word_1_581' title='bbox 1139 1151 1295 1184; x_wconf 86' lang='lat' dir='ltr'><strong>prophetam</strong></span> <span class='ocrx_word' id='word_1_582' title='bbox 1313 1150 1394 1186; x_wconf 76' lang='lat'><strong>260</strong></span> <span class='ocrx_word' id='word_1_583' title='bbox 1408 1151 1507 1184; x_wconf 85' lang='lat' dir='ltr'><strong>capillo</strong></span> <span class='ocrx_word' id='word_1_584' title='bbox 1533 1151 1629 1185; x_wconf 88' lang='lat' dir='ltr'><strong>capitis</strong></span> <span class='ocrx_word' id='word_1_585' title='bbox 1658 1152 1832 1186; x_wconf 76' lang='lat' dir='ltr'><strong>prehensum.</strong></span> 
     </span>
    </p>
   </div>
   <div class='ocr_carea' id='block_1_84' title="bbox 1049 1195 1830 1230">
    <p class='ocr_par' dir='ltr' id='par_1_84' title="bbox 1049 1195 1830 1230">
     <span class='ocr_line' id='line_1_84' title="bbox 1049 1195 1830 1230; baseline 0 -9"><span class='ocrx_word' id='word_1_586' title='bbox 1049 1202 1101 1221; x_wconf 88' lang='lat' dir='ltr'><strong>una</strong></span> <span class='ocrx_word' id='word_1_587' title='bbox 1126 1202 1188 1221; x_wconf 90' lang='lat' dir='ltr'><strong>cum</strong></span> <span class='ocrx_word' id='word_1_588' title='bbox 1207 1195 1267 1222; x_wconf 88' lang='lat' dir='ltr'><strong>cibo</strong></span> <span class='ocrx_word' id='word_1_589' title='bbox 1283 1197 1328 1230; x_wconf 91' lang='lat' dir='ltr'><strong>qui</strong></span> <span class='ocrx_word' id='word_1_590' title='bbox 1346 1197 1371 1222; x_wconf 93' lang='lat' dir='ltr'><strong>in</strong></span> <span class='ocrx_word' id='word_1_591' title='bbox 1387 1196 1513 1222; x_wconf 83' lang='lat' dir='ltr'><strong>manibus</strong></span> <span class='ocrx_word' id='word_1_592' title='bbox 1535 1195 1595 1229; x_wconf 83' lang='lat' dir='ltr'><strong>ejus</strong></span> <span class='ocrx_word' id='word_1_593' title='bbox 1620 1195 1680 1229; x_wconf 86' lang='lat' dir='ltr'><strong>fuit,</strong></span> <span class='ocrx_word' id='word_1_594' title='bbox 1707 1195 1830 1223; x_wconf 81' lang='lat' dir='ltr'><strong>Baheletu</strong></span> 
     </span>
    </p>
   </div>
   <div class='ocr_carea' id='block_1_85' title="bbox 1049 1241 1830 1276">
    <p class='ocr_par' dir='ltr' id='par_1_85' title="bbox 1049 1241 1830 1276">
     <span class='ocr_line' id='line_1_85' title="bbox 1049 1241 1830 1276; baseline 0.003 -10"><span class='ocrx_word' id='word_1_595' title='bbox 1049 1241 1177 1275; x_wconf 85' lang='lat' dir='ltr'><strong>portavit,</strong></span> <span class='ocrx_word' id='word_1_596' title='bbox 1195 1244 1220 1267; x_wconf 89' lang='lat' dir='ltr'><strong>et</strong></span> <span class='ocrx_word' id='word_1_597' title='bbox 1233 1249 1314 1275; x_wconf 83' lang='lat' dir='ltr'><strong>super</strong></span> <span class='ocrx_word' id='word_1_598' title='bbox 1326 1241 1412 1268; x_wconf 84' lang='lat' dir='ltr'><strong>laeum</strong></span> <span class='ocrx_word' id='word_1_599' title='bbox 1431 1242 1457 1267; x_wconf 94' lang='lat' dir='ltr'><strong>in</strong></span> <span class='ocrx_word' id='word_1_600' title='bbox 1471 1249 1524 1275; x_wconf 89' lang='lat' dir='ltr'><strong>quo</strong></span> <span class='ocrx_word' id='word_1_601' title='bbox 1540 1246 1600 1268; x_wconf 88' lang='lat' dir='ltr'><strong>erat</strong></span> <span class='ocrx_word' id='word_1_602' title='bbox 1616 1241 1707 1268; x_wconf 87' lang='lat' dir='ltr'><strong>Daniel</strong></span> <span class='ocrx_word' id='word_1_603' title='bbox 1721 1242 1830 1276; x_wconf 80' lang='lat' dir='ltr'><strong>posuit;</strong></span> 
     </span>
    </p>
   </div>
   <div class='ocr_carea' id='block_1_86' title="bbox 1048 1287 1830 1323">
    <p class='ocr_par' dir='ltr' id='par_1_86' title="bbox 1048 1287 1830 1323">
     <span class='ocr_line' id='line_1_86' title="bbox 1048 1287 1830 1323; baseline -0.001 -9"><span class='ocrx_word' id='word_1_604' title='bbox 1048 1288 1091 1322; x_wconf 87' lang='lat' dir='ltr'><strong>qui</strong></span> <span class='ocrx_word' id='word_1_605' title='bbox 1107 1296 1172 1323; x_wconf 77' lang='lat' dir='ltr'><strong>ergo</strong></span> <span class='ocrx_word' id='word_1_606' title='bbox 1186 1288 1275 1323; x_wconf 83' lang='lat' dir='ltr'><strong>ipsum</strong></span> <span class='ocrx_word' id='word_1_607' title='bbox 1289 1289 1439 1315; x_wconf 87' lang='lat' dir='ltr'><strong>inclamans</strong></span> <span class='ocrx_word' id='word_1_608' title='bbox 1450 1288 1518 1314; x_wconf 73' lang='lat' dir='ltr'><strong>dixit</strong></span> <span class='ocrx_word' id='word_1_609' title='bbox 1538 1297 1544 1314; x_wconf 88' lang='lat'><strong>:</strong></span> <span class='ocrx_word' id='word_1_610' title='bbox 1559 1287 1580 1315; x_wconf 95' lang='grc'>0</span> <span class='ocrx_word' id='word_1_611' title='bbox 1593 1287 1697 1319; x_wconf 82' lang='lat' dir='ltr'><strong>Daniel,</strong></span> <span class='ocrx_word' id='word_1_612' title='bbox 1714 1296 1757 1314; x_wconf 87' lang='lat' dir='ltr'><strong>me</strong></span> <span class='ocrx_word' id='word_1_613' title='bbox 1777 1288 1830 1314; x_wconf 88' lang='lat' dir='ltr'><strong>lla-</strong></span> 
     </span>
    </p>
   </div>
   <div class='ocr_carea' id='block_1_87' title="bbox 1049 1334 1832 1368">
    <p class='ocr_par' dir='ltr' id='par_1_87' title="bbox 1049 1334 1832 1368">
     <span class='ocr_line' id='line_1_87' title="bbox 1049 1334 1832 1368; baseline 0.001 -9"><span class='ocrx_word' id='word_1_614' title='bbox 1049 1334 1181 1361; x_wconf 86' lang='lat' dir='ltr'><strong>bacucnm</strong></span> <span class='ocrx_word' id='word_1_615' title='bbox 1195 1335 1268 1361; x_wconf 82' lang='lat' dir='ltr'><strong>misit</strong></span> <span class='ocrx_word' id='word_1_616' title='bbox 1280 1335 1312 1361; x_wconf 84' lang='lat' dir='ltr'><strong>ad</strong></span> <span class='ocrx_word' id='word_1_617' title='bbox 1330 1339 1355 1362; x_wconf 86' lang='lat' dir='ltr'><strong>te</strong></span> <span class='ocrx_word' id='word_1_618' title='bbox 1371 1334 1499 1361; x_wconf 85' lang='lat' dir='ltr'><strong>Dominus</strong></span> <span class='ocrx_word' id='word_1_619' title='bbox 1515 1341 1575 1360; x_wconf 81' lang='lat' dir='ltr'><strong>eum</strong></span> <span class='ocrx_word' id='word_1_620' title='bbox 1592 1334 1652 1360; x_wconf 91' lang='lat' dir='ltr'><strong>cibo</strong></span> <span class='ocrx_word' id='word_1_621' title='bbox 1669 1341 1723 1368; x_wconf 92' lang='lat' dir='ltr'><strong>quo</strong></span> <span class='ocrx_word' id='word_1_622' title='bbox 1737 1341 1832 1360; x_wconf 80' lang='lat' dir='ltr'><strong>resca-</strong></span> 
     </span>
    </p>
   </div>
   <div class='ocr_carea' id='block_1_88' title="bbox 1049 1378 1828 1414">
    <p class='ocr_par' dir='ltr' id='par_1_88' title="bbox 1049 1378 1828 1414">
     <span class='ocr_line' id='line_1_88' title="bbox 1049 1378 1828 1414; baseline -0.001 -9"><span class='ocrx_word' id='word_1_623' title='bbox 1049 1379 1096 1405; x_wconf 90' lang='lat' dir='ltr'><strong>ris.</strong></span> <span class='ocrx_word' id='word_1_624' title='bbox 1112 1379 1270 1406; x_wconf 80' lang='lat' dir='ltr'><strong>Ascendens</strong></span> <span class='ocrx_word' id='word_1_625' title='bbox 1283 1387 1346 1414; x_wconf 80' lang='lat' dir='ltr'><strong>ergo</strong></span> <span class='ocrx_word' id='word_1_626' title='bbox 1362 1379 1454 1406; x_wconf 83' lang='lat' dir='ltr'><strong>Daniel</strong></span> <span class='ocrx_word' id='word_1_627' title='bbox 1472 1387 1487 1405; x_wconf 82' lang='lat' dir='ltr'><strong>e</strong></span> <span class='ocrx_word' id='word_1_628' title='bbox 1507 1379 1566 1405; x_wconf 89' lang='lat' dir='ltr'><strong>lacu</strong></span> <span class='ocrx_word' id='word_1_629' title='bbox 1583 1379 1711 1411; x_wconf 86' lang='lat' dir='ltr'><strong>comedit,</strong></span> <span class='ocrx_word' id='word_1_630' title='bbox 1728 1378 1828 1404; x_wconf 90' lang='lat' dir='ltr'><strong>Deum-</strong></span> 
     </span>
    </p>
   </div>
   <div class='ocr_carea' id='block_1_89' title="bbox 1048 1423 1830 1457">
    <p class='ocr_par' dir='ltr' id='par_1_89' title="bbox 1048 1423 1830 1457">
     <span class='ocr_line' id='line_1_89' title="bbox 1048 1423 1830 1457; baseline 0.003 -9"><span class='ocrx_word' id='word_1_631' title='bbox 1048 1431 1101 1457; x_wconf 88' lang='lat' dir='ltr'><strong>que</strong></span> <span class='ocrx_word' id='word_1_632' title='bbox 1131 1423 1288 1454; x_wconf 83' lang='lat' dir='ltr'><strong>celebravit.</strong></span> <span class='ocrx_word' id='word_1_633' title='bbox 1312 1431 1344 1450; x_wconf 84' lang='lat' dir='ltr'><strong>ac</strong></span> <span class='ocrx_word' id='word_1_634' title='bbox 1373 1430 1481 1450; x_wconf 83' lang='lat' dir='ltr'><strong>rursum</strong></span> <span class='ocrx_word' id='word_1_635' title='bbox 1509 1423 1535 1449; x_wconf 94' lang='lat' dir='ltr'><strong>in</strong></span> <span class='ocrx_word' id='word_1_636' title='bbox 1564 1423 1652 1449; x_wconf 86' lang='lat' dir='ltr'><strong>lacum</strong></span> <span class='ocrx_word' id='word_1_637' title='bbox 1678 1423 1830 1450; x_wconf 85' lang='lat' dir='ltr'><strong>descendit.</strong></span> 
     </span>
    </p>
   </div>
   <div class='ocr_carea' id='block_1_90' title="bbox 1049 1467 1830 1502">
    <p class='ocr_par' dir='ltr' id='par_1_90' title="bbox 1049 1467 1830 1502">
     <span class='ocr_line' id='line_1_90' title="bbox 1049 1467 1830 1502; baseline 0 -8"><span class='ocrx_word' id='word_1_638' title='bbox 1049 1468 1223 1496; x_wconf 85' lang='lat' dir='ltr'><strong>llabacucum</strong></span> <span class='ocrx_word' id='word_1_639' title='bbox 1237 1474 1326 1495; x_wconf 80' lang='lat' dir='ltr'><strong>autent</strong></span> <span class='ocrx_word' id='word_1_640' title='bbox 1344 1467 1480 1494; x_wconf 83' lang='lat' dir='ltr'><strong>sublatum</strong></span> <span class='ocrx_word' id='word_1_641' title='bbox 1494 1468 1520 1494; x_wconf 90' lang='lat' dir='ltr'><strong>in</strong></span> <span class='ocrx_word' id='word_1_642' title='bbox 1536 1473 1634 1494; x_wconf 87' lang='lat' dir='ltr'><strong>terram</strong></span> <span class='ocrx_word' id='word_1_643' title='bbox 1649 1467 1724 1495; x_wconf 67' lang='lat' dir='ltr'><strong>Iuda!</strong></span> <span class='ocrx_word' id='word_1_644' title='bbox 1739 1476 1830 1502; x_wconf 83' lang='lat' dir='ltr'><strong>repor-</strong></span> 
     </span>
    </p>
   </div>
   <div class='ocr_carea' id='block_1_91' title="bbox 1050 1512 1833 1547">
    <p class='ocr_par' dir='ltr' id='par_1_91' title="bbox 1050 1512 1833 1547">
     <span class='ocr_line' id='line_1_91' title="bbox 1050 1512 1833 1547; baseline 0 -9"><span class='ocrx_word' id='word_1_645' title='bbox 1050 1513 1116 1539; x_wconf 83' lang='lat' dir='ltr'><strong>tavit</strong></span> <span class='ocrx_word' id='word_1_646' title='bbox 1138 1513 1264 1547; x_wconf 80' lang='lat' dir='ltr'><strong>angelns.</strong></span> <span class='ocrx_word' id='word_1_647' title='bbox 1284 1512 1384 1539; x_wconf 89' lang='lat' dir='ltr'><strong>Deinde</strong></span> <span class='ocrx_word' id='word_1_648' title='bbox 1411 1519 1457 1539; x_wconf 84' lang='lat' dir='ltr'><strong>rex</strong></span> <span class='ocrx_word' id='word_1_649' title='bbox 1486 1512 1647 1546; x_wconf 57' lang='lat' dir='ltr'><strong>paenitentia</strong></span> <span class='ocrx_word' id='word_1_650' title='bbox 1678 1516 1766 1539; x_wconf 81' lang='lat' dir='ltr'><strong>motus</strong></span> <span class='ocrx_word' id='word_1_651' title='bbox 1796 1513 1833 1538; x_wconf 79' lang='lat' dir='ltr'><strong>ob</strong></span> 
     </span>
    </p>
   </div>
   <div class='ocr_carea' id='block_1_92' title="bbox 1051 1556 1830 1592">
    <p class='ocr_par' dir='ltr' id='par_1_92' title="bbox 1051 1556 1830 1592">
     <span class='ocr_line' id='line_1_92' title="bbox 1051 1556 1830 1592; baseline -0.001 -8"><span class='ocrx_word' id='word_1_652' title='bbox 1051 1558 1113 1584; x_wconf 89' lang='lat' dir='ltr'><strong>illud</strong></span> <span class='ocrx_word' id='word_1_653' title='bbox 1129 1557 1201 1592; x_wconf 89' lang='lat' dir='ltr'><strong>quod</strong></span> <span class='ocrx_word' id='word_1_654' title='bbox 1231 1557 1333 1583; x_wconf 88' lang='lat' dir='ltr'><strong>Danieli</strong></span> <span class='ocrx_word' id='word_1_655' title='bbox 1369 1556 1481 1587; x_wconf 82' lang='lat' dir='ltr'><strong>fecerat,</strong></span> <span class='ocrx_word' id='word_1_656' title='bbox 1509 1556 1595 1591; x_wconf 90' lang='lat' dir='ltr'><strong>ipsum</strong></span> <span class='ocrx_word' id='word_1_657' title='bbox 1609 1564 1623 1582; x_wconf 89' lang='lat' dir='ltr'><strong>e</strong></span> <span class='ocrx_word' id='word_1_658' title='bbox 1637 1564 1718 1590; x_wconf 88' lang='lat' dir='ltr'><strong>specu</strong></span> <span class='ocrx_word' id='word_1_659' title='bbox 1735 1564 1750 1583; x_wconf 86' lang='lat' dir='ltr'><strong>a</strong></span> <span class='ocrx_word' id='word_1_660' title='bbox 1766 1557 1830 1583; x_wconf 83' lang='lat' dir='ltr'><strong>feris</strong></span> 
     </span>
    </p>
   </div>
   <div class='ocr_carea' id='block_1_93' title="bbox 1051 1601 1832 1635">
    <p class='ocr_par' dir='ltr' id='par_1_93' title="bbox 1051 1601 1832 1635">
     <span class='ocr_line' id='line_1_93' title="bbox 1051 1601 1832 1635; baseline -0.003 -7"><span class='ocrx_word' id='word_1_661' title='bbox 1051 1603 1182 1628; x_wconf 90' lang='lat' dir='ltr'><strong>intactum</strong></span> <span class='ocrx_word' id='word_1_662' title='bbox 1201 1601 1313 1633; x_wconf 83' lang='lat' dir='ltr'><strong>eduxit;</strong></span> <span class='ocrx_word' id='word_1_663' title='bbox 1332 1602 1403 1635; x_wconf 87' lang='lat' dir='ltr'><strong>quod</strong></span> <span class='ocrx_word' id='word_1_664' title='bbox 1424 1601 1540 1627; x_wconf 88' lang='lat' dir='ltr'><strong>miratus</strong></span> <span class='ocrx_word' id='word_1_665' title='bbox 1557 1609 1602 1627; x_wconf 86' lang='lat' dir='ltr'><strong>rex</strong></span> <span class='ocrx_word' id='word_1_666' title='bbox 1629 1601 1716 1635; x_wconf 88' lang='lat' dir='ltr'><strong>ipsum</strong></span> <span class='ocrx_word' id='word_1_667' title='bbox 1736 1601 1832 1635; x_wconf 61' lang='lat' dir='ltr'><strong>praele-</strong></span> 
     </span>
    </p>
   </div>
   <div class='ocr_carea' id='block_1_94' title="bbox 1048 1645 1827 1680">
    <p class='ocr_par' dir='ltr' id='par_1_94' title="bbox 1048 1645 1827 1680">
     <span class='ocr_line' id='line_1_94' title="bbox 1048 1645 1827 1680; baseline -0.001 -7"><span class='ocrx_word' id='word_1_668' title='bbox 1048 1651 1131 1673; x_wconf 78' lang='lat' dir='ltr'><strong>eturm</strong></span> <span class='ocrx_word' id='word_1_669' title='bbox 1147 1648 1286 1673; x_wconf 79' lang='lat' dir='ltr'><strong>exercitus</strong></span> <span class='ocrx_word' id='word_1_670' title='bbox 1302 1646 1431 1674; x_wconf 88' lang='lat' dir='ltr'><strong>restituit.</strong></span> <span class='ocrx_word' id='word_1_671' title='bbox 1447 1645 1534 1680; x_wconf 87' lang='lat' dir='ltr'><strong>Cyrus</strong></span> <span class='ocrx_word' id='word_1_672' title='bbox 1555 1651 1644 1672; x_wconf 78' lang='lat' dir='ltr'><strong>autem</strong></span> <span class='ocrx_word' id='word_1_673' title='bbox 1658 1646 1749 1675; x_wconf 80' lang='lat' dir='ltr'><strong>Persa.</strong></span> <span class='ocrx_word' id='word_1_674' title='bbox 1765 1653 1827 1672; x_wconf 86' lang='lat' dir='ltr'><strong>cum</strong></span> 
     </span>
    </p>
   </div>
   <div class='ocr_carea' id='block_1_95' title="bbox 1048 1694 1829 1728">
    <p class='ocr_par' dir='ltr' id='par_1_95' title="bbox 1048 1694 1829 1728">
     <span class='ocr_line' id='line_1_95' title="bbox 1048 1694 1829 1728; baseline -0.001 -9"><span class='ocrx_word' id='word_1_675' title='bbox 1048 1694 1167 1720; x_wconf 86' lang='lat' dir='ltr'><strong>triennio</strong></span> <span class='ocrx_word' id='word_1_676' title='bbox 1195 1697 1355 1728; x_wconf 81' lang='lat' dir='ltr'><strong>regnasset,</strong></span> <span class='ocrx_word' id='word_1_677' title='bbox 1386 1697 1508 1719; x_wconf 83' lang='lat' dir='ltr'><strong>mortuus</strong></span> <span class='ocrx_word' id='word_1_678' title='bbox 1536 1697 1589 1724; x_wconf 81' lang='lat' dir='ltr'><strong>est,</strong></span> <span class='ocrx_word' id='word_1_679' title='bbox 1614 1697 1743 1727; x_wconf 76' lang='lat' dir='ltr'><strong>regnante</strong></span> <span class='ocrx_word' id='word_1_680' title='bbox 1768 1697 1829 1726; x_wconf 71' lang='lat' dir='ltr'><strong>post</strong></span> 
     </span>
    </p>
   </div>
   <div class='ocr_carea' id='block_1_96' title="bbox 1048 1737 1826 1772">
    <p class='ocr_par' dir='ltr' id='par_1_96' title="bbox 1048 1737 1826 1772">
     <span class='ocr_line' id='line_1_96' title="bbox 1048 1737 1826 1772; baseline 0 -8"><span class='ocrx_word' id='word_1_681' title='bbox 1048 1739 1135 1772; x_wconf 88' lang='lat' dir='ltr'><strong>ipsum</strong></span> <span class='ocrx_word' id='word_1_682' title='bbox 1153 1738 1390 1766; x_wconf 80' lang='lat' dir='ltr'><strong>Achashaviroslio</strong></span> <span class='ocrx_word' id='word_1_683' title='bbox 1406 1745 1491 1764; x_wconf 85' lang='lat' dir='ltr'><strong>annos</strong></span> <span class='ocrx_word' id='word_1_684' title='bbox 1502 1738 1654 1765; x_wconf 82' lang='lat' dir='ltr'><strong>duodecim.</strong></span> <span class='ocrx_word' id='word_1_685' title='bbox 1669 1737 1731 1765; x_wconf 86' lang='lat' dir='ltr'><strong>Post</strong></span> <span class='ocrx_word' id='word_1_686' title='bbox 1746 1746 1826 1772; x_wconf 86' lang='lat' dir='ltr'><strong>quem</strong></span> 
     </span>
    </p>
   </div>
   <div class='ocr_carea' id='block_1_97' title="bbox 1048 1783 1829 1819">
    <p class='ocr_par' dir='ltr' id='par_1_97' title="bbox 1048 1783 1829 1819">
     <span class='ocr_line' id='line_1_97' title="bbox 1048 1783 1829 1819; baseline 0 -9"><span class='ocrx_word' id='word_1_687' title='bbox 1048 1785 1118 1811; x_wconf 89' lang='lat' dir='ltr'><strong>lilius</strong></span> <span class='ocrx_word' id='word_1_688' title='bbox 1138 1784 1224 1818; x_wconf 88' lang='lat' dir='ltr'><strong>ipsius</strong></span> <span class='ocrx_word' id='word_1_689' title='bbox 1241 1784 1338 1819; x_wconf 79' lang='lat' dir='ltr'><strong>Cyrus,</strong></span> <span class='ocrx_word' id='word_1_690' title='bbox 1367 1784 1576 1818; x_wconf 77' lang='lat' dir='ltr'><strong>cognominatus</strong></span> <span class='ocrx_word' id='word_1_691' title='bbox 1606 1783 1713 1813; x_wconf 84' lang='lat' dir='ltr'><strong>Darius.</strong></span> <span class='ocrx_word' id='word_1_692' title='bbox 1740 1791 1829 1810; x_wconf 75' lang='lat' dir='ltr'><strong>annos</strong></span> 
     </span>
    </p>
   </div>
   <div class='ocr_carea' id='block_1_98' title="bbox 1047 1828 1826 1864">
    <p class='ocr_par' dir='ltr' id='par_1_98' title="bbox 1047 1828 1826 1864">
     <span class='ocr_line' id='line_1_98' title="bbox 1047 1828 1826 1864; baseline -0.003 -9"><span class='ocrx_word' id='word_1_693' title='bbox 1047 1829 1154 1864; x_wconf 77' lang='lat' dir='ltr'><strong>triginta</strong></span> <span class='ocrx_word' id='word_1_694' title='bbox 1175 1829 1326 1863; x_wconf 86' lang='lat' dir='ltr'><strong>imperavit.</strong></span> <span class='ocrx_word' id='word_1_695' title='bbox 1347 1828 1433 1862; x_wconf 82' lang='lat' dir='ltr'><strong>Cujus</strong></span> <span class='ocrx_word' id='word_1_696' title='bbox 1458 1828 1532 1862; x_wconf 81' lang='lat' dir='ltr'><strong>regni</strong></span> <span class='ocrx_word' id='word_1_697' title='bbox 1551 1835 1622 1854; x_wconf 90' lang='lat' dir='ltr'><strong>anno</strong></span> <span class='ocrx_word' id='word_1_698' title='bbox 1649 1828 1737 1862; x_wconf 91' lang='lat' dir='ltr'><strong>primo</strong></span> <span class='ocrx_word' id='word_1_699' title='bbox 1764 1835 1826 1853; x_wconf 79' lang='lat' dir='ltr'><strong>mox</strong></span> 
     </span>
    </p>
   </div>
   <div class='ocr_carea' id='block_1_99' title="bbox 1045 1874 1826 1908">
    <p class='ocr_par' dir='ltr' id='par_1_99' title="bbox 1045 1874 1826 1908">
     <span class='ocr_line' id='line_1_99' title="bbox 1045 1874 1826 1908; baseline -0.003 -8"><span class='ocrx_word' id='word_1_700' title='bbox 1045 1875 1116 1900; x_wconf 87' lang='lat' dir='ltr'><strong>diem</strong></span> <span class='ocrx_word' id='word_1_701' title='bbox 1133 1874 1201 1900; x_wconf 87' lang='lat' dir='ltr'><strong>obiit</strong></span> <span class='ocrx_word' id='word_1_702' title='bbox 1220 1874 1312 1900; x_wconf 81' lang='lat' dir='ltr'><strong>Daniel</strong></span> <span class='ocrx_word' id='word_1_703' title='bbox 1329 1874 1469 1908; x_wconf 75' lang='lat' dir='ltr'><strong>propheta.</strong></span> <span class='ocrx_word' id='word_1_704' title='bbox 1487 1875 1566 1900; x_wconf 85' lang='lat' dir='ltr'><strong>Anno</strong></span> <span class='ocrx_word' id='word_1_705' title='bbox 1582 1879 1670 1900; x_wconf 86' lang='lat' dir='ltr'><strong>autem</strong></span> <span class='ocrx_word' id='word_1_706' title='bbox 1685 1874 1759 1908; x_wconf 73' lang='lat' dir='ltr'><strong>regni</strong></span> <span class='ocrx_word' id='word_1_707' title='bbox 1783 1874 1826 1899; x_wconf 88' lang='lat' dir='ltr'><strong>sui</strong></span> 
     </span>
    </p>
   </div>
   <div class='ocr_carea' id='block_1_100' title="bbox 1046 1917 1829 1954">
    <p class='ocr_par' dir='ltr' id='par_1_100' title="bbox 1046 1917 1829 1954">
     <span class='ocr_line' id='line_1_100' title="bbox 1046 1917 1829 1954; baseline 0.001 -9"><span class='ocrx_word' id='word_1_708' title='bbox 1046 1919 1165 1946; x_wconf 84' lang='lat' dir='ltr'><strong>secnmlo</strong></span> <span class='ocrx_word' id='word_1_709' title='bbox 1189 1919 1325 1945; x_wconf 80' lang='lat' dir='ltr'><strong>lsraclitas</strong></span> <span class='ocrx_word' id='word_1_710' title='bbox 1345 1917 1531 1954; x_wconf 82' lang='lat' dir='ltr'><strong>llieresolyma</strong></span> <span class='ocrx_word' id='word_1_711' title='bbox 1559 1919 1658 1950; x_wconf 83' lang='lat' dir='ltr'><strong>redire,</strong></span> <span class='ocrx_word' id='word_1_712' title='bbox 1677 1919 1829 1952; x_wconf 76' lang='lat' dir='ltr'><strong>urbemth</strong></span> 
     </span>
    </p>
   </div>
   <div class='ocr_carea' id='block_1_101' title="bbox 1045 1962 1825 1997">
    <p class='ocr_par' dir='ltr' id='par_1_101' title="bbox 1045 1962 1825 1997">
     <span class='ocr_line' id='line_1_101' title="bbox 1045 1962 1825 1997; baseline -0.001 -8"><span class='ocrx_word' id='word_1_713' title='bbox 1045 1971 1076 1989; x_wconf 87' lang='lat' dir='ltr'><strong>ac</strong></span> <span class='ocrx_word' id='word_1_714' title='bbox 1095 1964 1224 1997; x_wconf 80' lang='lat' dir='ltr'><strong>templum</strong></span> <span class='ocrx_word' id='word_1_715' title='bbox 1237 1963 1370 1989; x_wconf 50' lang='lat' dir='ltr'><strong>mllifit-are</strong></span> <span class='ocrx_word' id='word_1_716' title='bbox 1382 1963 1474 1996; x_wconf 90' lang='lat' dir='ltr'><strong>jussit.</strong></span> <span class='ocrx_word' id='word_1_717' title='bbox 1494 1963 1579 1997; x_wconf 88' lang='lat' dir='ltr'><strong>Cujus</strong></span> <span class='ocrx_word' id='word_1_718' title='bbox 1594 1970 1674 1989; x_wconf 87' lang='lat' dir='ltr'><strong>causa</strong></span> <span class='ocrx_word' id='word_1_719' title='bbox 1687 1962 1737 1989; x_wconf 88' lang='lat' dir='ltr'><strong>fuit</strong></span> <span class='ocrx_word' id='word_1_720' title='bbox 1753 1965 1825 1997; x_wconf 80' lang='lat' dir='ltr'><strong>quod</strong></span> 
     </span>
    </p>
   </div>
   <div class='ocr_carea' id='block_1_102' title="bbox 1045 2008 1826 2043">
    <p class='ocr_par' dir='ltr' id='par_1_102' title="bbox 1045 2008 1826 2043">
     <span class='ocr_line' id='line_1_102' title="bbox 1045 2008 1826 2043; baseline -0.003 -7"><span class='ocrx_word' id='word_1_721' title='bbox 1045 2009 1132 2043; x_wconf 83' lang='lat' dir='ltr'><strong>Cyrus</strong></span> <span class='ocrx_word' id='word_1_722' title='bbox 1150 2009 1243 2041; x_wconf 87' lang='lat' dir='ltr'><strong>Persa,</strong></span> <span class='ocrx_word' id='word_1_723' title='bbox 1269 2008 1446 2035; x_wconf 83' lang='lat' dir='ltr'><strong>lsraclitidem</strong></span> <span class='ocrx_word' id='word_1_724' title='bbox 1467 2008 1612 2042; x_wconf 89' lang='lat' dir='ltr'><strong>quamdam</strong></span> <span class='ocrx_word' id='word_1_725' title='bbox 1636 2009 1746 2035; x_wconf 89' lang='lat' dir='ltr'><strong>nomine</strong></span> <span class='ocrx_word' id='word_1_726' title='bbox 1769 2008 1826 2034; x_wconf 80' lang='lat' dir='ltr'><strong>Ma-</strong></span> 
     </span>
    </p>
   </div>
   <div class='ocr_carea' id='block_1_103' title="bbox 1046 2053 1826 2088">
    <p class='ocr_par' dir='ltr' id='par_1_103' title="bbox 1046 2053 1826 2088">
     <span class='ocr_line' id='line_1_103' title="bbox 1046 2053 1826 2088; baseline -0.001 -8"><span class='ocrx_word' id='word_1_727' title='bbox 1046 2055 1129 2085; x_wconf 86' lang='lat' dir='ltr'><strong>lehat,</strong></span> <span class='ocrx_word' id='word_1_728' title='bbox 1141 2054 1314 2080; x_wconf 81' lang='lat' dir='ltr'><strong>Zerobabelis</strong></span> <span class='ocrx_word' id='word_1_729' title='bbox 1326 2061 1459 2084; x_wconf 67' lang='lat' dir='ltr'><strong>sororem.</strong></span> <span class='ocrx_word' id='word_1_730' title='bbox 1482 2061 1594 2079; x_wconf 85' lang='lat' dir='ltr'><strong>uxorem</strong></span> <span class='ocrx_word' id='word_1_731' title='bbox 1611 2053 1725 2085; x_wconf 89' lang='lat' dir='ltr'><strong>ducens,</strong></span> <span class='ocrx_word' id='word_1_732' title='bbox 1740 2054 1826 2088; x_wconf 85' lang='lat' dir='ltr'><strong>ipsam</strong></span> 
     </span>
    </p>
   </div>
   <div class='ocr_carea' id='block_1_104' title="bbox 1045 2099 1824 2134">
    <p class='ocr_par' dir='ltr' id='par_1_104' title="bbox 1045 2099 1824 2134">
     <span class='ocr_line' id='line_1_104' title="bbox 1045 2099 1824 2134; baseline -0.003 -7"><span class='ocrx_word' id='word_1_733' title='bbox 1045 2099 1189 2127; x_wconf 78' lang='lat' dir='ltr'><strong>Persarum</strong></span> <span class='ocrx_word' id='word_1_734' title='bbox 1218 2107 1293 2126; x_wconf 88' lang='lat' dir='ltr'><strong>more</strong></span> <span class='ocrx_word' id='word_1_735' title='bbox 1322 2101 1441 2134; x_wconf 74' lang='lat' dir='ltr'><strong>reginam</strong></span> <span class='ocrx_word' id='word_1_736' title='bbox 1472 2099 1653 2126; x_wconf 74' lang='lat' dir='ltr'><strong>constituerit.</strong></span> <span class='ocrx_word' id='word_1_737' title='bbox 1676 2099 1740 2132; x_wconf 58' lang='lat' dir='ltr'><strong>Quae</strong></span> <span class='ocrx_word' id='word_1_738' title='bbox 1764 2107 1824 2126; x_wconf 85' lang='lat' dir='ltr'><strong>cum</strong></span> 
     </span>
    </p>
   </div>
   <div class='ocr_carea' id='block_1_105' title="bbox 1045 2145 1825 2181">
    <p class='ocr_par' dir='ltr' id='par_1_105' title="bbox 1045 2145 1825 2181">
     <span class='ocr_line' id='line_1_105' title="bbox 1045 2145 1825 2181; baseline 0.001 -10"><span class='ocrx_word' id='word_1_739' title='bbox 1045 2147 1130 2181; x_wconf 90' lang='lat' dir='ltr'><strong>ipsam</strong></span> <span class='ocrx_word' id='word_1_740' title='bbox 1153 2150 1258 2172; x_wconf 76' lang='lat' dir='ltr'><strong>amaret</strong></span> <span class='ocrx_word' id='word_1_741' title='bbox 1273 2146 1371 2181; x_wconf 84' lang='lat' dir='ltr'><strong>Cyrus,</strong></span> <span class='ocrx_word' id='word_1_742' title='bbox 1394 2145 1471 2180; x_wconf 82' lang='lat' dir='ltr'><strong>petiit</strong></span> <span class='ocrx_word' id='word_1_743' title='bbox 1494 2145 1527 2172; x_wconf 90' lang='lat' dir='ltr'><strong>ab</strong></span> <span class='ocrx_word' id='word_1_744' title='bbox 1545 2146 1591 2171; x_wconf 91' lang='lat' dir='ltr'><strong>illo</strong></span> <span class='ocrx_word' id='word_1_745' title='bbox 1603 2150 1633 2172; x_wconf 89' lang='lat' dir='ltr'><strong>ut</strong></span> <span class='ocrx_word' id='word_1_746' title='bbox 1650 2145 1825 2172; x_wconf 84' lang='lat' dir='ltr'><strong>Zorobabelis</strong></span> 
     </span>
    </p>
   </div>
   <div class='ocr_carea' id='block_1_106' title="bbox 603 2190 1825 2225">
    <p class='ocr_par' dir='ltr' id='par_1_106' title="bbox 603 2190 1825 2225">
     <span class='ocr_line' id='line_1_106' title="bbox 603 2190 1825 2225; baseline 0.002 -10"><span class='ocrx_word' id='word_1_747' title='bbox 603 2190 648 2216; x_wconf 87' lang='lat' dir='ltr'><strong>Die</strong></span> <span class='ocrx_word' id='word_1_748' title='bbox 675 2197 738 2225; x_wconf 71' lang='lat' dir='ltr'><strong>ergo</strong></span> <span class='ocrx_word' id='word_1_749' title='bbox 767 2190 887 2216; x_wconf 85' lang='lat' dir='ltr'><strong>crastino</strong></span> <span class='ocrx_word' id='word_1_750' title='bbox 903 2197 917 2216; x_wconf 89' lang='lat' dir='ltr'><strong>c</strong></span> <span class='ocrx_word' id='word_1_751' title='bbox 933 2191 990 2216; x_wconf 83' lang='lat' dir='ltr'><strong>lacu</strong></span> <span class='ocrx_word' id='word_1_752' title='bbox 1011 2194 1030 2220; x_wconf 86' lang='grc' dir='ltr'><strong>Ι)</strong></span> <span class='ocrx_word' id='word_1_753' title='bbox 1047 2191 1138 2218; x_wconf 84' lang='lat' dir='ltr'><strong>fratris</strong></span> <span class='ocrx_word' id='word_1_754' title='bbox 1149 2191 1190 2218; x_wconf 80' lang='lat' dir='ltr'><strong>sui</strong></span> <span class='ocrx_word' id='word_1_755' title='bbox 1207 2191 1294 2224; x_wconf 78' lang='lat' dir='ltr'><strong>gratia</strong></span> <span class='ocrx_word' id='word_1_756' title='bbox 1312 2190 1448 2217; x_wconf 71' lang='lat' dir='ltr'><strong>l~raclitas</strong></span> <span class='ocrx_word' id='word_1_757' title='bbox 1460 2190 1645 2224; x_wconf 84' lang='lat' dir='ltr'><strong>Hierosolyma</strong></span> <span class='ocrx_word' id='word_1_758' title='bbox 1663 2191 1825 2218; x_wconf 79' lang='lat' dir='ltr'><strong>remitteret.</strong></span> 
     </span>
    </p>
   </div>
   <div class='ocr_carea' id='block_1_107' title="bbox 1045 2233 1828 2269">
    <p class='ocr_par' dir='ltr' id='par_1_107' title="bbox 1045 2233 1828 2269">
     <span class='ocr_line' id='line_1_107' title="bbox 1045 2233 1828 2269; baseline -0.001 -8"><span class='ocrx_word' id='word_1_759' title='bbox 1045 2234 1131 2261; x_wconf 82' lang='lat' dir='ltr'><strong>Jussit</strong></span> <span class='ocrx_word' id='word_1_760' title='bbox 1145 2242 1210 2268; x_wconf 70' lang='lat' dir='ltr'><strong>ergo</strong></span> <span class='ocrx_word' id='word_1_761' title='bbox 1221 2234 1308 2269; x_wconf 85' lang='lat' dir='ltr'><strong>Cyrus</strong></span> <span class='ocrx_word' id='word_1_762' title='bbox 1332 2233 1527 2261; x_wconf 85' lang='lat' dir='ltr'><strong>Zorobabelem</strong></span> <span class='ocrx_word' id='word_1_763' title='bbox 1555 2233 1750 2269; x_wconf 79' lang='lat' dir='ltr'><strong>Hierosolymis</strong></span> <span class='ocrx_word' id='word_1_764' title='bbox 1776 2235 1828 2261; x_wconf 88' lang='lat' dir='ltr'><strong>im—</strong></span> 
     </span>
    </p>
   </div>
   <div class='ocr_carea' id='block_1_108' title="bbox 1045 2278 1828 2314">
    <p class='ocr_par' dir='ltr' id='par_1_108' title="bbox 1045 2278 1828 2314">
     <span class='ocr_line' id='line_1_108' title="bbox 1045 2278 1828 2314; baseline 0 -8"><span class='ocrx_word' id='word_1_765' title='bbox 1045 2287 1150 2314; x_wconf 84' lang='lat' dir='ltr'><strong>perare.</strong></span> <span class='ocrx_word' id='word_1_766' title='bbox 1167 2278 1223 2306; x_wconf 89' lang='lat' dir='ltr'><strong>Sub</strong></span> <span class='ocrx_word' id='word_1_767' title='bbox 1237 2280 1295 2313; x_wconf 80' lang='lat' dir='ltr'><strong>ipso</strong></span> <span class='ocrx_word' id='word_1_768' title='bbox 1310 2279 1508 2313; x_wconf 87' lang='lat' dir='ltr'><strong>prophetarunt</strong></span> <span class='ocrx_word' id='word_1_769' title='bbox 1533 2279 1658 2314; x_wconf 68' lang='lat' dir='ltr'><strong>Aggzens,</strong></span> <span class='ocrx_word' id='word_1_770' title='bbox 1674 2285 1698 2305; x_wconf 81' lang='lat' dir='ltr'><strong>et</strong></span> <span class='ocrx_word' id='word_1_771' title='bbox 1723 2279 1828 2306; x_wconf 84' lang='lat' dir='ltr'><strong>Zacha-</strong></span> 
     </span>
    </p>
   </div>
   <div class='ocr_carea' id='block_1_109' title="bbox 1045 2324 1825 2359">
    <p class='ocr_par' dir='ltr' id='par_1_109' title="bbox 1045 2324 1825 2359">
     <span class='ocr_line' id='line_1_109' title="bbox 1045 2324 1825 2359; baseline 0 -8"><span class='ocrx_word' id='word_1_772' title='bbox 1045 2324 1110 2351; x_wconf 85' lang='lat' dir='ltr'><strong>rias.</strong></span> <span class='ocrx_word' id='word_1_773' title='bbox 1124 2324 1209 2351; x_wconf 84' lang='lat' dir='ltr'><strong>Porro</strong></span> <span class='ocrx_word' id='word_1_774' title='bbox 1233 2325 1284 2350; x_wconf 90' lang='lat' dir='ltr'><strong>fuit</strong></span> <span class='ocrx_word' id='word_1_775' title='bbox 1305 2325 1375 2359; x_wconf 71' lang='lat' dir='ltr'><strong>(lyro</strong></span> <span class='ocrx_word' id='word_1_776' title='bbox 1398 2331 1558 2350; x_wconf 72' lang='lat' dir='ltr'><strong>aeconmuns</strong></span> <span class='ocrx_word' id='word_1_777' title='bbox 1589 2324 1763 2359; x_wconf 75' lang='lat'><strong>261-263</strong></span> <span class='ocrx_word' id='word_1_778' title='bbox 1792 2333 1825 2351; x_wconf 68' lang='lat' dir='ltr'><strong>ex</strong></span> 
     </span>
    </p>
   </div>
   <div class='ocr_carea' id='block_1_110' title="bbox 1045 2369 1826 2404">
    <p class='ocr_par' dir='ltr' id='par_1_110' title="bbox 1045 2369 1826 2404">
     <span class='ocr_line' id='line_1_110' title="bbox 1045 2369 1826 2404; baseline -0.001 -8"><span class='ocrx_word' id='word_1_779' title='bbox 1045 2371 1175 2398; x_wconf 83' lang='lat' dir='ltr'><strong>Israelitis</strong></span> <span class='ocrx_word' id='word_1_780' title='bbox 1196 2371 1306 2397; x_wconf 89' lang='lat' dir='ltr'><strong>nomine</strong></span> <span class='ocrx_word' id='word_1_781' title='bbox 1322 2369 1486 2399; x_wconf 86' lang='lat' dir='ltr'><strong>Nahthania,</strong></span> <span class='ocrx_word' id='word_1_782' title='bbox 1507 2369 1617 2403; x_wconf 76' lang='lat' dir='ltr'><strong>llajalia:</strong></span> <span class='ocrx_word' id='word_1_783' title='bbox 1638 2371 1720 2401; x_wconf 82' lang='lat' dir='ltr'><strong>ﬁlius,</strong></span> <span class='ocrx_word' id='word_1_784' title='bbox 1737 2371 1783 2404; x_wconf 85' lang='lat' dir='ltr'><strong>qui</strong></span> <span class='ocrx_word' id='word_1_785' title='bbox 1800 2374 1826 2396; x_wconf 81' lang='lat' dir='ltr'><strong>et</strong></span> 
     </span>
    </p>
   </div>
   <div class='ocr_carea' id='block_1_111' title="bbox 1044 2414 1825 2451">
    <p class='ocr_par' dir='ltr' id='par_1_111' title="bbox 1044 2414 1825 2451">
     <span class='ocr_line' id='line_1_111' title="bbox 1044 2414 1825 2451; baseline -0.005 -8"><span class='ocrx_word' id='word_1_786' title='bbox 1044 2417 1210 2451; x_wconf 86' lang='lat' dir='ltr'><strong>captivitatis</strong></span> <span class='ocrx_word' id='word_1_787' title='bbox 1225 2415 1352 2450; x_wconf 89' lang='lat' dir='ltr'><strong>princeps</strong></span> <span class='ocrx_word' id='word_1_788' title='bbox 1369 2414 1430 2442; x_wconf 83' lang='lat' dir='ltr'><strong>init.</strong></span> <span class='ocrx_word' id='word_1_789' title='bbox 1450 2415 1494 2441; x_wconf 84' lang='lat' dir='ltr'><strong>llle</strong></span> <span class='ocrx_word' id='word_1_790' title='bbox 1513 2415 1603 2448; x_wconf 87' lang='lat' dir='ltr'><strong>templi</strong></span> <span class='ocrx_word' id='word_1_791' title='bbox 1630 2416 1754 2441; x_wconf 78' lang='lat' dir='ltr'><strong>struendi</strong></span> <span class='ocrx_word' id='word_1_792' title='bbox 1780 2423 1825 2441; x_wconf 80' lang='lat' dir='ltr'><strong>cu-</strong></span> 
     </span>
    </p>
   </div>
   <div class='ocr_carea' id='block_1_112' title="bbox 1045 2461 1827 2495">
    <p class='ocr_par' dir='ltr' id='par_1_112' title="bbox 1045 2461 1827 2495">
     <span class='ocr_line' id='line_1_112' title="bbox 1045 2461 1827 2495; baseline -0.006 -5"><span class='ocrx_word' id='word_1_793' title='bbox 1045 2471 1102 2490; x_wconf 84' lang='lat' dir='ltr'><strong>ram</strong></span> <span class='ocrx_word' id='word_1_794' title='bbox 1118 2462 1250 2494; x_wconf 85' lang='lat' dir='ltr'><strong>suscepit,</strong></span> <span class='ocrx_word' id='word_1_795' title='bbox 1261 2469 1377 2495; x_wconf 90' lang='lat' dir='ltr'><strong>quocum</strong></span> <span class='ocrx_word' id='word_1_796' title='bbox 1394 2469 1445 2487; x_wconf 90' lang='lat' dir='ltr'><strong>una</strong></span> <span class='ocrx_word' id='word_1_797' title='bbox 1463 2461 1519 2487; x_wconf 65' lang='grc' dir='ltr'>[ιιυι</span> <span class='ocrx_word' id='word_1_798' title='bbox 1530 2466 1577 2487; x_wconf 89' lang='lat' dir='ltr'><strong>unt</strong></span> <span class='ocrx_word' id='word_1_799' title='bbox 1598 2461 1664 2487; x_wconf 39' lang='lat' dir='ltr'><strong>[‘Izra</strong></span> <span class='ocrx_word' id='word_1_800' title='bbox 1679 2461 1779 2486; x_wconf 71' lang='lat' dir='ltr'><strong>Stl&#39;iLlil&#39;</strong></span> <span class='ocrx_word' id='word_1_801' title='bbox 1795 2461 1827 2486; x_wconf 85' lang='lat' dir='ltr'><strong>li-</strong></span> 
     </span>
    </p>
   </div>
   <div class='ocr_carea' id='block_1_113' title="bbox 1043 2506 1665 2538">
    <p class='ocr_par' dir='ltr' id='par_1_113' title="bbox 1043 2506 1665 2538">
     <span class='ocr_line' id='line_1_113' title="bbox 1043 2506 1665 2538; baseline -0.006 -3"><span class='ocrx_word' id='word_1_802' title='bbox 1043 2509 1096 2535; x_wconf 61' lang='lat' dir='ltr'><strong>ltus</strong></span> <span class='ocrx_word' id='word_1_803' title='bbox 1114 2507 1251 2538; x_wconf 62' lang='lat' dir='ltr'><strong>sacerdos,</strong></span> <span class='ocrx_word' id='word_1_804' title='bbox 1268 2510 1295 2533; x_wconf 88' lang='lat' dir='ltr'><strong>et</strong></span> <span class='ocrx_word' id='word_1_805' title='bbox 1312 2506 1494 2533; x_wconf 86' lang='lat' dir='ltr'><strong>lsraelitarunt</strong></span> <span class='ocrx_word' id='word_1_806' title='bbox 1510 2506 1665 2532; x_wconf 84' lang='lat' dir='ltr'><strong>multitudo.</strong></span> 
     </span>
    </p>
   </div>
   <div class='ocr_carea' id='block_1_114' title="bbox 1078 2550 1825 2586">
    <p class='ocr_par' dir='ltr' id='par_1_114' title="bbox 1078 2550 1825 2586">
     <span class='ocr_line' id='line_1_114' title="bbox 1078 2550 1825 2586; baseline 0 -7"><span class='ocrx_word' id='word_1_807' title='bbox 1078 2553 1137 2580; x_wconf 71' lang='lat' dir='ltr'><strong>Jan.</strong></span> <span class='ocrx_word' id='word_1_808' title='bbox 1155 2561 1169 2579; x_wconf 90' lang='lat' dir='ltr'><strong>a</strong></span> <span class='ocrx_word' id='word_1_809' title='bbox 1186 2552 1343 2586; x_wconf 86' lang='lat' dir='ltr'><strong>captivitate</strong></span> <span class='ocrx_word' id='word_1_810' title='bbox 1356 2550 1519 2586; x_wconf 85' lang='lat' dir='ltr'><strong>Babylonica</strong></span> <span class='ocrx_word' id='word_1_811' title='bbox 1538 2551 1570 2577; x_wconf 84' lang='lat' dir='ltr'><strong>ad</strong></span> <span class='ocrx_word' id='word_1_812' title='bbox 1588 2552 1716 2585; x_wconf 87' lang='lat' dir='ltr'><strong>templum</strong></span> <span class='ocrx_word' id='word_1_813' title='bbox 1731 2553 1825 2579; x_wconf 88' lang='lat' dir='ltr'><strong>condi-</strong></span> 
     </span>
    </p>
   </div>
   <div class='ocr_carea' id='block_1_115' title="bbox 1044 2597 1827 2632">
    <p class='ocr_par' dir='ltr' id='par_1_115' title="bbox 1044 2597 1827 2632">
     <span class='ocr_line' id='line_1_115' title="bbox 1044 2597 1827 2632; baseline -0.003 -6"><span class='ocrx_word' id='word_1_814' title='bbox 1044 2605 1099 2626; x_wconf 87' lang='lat' dir='ltr'><strong>tum</strong></span> <span class='ocrx_word' id='word_1_815' title='bbox 1116 2599 1179 2625; x_wconf 83' lang='lat' dir='ltr'><strong>anni</strong></span> <span class='ocrx_word' id='word_1_816' title='bbox 1195 2597 1493 2632; x_wconf 67' lang='lat' dir='ltr'><strong>iucruntseptuagiuta.</strong></span> <span class='ocrx_word' id='word_1_817' title='bbox 1507 2598 1592 2623; x_wconf 78' lang='lat' dir='ltr'><strong>Annis</strong></span> <span class='ocrx_word' id='word_1_818' title='bbox 1607 2602 1698 2624; x_wconf 84' lang='lat' dir='ltr'><strong>autem</strong></span> <span class='ocrx_word' id='word_1_819' title='bbox 1710 2604 1827 2632; x_wconf 89' lang='lat' dir='ltr'><strong>quatuor</strong></span> 
     </span>
    </p>
   </div>
   <div class='ocr_carea' id='block_1_116' title="bbox 1043 2642 1826 2678">
    <p class='ocr_par' dir='ltr' id='par_1_116' title="bbox 1043 2642 1826 2678">
     <span class='ocr_line' id='line_1_116' title="bbox 1043 2642 1826 2678; baseline -0.003 -8"><span class='ocrx_word' id='word_1_820' title='bbox 1043 2644 1162 2678; x_wconf 84' lang='lat' dir='ltr'><strong>perfecta</strong></span> <span class='ocrx_word' id='word_1_821' title='bbox 1192 2647 1234 2670; x_wconf 84' lang='lat' dir='ltr'><strong>est</strong></span> <span class='ocrx_word' id='word_1_822' title='bbox 1267 2643 1426 2675; x_wconf 78' lang='lat' dir='ltr'><strong>structura;</strong></span> <span class='ocrx_word' id='word_1_823' title='bbox 1462 2646 1607 2669; x_wconf 69' lang='lat' dir='ltr'><strong>structurae</strong></span> <span class='ocrx_word' id='word_1_824' title='bbox 1632 2642 1689 2677; x_wconf 83' lang='lat' dir='ltr'><strong>ejus</strong></span> <span class='ocrx_word' id='word_1_825' title='bbox 1720 2642 1826 2676; x_wconf 75' lang='lat' dir='ltr'><strong>pra-fuit</strong></span> 
     </span>
    </p>
   </div>
   <div class='ocr_carea' id='block_1_117' title="bbox 1043 2688 1827 2722">
    <p class='ocr_par' dir='ltr' id='par_1_117' title="bbox 1043 2688 1827 2722">
     <span class='ocr_line' id='line_1_117' title="bbox 1043 2688 1827 2722; baseline -0.001 -6"><span class='ocrx_word' id='word_1_826' title='bbox 1043 2689 1191 2716; x_wconf 81' lang='lat' dir='ltr'><strong>Zerobabel</strong></span> <span class='ocrx_word' id='word_1_827' title='bbox 1210 2688 1442 2720; x_wconf 55' lang='lat' dir='ltr'><strong>ﬁliusSulatielis,</strong></span> <span class='ocrx_word' id='word_1_828' title='bbox 1461 2688 1506 2715; x_wconf 88' lang='lat' dir='ltr'><strong>filii</strong></span> <span class='ocrx_word' id='word_1_829' title='bbox 1548 2689 1651 2720; x_wconf 66' lang='lat' dir='ltr'><strong>Achim,</strong></span> <span class='ocrx_word' id='word_1_830' title='bbox 1666 2689 1711 2722; x_wconf 89' lang='lat' dir='ltr'><strong>qui</strong></span> <span class='ocrx_word' id='word_1_831' title='bbox 1725 2696 1827 2722; x_wconf 76' lang='lat' dir='ltr'><strong>cogno-</strong></span> 
     </span>
    </p>
   </div>
   <div class='ocr_carea' id='block_1_118' title="bbox 1043 2733 1825 2768">
    <p class='ocr_par' dir='ltr' id='par_1_118' title="bbox 1043 2733 1825 2768">
     <span class='ocr_line' id='line_1_118' title="bbox 1043 2733 1825 2768; baseline -0.001 -7"><span class='ocrx_word' id='word_1_832' title='bbox 1043 2735 1162 2762; x_wconf 89' lang='lat' dir='ltr'><strong>minatus</strong></span> <span class='ocrx_word' id='word_1_833' title='bbox 1177 2738 1219 2761; x_wconf 85' lang='lat' dir='ltr'><strong>est</strong></span> <span class='ocrx_word' id='word_1_834' title='bbox 1240 2734 1377 2767; x_wconf 77' lang='lat' dir='ltr'><strong>.loaehim,</strong></span> <span class='ocrx_word' id='word_1_835' title='bbox 1394 2733 1471 2760; x_wconf 74' lang='lat' dir='ltr'><strong>Judte</strong></span> <span class='ocrx_word' id='word_1_836' title='bbox 1492 2733 1573 2768; x_wconf 79' lang='lat' dir='ltr'><strong>regis,</strong></span> <span class='ocrx_word' id='word_1_837' title='bbox 1593 2742 1673 2768; x_wconf 87' lang='lat' dir='ltr'><strong>quem</strong></span> <span class='ocrx_word' id='word_1_838' title='bbox 1690 2735 1825 2768; x_wconf 79' lang='lat' dir='ltr'><strong>captivum</strong></span> 
     </span>
    </p>
   </div>
   <div class='ocr_carea' id='block_1_119' title="bbox 1043 2779 1827 2816">
    <p class='ocr_par' dir='ltr' id='par_1_119' title="bbox 1043 2779 1827 2816">
     <span class='ocr_line' id='line_1_119' title="bbox 1043 2779 1827 2816; baseline -0.004 -9"><span class='ocrx_word' id='word_1_839' title='bbox 1043 2780 1190 2807; x_wconf 88' lang='lat' dir='ltr'><strong>abductum</strong></span> <span class='ocrx_word' id='word_1_840' title='bbox 1208 2782 1233 2807; x_wconf 89' lang='lat' dir='ltr'><strong>in</strong></span> <span class='ocrx_word' id='word_1_841' title='bbox 1251 2787 1389 2807; x_wconf 84' lang='lat' dir='ltr'><strong>carcerem</strong></span> <span class='ocrx_word' id='word_1_842' title='bbox 1406 2779 1526 2816; x_wconf 82' lang='lat' dir='ltr'><strong>coajeeit</strong></span> <span class='ocrx_word' id='word_1_843' title='bbox 1539 2779 1750 2806; x_wconf 82' lang='lat' dir='ltr'><strong>Bochtanasser.</strong></span> <span class='ocrx_word' id='word_1_844' title='bbox 1773 2779 1827 2805; x_wconf 73' lang='lat' dir='ltr'><strong>Ile-</strong></span> 
     </span>
    </p>
   </div>
   <div class='ocr_carea' id='block_1_120' title="bbox 1044 2825 1825 2862">
    <p class='ocr_par' dir='ltr' id='par_1_120' title="bbox 1044 2825 1825 2862">
     <span class='ocr_line' id='line_1_120' title="bbox 1044 2825 1825 2862; baseline 0.003 -10"><span class='ocrx_word' id='word_1_845' title='bbox 1044 2827 1137 2862; x_wconf 75' lang='lat' dir='ltr'><strong>gnavit</strong></span> <span class='ocrx_word' id='word_1_846' title='bbox 1156 2831 1244 2853; x_wconf 87' lang='lat' dir='ltr'><strong>autem</strong></span> <span class='ocrx_word' id='word_1_847' title='bbox 1259 2825 1410 2854; x_wconf 81' lang='lat' dir='ltr'><strong>Zorobabel</strong></span> <span class='ocrx_word' id='word_1_848' title='bbox 1426 2825 1623 2860; x_wconf 70' lang='lat' dir='ltr'><strong>Hierosolymis</strong></span> <span class='ocrx_word' id='word_1_849' title='bbox 1636 2825 1661 2852; x_wconf 90' lang='lat' dir='ltr'><strong>in</strong></span> <span class='ocrx_word' id='word_1_850' title='bbox 1677 2825 1825 2854; x_wconf 85' lang='lat' dir='ltr'><strong>lsraelitas.</strong></span> 
     </span>
    </p>
   </div>
  </div>
