2015 3081
182 165 234 196 967

665 152 845 186 EU’I‘YCHII
866 147 1131 180 ALEXANDRINI
1146 147 1255 177 PATR.

1749 143 1802 174 958

186 224 273 249 l‘orro
286 227 340 247 uno
351 222 411 255 post
427 218 519 244 urbem
534 214 669 242 conditam
698 218 771 238 anno
795 209 865 236 diem
894 206 963 233 ohiit
984 209 1006 236 Α
1029 205 1117 231 donite
1150 211 1196 230 rex
1228 202 1369 236 Philippus
1399 199 1547 227 Alexandri
1578 204 1662 234 pater.
1697 199 1803 225 Mortuo

188 267 257 293 Ezra
272 253 411 296 sacerdos,
428 262 485 296 qui,
505 265 568 287 ante
586 259 677 285 lusum
706 256 752 283 lilii
776 253 902 281 .losadaci
923 259 966 278 sa-

187 311 308 339 cerdotis
331 310 488 337 adventum,
514 304 664 332 sacerdotis
691 308 790 328 munus
815 299 882 325 obiit
899 307 905 324 :
920 298 965 331 qui

187 364 248 384 eum
261 355 370 383 Judaeos
393 354 419 379 in
446 351 538 378 multis
558 350 629 376 circa
648 349 730 382 legem
750 351 858 373 errasse
875 343 963 369 oﬂ‘eu-

187 403 282 432 disset,
301 401 397 427 librum
423 398 490 432 lcgis
513 396 579 430 ipsis
600 393 755 428 descripsit.
781 399 843 418 eum
873 395 968 421 netupc

188 449 234 482 qui
253 447 333 473 hodie
347 445 372 471 in
387 444 514 470 manibus
525 442 644 475 ipsorum
655 443 708 466 est.
722 438 828 472 Resque
840 435 872 462 ad
883 435 967 468 legem

187 479 308 525 ipsorum
324 492 479 523 spectantes
501 487 566 520 ipsis
584 483 733 515 renovavit,
749 487 775 509 et
788 482 848 515 jura
865 479 969 506 docuit.

189 535 295 561 Mortuo
306 534 376 568 Cyro
389 532 478 563 Dario,
496 530 602 557 Rabclis
618 537 690 563 rege,
706 533 765 562 post
780 527 867 561 ipstnn
883 526 969 557 impe-

190 580 260 606 ravit
278 579 349 604 ﬁlius
374 577 460 611 ipsius
489 576 625 610 Kamysus
653 581 739 600 annos
766 579 860 598 novem
881 578 888 596 :
910 575 971 603 post

189 631 270 659 quem
287 622 444 649 Samardius
461 627 555 654 magus
569 627 670 646 annutn
689 626 783 644 tutum.
808 617 857 642 llic
874 622 967 649 magus

190 668 398 703 cognominatus
426 670 464 692 cst
491 665 562 699 quod
594 664 678 698 ipsius
701 667 822 696 tempore
853 660 974 686 ﬂoruerit

191 713 274 740 Persa
285 713 394 746 quidam
413 711 523 737 nomine
535 709 697 739 Zoradasht,
713 708 758 741 qui
775 712 913 738 magorum
929 711 973 730 re-

192 759 319 793 ligionem
349 756 472 784 condidit
504 754 609 782 atdibns
641 753 694 787 igni
729 750 874 778 dedicatis.
911 749 974 776 Pest

191 804 280 838 ipsum
299 801 418 836 regnavit
446 800 514 826 Dara
533 799 647 834 primus,
673 805 760 824 annos
787 795 892 829 viginti.
911 794 975 821 Post

193 849 268 875 illum
284 847 462 873 Artacltslrasl
476 845 657 879 Longimanus
668 841 749 877 264
760 841 974 875 cognominatus,

195 900 284 919 annos
304 891 397 925 \igiuti
427 878 554 925 quatuor,
578 889 656 922 cujus
682 893 802 921 tempore
834 885 926 912 lloruit
946 884 972 910 in
990 878 1010 904 Β

193 937 350 964 Grecorum
381 936 501 970 regione,
519 934 545 960 in
566 934 632 959 urbe
647 933 712 963 Coo,
733 930 910 964 Hippocrates
931 937 975 956 sa-

194 983 272 1016 piens
288 981 353 1008 artis
365 981 476 1006 medica.-
488 984 593 1006 auctor.
612 977 681 1004 Dicit
695 975 759 1003 Said
770 975 877 1002 Patrieii
894 974 975 1003 ﬁlius.

196 1027 320 1054 medicus
338 1035 346 1054 :
365 1025 452 1060 Ilujus
467 1025 504 1051 rei
522 1025 652 1051 indicium
670 1028 711 1050 est
737 1022 810 1056 quod
826 1021 907 1048 refert
924 1020 962 1047 Ga

196 1073 275 1100 lenus
293 1073 319 1099 in
338 1079 387 1099 sua
408 1070 557 1104 juramenti
573 1073 600 1096 et
612 1068 730 1096 u:andati
746 1066 917 1102 llippoeratis
930 1073 978 1092 ex-

198 1118 353 1152 piit-atioue,
365 1116 469 1143 scilic-t
489 1123 576 1149 regem
590 1114 731 1141 Persarum
744 1113 775 1139 ad
792 1111 977 1146 Hippocratem

200 1163 318 1195 misisse,
328 1170 360 1189 ac
373 1168 467 1196 magna
482 1160 600 1194 pecunia:
610 1166 714 1186 summa
729 1158 816 1184 oblata
828 1154 978 1192 [invitasse]

200 1212 229 1234 ut
248 1208 280 1234 ad
299 1208 387 1241 ipsum
400 1206 563 1236 accederet;
586 1209 648 1231 voto
664 1207 756 1230 autem
781 1203 840 1235 ejus
855 1209 908 1228 non
932 1209 979 1227 au-

200 1254 295 1280 nuisse
311 1253 517 1286 Hippocratem,
534 1257 620 1284 neque
636 1250 722 1283 ipsum
735 1248 842 1279 adiisse,
856 1255 917 1274 cum
935 1254 979 1271 nc-

201 1304 337 1332 quaquam
353 1297 403 1330 ipsi
417 1302 494 1329 aequo
504 1298 716 1322 consentaneum
731 1293 870 1319 videretur
883 1292 981 1319 Persas

202 1342 248 1376 qui
262 1341 417 1368 Graecorum
437 1341 530 1367 hostes
545 1344 636 1367 essent
648 1345 755 1365 sanare.
773 1337 866 1364 Refert
891 1342 980 1362 autem

204 1387 309 1414 Honain
340 1386 428 1413 lsaalti
448 1386 529 1417 lilitts,
558 1386 585 1411 in
609 1392 658 1411 sua
683 1384 743 1410 libri
773 1383 877 1416 bujuse
892 1382 980 1415 lingua

204 1433 297 1460 Graeca
314 1432 340 1459 iu
355 1432 500 1459 Arabicatn
513 1432 648 1462 versione,
670 1429 825 1456 meminisse
840 1427 982 1458 Calenum,

205 1477 395 1512 Hippocratem
409 1485 462 1503 non
476 1476 576 1503 adiisse
591 1475 813 1502 Artacltshastum
839 1472 984 1506 Lougima-

208 1531 272 1550 num
299 1523 474 1558 appellatum,
505 1522 576 1556 quod
599 1525 727 1555 regnante
753 1520 812 1553 ipso
838 1518 983 1552 contigisse

207 1547 436 1596 feratur'rl’ersis
462 1547 586 1594 moribuin
609 1547 710 1593 dictum
732 1547 984 1597 ΛιξΜηψιιτοιξμ-ει
998 1547 1019 1576 C

204 1615 282 1648 juxta
297 1614 368 1641 aliud
385 1613 536 1647 exemplar,
558 1611 685 1646 pestem).
700 1610 803 1637 Misisse
817 1616 882 1644 ergo
899 1609 985 1642 ipsum

207 1660 240 1686 ad
258 1659 332 1686 urbis
348 1658 388 1685 Ko
402 1659 558 1692 praefectorii
577 1663 658 1690 quem
689 1655 805 1689 rogavit,
834 1658 864 1681 ut
886 1654 987 1688 Hippo-

207 1707 275 1732 crati
291 1708 401 1731 centum
419 1703 477 1729 auri
495 1702 595 1728 talenta
625 1700 754 1732 traderet,
784 1701 928 1733 ipsumque
954 1699 986 1724 ad

209 1758 249 1783 se,
265 1749 416 1776 honoriﬁce
435 1751 591 1778 tractatum,
618 1745 778 1776 adduceret,
791 1752 845 1779 qtto
860 1743 956 1771 Persas
973 1752 987 1770 a

211 1795 304 1824 nmrbo
318 1793 364 1830 qui
378 1793 444 1829 ipsis
458 1791 626 1826 contigisset,
653 1796 782 1821 sanaret;
798 1789 928 1816 abnuisse
943 1797 987 1815 au-

212 1849 265 1869 lem
300 1841 505 1875 llippoeratem,
546 1844 606 1863 cum
632 1843 687 1864 nou
718 1843 824 1871 equum
857 1835 988 1870 judicaret

211 1886 369 1914 Graecorum
386 1885 516 1913 hostibus
530 1891 607 1919 opem
626 1883 704 1916 ferre,
720 1889 820 1917 eosque
838 1888 945 1908 sanare.

246 1933 354 1960 Mortuo
370 1930 586 1958 Artachsltashto
610 1929 790 1964 Longimano,
817 1932 877 1962 post
905 1927 991 1961 ipsum

212 1979 355 2014 imperavit
372 1975 571 2003 Artachsltasbt
596 1974 720 2009 Magnus,
740 1980 824 2000 annos
842 1973 951 2006 triginta
966 1975 993 1997 et

214 2032 307 2051 unum.
323 2023 387 2050 Post
398 2031 459 2050 eum
471 2020 624 2048 Saadianus
639 2027 725 2046 annos
740 2023 805 2045 tres.
823 2017 888 2044 Post
904 2017 992 2051 ipsum

216 2069 283 2096 Dara
299 2068 447 2100 secundus,
464 2065 639 2101 265-267
663 2065 709 2099 qui
725 2063 930 2099 cognominatus
953 2066 995 2089 est

215 2113 365 2141 Al-Naceth
391 2120 477 2139 annos
507 2110 714 2145 septemdecim.
736 2109 800 2136 Post
826 2116 887 2135 eum
914 2108 994 2134 Arta-

215 2158 356 2190 cltsbasht,
372 2165 386 2184 e
404 2156 466 2183 ﬁliis
477 2156 569 2182 fratris
582 2154 644 2189 Cyri
662 2154 786 2184 secundi,
800 2161 884 2180 annos
901 2153 994 2187 viginti

215 2206 294 2232 duos.
310 2204 374 2238 Ejus
389 2208 510 2236 tempore
523 2201 675 2227 ﬂoruerunt
689 2200 715 2226 in
740 2199 842 2226 Gratcia
859 2199 995 2233 sapientes

216 2255 242 2277 ct
258 2249 423 2285 philosophi,
439 2246 582 2277 llereulcs,
597 2245 690 2276 Malus,
704 2244 883 2279 Pythagoras,
898 2243 995 2270 Socra-

217 2301 270 2328 tes,
285 2294 366 2321 Solon
386 2293 535 2327 legislator,
561 2291 663 2322 Zenon,
679 2297 705 2318 et
724 2290 910 2325 Empedocles.
933 2289 994 2316 Post

217 2343 305 2376 ipsum
322 2339 444 2374 regnavit
458 2345 543 2364 annos
566 2336 662 2371 viginti
694 2335 767 2362 ﬁlius
796 2334 854 2368 cjns
880 2333 997 2360 Artacii-

218 2385 384 2419 sliasbt.qni
410 2383 618 2418 cognominatus
639 2385 681 2408 est
703 2380 806 2407 Achus.
833 2379 882 2406 llic
912 2379 997 2413 copiis

218 2433 275 2460 suis
295 2430 414 2458 collectis
431 2428 577 2464 [Egyptum
606 2427 692 2461 petiit,
722 2433 803 2459 quam
833 2432 894 2459 rege
912 2425 998 2459 ipsius

217 2477 324 2505 devicto
334 2475 486 2509 occupavit.
509 2474 565 2500 Rex
591 2475 681 2498 autem
706 2470 815 2506 A‘ngpti
831 2470 884 2504 (cui
900 2477 998 2497 nomen

218 2523 324 2550 Pharao
339 2520 458 2554 Sbauak)
479 2519 614 2550 devictus,
643 2518 742 2544 titnens
761 2524 794 2542 ne
812 2516 833 2542 si
861 2515 888 2541 in
904 2522 999 2541 manus

219 2567 333 2600 Achusi,
353 2565 497 2593 Persarum
515 2564 586 2598 regis
614 2561 756 2593 incideret,
788 2560 857 2587 male
883 2560 917 2586 ab
942 2560 1000 2594 ipso

222 2616 392 2644 multaretur.
405 2614 476 2641 rasis
496 2612 584 2647 capite
595 2616 622 2638 et
637 2610 732 2641 barba,
747 2617 778 2636 ac
792 2609 902 2637 metatis
920 2607 1000 2634 vesti-

221 2661 272 2688 bus
287 2660 472 2689 Macedoniam
490 2659 584 2685 urbem
603 2656 732 2691 profugit.
753 2656 847 2682 Achus
861 2662 925 2681 vero
938 2653 1002 2681 Per-

221 2715 313 2734 sarum
336 2705 509 2737 rexFusrali,
525 2703 633 2739 (Egypti
661 2710 764 2733 arcem,
791 2701 924 2733 condidit,
942 2707 1002 2735 quas

223 2752 302 2780 hodie
318 2752 524 2779 Kasrolshamaa
553 2750 649 2778 audit:
679 2749 704 2775 in
735 2756 787 2783 qua
817 2752 843 2774 ct
871 2746 999 2780 templum

223 2806 351 2834 magnum
374 2797 521 2829 exstruxit,
550 2796 605 2831 igni
631 2795 797 2825 dedicatum,
821 2793 892 2828 quod
923 2793 1002 2818 hodie

222 2841 337 2868 ecclesia
349 2840 442 2867 Sancti
460 2838 595 2869 Theodori
609 2838 770 2872 appellatur.
784 2837 899 2872 Fuitquc
915 2836 1002 2863 Mace-

1024 250 1131 277 Achuso
1146 249 1291 285 Persarum
1308 254 1380 281 rege,
1397 252 1457 281 post
1484 247 1573 280 ipsum
1593 245 1715 280 regnavit
1732 245 1803 272 lilius

1021 295 1108 329 ipsius
1119 294 1214 324 Arses,
1225 293 1270 327 qui
1280 292 1488 325 cegnominalus
1498 295 1540 318 est
1548 290 1640 323 Nacet,
1657 297 1743 317 annos
1754 298 1805 317 un-

1020 341 1116 367 decim.
1134 340 1198 373 Ejus
1213 343 1334 373 tempore
1352 337 1502 364 ﬂoruerunt
1515 337 1541 362 in
1556 337 1622 363 urbe
1635 337 1802 363 Athenarum

1021 391 1046 412 et
1064 385 1221 412 Gracorum
1249 384 1358 417 regione
1377 382 1529 416 philosophi
1549 382 1696 415 sapientes,
1716 380 1804 411 Plato,

1020 430 1152 457 Censalou
1169 427 1357 464 [Xenophon],
1379 427 1558 458 Democritus,
1583 427 1752 460 Apollonius,
1779 429 1806 452 et

1023 479 1162 504 Socrates.
1174 475 1280 502 Mortuo
1289 474 1389 501 Arseso
1403 472 1548 500 Persarum
1559 480 1633 506 rege,
1645 477 1705 505 post
1716 472 1806 506 ipsmn

1023 522 1145 556 regnavit
1173 521 1245 547 ﬁlius
1273 519 1360 553 ipsius
1383 518 1481 545 Darius
1497 525 1583 544 annos
1600 522 1713 551 septem,
1727 524 1806 551 quem

1024 568 1112 595 interﬁ
1123 568 1159 594 cit
1172 566 1332 593 Alexander.
1348 564 1469 599 Regnum
1483 568 1627 591 tenuerunt
1637 563 1721 598 268
1732 570 1808 597 rcges

1024 616 1068 641 isti
1095 614 1122 640 in
1152 612 1248 643 Musa],
1276 611 1449 646 Babylonem,
1481 610 1598 636 Pcrsiam
1615 613 1643 635 et
1664 609 1806 636 Amcdunt.

1023 660 1109 686 Causa
1126 663 1214 685 autem
1228 664 1275 684 cur
1287 657 1450 682 interﬁceret
1463 655 1613 682 Alexander
1625 654 1735 680 Darium
1751 653 1808 680 haec

1027 709 1096 735 erat,
1115 703 1187 738 quod
1204 710 1265 729 cum
1276 706 1383 728 mortuo
1394 706 1471 735 patre
1488 700 1614 735 Philippo
1629 700 1808 726 successisset

1026 750 1051 775 in
1067 748 1232 775 Macedoniae
1249 754 1333 781 regno
1347 746 1500 772 Alexander
1511 752 1597 772 annos
1610 744 1744 771 sexdecim
1757 751 1807 770 na-

1027 800 1081 825 tus,
1098 799 1179 828 atque
1191 793 1271 819 Dario
1288 792 1387 819 Persia:
1403 791 1458 826 regi
1483 791 1637 817 nuntiatum
1657 793 1730 817 esset
1750 789 1810 816 Ale-

1028 839 1160 865 xandrum
1177 841 1239 872 post
1265 841 1367 871 patrem
1384 844 1464 863 suum
1477 835 1578 862 Graecis
1603 835 1747 869 irrperare,
1764 834 1809 860 ille

1026 883 1111 917 ip~ius
1126 881 1315 918 [subjugandi]
1333 880 1460 915 cupidus,
1479 881 1581 907 litteras
1592 880 1624 907 ad
1642 880 1728 914 ipsum
1741 886 1809 905 con-

1028 928 1179 962 scripserit,
1194 934 1310 961 quarum
1328 927 1378 952 hoc
1389 926 1527 959 exemplar
1542 930 1583 952 est
1598 933 1604 950 :
1626 934 1634 949 ε
1651 923 1808 950 Nuntiatum

1029 979 1069 999 est
1085 974 1148 1000 mihi
1167 977 1192 1000 te
1217 973 1323 1007 injnssu
1343 980 1404 998 meo
1418 972 1443 997 in
1460 971 1568 998 Graecos
1596 976 1709 1004 regnum
1724 975 1808 996 occu-

1030 1028 1119 1054 passe.
1131 1019 1207 1052 Quod
1223 1019 1245 1046 si
1257 1018 1350 1046 eadem
1364 1025 1417 1052 qua
1431 1026 1462 1051 pa
1477 1025 1506 1044 er
1521 1021 1584 1044 titus
1596 1017 1638 1044 via
1651 1015 1811 1043 incessisscs

1031 1067 1056 1092 in
1084 1065 1198 1093 consilio
1216 1064 1357 1099 capiendo,
1391 1068 1418 1090 et
1436 1063 1507 1097 quod
1538 1070 1588 1097 ego
1613 1066 1639 1089 te
1666 1062 1808 1096 iussissem

1032 1111 1152 1142 fecisses,
1178 1111 1230 1138 hoc
1246 1110 1295 1137 tibi
1312 1110 1409 1137 melius
1436 1109 1543 1140 fuisset,
1564 1113 1589 1135 et
1603 1108 1810 1143 prosperitatem

1032 1161 1103 1184 tuam
1115 1156 1219 1183 diutius
1233 1155 1432 1183 continuasscs.
1450 1154 1549 1181 Verum
1568 1154 1601 1180 ad
1619 1154 1669 1180 hoc
1686 1157 1711 1179 te
1724 1153 1813 1187 impu—

1032 1203 1062 1228 lit
1081 1202 1203 1236 pueritiae
1220 1201 1342 1235 deceptio
1361 1208 1410 1235 pro
1425 1205 1468 1226 tua
1490 1205 1516 1226 ct
1530 1204 1637 1226 tuorum
1650 1197 1813 1234 ignorantia.

1033 1248 1138 1275 Recede
1150 1255 1213 1282 ergo
1236 1248 1270 1274 ab
1285 1253 1317 1273 eo
1331 1253 1384 1280 quo
1398 1246 1452 1280 jam
1465 1254 1494 1272 es
1510 1243 1605 1280 [luco,]
1617 1249 1643 1271 et
1654 1252 1702 1278 pro
1717 1243 1814 1277 leipso,

1033 1299 1059 1319 ιιι
1075 1293 1158 1326 patria
1176 1297 1219 1318 tua
1237 1291 1430 1326 redemptionis
1441 1291 1555 1325 pretium
1568 1290 1696 1322 aﬂ'erens,
1707 1290 1813 1322 culpant

1036 1343 1108 1364 tuam
1132 1338 1271 1369 conﬁtere,
1288 1343 1368 1372 atque
1384 1337 1434 1363 hoc
1449 1337 1502 1363 cito
1514 1337 1585 1363 omni
1603 1343 1677 1363 mora
1694 1335 1816 1369 deposita

1036 1383 1130 1410 facias.
1149 1383 1196 1410 Sin
1214 1384 1304 1410 minus
1319 1383 1352 1410 ad
1368 1388 1393 1409 te
1414 1389 1475 1408 cum
1506 1381 1653 1408 Persarum
1671 1381 1736 1407 viris
1754 1387 1817 1414 pro-

1036 1429 1133 1462 fectus,
1148 1429 1263 1463 patriam
1290 1433 1363 1454 tuam
1381 1435 1474 1454 eorum
1497 1427 1610 1461 pedibus
1638 1425 1813 1457 conculcabo,

1037 1476 1110 1502 viros
1124 1480 1186 1501 tuos
1203 1474 1337 1505 occidam,
1356 1478 1435 1507 teque
1449 1473 1628 1507 prosperitate
1645 1477 1690 1499 tua
1706 1478 1816 1498 exuam.

1039 1519 1095 1547 Misi
1112 1519 1218 1546 interim
1246 1518 1292 1546 tibi
1307 1518 1371 1544 illud
1399 1517 1471 1552 quod
1497 1518 1518 1544 si
1544 1525 1689 1544 numerare
1717 1516 1817 1550 possis,

1037 1572 1178 1591 numerare
1186 1564 1265 1591 etiam
1275 1564 1348 1590 viros
1359 1568 1383 1590 et
1398 1563 1510 1590 comites
1522 1570 1595 1589 meos
1605 1562 1714 1597 pateris.
1726 1561 1798 1588 Vale.
1806 1569 1816 1586 ι

1072 1608 1182 1636 Miserat
1195 1612 1285 1635 autem
1304 1608 1336 1634 ad
1353 1609 1439 1642 ipsum
1456 1614 1503 1641 per
1513 1607 1628 1641 legatum
1649 1612 1817 1633 sesamorum

1037 1654 1264 1681 excorticatorum
1289 1653 1420 1679 modium.
1449 1653 1589 1680 Accedens
1606 1660 1670 1687 ergo
1691 1651 1762 1678 Darii
1782 1651 1820 1678 le-

1038 1704 1115 1733 gatus
1126 1698 1159 1725 ad
1171 1698 1366 1730 Alexandrum,
1382 1697 1431 1732 ipsi
1443 1698 1546 1724 litteras
1557 1701 1584 1724 ct
1597 1704 1700 1724 sesama
1712 1695 1819 1722 obtulit.

1039 1745 1190 1772 Alexander
1209 1744 1293 1779 igitur
1312 1743 1483 1778 congregatis
1498 1742 1672 1777 269-271
1687 1741 1819 1768 comitum

1040 1797 1153 1818 suorum
1183 1788 1329 1823 praecipuis
1362 1795 1394 1816 ac
1421 1788 1491 1814 Darii
1521 1787 1617 1814 litteris
1645 1785 1822 1815 audientibus

1041 1833 1186 1869 praelectis,
1198 1833 1266 1860 dixit
1281 1841 1287 1858 :
1305 1832 1333 1859 Si
1352 1841 1404 1859 uno
1417 1833 1509 1859 animo
1526 1832 1631 1859 fueritis
1659 1833 1746 1866 ipsum
1761 1831 1822 1857 vin-

1041 1882 1118 1912 cetis,
1134 1881 1176 1908 sin
1193 1880 1227 1906 ab
1242 1879 1357 1906 invicem
1375 1879 1504 1913 separati,
1520 1878 1596 1904 vobis
1626 1877 1753 1904 iuhiabit.
1769 1876 1819 1903 Cui

1043 1927 1240 1961 responderunt
1255 1925 1353 1960 singuli
1372 1928 1451 1959 prout
1465 1924 1532 1958 ipsis
1546 1929 1611 1950 tunc
1621 1923 1708 1950 visum
1724 1922 1823 1949 fuerat.

1043 1973 1146 2004 Quibus
1176 1971 1345 1998 Alexander:
1363 1970 1507 1996 Oniinatur
1534 1969 1599 1996 mihi
1620 1969 1726 1996 animus
1740 1968 1826 1994 victo-

1044 2020 1111 2045 riam
1129 2019 1156 2044 in
1187 2017 1296 2043 Darium
1319 2015 1409 2051 (cujus
1436 2015 1502 2042 mibi
1534 2015 1664 2042 indicium
1696 2013 1759 2040 inde
1782 2016 1826 2039 est

1044 2063 1114 2095 quod
1133 2063 1245 2089 comites
1260 2067 1326 2088 suos
1345 2067 1452 2087 sesamo
1478 2059 1649 2089 assimilarit,
1661 2058 1733 2092 quod
1748 2057 1826 2084 cibus

1045 2112 1086 2136 est
1103 2108 1220 2142 pinguis,
1237 2111 1264 2134 et
1281 2107 1340 2134 sine
1357 2106 1479 2133 molestia
1500 2105 1613 2141 editur),
1630 2111 1733 2139 nosque
1743 2111 1826 2138 regno

1047 2155 1131 2189 ipsius
1158 2155 1302 2188 petituros.
1322 2154 1453 2180 Dixerunt
1485 2152 1536 2187 ipsi
1567 2151 1634 2178 socii
1662 2151 1747 2185 ipsius
1763 2158 1770 2174 .-
1788 2149 1827 2176 Ita

1013 2211 1032 2236 π)
1049 2201 1129 2227 faciat
1142 2200 1224 2227 Deus.
1239 2199 1387 2234 Respondit
1400 2205 1463 2233 ergo
1477 2196 1629 2224 Alexander
1641 2196 1720 2222 Dario
1732 2194 1829 2221 litteris

1046 2248 1154 2282 scriptis
1166 2254 1280 2281 quarum
1299 2247 1350 2272 hoc
1364 2244 1501 2278 exemplar
1511 2247 1552 2271 est
1569 2242 1628 2269 :Ab
1641 2249 1673 2268 eo
1688 2241 1734 2276 qui
1747 2248 1761 2267 λ
1774 2240 1829 2267 Deo

1048 2301 1092 2320 rex
1111 2293 1276 2320 eonstittttus
1291 2295 1343 2323 est,
1360 2290 1515 2316 Alexandro
1540 2294 1617 2315 servo
1634 2287 1689 2317 Dei,
1707 2291 1733 2313 et
1755 2284 1830 2312 Grac-

1047 2347 1142 2367 corum
1161 2346 1223 2373 rege
1243 2337 1276 2364 ad
1296 2337 1406 2364 Darium
1421 2335 1592 2369 praecelsum.
1606 2331 1727 2360 Intellexi
1757 2331 1828 2358 litte-

1048 2393 1093 2412 ras
1105 2390 1176 2414 tuas,
1189 2388 1216 2410 ct
1230 2382 1367 2417 quomodo
1395 2389 1436 2408 me
1457 2385 1486 2408 ut
1511 2381 1537 2406 in
1567 2378 1723 2406 mandatum
1753 2381 1828 2402 tuum

1049 2430 1176 2456 rebellent
1199 2426 1395 2461 iudigitaveris,
1411 2430 1438 2452 et
1461 2424 1526 2459 quid
1555 2422 1626 2449 mihi
1649 2420 1830 2448 roruminatus

1051 2475 1146 2501 fueris.
1164 2471 1294 2500 Videlicet
1310 2471 1332 2498 si
1349 2478 1364 2497 a
1378 2470 1463 2505 gradu
1486 2475 1547 2495 meo
1564 2475 1616 2493 non
1633 2471 1783 2495 recessero,
1803 2467 1832 2489 et

1051 2519 1176 2547 diﬂ‘eram
1190 2517 1255 2546 i‘llnd
1271 2517 1368 2544 aﬂ‘crre
1383 2515 1455 2550 quod
1478 2514 1579 2548 scripto
1597 2518 1644 2539 tuo
1666 2509 1771 2546 jussisti
1788 2515 1831 2535 me

1052 2567 1099 2592 tibi
1114 2565 1220 2596 afferre,
1233 2562 1416 2598 profecturum
1444 2565 1469 2587 te
1496 2562 1593 2586 contra
1621 2564 1664 2583 me
1681 2563 1742 2583 cum
1765 2554 1832 2581 viris

1052 2610 1209 2638 Persarum.
1224 2609 1303 2635 Certe
1322 2607 1405 2634 dictat
1418 2604 1466 2632 tibi
1486 2604 1593 2630 animus
1619 2607 1682 2628 tuus
1696 2607 1756 2635 qua
1778 2606 1832 2625 non

1053 2660 1212 2690 assequetur
1238 2660 1336 2680 manus
1351 2657 1406 2684 tua,
1425 2657 1474 2677 nec
1501 2647 1681 2683 apprehendit
1705 2644 1832 2679 cogitatio

1052 2705 1110 2727 tua.
1124 2687 1179 2734 ligo
1192 2702 1282 2725 autem
1302 2697 1335 2723 ad
1350 2702 1374 2724 te
1392 2702 1486 2723 revera
1503 2692 1659 2728 proﬁciscar
1671 2698 1731 2719 cum
1744 2687 1832 2716 leoni-

1054 2747 1103 2772 bus
1123 2745 1290 2776 Graecorum,
1311 2748 1336 2769 et
1357 2740 1494 2776 quomodo
1507 2747 1535 2766 sc
1560 2746 1603 2764 res
1618 2737 1716 2764 habeat
1731 2734 1833 2761 docebo

1054 2796 1080 2816 tn
1095 2791 1139 2816 ubi
1152 2789 1258 2816 obviam
1279 2788 1326 2814 tibi
1344 2786 1433 2814 factus
1456 2785 1541 2811 fuero.
1563 2782 1623 2809 Misi
1653 2781 1759 2808 interim
1784 2779 1831 2806 tibi

1055 2843 1108 2870 quo
1124 2835 1284 2866 dignoscere
1298 2832 1386 2867 possis
1414 2833 1516 2866 quanto
1543 2829 1664 2856 acriores
1677 2826 1757 2861 272
1770 2823 1833 2851 viris
