2015 3081
194 122 209 150 ε
214 122 247 150 li!)

911 121 1095 152 ANNALES-
1760 119 1812 150 970

193 175 246 202 tuis
262 174 362 203 fuerint
378 175 426 203 viri
453 176 517 203 mei.
536 176 611 204 Vale.
628 176 700 204 Misit
715 181 805 205 autem
831 176 864 204 ad
884 177 973 212 ipsum
990 178 1012 206 Λ
1027 175 1134 211 natum]
1152 183 1158 202 :
1176 179 1235 211 pete
1253 180 1342 203 autem
1366 183 1380 203 a
1400 183 1442 204 me
1457 175 1527 211 quod
1544 175 1592 203 tibi
1611 175 1699 202 visum
1719 176 1812 203 fuerit.

192 229 300 248 sarcum
324 221 438 256 sinapis.
457 222 601 250 ‘Reversus
617 230 683 258 ergo
698 223 731 249 ad
749 223 838 258 ipsum
869 222 974 257 legatus

193 265 292 301 ipsius,
304 266 369 302 quid
387 267 494 294 fecisset
514 268 667 295 Alexander
684 268 733 302 ipsi
749 267 893 295 nuntiavit.
915 267 976 295 Ale-

192 312 406 346 xanderautem,
416 314 571 340 convocatis
581 314 699 348 patriciis
708 322 739 341 ac
751 315 816 341 viris
826 314 974 349 primariis,

191 357 232 384 sic
249 356 310 384 illos
325 358 458 385 allocutus
474 363 536 386 est:
555 359 577 386 Ο
594 360 702 394 popule,
721 360 810 387 tribus
823 361 975 394 proprieta-

191 403 265 431 tibus
276 404 453 439 perﬁciuntur
465 412 518 436 res,
536 405 662 433 videlicet
677 405 793 432 consilio
809 406 890 436 bono,
906 405 974 432 viri-

190 450 243 477 bus
258 449 293 477 ad
309 450 378 477 idem
387 449 627 486 [exsequendum],
639 451 736 478 deinde
750 451 806 478 lucc
818 456 931 486 utraque
948 451 974 478 in

189 501 281 522 actum
295 496 448 523 intentione
462 497 570 525 sincera
593 497 775 531 perducendo.
791 497 923 532 Quisquis
937 497 973 524 ita

190 544 364 574 comparatus
384 540 477 573 fuerit,
500 541 616 569 idoneus
642 546 684 568 est
708 541 740 569 ad
763 549 795 569 ca
811 550 872 576 quae
900 543 974 577 cupit

187 585 379 619 asscquenda;
405 585 427 612 si
452 585 513 619 quis
526 592 592 619 ergo
615 590 735 612 vestrum
762 585 804 613 bis
825 587 973 614 instructus

189 628 284 660 fuerit,
301 629 367 656 mihi
393 637 423 656 se
445 630 588 664 adiungat,
614 635 641 657 et
663 631 820 665 quicunque
842 639 921 659 secus
946 639 974 659 se

190 674 328 707 habuerit,
346 682 361 702 a
383 683 425 702 me
443 675 563 702 recedat.
589 675 798 710 Responderunt
829 676 865 703 illi
883 685 889 703 :
908 676 974 704 Pro-

189 721 317 754 prietatcs
340 722 405 748 istas
422 721 448 747 in
463 729 525 755 rege
541 721 711 756 conjunctas,
738 723 764 748 in
782 723 859 749 trabis
873 722 975 750 discre-

190 769 231 792 tas
258 766 350 800 posuit
383 766 463 798 Deus,
491 774 539 793 nec
565 767 681 794 cessabit
697 775 711 794 e
736 767 813 794 nobis
839 769 973 803 quispiam

189 811 315 838 ultimum
332 810 403 846 quod
421 818 503 845 penes
514 811 602 846 ipsum
621 812 700 838 fuerit
716 811 878 849 [praestare].
896 814 971 846 Quod

190 857 313 892 ipsorum
334 864 495 892 responsum
520 865 581 884 cum
598 858 736 891 probasset
748 858 910 890 Alexander,
924 866 972 893 pa-
990 851 1010 878 Β

190 903 259 930 ratis
275 902 366 929 statim
384 902 472 937 copiis
502 903 535 929 ad
570 902 668 930 bellum
700 902 779 930 Dario
805 904 973 932 inferendum

190 947 327 982 profectus
339 952 390 975 est.

224 993 346 1026 Quicum
362 994 388 1020 in
401 992 592 1028 Mesopotamia
609 995 820 1030 concurrissent,
837 995 888 1023 fuit
903 997 974 1024 inter

189 1039 264 1073 ipsos
291 1040 472 1075 quadraginta
498 1041 604 1068 dierqu
627 1043 717 1076 spatio
739 1043 851 1071 bellum.
875 1044 973 1072 Darius

190 1092 256 1111 vero
274 1086 398 1121 quinque
416 1087 549 1114 confectis
566 1087 650 1116 fossis
674 1089 702 1115 in
731 1089 846 1124 singulis
876 1090 972 1117 ducem

189 1138 252 1159 cum
287 1131 432 1159 duodecim
468 1133 589 1160 virorum
628 1133 749 1161 millibus
778 1135 971 1167 collocaverat,

188 1185 306 1212 quorum
332 1179 397 1206 nulli
425 1179 476 1206 nisi
504 1180 602 1214 quinto
622 1180 743 1215 quolibet
765 1181 810 1208 die
834 1183 970 1217 pugnandi

189 1223 263 1258 vices
288 1223 456 1259 obtigerunt.
485 1224 548 1253 Suis
575 1226 657 1253 etiam
674 1226 832 1261 injunxerat
856 1228 971 1263 singulis

188 1268 285 1297 diebus
307 1269 424 1297 duorutn
450 1269 528 1306 [sibi]
551 1270 709 1299 Grmcorum
725 1273 816 1307 capita
836 1272 969 1309 [aﬁ'erre].

188 1314 276 1340 Allata
304 1319 369 1342 sunt
394 1322 460 1350 ergo
486 1316 525 1343 illi
545 1317 668 1351 quotidie
690 1317 806 1345 duorum
824 1319 864 1346 \el
890 1320 970 1346 unius

188 1361 287 1387 saltem
312 1359 468 1388 Graecorum
495 1363 596 1397 capita.
612 1361 654 1390 Ob
675 1363 748 1398 quod
765 1371 863 1399 magna
885 1364 969 1391 animi

184 1405 299 1432 tristitia
310 1407 489 1442 273-275
498 1407 621 1441 aﬁ'ectus,
636 1409 730 1443 iraque
742 1416 841 1444 quanta
852 1410 908 1437 ﬁeri
920 1418 970 1446 po-

187 1451 239 1477 tuit
254 1457 409 1480 exaestuans
430 1454 583 1481 Alexander
600 1454 673 1483 misit
686 1455 721 1483 ad
733 1455 844 1482 Darium
855 1457 902 1492 qui
919 1457 969 1492 ipsi

185 1497 304 1525 diceret:
315 1497 411 1525 Parum
422 1499 499 1526 abest
508 1507 541 1527 ne
549 1504 644 1529 mutuo
656 1508 832 1529 consutnatnu
839 1511 865 1535 r;
880 1503 966 1530 visunt
975 1494 1003 1545 rc

185 1547 228 1570 est
241 1548 330 1570 autem
350 1544 415 1571 mihi
429 1545 502 1579 quod
514 1545 595 1573 saluti
612 1550 714 1574 nostrae
732 1548 812 1575 simul
831 1553 858 1575 et
872 1555 969 1576 vestra:

185 1589 357 1621 consulatur,
372 1591 499 1617 nimirum
517 1595 546 1618 ut
559 1599 620 1618 cum
635 1592 803 1621 instruenda:
817 1594 870 1621 sint
882 1596 967 1626 acies.

183 1634 303 1668 spatium
327 1635 485 1671 relinquant
505 1636 586 1664 nobis
601 1638 717 1665 comites
733 1638 770 1665 tui
785 1646 839 1673 quo
856 1640 968 1668 ordines

185 1683 247 1706 tuos
273 1679 305 1706 ad
322 1680 435 1707 ditionis
458 1685 510 1707 tua:
524 1681 638 1708 limitem
654 1687 850 1716 pertranseatn,
870 1685 968 1713 deinde

184 1725 218 1751 ad
243 1727 359 1759 patriam
386 1734 472 1753 meam
501 1732 634 1755 revertar.
651 1727 746 1763 Neque
762 1730 835 1756 enim
859 1731 968 1759 animus

183 1771 265 1800 nobis
288 1777 330 1798 est
353 1777 491 1799 certamen
518 1774 688 1806 detrectare;
705 1779 779 1802 esset
803 1777 853 1803 hoc
867 1784 967 1811 oppro-

184 1818 273 1845 brium
294 1817 366 1853 quod
382 1818 448 1850 elui,
470 1819 578 1848 macula
605 1827 666 1854 quae
684 1821 822 1854 mundari,
836 1821 966 1857 ﬂagitium

186 1863 229 1889 cui
256 1863 371 1897 ignosci,
395 1871 449 1890 non
469 1868 574 1898 posset.
600 1864 751 1899 Respondit
776 1866 967 1895 DariuszNon

184 1907 272 1934 visum
288 1912 331 1935 est
345 1908 425 1934 nobis
440 1908 494 1934 ullo
508 1909 588 1935 modo
600 1909 672 1943 quod
687 1910 790 1944 petiisti
804 1912 966 1940 concedere.

185 1951 263 1985 Quod
290 1959 350 1978 cum
380 1953 494 1980 vidisset
510 1952 675 1986 Alexander,
695 1953 846 1990 [homines]
867 1957 899 1982 ad
918 1956 967 1982 ali-

184 1998 250 2031 quid
266 2003 363 2025 contra
386 2001 468 2032 caput
492 1997 579 2031 ipsius
603 1998 815 2026 ntacltinandum
843 2000 967 2028 incitavit

183 2043 278 2070 dicens
293 2051 301 2069 :
314 2042 405 2069 Heus!
423 2042 520 2074 Graeci,
538 2047 580 2069 est
594 2042 646 2070 hoc
665 2043 848 2078 imbecillitas,
865 2051 891 2073 et
907 2049 966 2082 opis

184 2089 343 2124 indigentia.
371 2088 457 2115 Estne
477 2095 492 2114 ο
508 2087 586 2114 vobis
600 2093 644 2114 aut
661 2096 676 2114 e
692 2089 783 2118 Persis
803 2092 848 2126 qui
864 2092 966 2126 aliquid

184 2135 249 2161 mihi
268 2134 319 2162 huc
339 2134 364 2161 in
388 2134 496 2169 negotio
511 2135 744 2168 eomminiscatur,
760 2144 814 2171 quo
829 2145 871 2165 tne
886 2147 900 2164 a
919 2139 967 2165 tri-

1031 220 1094 248 Tria
1120 221 1168 248 tibi
1192 228 1206 248 a
1222 228 1264 249 me
1291 221 1437 256 impetrare
1462 221 1565 252 licebit,
1594 225 1620 248 tu
1646 229 1728 248 uiuum
1746 221 1812 247 mihi

1030 271 1134 295 tantum
1153 267 1298 295 concedas.
1320 267 1391 294 Dixit
1414 274 1478 302 ergo
1493 267 1530 294 illi
1555 267 1651 294 Darius
1665 276 1671 294 :
1687 266 1743 294 lloe
1758 274 1772 294 a
1786 271 1812 294 te

1030 317 1102 348 peto,
1122 320 1154 340 nc
1169 313 1279 340 familiis
1301 313 1369 348 apud
1395 312 1493 341 Persas
1513 313 1664 342 illustribus
1680 318 1763 346 satos,
1786 318 1814 341 et

1030 359 1134 386 nobiles
1158 359 1264 393 perdas,
1286 359 1332 386 sed
1357 358 1457 386 liberos
1478 355 1619 392 dimittas;
1636 364 1699 394 peto
1717 360 1811 393 etiam,

1030 412 1063 431 ne
1080 404 1182 439 Ignium
1206 404 1278 431 aedes
1306 404 1411 437 diruas,
1438 412 1587 439 carumque
1606 405 1720 433 :cdituos
1745 406 1812 433 bene

1031 449 1139 477 tractari
1163 450 1280 484 jubcas;
1313 450 1431 485 denique
1457 455 1486 477 ut
1513 458 1554 478 mc
1579 450 1612 478 de
1639 451 1813 478 iutcrfertore

1031 503 1089 522 meo
1106 495 1258 527 ulciscaris,
1282 496 1428 530 ipsumque
1449 495 1513 523 mihi
1537 496 1670 532 a-ljungas
1688 506 1694 524 :
1711 505 1771 523 nam
1789 497 1811 524 si

1029 545 1167 575 superstes
1181 541 1323 573 manse;it,
1337 547 1444 570 tuorutn
1460 541 1541 569 etiam
1553 542 1746 569 beneﬁciorqu
1763 542 1814 568 im-

1030 593 1134 612 memor
1156 587 1219 618 erit,
1241 591 1270 612 ut
1287 594 1350 621 erga
1368 593 1410 613 me
1434 591 1513 614 antea
1531 593 1560 614 sc
1576 585 1712 621 ingratum
1747 595 1812 621 prte-

1029 632 1106 659 stitit.
1135 631 1264 659 Proudsit
1290 639 1356 666 ergo
1385 631 1538 659 Alexander
1570 633 1754 667 praestiturum
1783 641 1812 660 se

1029 677 1100 711 quod
1119 677 1243 712 petierat.
1260 677 1332 704 Dixit
1353 677 1451 705 deinde
1467 678 1619 706 Alexander
1634 686 1640 705 :
1655 678 1732 711 Quod
1751 687 1764 706 a
1784 685 1809 705 te

1029 722 1123 750 vellem
1147 727 1200 754 cst,
1215 727 1242 750 ut
1257 723 1338 749 ﬁliam
1365 727 1438 750 tuam
1465 722 1588 751 Rusbtae
1611 724 1677 750 mihi
1700 725 1725 751 iu
1743 733 1811 751 um-

1029 775 1084 794 rem
1108 768 1253 799 concedas,
1272 768 1337 794 illud
1361 768 1433 795 enim
1458 772 1484 795 te
1508 769 1611 795 sciente
1638 777 1670 795 ac
1695 777 1812 796 consen—

1029 813 1113 840 tiente
1127 813 1184 840 ﬁeri
1200 814 1307 841 vellem.
1320 813 1468 849 Respondit
1481 815 1518 842 illi
1533 814 1651 843 Darius:
1668 816 1743 843 Illam
1760 818 1808 843 tibi

1026 859 1052 885 in
1078 866 1188 886 uxorem
1216 860 1295 887 trado
1316 860 1368 887 bac
1387 861 1552 893 conditione,
1580 866 1608 888 ut
1636 865 1697 896 post
1717 866 1743 888 to
1763 871 1806 889 re-

1025 912 1107 938 gnum
1119 905 1255 940 progeniei
1268 909 1321 933 tuac
1329 906 1362 933 ab
1372 907 1429 941 ipsa
1439 906 1561 934 oriundzc
1572 907 1720 942 relinquas.
1730 907 1807 941 Quod

1025 956 1086 976 cum
1107 951 1248 977 annuisset
1264 951 1314 985 ipsi
1330 952 1482 979 Alexander
1502 952 1575 979 illam
1590 961 1701 980 uxorem
1720 953 1807 982 duxit.

1060 991 1195 1020 Mortuum
1217 999 1307 1022 autem
1329 996 1539 1030 pretiosissimis
1553 1005 1613 1031 qua:
1625 997 1695 1032 apud
1717 1006 1807 1033 re;an

1024 1043 1101 1066 erant
1127 1038 1220 1067 linteis
1238 1039 1338 1067 involvi
1368 1042 1493 1073 curavit;
1522 1041 1621 1070 deinde
1650 1042 1807 1071 Graecorum

1023 1083 1225 1119 Persarumque
1248 1086 1396 1118 exercitus,
1422 1085 1553 1114 feretrum
1579 1092 1702 1116 armatos
1720 1091 1807 1116 comi-

1023 1129 1074 1156 tari
1098 1129 1212 1164 iubens,
1241 1130 1300 1166 ipse
1333 1131 1415 1158 etiam
1454 1139 1516 1159 cum
1541 1134 1671 1160 comitum
1693 1142 1804 1162 suorum

1023 1175 1205 1210 277-279
1213 1176 1355 1212 praecipuis
1365 1177 1435 1204 idem
1448 1182 1558 1205 secutus
1572 1183 1613 1206 cst
1623 1179 1707 1207 donec
1718 1181 1805 1215 ipsuzr

1022 1225 1101 1248 terra:
1124 1222 1294 1249 mandasset.
1319 1222 1392 1249 Dixit
1415 1230 1479 1257 ergo
1504 1223 1678 1252 Alexander:
1695 1225 1806 1253 Etiamsi

1023 1267 1198 1303 praestiterim
1215 1266 1296 1294 Dario
1317 1267 1389 1302 quod
1416 1267 1532 1300 vidistis,
1552 1276 1748 1305 usquequaque
1765 1275 1808 1298 ta-

1022 1319 1083 1340 men
1101 1312 1190 1340 hostis
1214 1311 1279 1339 mihi
1303 1311 1364 1343 fuit,
1389 1319 1420 1340 ac
1438 1317 1512 1340 certe
1530 1321 1652 1349 magnam
1672 1323 1728 1343 rem
1750 1322 1808 1343 ten-

1022 1359 1088 1386 tavit
1103 1358 1149 1393 qui
1166 1365 1208 1386 me
1232 1358 1284 1386 hoc
1298 1359 1407 1392 negotio
1422 1358 1572 1393 expedivit,
1588 1360 1631 1387 cui
1650 1362 1804 1390 mercedem

1022 1403 1170 1438 rependere
1197 1397 1446 1437 uecesse'babco;
1474 1405 1596 1432 libellum
1626 1413 1691 1441 ergo
1725 1415 1805 1434 suum

1022 1448 1088 1476 mihi
1107 1449 1246 1484 porrigat;
1269 1453 1364 1476 sancte
1379 1449 1452 1476 cnim
1471 1457 1519 1484 per
1535 1449 1620 1477 Deum
1636 1451 1699 1485 juro
1716 1452 1805 1487 ipsum

1021 1495 1169 1522 exaltatum
1187 1495 1220 1522 iri
1238 1499 1264 1521 et
1282 1502 1295 1521 a
1313 1503 1355 1523 me
1384 1503 1467 1530 supra
1497 1503 1593 1523 omnes
1617 1497 1708 1525 socios
1731 1506 1806 1526 meos

1021 1539 1202 1568 cvehendum.
1226 1540 1324 1567 Statim
1351 1548 1416 1575 ergo
1432 1548 1461 1568 se
1483 1540 1520 1568 illi
1536 1541 1680 1570 offerentes
1698 1543 1806 1570 Cbcsh-

1021 1585 1105 1620 nespb
1120 1590 1147 1613 et
1162 1586 1320 1619 Adarshist,
1332 1586 1498 1614 Adarbaehti
1514 1588 1573 1620 ﬁlii,
1589 1587 1716 1615 dixerunt
1730 1597 1740 1616 :
1751 1589 1806 1617 Nos

1020 1632 1094 1659 Darii
1112 1632 1229 1659 comites
1246 1639 1351 1663 sumus,
1369 1637 1396 1660 et
1412 1633 1457 1667 qui
1477 1632 1614 1668 negotium
1631 1633 1681 1660 hoc
1695 1635 1744 1661 tibi
1759 1643 1806 1662 cxv

1017 1676 1174 1711 pcdivimus
1191 1685 1198 1703 :
1216 1681 1313 1711 prresta
1330 1677 1413 1712 igitur
1429 1678 1508 1705 nobis
1523 1678 1596 1713 quod
1613 1679 1751 1714 pollicitus
1764 1689 1803 1708 es.

1018 1720 1104 1749 Iussit
1126 1729 1190 1758 ergo
1214 1722 1287 1757 ipsos
1305 1730 1387 1758 super
1410 1723 1518 1751 duabus
1542 1725 1667 1752 trabibus
1683 1725 1791 1752 sublimi

1019 1767 1069 1794 bus
1096 1767 1243 1802 suspendi;
1266 1767 1408 1803 dixitque:
1423 1769 1502 1796 Certe
1520 1769 1545 1796 hi
1563 1769 1616 1796 duo
1632 1770 1722 1797 meriti
1739 1776 1804 1798 sunt

1019 1812 1070 1839 hoc
1085 1813 1156 1848 quod
1182 1813 1251 1848 ipsis
1272 1813 1330 1841 ﬁeri
1344 1813 1426 1847 jussi,
1441 1815 1477 1841 ob
1493 1822 1570 1842 suam
1585 1822 1648 1850 erga
1663 1815 1803 1842 dominum

1019 1866 1098 1886 suum
1123 1858 1312 1886 inﬁdelitatem
1336 1867 1367 1886 ac
1382 1860 1522 1892 fraudem;
1540 1861 1584 1894 qui
1602 1861 1674 1888 enim
1692 1861 1803 1889 domino

1018 1912 1069 1932 suo
1084 1903 1162 1931 ﬁdem
1179 1911 1231 1931 non
1250 1904 1449 1938 praestiterunt,
1469 1913 1518 1932 nec
1534 1905 1610 1933 alteri
1626 1907 1802 1941 praestabunt.

1017 1949 1075 1986 Ego
1097 1949 1206 1977 interim
1232 1950 1306 1984 quod
1332 1949 1400 1984 ipsis
1422 1950 1561 1983 pollicitus
1583 1959 1644 1978 sum
1668 1952 1801 1979 exhibui:

1020 1996 1096 2030 ipsos
1122 2003 1205 2030 supra
1224 2002 1320 2022 omnes
1347 1995 1438 2023 socios
1463 2002 1537 2022 meos
1557 1995 1707 2023 evellendo.
1733 1996 1802 2024 Tum

1020 2041 1047 2067 in
1061 2040 1133 2068 Darii
1149 2046 1262 2067 matrem
1276 2047 1389 2068 uxorem
1403 2045 1429 2067 et
1443 2041 1524 2068 ﬁliatn
1539 2040 1651 2068 donaria
1665 2048 1696 2069 ac
1712 2047 1803 2070 vestes

1017 2085 1135 2113 conferri
1161 2085 1253 2120 jussit,
1284 2086 1411 2122 ipsasque
1438 2086 1541 2114 honore
1567 2085 1658 2114 aﬂ'ecit
1681 2095 1690 2114 :
1717 2087 1800 2116 duces

1017 2131 1100 2157 etiam
1124 2138 1156 2158 ac
1183 2131 1256 2158 viros
1275 2130 1423 2159 Persarum
1448 2132 1605 2167 primarios,
1632 2134 1801 2164 muneribus,

181 2181 254 2208 stitia
267 2181 318 2208 ista
333 2180 466 2210 exsolvat.
485 2180 548 2216 [hac
559 2181 695 2217 mercede]
711 2186 739 2210 ut
756 2183 790 2210 sit
807 2183 855 2217 ipsi
867 2192 964 2219 regno-

1021 2176 1149 2207 restibus.
1173 2176 1339 2209 honerariis,
1365 2177 1502 2213 rebusque
1523 2178 1556 2205 ad
1583 2179 1684 2206 victum
1708 2187 1801 2207 ncces-

181 2233 241 2252 rum
270 2225 369 2253 Persiae
397 2230 423 2253 et
450 2225 572 2260 Graeciaa,
600 2234 650 2254 nec
680 2235 734 2255 non
756 2229 877 2256 omnium
903 2239 963 2266 quae

179 2272 206 2297 iu
220 2271 421 2306 gazophylaciis
435 2271 547 2305 fuerint,
563 2272 726 2300 dimidium?
739 2274 805 2307 Quae
818 2275 962 2304 Alexandri

179 2318 261 2344 verba
274 2324 334 2344 cum
350 2317 492 2346 audissent
505 2318 662 2353 Cbcsncsplt
678 2324 704 2346 et
719 2320 862 2348 Adarshist
874 2322 962 2349 Adar-

180 2361 272 2388 bachti
289 2361 349 2394 ﬁlii,
371 2363 418 2396 qui
434 2363 598 2390 satellitibus
622 2362 696 2391 Darii
715 2364 780 2400 [ve],
795 2365 872 2399 juxta
888 2367 961 2394 aliud

177 2407 328 2441 exemplar,
357 2405 535 2442 exercitibus]
561 2413 708 2442 praeerant,
732 2410 882 2437 commissa
904 2410 960 2445 jam

176 2459 266 2487 pugna
290 2452 400 2478 Darium
417 2452 506 2479 adorti
522 2452 619 2487 gladiis
637 2454 829 2486 confoderunt,
847 2455 915 2483 adeo
934 2461 962 2483 ut

176 2505 279 2532 pronus
301 2498 450 2525 decideret.
468 2498 559 2526 Persre
579 2503 669 2526 autem
684 2499 710 2525 in
725 2498 815 2534 fugam
837 2502 961 2530 conversi

175 2549 238 2572 sunt
258 2551 354 2578 magna
370 2543 494 2578 ipsorum
520 2549 614 2579 strage
628 2544 712 2572 edita.
728 2545 880 2574 Alexander
897 2556 960 2576 vero

175 2591 220 2617 ubi
242 2590 275 2617 ad
291 2590 403 2617 Darium
422 2597 454 2618 eo
479 2590 560 2617 modo
574 2598 604 2618 se
618 2591 763 2618 habentem
775 2594 957 2627 pervenisset,

174 2635 258 2670 276
273 2643 344 2669 equo
357 2635 528 2663 descendens
543 2635 615 2663 Darii
631 2640 712 2670 caput
727 2637 830 2672 gremio
843 2645 894 2666 suo
909 2639 960 2665 im-

177 2681 279 2716 posuit,
292 2680 472 2715 abstersaque
487 2680 556 2707 facie
569 2684 596 2707 et
608 2681 720 2708 vulnere
733 2681 855 2717 alligato,
871 2685 958 2719 ipsum

173 2726 313 2753 osculatus
326 2730 351 2752 et
368 2727 394 2752 in
409 2725 544 2759 lacrymas
560 2726 687 2760 profusus
701 2727 789 2754 dixit:
806 2727 878 2756 Laus
895 2730 958 2763 Deo,

173 2771 219 2807 qui
238 2775 264 2799 te
281 2771 398 2798 interﬁci
425 2770 510 2798 noluit
525 2779 539 2797 a
564 2771 693 2799 comitum
710 2780 833 2800 meorum
849 2775 957 2810 aliquo;

172 2821 232 2845 erat
249 2817 311 2850 hoe,
328 2817 400 2851 quod
412 2817 547 2849 videmus,
565 2817 736 2852 praescieutia
752 2819 798 2847 Dei
815 2819 958 2855 [deterrui-

332 2864 468 2894 ΡΑτκοι.
489 2865 546 2894 Gn.
566 2863 645 2895 CXI.

1016 2222 1096 2250 saviis
1113 2222 1209 2249 donari
1224 2222 1335 2257 jubens,
1357 2222 1433 2258 ipsos
1449 2224 1474 2250 in
1493 2222 1590 2251 iisdem
1608 2224 1709 2258 quibus
1723 2229 1801 2252 erant

1015 2268 1182 2303 dignitatum
1217 2268 1347 2303 gradibus
1373 2269 1543 2296 conﬁrmavit
1573 2278 1580 2297 :
1603 2277 1688 2304 quare
1711 2270 1800 2305 ipsum

1015 2321 1109 2340 amore
1142 2313 1281 2347 prosecuti
1314 2317 1389 2346 sunt,
1417 2321 1450 2341 ac
1481 2314 1709 2341 consuetudinem
1739 2322 1800 2343 cum

1013 2359 1074 2394 ipso
1090 2359 1255 2386 habuerunt.
1279 2358 1408 2386 Invitavit
1425 2359 1507 2386 etiam
1524 2368 1619 2393 eorum
1636 2367 1705 2395 quos
1722 2361 1799 2388 lilmit

1015 2406 1047 2433 ad
1069 2405 1175 2433 Indiam
1198 2406 1283 2441 280
1305 2406 1499 2439 invadendam,
1524 2408 1569 2442 qui
1585 2415 1651 2444 ergo
1667 2409 1717 2444 ipsi
1735 2416 1798 2442 ope-

1014 2460 1071 2480 ram
1087 2452 1191 2480 alacres
1213 2459 1246 2479 ac
1270 2452 1323 2480 lazti
1351 2454 1549 2488 praestiterunt.
1577 2454 1614 2482 ita
1639 2455 1666 2481 in
1694 2461 1797 2490 scptmn

1013 2498 1121 2526 climata
1136 2505 1221 2533 regno
1235 2498 1337 2533 petitus
1351 2504 1394 2526 est
1407 2499 1569 2527 Alexander.

1045 2544 1133 2572 Jama
1150 2544 1306 2579 captivitate
1336 2545 1498 2581 Babylonica
1530 2545 1564 2573 ad
1588 2553 1701 2582 regnum
1728 2548 1792 2574 Alr-

1011 2590 1103 2617 xandri
1121 2590 1262 2617 annisunt
1274 2589 1384 2618 ducenti
1400 2591 1541 2626 sexaginta
1566 2595 1633 2619 tres.
1662 2593 1685 2619 Α
1712 2599 1795 2627 regno

1012 2634 1135 2668 Davidis,
1153 2635 1319 2670 septingenti
1346 2635 1539 2670 quadraginta.
1557 2636 1598 2663 Ab
1614 2637 1687 2664 exitu
1712 2637 1797 2664 Israe-

1011 2681 1122 2708 litarum
1136 2688 1168 2708 ex
1184 2680 1312 2716 Egypto,
1326 2681 1400 2709 mille
1414 2682 1526 2709 trecenti
1542 2681 1723 2717 quadraginta
1737 2689 1795 2710 sex.

1011 2727 1051 2754 Ab
1067 2726 1233 2759 Abrahanio,
1249 2727 1323 2754 mille
1339 2727 1489 2763 octingenti
1506 2729 1702 2763 quinquaginta
1725 2733 1796 2758 tres.

1010 2774 1032 2801 A
1046 2773 1175 2805 Phalcko,
1201 2773 1243 2800 bis
1259 2773 1333 2800 mille
1358 2773 1471 2801 trecenti
1499 2774 1647 2809 nonaginta
1664 2779 1790 2807 quatuor.

1009 2821 1032 2848 A
1047 2820 1161 2853 diluvio,
1184 2819 1225 2846 bis
1241 2818 1315 2847 mille
1334 2818 1463 2854 nongenti
1485 2819 1578 2854 Viginti
1596 2819 1726 2854 quinque.
1747 2817 1788 2846 Ab
