  <div class='ocr_page' id='page_1' title='image "/cluster/home/n/w/nwhite01/storage/ocr_20150623/111/njp.32101077772943/557.png"; bbox 0 0 2015 3081; ppageno 0'>
   <div class='ocr_carea' id='block_1_1' title="bbox 238 124 288 156">
    <p class='ocr_par' dir='ltr' id='par_1_1' title="bbox 238 124 288 156">
     <span class='ocr_line' id='line_1_1' title="bbox 238 124 288 156; baseline 0.02 -2"><span class='ocrx_word' id='word_1_1' title='bbox 238 124 288 156; x_wconf 75' lang='grc'><strong>971</strong></span> 
     </span>
    </p>
   </div>
   <div class='ocr_carea' id='block_1_2' title="bbox 742 108 1341 149">
    <p class='ocr_par' dir='ltr' id='par_1_2' title="bbox 742 108 1341 149">
     <span class='ocr_line' id='line_1_2' title="bbox 742 108 1341 149; baseline -0.02 0"><span class='ocrx_word' id='word_1_2' title='bbox 742 114 927 149; x_wconf 76' lang='lat' dir='ltr'><strong>EUTYCﬂll</strong></span> <span class='ocrx_word' id='word_1_3' title='bbox 941 110 1211 143; x_wconf 66' lang='lat' dir='ltr'><strong>ALEXANDRINI</strong></span> <span class='ocrx_word' id='word_1_4' title='bbox 1232 108 1341 139; x_wconf 73' lang='lat' dir='ltr'><strong>PATll.</strong></span> 
     </span>
    </p>
   </div>
   <div class='ocr_carea' id='block_1_3' title="bbox 1816 101 1862 135">
    <p class='ocr_par' dir='ltr' id='par_1_3' title="bbox 1816 101 1862 135">
     <span class='ocr_line' id='line_1_3' title="bbox 1816 101 1862 135; baseline 0.043 -2"><span class='ocrx_word' id='word_1_5' title='bbox 1816 101 1862 135; x_wconf 70' lang='lat'><strong>97‘2</strong></span> 
     </span>
    </p>
   </div>
   <div class='ocr_carea' id='block_1_4' title="bbox 241 158 1861 212">
    <p class='ocr_par' dir='ltr' id='par_1_4' title="bbox 241 158 1861 212">
     <span class='ocr_line' id='line_1_4' title="bbox 241 158 1861 212; baseline -0.012 -6"><span class='ocrx_word' id='word_1_6' title='bbox 241 181 358 210; x_wconf 83' lang='lat' dir='ltr'><strong>Adanto,</strong></span> <span class='ocrx_word' id='word_1_7' title='bbox 374 177 522 212; x_wconf 80' lang='lat' dir='ltr'><strong>quinquies</strong></span> <span class='ocrx_word' id='word_1_8' title='bbox 551 175 624 203; x_wconf 85' lang='lat' dir='ltr'><strong>mille</strong></span> <span class='ocrx_word' id='word_1_9' title='bbox 638 177 746 202; x_wconf 93' lang='lat' dir='ltr'><strong>centum</strong></span> <span class='ocrx_word' id='word_1_10' title='bbox 775 171 915 205; x_wconf 88' lang='lat' dir='ltr'><strong>octoginta</strong></span> <span class='ocrx_word' id='word_1_11' title='bbox 947 175 1028 194; x_wconf 76' lang='lat' dir='ltr'><strong>unus.</strong></span> <span class='ocrx_word' id='word_1_12' title='bbox 1046 169 1095 198; x_wconf 71' lang='lat' dir='ltr'><strong>At</strong></span> <span class='ocrx_word' id='word_1_13' title='bbox 1117 166 1211 197; x_wconf 43' lang='lat' dir='ltr'><strong>ten&#39;lo,</strong></span> <span class='ocrx_word' id='word_1_14' title='bbox 1228 172 1261 192; x_wconf 89' lang='lat' dir='ltr'><strong>ne</strong></span> <span class='ocrx_word' id='word_1_15' title='bbox 1279 162 1435 191; x_wconf 71' lang='lat' dir='ltr'><strong>dominetur</strong></span> <span class='ocrx_word' id='word_1_16' title='bbox 1455 160 1504 188; x_wconf 89' lang='lat' dir='ltr'><strong>tibi</strong></span> <span class='ocrx_word' id='word_1_17' title='bbox 1520 159 1647 187; x_wconf 79' lang='lat' dir='ltr'><strong>tristitia.</strong></span> <span class='ocrx_word' id='word_1_18' title='bbox 1671 158 1786 193; x_wconf 75' lang='lat' dir='ltr'><strong>Scriptae</strong></span> <span class='ocrx_word' id='word_1_19' title='bbox 1807 165 1861 187; x_wconf 90' lang='lat' dir='ltr'><strong>sunt</strong></span> 
     </span>
    </p>
   </div>
   <div class='ocr_carea' id='block_1_5' title="bbox 239 213 1026 258">
    <p class='ocr_par' dir='ltr' id='par_1_5' title="bbox 239 213 1026 258">
     <span class='ocr_line' id='line_1_5' title="bbox 239 213 1026 258; baseline -0.017 -6"><span class='ocrx_word' id='word_1_20' title='bbox 239 224 388 252; x_wconf 71' lang='lat' dir='ltr'><strong>Alexandri</strong></span> <span class='ocrx_word' id='word_1_21' title='bbox 404 227 558 258; x_wconf 68' lang='lat' dir='ltr'><strong>praeceptor</strong></span> <span class='ocrx_word' id='word_1_22' title='bbox 586 221 636 248; x_wconf 87' lang='lat' dir='ltr'><strong>fuit</strong></span> <span class='ocrx_word' id='word_1_23' title='bbox 649 218 811 247; x_wconf 87' lang='lat' dir='ltr'><strong>Aristoteles</strong></span> <span class='ocrx_word' id='word_1_24' title='bbox 837 213 1026 250; x_wconf 82' lang='lat' dir='ltr'><strong>philosophus.</strong></span> 
     </span>
    </p>
   </div>
   <div class='ocr_carea' id='block_1_6' title="bbox 240 258 1030 300">
    <p class='ocr_par' dir='ltr' id='par_1_6' title="bbox 240 258 1030 300">
     <span class='ocr_line' id='line_1_6' title="bbox 240 258 1030 300; baseline -0.016 -2"><span class='ocrx_word' id='word_1_25' title='bbox 240 270 304 298; x_wconf 81' lang='lat' dir='ltr'><strong>Fuit</strong></span> <span class='ocrx_word' id='word_1_26' title='bbox 317 269 399 297; x_wconf 84' lang='lat' dir='ltr'><strong>etiam</strong></span> <span class='ocrx_word' id='word_1_27' title='bbox 417 267 532 295; x_wconf 77' lang='lat' dir='ltr'><strong>Athenis</strong></span> <span class='ocrx_word' id='word_1_28' title='bbox 558 265 670 300; x_wconf 88' lang='lat' dir='ltr'><strong>sapiens</strong></span> <span class='ocrx_word' id='word_1_29' title='bbox 684 263 796 290; x_wconf 93' lang='lat' dir='ltr'><strong>nomine</strong></span> <span class='ocrx_word' id='word_1_30' title='bbox 815 261 959 296; x_wconf 72' lang='lat' dir='ltr'><strong>Diogenes.</strong></span> <span class='ocrx_word' id='word_1_31' title='bbox 980 258 1030 286; x_wconf 86' lang='lat' dir='ltr'><strong>De—</strong></span> 
     </span>
    </p>
   </div>
   <div class='ocr_carea' id='block_1_7' title="bbox 239 304 1029 348">
    <p class='ocr_par' dir='ltr' id='par_1_7' title="bbox 239 304 1029 348">
     <span class='ocr_line' id='line_1_7' title="bbox 239 304 1029 348; baseline -0.016 -4"><span class='ocrx_word' id='word_1_32' title='bbox 239 317 308 344; x_wconf 86' lang='lat' dir='ltr'><strong>vicit</strong></span> <span class='ocrx_word' id='word_1_33' title='bbox 336 322 401 348; x_wconf 85' lang='lat' dir='ltr'><strong>ergo</strong></span> <span class='ocrx_word' id='word_1_34' title='bbox 428 311 582 340; x_wconf 79' lang='lat' dir='ltr'><strong>Alexander</strong></span> <span class='ocrx_word' id='word_1_35' title='bbox 611 309 746 344; x_wconf 78' lang='lat' dir='ltr'><strong>regiones,</strong></span> <span class='ocrx_word' id='word_1_36' title='bbox 772 307 956 340; x_wconf 87' lang='lat' dir='ltr'><strong>subcrantque</strong></span> <span class='ocrx_word' id='word_1_37' title='bbox 977 304 1029 339; x_wconf 84' lang='lat' dir='ltr'><strong>ipsi</strong></span> 
     </span>
    </p>
   </div>
   <div class='ocr_carea' id='block_1_8' title="bbox 240 351 1030 394">
    <p class='ocr_par' dir='ltr' id='par_1_8' title="bbox 240 351 1030 394">
     <span class='ocr_line' id='line_1_8' title="bbox 240 351 1030 394; baseline -0.016 -4"><span class='ocrx_word' id='word_1_38' title='bbox 240 363 399 390; x_wconf 64' lang='lat' dir='ltr'><strong>Graecorum</strong></span> <span class='ocrx_word' id='word_1_39' title='bbox 434 366 511 394; x_wconf 85' lang='lat' dir='ltr'><strong>reges</strong></span> <span class='ocrx_word' id='word_1_40' title='bbox 539 356 682 387; x_wconf 84' lang='lat' dir='ltr'><strong>tredecim,</strong></span> <span class='ocrx_word' id='word_1_41' title='bbox 697 354 827 382; x_wconf 88' lang='lat' dir='ltr'><strong>tredecim</strong></span> <span class='ocrx_word' id='word_1_42' title='bbox 848 353 929 381; x_wconf 84' lang='lat' dir='ltr'><strong>etiam</strong></span> <span class='ocrx_word' id='word_1_43' title='bbox 948 351 1030 378; x_wconf 88' lang='lat' dir='ltr'><strong>urbes</strong></span> 
     </span>
    </p>
   </div>
   <div class='ocr_carea' id='block_1_9' title="bbox 240 397 1029 441">
    <p class='ocr_par' dir='ltr' id='par_1_9' title="bbox 240 397 1029 441">
     <span class='ocr_line' id='line_1_9' title="bbox 240 397 1029 441; baseline -0.016 -5"><span class='ocrx_word' id='word_1_44' title='bbox 240 408 374 441; x_wconf 84' lang='lat' dir='ltr'><strong>condidit,</strong></span> <span class='ocrx_word' id='word_1_45' title='bbox 388 413 503 441; x_wconf 87' lang='lat' dir='ltr'><strong>quantm</strong></span> <span class='ocrx_word' id='word_1_46' title='bbox 514 404 573 431; x_wconf 76' lang='lat' dir='ltr'><strong>aliae</strong></span> <span class='ocrx_word' id='word_1_47' title='bbox 589 403 616 430; x_wconf 92' lang='lat' dir='ltr'><strong>in</strong></span> <span class='ocrx_word' id='word_1_48' title='bbox 629 401 786 433; x_wconf 88' lang='lat' dir='ltr'><strong>Occidente,</strong></span> <span class='ocrx_word' id='word_1_49' title='bbox 799 400 857 426; x_wconf 71' lang='lat' dir='ltr'><strong>alia:</strong></span> <span class='ocrx_word' id='word_1_50' title='bbox 867 400 892 426; x_wconf 90' lang='lat' dir='ltr'><strong>in</strong></span> <span class='ocrx_word' id='word_1_51' title='bbox 908 397 1029 426; x_wconf 84' lang='lat' dir='ltr'><strong>Oriente.</strong></span> 
     </span>
    </p>
   </div>
   <div class='ocr_carea' id='block_1_10' title="bbox 240 445 1031 486">
    <p class='ocr_par' dir='ltr' id='par_1_10' title="bbox 240 445 1031 486">
     <span class='ocr_line' id='line_1_10' title="bbox 240 445 1031 486; baseline -0.014 -4"><span class='ocrx_word' id='word_1_52' title='bbox 240 455 315 482; x_wconf 85' lang='lat' dir='ltr'><strong>Bella</strong></span> <span class='ocrx_word' id='word_1_53' title='bbox 331 453 413 480; x_wconf 85' lang='lat' dir='ltr'><strong>etiam</strong></span> <span class='ocrx_word' id='word_1_54' title='bbox 440 451 537 486; x_wconf 77' lang='lat' dir='ltr'><strong>gessit,</strong></span> <span class='ocrx_word' id='word_1_55' title='bbox 556 457 588 476; x_wconf 88' lang='lat' dir='ltr'><strong>ac</strong></span> <span class='ocrx_word' id='word_1_56' title='bbox 616 448 748 475; x_wconf 81' lang='lat' dir='ltr'><strong>victorias</strong></span> <span class='ocrx_word' id='word_1_57' title='bbox 764 447 916 482; x_wconf 85' lang='lat' dir='ltr'><strong>reportavit</strong></span> <span class='ocrx_word' id='word_1_58' title='bbox 936 445 1031 479; x_wconf 84' lang='lat' dir='ltr'><strong>quales</strong></span> 
     </span>
    </p>
   </div>
   <div class='ocr_carea' id='block_1_11' title="bbox 242 490 1031 536">
    <p class='ocr_par' dir='ltr' id='par_1_11' title="bbox 242 490 1031 536">
     <span class='ocr_line' id='line_1_11' title="bbox 242 490 1031 536; baseline -0.015 -10"><span class='ocrx_word' id='word_1_59' title='bbox 242 508 332 536; x_wconf 77' lang='lat' dir='ltr'><strong>regum</strong></span> <span class='ocrx_word' id='word_1_60' title='bbox 349 498 460 534; x_wconf 65' lang='lat' dir='ltr'><strong>[pra-ter</strong></span> <span class='ocrx_word' id='word_1_61' title='bbox 487 494 590 532; x_wconf 79' lang='lat' dir='ltr'><strong>ipsum]</strong></span> <span class='ocrx_word' id='word_1_62' title='bbox 611 501 701 522; x_wconf 87' lang='lat' dir='ltr'><strong>nemo.</strong></span> <span class='ocrx_word' id='word_1_63' title='bbox 733 492 832 519; x_wconf 85' lang='lat' dir='ltr'><strong>Urbem</strong></span> <span class='ocrx_word' id='word_1_64' title='bbox 857 490 940 517; x_wconf 84' lang='lat' dir='ltr'><strong>etiam</strong></span> <span class='ocrx_word' id='word_1_65' title='bbox 965 496 1031 516; x_wconf 91' lang='lat' dir='ltr'><strong>con-</strong></span> 
     </span>
    </p>
   </div>
   <div class='ocr_carea' id='block_1_12' title="bbox 239 534 1033 581">
    <p class='ocr_par' dir='ltr' id='par_1_12' title="bbox 239 534 1033 581">
     <span class='ocr_line' id='line_1_12' title="bbox 239 534 1033 581; baseline -0.019 -7"><span class='ocrx_word' id='word_1_66' title='bbox 239 534 309 575; x_wconf 82' lang='lat' dir='ltr'><strong>didit</strong></span> <span class='ocrx_word' id='word_1_67' title='bbox 327 553 409 581; x_wconf 89' lang='lat' dir='ltr'><strong>quam</strong></span> <span class='ocrx_word' id='word_1_68' title='bbox 427 544 460 572; x_wconf 88' lang='lat' dir='ltr'><strong>de</strong></span> <span class='ocrx_word' id='word_1_69' title='bbox 478 543 589 571; x_wconf 88' lang='lat' dir='ltr'><strong>nomine</strong></span> <span class='ocrx_word' id='word_1_70' title='bbox 614 549 665 570; x_wconf 90' lang='lat' dir='ltr'><strong>suo</strong></span> <span class='ocrx_word' id='word_1_71' title='bbox 692 536 886 567; x_wconf 84' lang='lat' dir='ltr'><strong>Alexandriam</strong></span> <span class='ocrx_word' id='word_1_72' title='bbox 913 534 1033 570; x_wconf 84' lang='lat' dir='ltr'><strong>appella-</strong></span> 
     </span>
    </p>
   </div>
   <div class='ocr_carea' id='block_1_13' title="bbox 241 579 1031 626">
    <p class='ocr_par' dir='ltr' id='par_1_13' title="bbox 241 579 1031 626">
     <span class='ocr_line' id='line_1_13' title="bbox 241 579 1031 626; baseline -0.018 -6"><span class='ocrx_word' id='word_1_73' title='bbox 241 593 296 626; x_wconf 85' lang='lat' dir='ltr'><strong>vit;</strong></span> <span class='ocrx_word' id='word_1_74' title='bbox 316 579 348 620; x_wconf 81' lang='lat' dir='ltr'><strong>ad</strong></span> <span class='ocrx_word' id='word_1_75' title='bbox 367 598 449 626; x_wconf 84' lang='lat' dir='ltr'><strong>quain</strong></span> <span class='ocrx_word' id='word_1_76' title='bbox 479 597 494 616; x_wconf 90' lang='lat' dir='ltr'><strong>a</strong></span> <span class='ocrx_word' id='word_1_77' title='bbox 522 587 682 616; x_wconf 81' lang='lat' dir='ltr'><strong>Macedonia</strong></span> <span class='ocrx_word' id='word_1_78' title='bbox 708 584 852 618; x_wconf 85' lang='lat' dir='ltr'><strong>imperium</strong></span> <span class='ocrx_word' id='word_1_79' title='bbox 880 579 1031 608; x_wconf 84' lang='lat' dir='ltr'><strong>transtulit.</strong></span> 
     </span>
    </p>
   </div>
   <div class='ocr_carea' id='block_1_14' title="bbox 241 625 1035 666">
    <p class='ocr_par' dir='ltr' id='par_1_14' title="bbox 241 625 1035 666">
     <span class='ocr_line' id='line_1_14' title="bbox 241 625 1035 666; baseline -0.02 0"><span class='ocrx_word' id='word_1_80' title='bbox 241 639 360 666; x_wconf 74' lang='lat' dir='ltr'><strong>l’harum</strong></span> <span class='ocrx_word' id='word_1_81' title='bbox 378 636 460 664; x_wconf 86' lang='lat' dir='ltr'><strong>etiam</strong></span> <span class='ocrx_word' id='word_1_82' title='bbox 486 632 659 662; x_wconf 61' lang='lat' dir='ltr'><strong>Alexandriae</strong></span> <span class='ocrx_word' id='word_1_83' title='bbox 672 629 819 660; x_wconf 78' lang='lat' dir='ltr'><strong>exstruxit,</strong></span> <span class='ocrx_word' id='word_1_84' title='bbox 837 634 920 662; x_wconf 85' lang='lat' dir='ltr'><strong>quam</strong></span> <span class='ocrx_word' id='word_1_85' title='bbox 942 625 1035 652; x_wconf 82' lang='lat' dir='ltr'><strong>omni-</strong></span> 
     </span>
    </p>
   </div>
   <div class='ocr_carea' id='block_1_15' title="bbox 241 672 1032 719">
    <p class='ocr_par' dir='ltr' id='par_1_15' title="bbox 241 672 1032 719">
     <span class='ocr_line' id='line_1_15' title="bbox 241 672 1032 719; baseline -0.019 -7"><span class='ocrx_word' id='word_1_86' title='bbox 241 685 293 712; x_wconf 88' lang='lat' dir='ltr'><strong>bus</strong></span> <span class='ocrx_word' id='word_1_87' title='bbox 307 682 502 719; x_wconf 81' lang='lat' dir='ltr'><strong>navigantibus</strong></span> <span class='ocrx_word' id='word_1_88' title='bbox 519 681 547 708; x_wconf 90' lang='lat' dir='ltr'><strong>in</strong></span> <span class='ocrx_word' id='word_1_89' title='bbox 564 680 686 714; x_wconf 86' lang='lat' dir='ltr'><strong>signum,</strong></span> <span class='ocrx_word' id='word_1_90' title='bbox 710 683 765 712; x_wconf 91' lang='lat' dir='ltr'><strong>quo</strong></span> <span class='ocrx_word' id='word_1_91' title='bbox 790 674 823 702; x_wconf 87' lang='lat' dir='ltr'><strong>ad</strong></span> <span class='ocrx_word' id='word_1_92' title='bbox 836 672 1032 701; x_wconf 83' lang='lat' dir='ltr'><strong>Alexandriam</strong></span> 
     </span>
    </p>
   </div>
   <div class='ocr_carea' id='block_1_16' title="bbox 242 716 1035 764">
    <p class='ocr_par' dir='ltr' id='par_1_16' title="bbox 242 716 1035 764">
     <span class='ocr_line' id='line_1_16' title="bbox 242 716 1035 764; baseline -0.019 -7"><span class='ocrx_word' id='word_1_93' title='bbox 242 716 439 764; x_wconf 74' lang='lat' dir='ltr'><strong>dirigerentur,</strong></span> <span class='ocrx_word' id='word_1_94' title='bbox 455 726 559 761; x_wconf 82' lang='lat' dir='ltr'><strong>posuit.</strong></span> <span class='ocrx_word' id='word_1_95' title='bbox 573 724 722 758; x_wconf 85' lang='lat' dir='ltr'><strong>Postquam</strong></span> <span class='ocrx_word' id='word_1_96' title='bbox 744 725 836 748; x_wconf 87' lang='lat' dir='ltr'><strong>autem</strong></span> <span class='ocrx_word' id='word_1_97' title='bbox 861 716 975 746; x_wconf 84' lang='lat' dir='ltr'><strong>devictis</strong></span> <span class='ocrx_word' id='word_1_98' title='bbox 993 723 1035 743; x_wconf 84' lang='lat' dir='ltr'><strong>re-</strong></span> 
     </span>
    </p>
   </div>
   <div class='ocr_carea' id='block_1_17' title="bbox 242 763 1033 811">
    <p class='ocr_par' dir='ltr' id='par_1_17' title="bbox 242 763 1033 811">
     <span class='ocr_line' id='line_1_17' title="bbox 242 763 1033 811; baseline -0.019 -8"><span class='ocrx_word' id='word_1_99' title='bbox 242 763 322 811; x_wconf 81' lang='lat' dir='ltr'><strong>gibus</strong></span> <span class='ocrx_word' id='word_1_100' title='bbox 347 778 374 802; x_wconf 89' lang='lat' dir='ltr'><strong>et</strong></span> <span class='ocrx_word' id='word_1_101' title='bbox 397 772 548 807; x_wconf 83' lang='lat' dir='ltr'><strong>subjugato</strong></span> <span class='ocrx_word' id='word_1_102' title='bbox 571 769 674 797; x_wconf 89' lang='lat' dir='ltr'><strong>mundo</strong></span> <span class='ocrx_word' id='word_1_103' title='bbox 693 767 821 795; x_wconf 85' lang='lat' dir='ltr'><strong>Babclem</strong></span> <span class='ocrx_word' id='word_1_104' title='bbox 851 763 1033 799; x_wconf 80' lang='lat' dir='ltr'><strong>pervenisset,</strong></span> 
     </span>
    </p>
   </div>
   <div class='ocr_carea' id='block_1_18' title="bbox 242 812 1032 847">
    <p class='ocr_par' dir='ltr' id='par_1_18' title="bbox 242 812 1032 847">
     <span class='ocr_line' id='line_1_18' title="bbox 242 812 1032 847; baseline -0.018 0"><span class='ocrx_word' id='word_1_105' title='bbox 242 827 377 847; x_wconf 89' lang='lat' dir='ltr'><strong>venenum</strong></span> <span class='ocrx_word' id='word_1_106' title='bbox 409 818 448 844; x_wconf 91' lang='lat' dir='ltr'><strong>illi</strong></span> <span class='ocrx_word' id='word_1_107' title='bbox 477 815 626 844; x_wconf 87' lang='lat' dir='ltr'><strong>bibendum</strong></span> <span class='ocrx_word' id='word_1_108' title='bbox 654 813 800 843; x_wconf 89' lang='lat' dir='ltr'><strong>dederttnt,</strong></span> <span class='ocrx_word' id='word_1_109' title='bbox 832 818 885 845; x_wconf 90' lang='lat' dir='ltr'><strong>quo</strong></span> <span class='ocrx_word' id='word_1_110' title='bbox 907 812 1032 836; x_wconf 92' lang='lat' dir='ltr'><strong>mortuus</strong></span> 
     </span>
    </p>
   </div>
   <div class='ocr_carea' id='block_1_19' title="bbox 243 852 1032 899">
    <p class='ocr_par' dir='ltr' id='par_1_19' title="bbox 243 852 1032 899">
     <span class='ocr_line' id='line_1_19' title="bbox 243 852 1032 899; baseline -0.016 -6"><span class='ocrx_word' id='word_1_111' title='bbox 243 871 295 893; x_wconf 84' lang='lat' dir='ltr'><strong>est.</strong></span> <span class='ocrx_word' id='word_1_112' title='bbox 327 864 414 899; x_wconf 86' lang='lat' dir='ltr'><strong>Cujus</strong></span> <span class='ocrx_word' id='word_1_113' title='bbox 440 869 522 890; x_wconf 87' lang='lat' dir='ltr'><strong>causa</strong></span> <span class='ocrx_word' id='word_1_114' title='bbox 551 861 613 893; x_wconf 89' lang='lat' dir='ltr'><strong>fuit,</strong></span> <span class='ocrx_word' id='word_1_115' title='bbox 639 858 711 895; x_wconf 88' lang='lat' dir='ltr'><strong>quod</strong></span> <span class='ocrx_word' id='word_1_116' title='bbox 743 864 806 885; x_wconf 88' lang='lat' dir='ltr'><strong>cum</strong></span> <span class='ocrx_word' id='word_1_117' title='bbox 831 860 919 882; x_wconf 85' lang='lat' dir='ltr'><strong>mater</strong></span> <span class='ocrx_word' id='word_1_118' title='bbox 945 852 1032 888; x_wconf 75' lang='lat' dir='ltr'><strong>ipsius</strong></span> 
     </span>
    </p>
   </div>
   <div class='ocr_carea' id='block_1_20' title="bbox 243 900 1033 947">
    <p class='ocr_par' dir='ltr' id='par_1_20' title="bbox 243 900 1033 947">
     <span class='ocr_line' id='line_1_20' title="bbox 243 900 1033 947; baseline -0.016 -8"><span class='ocrx_word' id='word_1_119' title='bbox 243 911 381 947; x_wconf 88' lang='lat' dir='ltr'><strong>Olympias</strong></span> <span class='ocrx_word' id='word_1_120' title='bbox 394 910 501 937; x_wconf 82' lang='lat' dir='ltr'><strong>litteras</strong></span> <span class='ocrx_word' id='word_1_121' title='bbox 515 908 549 934; x_wconf 85' lang='lat' dir='ltr'><strong>ad</strong></span> <span class='ocrx_word' id='word_1_122' title='bbox 563 907 653 942; x_wconf 91' lang='lat' dir='ltr'><strong>ipsutn</strong></span> <span class='ocrx_word' id='word_1_123' title='bbox 671 904 840 939; x_wconf 85' lang='lat' dir='ltr'><strong>scripsisset,</strong></span> <span class='ocrx_word' id='word_1_124' title='bbox 873 902 900 928; x_wconf 93' lang='lat' dir='ltr'><strong>in</strong></span> <span class='ocrx_word' id='word_1_125' title='bbox 931 900 1033 935; x_wconf 84' lang='lat' dir='ltr'><strong>quibus</strong></span> 
     </span>
    </p>
   </div>
   <div class='ocr_carea' id='block_1_21' title="bbox 244 948 1032 991">
    <p class='ocr_par' dir='ltr' id='par_1_21' title="bbox 244 948 1032 991">
     <span class='ocr_line' id='line_1_21' title="bbox 244 948 1032 991; baseline -0.019 -6"><span class='ocrx_word' id='word_1_126' title='bbox 244 958 318 985; x_wconf 73' lang='lat' dir='ltr'><strong>illum</strong></span> <span class='ocrx_word' id='word_1_127' title='bbox 345 964 425 991; x_wconf 86' lang='lat' dir='ltr'><strong>quem</strong></span> <span class='ocrx_word' id='word_1_128' title='bbox 455 953 622 981; x_wconf 77' lang='lat' dir='ltr'><strong>Macedonia:</strong></span> <span class='ocrx_word' id='word_1_129' title='bbox 652 951 814 986; x_wconf 75' lang='lat' dir='ltr'><strong>praefecerat</strong></span> <span class='ocrx_word' id='word_1_130' title='bbox 844 948 1032 976; x_wconf 82' lang='lat' dir='ltr'><strong>acetrsavcrat,</strong></span> 
     </span>
    </p>
   </div>
   <div class='ocr_carea' id='block_1_22' title="bbox 245 990 1034 1039">
    <p class='ocr_par' dir='ltr' id='par_1_22' title="bbox 245 990 1034 1039">
     <span class='ocr_line' id='line_1_22' title="bbox 245 990 1034 1039; baseline -0.016 -10"><span class='ocrx_word' id='word_1_131' title='bbox 245 990 421 1039; x_wconf 74' lang='lat'><strong>281-283</strong></span> <span class='ocrx_word' id='word_1_132' title='bbox 437 1000 524 1027; x_wconf 85' lang='lat' dir='ltr'><strong>iratus</strong></span> <span class='ocrx_word' id='word_1_133' title='bbox 535 997 691 1026; x_wconf 90' lang='lat' dir='ltr'><strong>Alexander</strong></span> <span class='ocrx_word' id='word_1_134' title='bbox 703 999 790 1024; x_wconf 85' lang='lat' dir='ltr'><strong>morte</strong></span> <span class='ocrx_word' id='word_1_135' title='bbox 805 994 880 1020; x_wconf 91' lang='lat' dir='ltr'><strong>illum</strong></span> <span class='ocrx_word' id='word_1_136' title='bbox 891 991 998 1019; x_wconf 84' lang='lat' dir='ltr'><strong>allicere</strong></span> <span class='ocrx_word' id='word_1_137' title='bbox 1007 990 1034 1016; x_wconf 90' lang='lat' dir='ltr'><strong>in</strong></span> 
     </span>
    </p>
   </div>
   <div class='ocr_carea' id='block_1_23' title="bbox 245 1039 1034 1079">
    <p class='ocr_par' dir='ltr' id='par_1_23' title="bbox 245 1039 1034 1079">
     <span class='ocr_line' id='line_1_23' title="bbox 245 1039 1034 1079; baseline -0.018 -3"><span class='ocrx_word' id='word_1_138' title='bbox 245 1051 336 1076; x_wconf 88' lang='lat' dir='ltr'><strong>animo</strong></span> <span class='ocrx_word' id='word_1_139' title='bbox 352 1049 481 1078; x_wconf 82' lang='lat' dir='ltr'><strong>haberet;</strong></span> <span class='ocrx_word' id='word_1_140' title='bbox 496 1052 551 1079; x_wconf 92' lang='lat' dir='ltr'><strong>quo</strong></span> <span class='ocrx_word' id='word_1_141' title='bbox 568 1044 705 1072; x_wconf 87' lang='lat' dir='ltr'><strong>irttellecto</strong></span> <span class='ocrx_word' id='word_1_142' title='bbox 726 1042 769 1068; x_wconf 93' lang='lat' dir='ltr'><strong>vir</strong></span> <span class='ocrx_word' id='word_1_143' title='bbox 792 1040 837 1067; x_wconf 92' lang='lat' dir='ltr'><strong>ille</strong></span> <span class='ocrx_word' id='word_1_144' title='bbox 854 1039 939 1066; x_wconf 82' lang='lat' dir='ltr'><strong>ﬁliuni</strong></span> <span class='ocrx_word' id='word_1_145' title='bbox 954 1043 1034 1064; x_wconf 84' lang='lat' dir='ltr'><strong>suum</strong></span> 
     </span>
    </p>
   </div>
   <div class='ocr_carea' id='block_1_24' title="bbox 246 1082 1035 1126">
    <p class='ocr_par' dir='ltr' id='par_1_24' title="bbox 246 1082 1035 1126">
     <span class='ocr_line' id='line_1_24' title="bbox 246 1082 1035 1126; baseline -0.018 -4"><span class='ocrx_word' id='word_1_146' title='bbox 246 1103 305 1123; x_wconf 89' lang='lat' dir='ltr'><strong>eum</strong></span> <span class='ocrx_word' id='word_1_147' title='bbox 321 1093 483 1121; x_wconf 87' lang='lat' dir='ltr'><strong>muneribus</strong></span> <span class='ocrx_word' id='word_1_148' title='bbox 499 1090 621 1126; x_wconf 86' lang='lat' dir='ltr'><strong>pulchris</strong></span> <span class='ocrx_word' id='word_1_149' title='bbox 637 1086 881 1120; x_wconf 83' lang='lat' dir='ltr'><strong>mittens,tradidit</strong></span> <span class='ocrx_word' id='word_1_150' title='bbox 891 1083 972 1112; x_wconf 91' lang='lat' dir='ltr'><strong>etiam</strong></span> <span class='ocrx_word' id='word_1_151' title='bbox 983 1082 1035 1116; x_wconf 89' lang='lat' dir='ltr'><strong>ipsi</strong></span> 
     </span>
    </p>
   </div>
   <div class='ocr_carea' id='block_1_25' title="bbox 246 1132 1037 1172">
    <p class='ocr_par' dir='ltr' id='par_1_25' title="bbox 246 1132 1037 1172">
     <span class='ocr_line' id='line_1_25' title="bbox 246 1132 1037 1172; baseline -0.018 -4"><span class='ocrx_word' id='word_1_152' title='bbox 246 1148 380 1170; x_wconf 85' lang='lat' dir='ltr'><strong>venenum</strong></span> <span class='ocrx_word' id='word_1_153' title='bbox 397 1138 582 1171; x_wconf 84' lang='lat' dir='ltr'><strong>mortiferum,</strong></span> <span class='ocrx_word' id='word_1_154' title='bbox 593 1137 694 1172; x_wconf 87' lang='lat' dir='ltr'><strong>jubens</strong></span> <span class='ocrx_word' id='word_1_155' title='bbox 711 1135 804 1169; x_wconf 88' lang='lat' dir='ltr'><strong>aliquo</strong></span> <span class='ocrx_word' id='word_1_156' title='bbox 825 1132 864 1159; x_wconf 87' lang='lat' dir='ltr'><strong>uti</strong></span> <span class='ocrx_word' id='word_1_157' title='bbox 879 1132 1037 1158; x_wconf 88' lang='lat' dir='ltr'><strong>commento</strong></span> 
     </span>
    </p>
   </div>
   <div class='ocr_carea' id='block_1_26' title="bbox 246 1173 1037 1224">
    <p class='ocr_par' dir='ltr' id='par_1_26' title="bbox 246 1173 1037 1224">
     <span class='ocr_line' id='line_1_26' title="bbox 246 1173 1037 1224; baseline -0.02 -9"><span class='ocrx_word' id='word_1_158' title='bbox 246 1195 300 1224; x_wconf 90' lang='lat' dir='ltr'><strong>quo</strong></span> <span class='ocrx_word' id='word_1_159' title='bbox 315 1187 404 1222; x_wconf 90' lang='lat' dir='ltr'><strong>ipsum</strong></span> <span class='ocrx_word' id='word_1_160' title='bbox 423 1191 528 1212; x_wconf 83' lang='lat' dir='ltr'><strong>veneno</strong></span> <span class='ocrx_word' id='word_1_161' title='bbox 544 1183 703 1218; x_wconf 83' lang='lat' dir='ltr'><strong>perimeret.</strong></span> <span class='ocrx_word' id='word_1_162' title='bbox 721 1179 866 1207; x_wconf 88' lang='lat' dir='ltr'><strong>Profectus</strong></span> <span class='ocrx_word' id='word_1_163' title='bbox 893 1176 976 1210; x_wconf 80' lang='lat' dir='ltr'><strong>igitur</strong></span> <span class='ocrx_word' id='word_1_164' title='bbox 990 1173 1037 1208; x_wconf 80' lang='lat' dir='ltr'><strong>ju—</strong></span> 
     </span>
    </p>
   </div>
   <div class='ocr_carea' id='block_1_27' title="bbox 248 1221 1036 1267">
    <p class='ocr_par' dir='ltr' id='par_1_27' title="bbox 248 1221 1036 1267">
     <span class='ocr_line' id='line_1_27' title="bbox 248 1221 1036 1267; baseline -0.022 -5"><span class='ocrx_word' id='word_1_165' title='bbox 248 1235 335 1267; x_wconf 79' lang='lat' dir='ltr'><strong>venis,</strong></span> <span class='ocrx_word' id='word_1_166' title='bbox 356 1239 419 1260; x_wconf 92' lang='lat' dir='ltr'><strong>cum</strong></span> <span class='ocrx_word' id='word_1_167' title='bbox 437 1239 498 1266; x_wconf 74' lang='lat' dir='ltr'><strong>qua:</strong></span> <span class='ocrx_word' id='word_1_168' title='bbox 513 1236 605 1257; x_wconf 89' lang='lat' dir='ltr'><strong>secum</strong></span> <span class='ocrx_word' id='word_1_169' title='bbox 630 1227 726 1255; x_wconf 88' lang='lat' dir='ltr'><strong>habuit</strong></span> <span class='ocrx_word' id='word_1_170' title='bbox 750 1231 863 1252; x_wconf 89' lang='lat' dir='ltr'><strong>munera</strong></span> <span class='ocrx_word' id='word_1_171' title='bbox 880 1221 1036 1251; x_wconf 87' lang='lat' dir='ltr'><strong>obtulisset,</strong></span> 
     </span>
    </p>
   </div>
   <div class='ocr_carea' id='block_1_28' title="bbox 249 1265 1034 1312">
    <p class='ocr_par' dir='ltr' id='par_1_28' title="bbox 249 1265 1034 1312">
     <span class='ocr_line' id='line_1_28' title="bbox 249 1265 1034 1312; baseline -0.02 -5"><span class='ocrx_word' id='word_1_172' title='bbox 249 1265 456 1312; x_wconf 35' lang='lat' dir='ltr'><strong>inter-reliquos</strong></span> <span class='ocrx_word' id='word_1_173' title='bbox 481 1277 509 1304; x_wconf 91' lang='lat' dir='ltr'><strong>in</strong></span> <span class='ocrx_word' id='word_1_174' title='bbox 534 1273 683 1303; x_wconf 74' lang='lat' dir='ltr'><strong>Alexandri</strong></span> <span class='ocrx_word' id='word_1_175' title='bbox 709 1270 899 1306; x_wconf 86' lang='lat' dir='ltr'><strong>pocillatorem</strong></span> <span class='ocrx_word' id='word_1_176' title='bbox 927 1265 1034 1296; x_wconf 87' lang='lat' dir='ltr'><strong>incidit,</strong></span> 
     </span>
    </p>
   </div>
   <div class='ocr_carea' id='block_1_29' title="bbox 249 1312 1035 1359">
    <p class='ocr_par' dir='ltr' id='par_1_29' title="bbox 249 1312 1035 1359">
     <span class='ocr_line' id='line_1_29' title="bbox 249 1312 1035 1359; baseline -0.019 -7"><span class='ocrx_word' id='word_1_177' title='bbox 249 1326 306 1357; x_wconf 85' lang='lat' dir='ltr'><strong>cui,</strong></span> <span class='ocrx_word' id='word_1_178' title='bbox 326 1324 399 1359; x_wconf 91' lang='lat' dir='ltr'><strong>quod</strong></span> <span class='ocrx_word' id='word_1_179' title='bbox 416 1330 471 1349; x_wconf 92' lang='lat' dir='ltr'><strong>non</strong></span> <span class='ocrx_word' id='word_1_180' title='bbox 488 1322 525 1348; x_wconf 83' lang='lat' dir='ltr'><strong>ita</strong></span> <span class='ocrx_word' id='word_1_181' title='bbox 553 1320 657 1355; x_wconf 89' lang='lat' dir='ltr'><strong>pridem</strong></span> <span class='ocrx_word' id='word_1_182' title='bbox 674 1318 762 1345; x_wconf 88' lang='lat' dir='ltr'><strong>iratus</strong></span> <span class='ocrx_word' id='word_1_183' title='bbox 775 1314 930 1343; x_wconf 80' lang='lat' dir='ltr'><strong>Alexander</strong></span> <span class='ocrx_word' id='word_1_184' title='bbox 947 1312 1035 1347; x_wconf 89' lang='lat' dir='ltr'><strong>ipsutn</strong></span> 
     </span>
    </p>
   </div>
   <div class='ocr_carea' id='block_1_30' title="bbox 249 1361 1040 1406">
    <p class='ocr_par' dir='ltr' id='par_1_30' title="bbox 249 1361 1040 1406">
     <span class='ocr_line' id='line_1_30' title="bbox 249 1361 1040 1406; baseline -0.018 -8"><span class='ocrx_word' id='word_1_185' title='bbox 249 1373 432 1406; x_wconf 89' lang='lat' dir='ltr'><strong>percusserat,</strong></span> <span class='ocrx_word' id='word_1_186' title='bbox 448 1373 542 1401; x_wconf 80' lang='lat' dir='ltr'><strong>pectus</strong></span> <span class='ocrx_word' id='word_1_187' title='bbox 560 1367 599 1392; x_wconf 90' lang='lat' dir='ltr'><strong>ira</strong></span> <span class='ocrx_word' id='word_1_188' title='bbox 615 1363 764 1394; x_wconf 73' lang='lat' dir='ltr'><strong>aestuabat;</strong></span> <span class='ocrx_word' id='word_1_189' title='bbox 788 1361 833 1388; x_wconf 90' lang='lat' dir='ltr'><strong>hic</strong></span> <span class='ocrx_word' id='word_1_190' title='bbox 858 1366 926 1395; x_wconf 84' lang='lat' dir='ltr'><strong>ergo</strong></span> <span class='ocrx_word' id='word_1_191' title='bbox 940 1364 1040 1394; x_wconf 90' lang='lat' dir='ltr'><strong>propo-</strong></span> 
     </span>
    </p>
   </div>
   <div class='ocr_carea' id='block_1_31' title="bbox 250 1406 1042 1451">
    <p class='ocr_par' dir='ltr' id='par_1_31' title="bbox 250 1406 1042 1451">
     <span class='ocr_line' id='line_1_31' title="bbox 250 1406 1042 1451; baseline -0.019 -7"><span class='ocrx_word' id='word_1_192' title='bbox 250 1417 303 1444; x_wconf 89' lang='lat' dir='ltr'><strong>sito</strong></span> <span class='ocrx_word' id='word_1_193' title='bbox 320 1415 409 1451; x_wconf 84' lang='lat' dir='ltr'><strong>ipsius</strong></span> <span class='ocrx_word' id='word_1_194' title='bbox 423 1413 489 1440; x_wconf 90' lang='lat' dir='ltr'><strong>favit</strong></span> <span class='ocrx_word' id='word_1_195' title='bbox 505 1422 511 1439; x_wconf 85' lang='lat'><strong>:</strong></span> <span class='ocrx_word' id='word_1_196' title='bbox 529 1411 705 1446; x_wconf 86' lang='lat' dir='ltr'><strong>conspirante</strong></span> <span class='ocrx_word' id='word_1_197' title='bbox 719 1409 800 1436; x_wconf 87' lang='lat' dir='ltr'><strong>etiant</strong></span> <span class='ocrx_word' id='word_1_198' title='bbox 817 1414 879 1433; x_wconf 92' lang='lat' dir='ltr'><strong>cum</strong></span> <span class='ocrx_word' id='word_1_199' title='bbox 895 1406 961 1440; x_wconf 83' lang='lat' dir='ltr'><strong>ipsis</strong></span> <span class='ocrx_word' id='word_1_200' title='bbox 975 1411 1042 1439; x_wconf 90' lang='lat' dir='ltr'><strong>quo-</strong></span> 
     </span>
    </p>
   </div>
   <div class='ocr_carea' id='block_1_32' title="bbox 250 1452 1039 1489">
    <p class='ocr_par' dir='ltr' id='par_1_32' title="bbox 250 1452 1039 1489">
     <span class='ocr_line' id='line_1_32' title="bbox 250 1452 1039 1489; baseline -0.018 0"><span class='ocrx_word' id='word_1_201' title='bbox 250 1462 310 1489; x_wconf 83' lang='lat' dir='ltr'><strong>dam</strong></span> <span class='ocrx_word' id='word_1_202' title='bbox 336 1469 368 1489; x_wconf 81' lang='lat' dir='ltr'><strong>ex</strong></span> <span class='ocrx_word' id='word_1_203' title='bbox 393 1458 542 1487; x_wconf 78' lang='lat' dir='ltr'><strong>Alexandri</strong></span> <span class='ocrx_word' id='word_1_204' title='bbox 570 1454 765 1484; x_wconf 79' lang='lat' dir='ltr'><strong>familiaribus.</strong></span> <span class='ocrx_word' id='word_1_205' title='bbox 789 1452 912 1486; x_wconf 81' lang='lat' dir='ltr'><strong>Contigit</strong></span> <span class='ocrx_word' id='word_1_206' title='bbox 946 1455 1039 1477; x_wconf 88' lang='lat' dir='ltr'><strong>autem</strong></span> 
     </span>
    </p>
   </div>
   <div class='ocr_carea' id='block_1_33' title="bbox 1084 204 1862 241">
    <p class='ocr_par' dir='ltr' id='par_1_33' title="bbox 1084 204 1862 241">
     <span class='ocr_line' id='line_1_33' title="bbox 1084 204 1862 241; baseline -0.01 -1"><span class='ocrx_word' id='word_1_207' title='bbox 1084 222 1093 239; x_wconf 83' lang='grc'><strong><em>‹</em></strong></span> <span class='ocrx_word' id='word_1_208' title='bbox 1112 213 1145 240; x_wconf 80' lang='lat' dir='ltr'><strong>ad</strong></span> <span class='ocrx_word' id='word_1_209' title='bbox 1161 217 1186 239; x_wconf 81' lang='lat' dir='ltr'><strong>te</strong></span> <span class='ocrx_word' id='word_1_210' title='bbox 1200 212 1297 239; x_wconf 66' lang='lat' dir='ltr'><strong>littera:</strong></span> <span class='ocrx_word' id='word_1_211' title='bbox 1311 210 1370 237; x_wconf 75' lang='lat' dir='ltr'><strong>istze</strong></span> <span class='ocrx_word' id='word_1_212' title='bbox 1385 216 1461 239; x_wconf 67' lang='lat' dir='ltr'><strong>metr,</strong></span> <span class='ocrx_word' id='word_1_213' title='bbox 1488 207 1532 234; x_wconf 87' lang='lat' dir='ltr'><strong>die</strong></span> <span class='ocrx_word' id='word_1_214' title='bbox 1557 206 1641 241; x_wconf 89' lang='lat' dir='ltr'><strong>hujus</strong></span> <span class='ocrx_word' id='word_1_215' title='bbox 1659 204 1752 232; x_wconf 88' lang='lat' dir='ltr'><strong>mundi</strong></span> <span class='ocrx_word' id='word_1_216' title='bbox 1764 205 1862 237; x_wconf 87' lang='lat' dir='ltr'><strong>ultimo,</strong></span> 
     </span>
    </p>
   </div>
   <div class='ocr_carea' id='block_1_34' title="bbox 1085 251 1862 293">
    <p class='ocr_par' dir='ltr' id='par_1_34' title="bbox 1085 251 1862 293">
     <span class='ocr_line' id='line_1_34' title="bbox 1085 251 1862 293; baseline -0.012 -7"><span class='ocrx_word' id='word_1_217' title='bbox 1085 269 1093 286; x_wconf 76' lang='grc' dir='ltr'>ι</span> <span class='ocrx_word' id='word_1_218' title='bbox 1114 258 1199 286; x_wconf 87' lang='lat' dir='ltr'><strong>futuri</strong></span> <span class='ocrx_word' id='word_1_219' title='bbox 1217 258 1325 293; x_wconf 82' lang='lat' dir='ltr'><strong>primo:</strong></span> <span class='ocrx_word' id='word_1_220' title='bbox 1342 256 1393 282; x_wconf 92' lang='lat' dir='ltr'><strong>ltac</strong></span> <span class='ocrx_word' id='word_1_221' title='bbox 1409 262 1457 289; x_wconf 85' lang='lat' dir='ltr'><strong>spe</strong></span> <span class='ocrx_word' id='word_1_222' title='bbox 1471 258 1501 281; x_wconf 89' lang='lat' dir='ltr'><strong>ut</strong></span> <span class='ocrx_word' id='word_1_223' title='bbox 1514 254 1561 280; x_wconf 86' lang='lat' dir='ltr'><strong>tibi</strong></span> <span class='ocrx_word' id='word_1_224' title='bbox 1592 252 1628 279; x_wconf 78' lang='lat' dir='ltr'><strong>ad</strong></span> <span class='ocrx_word' id='word_1_225' title='bbox 1654 251 1862 279; x_wconf 85' lang='lat' dir='ltr'><strong>consolationem</strong></span> 
     </span>
    </p>
   </div>
   <div class='ocr_carea' id='block_1_35' title="bbox 1084 297 1863 336">
    <p class='ocr_par' dir='ltr' id='par_1_35' title="bbox 1084 297 1863 336">
     <span class='ocr_line' id='line_1_35' title="bbox 1084 297 1863 336; baseline -0.012 -4"><span class='ocrx_word' id='word_1_226' title='bbox 1084 316 1094 332; x_wconf 75' lang='grc' dir='ltr'><strong>ε</strong></span> <span class='ocrx_word' id='word_1_227' title='bbox 1115 305 1286 332; x_wconf 70' lang='lat' dir='ltr'><strong>inservitum</strong></span> <span class='ocrx_word' id='word_1_228' title='bbox 1307 303 1374 334; x_wconf 90' lang='lat' dir='ltr'><strong>sint,</strong></span> <span class='ocrx_word' id='word_1_229' title='bbox 1401 305 1540 336; x_wconf 71' lang='lat' dir='ltr'><strong>gratreque</strong></span> <span class='ocrx_word' id='word_1_230' title='bbox 1574 299 1686 326; x_wconf 67' lang='lat' dir='ltr'><strong>futurae.</strong></span> <span class='ocrx_word' id='word_1_231' title='bbox 1717 297 1756 325; x_wconf 84' lang='lat' dir='ltr'><strong>Ne</strong></span> <span class='ocrx_word' id='word_1_232' title='bbox 1783 301 1863 324; x_wconf 85' lang='lat' dir='ltr'><strong>autem</strong></span> 
     </span>
    </p>
   </div>
   <div class='ocr_carea' id='block_1_36' title="bbox 1085 345 1863 383">
    <p class='ocr_par' dir='ltr' id='par_1_36' title="bbox 1085 345 1863 383">
     <span class='ocr_line' id='line_1_36' title="bbox 1085 345 1863 383; baseline -0.01 -5"><span class='ocrx_word' id='word_1_233' title='bbox 1085 362 1094 378; x_wconf 74' lang='grc' dir='ltr'><strong>ε</strong></span> <span class='ocrx_word' id='word_1_234' title='bbox 1115 355 1215 378; x_wconf 86' lang='lat' dir='ltr'><strong>contra</strong></span> <span class='ocrx_word' id='word_1_235' title='bbox 1226 357 1258 377; x_wconf 89' lang='lat' dir='ltr'><strong>ac</strong></span> <span class='ocrx_word' id='word_1_236' title='bbox 1281 350 1380 383; x_wconf 84' lang='lat' dir='ltr'><strong>opinor</strong></span> <span class='ocrx_word' id='word_1_237' title='bbox 1396 347 1491 379; x_wconf 88' lang='lat' dir='ltr'><strong>facias,</strong></span> <span class='ocrx_word' id='word_1_238' title='bbox 1508 353 1599 381; x_wconf 84' lang='lat' dir='ltr'><strong>neque</strong></span> <span class='ocrx_word' id='word_1_239' title='bbox 1627 345 1757 382; x_wconf 86' lang='lat' dir='ltr'><strong>spiritum</strong></span> <span class='ocrx_word' id='word_1_240' title='bbox 1784 352 1863 372; x_wconf 89' lang='lat' dir='ltr'><strong>meum</strong></span> 
     </span>
    </p>
   </div>
   <div class='ocr_carea' id='block_1_37' title="bbox 1085 395 1395 426">
    <p class='ocr_par' dir='ltr' id='par_1_37' title="bbox 1085 395 1395 426">
     <span class='ocr_line' id='line_1_37' title="bbox 1085 395 1395 426; baseline -0.016 0"><span class='ocrx_word' id='word_1_241' title='bbox 1085 409 1094 426; x_wconf 74' lang='grc' dir='ltr'>ί</span> <span class='ocrx_word' id='word_1_242' title='bbox 1111 398 1267 426; x_wconf 85' lang='lat' dir='ltr'><strong>contristes.</strong></span> <span class='ocrx_word' id='word_1_243' title='bbox 1286 395 1363 422; x_wconf 73' lang='lat' dir='ltr'><strong>Vale.</strong></span> <span class='ocrx_word' id='word_1_244' title='bbox 1385 404 1395 420; x_wconf 76' lang='grc' dir='ltr'><strong>ι</strong></span> 
     </span>
    </p>
   </div>
   <div class='ocr_carea' id='block_1_38' title="bbox 1119 438 1865 478">
    <p class='ocr_par' dir='ltr' id='par_1_38' title="bbox 1119 438 1865 478">
     <span class='ocr_line' id='line_1_38' title="bbox 1119 438 1865 478; baseline -0.012 -7"><span class='ocrx_word' id='word_1_245' title='bbox 1119 444 1189 472; x_wconf 88' lang='lat' dir='ltr'><strong>Tum</strong></span> <span class='ocrx_word' id='word_1_246' title='bbox 1204 443 1307 478; x_wconf 89' lang='lat' dir='ltr'><strong>signari</strong></span> <span class='ocrx_word' id='word_1_247' title='bbox 1323 442 1444 473; x_wconf 88' lang='lat' dir='ltr'><strong>litteras,</strong></span> <span class='ocrx_word' id='word_1_248' title='bbox 1473 444 1556 474; x_wconf 85' lang='lat' dir='ltr'><strong>atque</strong></span> <span class='ocrx_word' id='word_1_249' title='bbox 1587 438 1622 466; x_wconf 88' lang='lat' dir='ltr'><strong>ad</strong></span> <span class='ocrx_word' id='word_1_250' title='bbox 1651 442 1768 465; x_wconf 85' lang='lat' dir='ltr'><strong>matrem</strong></span> <span class='ocrx_word' id='word_1_251' title='bbox 1798 443 1865 463; x_wconf 76' lang='lat' dir='ltr'><strong>suam</strong></span> 
     </span>
    </p>
   </div>
   <div class='ocr_carea' id='block_1_39' title="bbox 1084 482 1867 522">
    <p class='ocr_par' dir='ltr' id='par_1_39' title="bbox 1084 482 1867 522">
     <span class='ocr_line' id='line_1_39' title="bbox 1084 482 1867 522; baseline -0.013 -4"><span class='ocrx_word' id='word_1_252' title='bbox 1084 495 1190 519; x_wconf 88' lang='lat' dir='ltr'><strong>secreto</strong></span> <span class='ocrx_word' id='word_1_253' title='bbox 1206 489 1277 516; x_wconf 91' lang='lat' dir='ltr'><strong>mitti</strong></span> <span class='ocrx_word' id='word_1_254' title='bbox 1293 488 1377 522; x_wconf 68' lang='lat' dir='ltr'><strong>jussit</strong></span> <span class='ocrx_word' id='word_1_255' title='bbox 1395 496 1401 514; x_wconf 89' lang='lat'><strong>:</strong></span> <span class='ocrx_word' id='word_1_256' title='bbox 1420 494 1452 514; x_wconf 90' lang='lat' dir='ltr'><strong>ac</strong></span> <span class='ocrx_word' id='word_1_257' title='bbox 1467 494 1529 514; x_wconf 89' lang='lat' dir='ltr'><strong>curn</strong></span> <span class='ocrx_word' id='word_1_258' title='bbox 1544 484 1701 513; x_wconf 87' lang='lat' dir='ltr'><strong>Philemoni</strong></span> <span class='ocrx_word' id='word_1_259' title='bbox 1717 482 1867 510; x_wconf 82' lang='lat' dir='ltr'><strong>consiliario</strong></span> 
     </span>
    </p>
   </div>
   <div class='ocr_carea' id='block_1_40' title="bbox 1084 528 1868 569">
    <p class='ocr_par' dir='ltr' id='par_1_40' title="bbox 1084 528 1868 569">
     <span class='ocr_line' id='line_1_40' title="bbox 1084 528 1868 569; baseline -0.013 -5"><span class='ocrx_word' id='word_1_260' title='bbox 1084 545 1146 569; x_wconf 89' lang='lat' dir='ltr'><strong>suo,</strong></span> <span class='ocrx_word' id='word_1_261' title='bbox 1161 539 1191 563; x_wconf 90' lang='lat' dir='ltr'><strong>ut</strong></span> <span class='ocrx_word' id='word_1_262' title='bbox 1216 539 1332 562; x_wconf 80' lang='lat' dir='ltr'><strong>mortem</strong></span> <span class='ocrx_word' id='word_1_263' title='bbox 1357 541 1434 561; x_wconf 88' lang='lat' dir='ltr'><strong>suam</strong></span> <span class='ocrx_word' id='word_1_264' title='bbox 1460 533 1576 564; x_wconf 84' lang='lat' dir='ltr'><strong>celaret,</strong></span> <span class='ocrx_word' id='word_1_265' title='bbox 1600 536 1628 558; x_wconf 89' lang='lat' dir='ltr'><strong>et</strong></span> <span class='ocrx_word' id='word_1_266' title='bbox 1656 529 1791 558; x_wconf 84' lang='lat' dir='ltr'><strong>citissime</strong></span> <span class='ocrx_word' id='word_1_267' title='bbox 1812 528 1868 555; x_wconf 82' lang='lat' dir='ltr'><strong>Ale-</strong></span> 
     </span>
    </p>
   </div>
   <div class='ocr_carea' id='block_1_41' title="bbox 1084 575 1869 615">
    <p class='ocr_par' dir='ltr' id='par_1_41' title="bbox 1084 575 1869 615">
     <span class='ocr_line' id='line_1_41' title="bbox 1084 575 1869 615; baseline -0.011 -5"><span class='ocrx_word' id='word_1_268' title='bbox 1084 582 1230 610; x_wconf 89' lang='lat' dir='ltr'><strong>xandriam</strong></span> <span class='ocrx_word' id='word_1_269' title='bbox 1247 582 1311 614; x_wconf 91' lang='lat' dir='ltr'><strong>iret,</strong></span> <span class='ocrx_word' id='word_1_270' title='bbox 1328 583 1506 615; x_wconf 63' lang='lat' dir='ltr'><strong>praeceperat,</strong></span> <span class='ocrx_word' id='word_1_271' title='bbox 1522 579 1595 606; x_wconf 90' lang='lat' dir='ltr'><strong>dietn</strong></span> <span class='ocrx_word' id='word_1_272' title='bbox 1613 577 1696 604; x_wconf 90' lang='lat' dir='ltr'><strong>obiit.</strong></span> <span class='ocrx_word' id='word_1_273' title='bbox 1714 575 1811 603; x_wconf 85' lang='lat' dir='ltr'><strong>Fertur</strong></span> <span class='ocrx_word' id='word_1_274' title='bbox 1825 582 1869 602; x_wconf 85' lang='lat' dir='ltr'><strong>att-</strong></span> 
     </span>
    </p>
   </div>
   <div class='ocr_carea' id='block_1_42' title="bbox 1085 621 1871 658">
    <p class='ocr_par' dir='ltr' id='par_1_42' title="bbox 1085 621 1871 658">
     <span class='ocr_line' id='line_1_42' title="bbox 1085 621 1871 658; baseline -0.013 -2"><span class='ocrx_word' id='word_1_275' title='bbox 1085 633 1140 656; x_wconf 89' lang='lat' dir='ltr'><strong>tem</strong></span> <span class='ocrx_word' id='word_1_276' title='bbox 1155 627 1355 658; x_wconf 86' lang='lat' dir='ltr'><strong>Alexandrum,</strong></span> <span class='ocrx_word' id='word_1_277' title='bbox 1385 632 1447 653; x_wconf 90' lang='lat' dir='ltr'><strong>cum</strong></span> <span class='ocrx_word' id='word_1_278' title='bbox 1480 624 1634 651; x_wconf 84' lang='lat' dir='ltr'><strong>Komosum</strong></span> <span class='ocrx_word' id='word_1_279' title='bbox 1651 622 1831 658; x_wconf 85' lang='lat' dir='ltr'><strong>pervenisset,</strong></span> <span class='ocrx_word' id='word_1_280' title='bbox 1846 621 1871 647; x_wconf 94' lang='lat' dir='ltr'><strong>in</strong></span> 
     </span>
    </p>
   </div>
   <div class='ocr_carea' id='block_1_43' title="bbox 1085 666 1871 708">
    <p class='ocr_par' dir='ltr' id='par_1_43' title="bbox 1085 666 1871 708">
     <span class='ocr_line' id='line_1_43' title="bbox 1085 666 1871 708; baseline -0.013 -6"><span class='ocrx_word' id='word_1_281' title='bbox 1085 675 1211 702; x_wconf 89' lang='lat' dir='ltr'><strong>morbum</strong></span> <span class='ocrx_word' id='word_1_282' title='bbox 1225 679 1334 708; x_wconf 80' lang='lat' dir='ltr'><strong>gravem</strong></span> <span class='ocrx_word' id='word_1_283' title='bbox 1348 671 1488 701; x_wconf 87' lang='lat' dir='ltr'><strong>incidisse,</strong></span> <span class='ocrx_word' id='word_1_284' title='bbox 1507 677 1562 704; x_wconf 90' lang='lat' dir='ltr'><strong>quo</strong></span> <span class='ocrx_word' id='word_1_285' title='bbox 1574 669 1712 696; x_wconf 76' lang='lat' dir='ltr'><strong>eantintte</strong></span> <span class='ocrx_word' id='word_1_286' title='bbox 1736 666 1871 697; x_wconf 88' lang='lat' dir='ltr'><strong>laboravit,</strong></span> 
     </span>
    </p>
   </div>
   <div class='ocr_carea' id='block_1_44' title="bbox 1086 715 1873 753">
    <p class='ocr_par' dir='ltr' id='par_1_44' title="bbox 1086 715 1873 753">
     <span class='ocr_line' id='line_1_44' title="bbox 1086 715 1873 753; baseline -0.014 -5"><span class='ocrx_word' id='word_1_287' title='bbox 1086 724 1225 749; x_wconf 84' lang='lat' dir='ltr'><strong>crescente</strong></span> <span class='ocrx_word' id='word_1_288' title='bbox 1239 719 1265 746; x_wconf 95' lang='lat' dir='ltr'><strong>in</strong></span> <span class='ocrx_word' id='word_1_289' title='bbox 1275 718 1333 746; x_wconf 89' lang='lat' dir='ltr'><strong>dies</strong></span> <span class='ocrx_word' id='word_1_290' title='bbox 1342 716 1521 753; x_wconf 78' lang='lat'><strong>285-287</strong></span> <span class='ocrx_word' id='word_1_291' title='bbox 1533 715 1698 750; x_wconf 63' lang='lat' dir='ltr'><strong>mgritudine</strong></span> <span class='ocrx_word' id='word_1_292' title='bbox 1711 722 1719 741; x_wconf 86' lang='lat'><strong>:</strong></span> <span class='ocrx_word' id='word_1_293' title='bbox 1732 718 1873 740; x_wconf 82' lang='lat' dir='ltr'><strong>narratum-</strong></span> 
     </span>
    </p>
   </div>
   <div class='ocr_carea' id='block_1_45' title="bbox 1086 761 1872 802">
    <p class='ocr_par' dir='ltr' id='par_1_45' title="bbox 1086 761 1872 802">
     <span class='ocr_line' id='line_1_45' title="bbox 1086 761 1872 802; baseline -0.011 -8"><span class='ocrx_word' id='word_1_294' title='bbox 1086 775 1140 802; x_wconf 86' lang='lat' dir='ltr'><strong>que</strong></span> <span class='ocrx_word' id='word_1_295' title='bbox 1150 767 1201 801; x_wconf 83' lang='lat' dir='ltr'><strong>ipsi</strong></span> <span class='ocrx_word' id='word_1_296' title='bbox 1214 774 1228 794; x_wconf 89' lang='lat' dir='ltr'><strong>a</strong></span> <span class='ocrx_word' id='word_1_297' title='bbox 1239 769 1328 792; x_wconf 89' lang='lat' dir='ltr'><strong>matre</strong></span> <span class='ocrx_word' id='word_1_298' title='bbox 1341 766 1426 791; x_wconf 78' lang='lat' dir='ltr'><strong>fuisse</strong></span> <span class='ocrx_word' id='word_1_299' title='bbox 1439 764 1591 798; x_wconf 78' lang='lat' dir='ltr'><strong>astrologos</strong></span> <span class='ocrx_word' id='word_1_300' title='bbox 1602 770 1666 789; x_wconf 75' lang='lat' dir='ltr'><strong>cum</strong></span> <span class='ocrx_word' id='word_1_301' title='bbox 1685 761 1774 796; x_wconf 90' lang='lat' dir='ltr'><strong>primo</strong></span> <span class='ocrx_word' id='word_1_302' title='bbox 1785 765 1872 787; x_wconf 85' lang='lat' dir='ltr'><strong>nasce-</strong></span> 
     </span>
    </p>
   </div>
   <div class='ocr_carea' id='block_1_46' title="bbox 1050 806 1874 852">
    <p class='ocr_par' dir='ltr' id='par_1_46' title="bbox 1050 806 1874 852">
     <span class='ocr_line' id='line_1_46' title="bbox 1050 806 1874 852; baseline -0.011 -12"><span class='ocrx_word' id='word_1_303' title='bbox 1050 823 1070 852; x_wconf 72' lang='grc' dir='ltr'><strong><em>Β</em></strong></span> <span class='ocrx_word' id='word_1_304' title='bbox 1086 819 1163 842; x_wconf 86' lang='lat' dir='ltr'><strong>retur</strong></span> <span class='ocrx_word' id='word_1_305' title='bbox 1176 812 1291 844; x_wconf 80' lang='lat' dir='ltr'><strong>dixisse,</strong></span> <span class='ocrx_word' id='word_1_306' title='bbox 1303 810 1465 838; x_wconf 85' lang='lat' dir='ltr'><strong>Moriturum</strong></span> <span class='ocrx_word' id='word_1_307' title='bbox 1479 810 1566 844; x_wconf 88' lang='lat' dir='ltr'><strong>ipstnn</strong></span> <span class='ocrx_word' id='word_1_308' title='bbox 1591 809 1618 834; x_wconf 92' lang='lat' dir='ltr'><strong>in</strong></span> <span class='ocrx_word' id='word_1_309' title='bbox 1644 808 1706 835; x_wconf 85' lang='lat' dir='ltr'><strong>loco</strong></span> <span class='ocrx_word' id='word_1_310' title='bbox 1721 806 1799 841; x_wconf 83' lang='lat' dir='ltr'><strong>cujus</strong></span> <span class='ocrx_word' id='word_1_311' title='bbox 1823 811 1874 832; x_wconf 73' lang='lat' dir='ltr'><strong>cte-</strong></span> 
     </span>
    </p>
   </div>
   <div class='ocr_carea' id='block_1_47' title="bbox 1085 850 1875 892">
    <p class='ocr_par' dir='ltr' id='par_1_47' title="bbox 1085 850 1875 892">
     <span class='ocr_line' id='line_1_47' title="bbox 1085 850 1875 892; baseline -0.015 -5"><span class='ocrx_word' id='word_1_312' title='bbox 1085 861 1151 892; x_wconf 89' lang='lat' dir='ltr'><strong>lttm,</strong></span> <span class='ocrx_word' id='word_1_313' title='bbox 1168 866 1263 886; x_wconf 88' lang='lat' dir='ltr'><strong>attrurn</strong></span> <span class='ocrx_word' id='word_1_314' title='bbox 1277 861 1360 889; x_wconf 82' lang='lat' dir='ltr'><strong>esset,</strong></span> <span class='ocrx_word' id='word_1_315' title='bbox 1374 860 1448 884; x_wconf 82' lang='lat' dir='ltr'><strong>terra</strong></span> <span class='ocrx_word' id='word_1_316' title='bbox 1467 853 1571 881; x_wconf 79' lang='lat' dir='ltr'><strong>ferrum</strong></span> <span class='ocrx_word' id='word_1_317' title='bbox 1589 861 1596 880; x_wconf 89' lang='lat'><strong>:</strong></span> <span class='ocrx_word' id='word_1_318' title='bbox 1614 853 1708 889; x_wconf 88' lang='lat' dir='ltr'><strong>ipsum</strong></span> <span class='ocrx_word' id='word_1_319' title='bbox 1724 859 1787 885; x_wconf 82' lang='lat' dir='ltr'><strong>ergo</strong></span> <span class='ocrx_word' id='word_1_320' title='bbox 1802 850 1836 877; x_wconf 84' lang='lat' dir='ltr'><strong>ita</strong></span> <span class='ocrx_word' id='word_1_321' title='bbox 1849 856 1875 876; x_wconf 81' lang='lat' dir='ltr'><strong>se</strong></span> 
     </span>
    </p>
   </div>
   <div class='ocr_carea' id='block_1_48' title="bbox 1085 898 1876 938">
    <p class='ocr_par' dir='ltr' id='par_1_48' title="bbox 1085 898 1876 938">
     <span class='ocr_line' id='line_1_48' title="bbox 1085 898 1876 938; baseline -0.014 -6"><span class='ocrx_word' id='word_1_322' title='bbox 1085 905 1230 933; x_wconf 84' lang='lat' dir='ltr'><strong>habentem</strong></span> <span class='ocrx_word' id='word_1_323' title='bbox 1247 903 1402 938; x_wconf 73' lang='lat' dir='ltr'><strong>porrexisse</strong></span> <span class='ocrx_word' id='word_1_324' title='bbox 1414 909 1501 937; x_wconf 87' lang='lat' dir='ltr'><strong>usque</strong></span> <span class='ocrx_word' id='word_1_325' title='bbox 1515 901 1578 928; x_wconf 92' lang='lat' dir='ltr'><strong>dum</strong></span> <span class='ocrx_word' id='word_1_326' title='bbox 1591 900 1627 927; x_wconf 87' lang='lat' dir='ltr'><strong>ad</strong></span> <span class='ocrx_word' id='word_1_327' title='bbox 1646 898 1807 926; x_wconf 87' lang='lat' dir='ltr'><strong>Shahrazur</strong></span> <span class='ocrx_word' id='word_1_328' title='bbox 1821 902 1876 930; x_wconf 88' lang='lat' dir='ltr'><strong>per-</strong></span> 
     </span>
    </p>
   </div>
   <div class='ocr_carea' id='block_1_49' title="bbox 1085 941 1876 983">
    <p class='ocr_par' dir='ltr' id='par_1_49' title="bbox 1085 941 1876 983">
     <span class='ocr_line' id='line_1_49' title="bbox 1085 941 1876 983; baseline -0.013 -5"><span class='ocrx_word' id='word_1_329' title='bbox 1085 951 1203 983; x_wconf 87' lang='lat' dir='ltr'><strong>veniret;</strong></span> <span class='ocrx_word' id='word_1_330' title='bbox 1219 954 1246 976; x_wconf 89' lang='lat' dir='ltr'><strong>at</strong></span> <span class='ocrx_word' id='word_1_331' title='bbox 1260 949 1332 976; x_wconf 87' lang='lat' dir='ltr'><strong>inter</strong></span> <span class='ocrx_word' id='word_1_332' title='bbox 1346 948 1466 975; x_wconf 80' lang='lat' dir='ltr'><strong>eundum</strong></span> <span class='ocrx_word' id='word_1_333' title='bbox 1482 954 1544 975; x_wconf 85' lang='lat' dir='ltr'><strong>curn</strong></span> <span class='ocrx_word' id='word_1_334' title='bbox 1558 947 1772 980; x_wconf 80' lang='lat' dir='ltr'><strong>ingravescente</strong></span> <span class='ocrx_word' id='word_1_335' title='bbox 1786 941 1876 969; x_wconf 79' lang='lat' dir='ltr'><strong>inorbo</strong></span> 
     </span>
    </p>
   </div>
   <div class='ocr_carea' id='block_1_50' title="bbox 1085 989 1875 1029">
    <p class='ocr_par' dir='ltr' id='par_1_50' title="bbox 1085 989 1875 1029">
     <span class='ocr_line' id='line_1_50' title="bbox 1085 989 1875 1029; baseline -0.016 -4"><span class='ocrx_word' id='word_1_336' title='bbox 1085 996 1277 1026; x_wconf 89' lang='lat' dir='ltr'><strong>descenderet.</strong></span> <span class='ocrx_word' id='word_1_337' title='bbox 1292 995 1443 1029; x_wconf 71' lang='lat' dir='ltr'><strong>suppositae</strong></span> <span class='ocrx_word' id='word_1_338' title='bbox 1458 997 1522 1021; x_wconf 87' lang='lat' dir='ltr'><strong>sunt</strong></span> <span class='ocrx_word' id='word_1_339' title='bbox 1537 992 1590 1025; x_wconf 89' lang='lat' dir='ltr'><strong>ipsi</strong></span> <span class='ocrx_word' id='word_1_340' title='bbox 1607 990 1712 1018; x_wconf 65' lang='lat' dir='ltr'><strong>tabulae</strong></span> <span class='ocrx_word' id='word_1_341' title='bbox 1736 989 1816 1019; x_wconf 64' lang='lat' dir='ltr'><strong>binaz,</strong></span> <span class='ocrx_word' id='word_1_342' title='bbox 1831 994 1875 1014; x_wconf 88' lang='lat' dir='ltr'><strong>stt-</strong></span> 
     </span>
    </p>
   </div>
   <div class='ocr_carea' id='block_1_51' title="bbox 1088 1036 1877 1078">
    <p class='ocr_par' dir='ltr' id='par_1_51' title="bbox 1088 1036 1877 1078">
     <span class='ocr_line' id='line_1_51' title="bbox 1088 1036 1877 1078; baseline -0.015 -8"><span class='ocrx_word' id='word_1_343' title='bbox 1088 1042 1264 1078; x_wconf 88' lang='lat' dir='ltr'><strong>pcrimposita</strong></span> <span class='ocrx_word' id='word_1_344' title='bbox 1291 1041 1374 1068; x_wconf 87' lang='lat' dir='ltr'><strong>lorica</strong></span> <span class='ocrx_word' id='word_1_345' title='bbox 1405 1040 1504 1071; x_wconf 89' lang='lat' dir='ltr'><strong>ferrea,</strong></span> <span class='ocrx_word' id='word_1_346' title='bbox 1532 1038 1576 1065; x_wconf 92' lang='lat' dir='ltr'><strong>cui</strong></span> <span class='ocrx_word' id='word_1_347' title='bbox 1614 1036 1739 1067; x_wconf 85' lang='lat' dir='ltr'><strong>insedit,</strong></span> <span class='ocrx_word' id='word_1_348' title='bbox 1776 1036 1877 1068; x_wconf 77' lang='lat' dir='ltr'><strong>tegente</strong></span> 
     </span>
    </p>
   </div>
   <div class='ocr_carea' id='block_1_52' title="bbox 1087 1084 1877 1124">
    <p class='ocr_par' dir='ltr' id='par_1_52' title="bbox 1087 1084 1877 1124">
     <span class='ocr_line' id='line_1_52' title="bbox 1087 1084 1877 1124; baseline -0.013 -8"><span class='ocrx_word' id='word_1_349' title='bbox 1087 1089 1176 1124; x_wconf 89' lang='lat' dir='ltr'><strong>ipsum</strong></span> <span class='ocrx_word' id='word_1_350' title='bbox 1190 1089 1309 1124; x_wconf 89' lang='lat' dir='ltr'><strong>quodam</strong></span> <span class='ocrx_word' id='word_1_351' title='bbox 1334 1088 1432 1122; x_wconf 86' lang='lat' dir='ltr'><strong>clypeo</strong></span> <span class='ocrx_word' id='word_1_352' title='bbox 1465 1087 1618 1113; x_wconf 87' lang='lat' dir='ltr'><strong>deaurato:</strong></span> <span class='ocrx_word' id='word_1_353' title='bbox 1655 1091 1713 1119; x_wconf 91' lang='lat' dir='ltr'><strong>quo</strong></span> <span class='ocrx_word' id='word_1_354' title='bbox 1735 1084 1877 1115; x_wconf 72' lang='lat' dir='ltr'><strong>conspecto</strong></span> 
     </span>
    </p>
   </div>
   <div class='ocr_carea' id='block_1_53' title="bbox 1088 1131 1881 1171">
    <p class='ocr_par' dir='ltr' id='par_1_53' title="bbox 1088 1131 1881 1171">
     <span class='ocr_line' id='line_1_53' title="bbox 1088 1131 1881 1171; baseline -0.014 -7"><span class='ocrx_word' id='word_1_355' title='bbox 1088 1138 1147 1171; x_wconf 80' lang='lat' dir='ltr'><strong>ejus</strong></span> <span class='ocrx_word' id='word_1_356' title='bbox 1163 1135 1237 1171; x_wconf 89' lang='lat' dir='ltr'><strong>quod</strong></span> <span class='ocrx_word' id='word_1_357' title='bbox 1259 1138 1420 1162; x_wconf 81' lang='lat' dir='ltr'><strong>narraverat</strong></span> <span class='ocrx_word' id='word_1_358' title='bbox 1435 1133 1486 1167; x_wconf 90' lang='lat' dir='ltr'><strong>ipsi</strong></span> <span class='ocrx_word' id='word_1_359' title='bbox 1505 1137 1604 1163; x_wconf 85' lang='lat' dir='ltr'><strong>mater,</strong></span> <span class='ocrx_word' id='word_1_360' title='bbox 1621 1131 1812 1159; x_wconf 82' lang='lat' dir='ltr'><strong>recordatum,</strong></span> <span class='ocrx_word' id='word_1_361' title='bbox 1839 1134 1881 1153; x_wconf 83' lang='lat' dir='ltr'><strong>ac-</strong></span> 
     </span>
    </p>
   </div>
   <div class='ocr_carea' id='block_1_54' title="bbox 1088 1176 1877 1217">
    <p class='ocr_par' dir='ltr' id='par_1_54' title="bbox 1088 1176 1877 1217">
     <span class='ocr_line' id='line_1_54' title="bbox 1088 1176 1877 1217; baseline -0.015 -7"><span class='ocrx_word' id='word_1_362' title='bbox 1088 1184 1188 1211; x_wconf 87' lang='lat' dir='ltr'><strong>cersito</strong></span> <span class='ocrx_word' id='word_1_363' title='bbox 1201 1182 1246 1217; x_wconf 86' lang='lat' dir='ltr'><strong>qui</strong></span> <span class='ocrx_word' id='word_1_364' title='bbox 1266 1182 1316 1216; x_wconf 83' lang='lat' dir='ltr'><strong>ipsi</strong></span> <span class='ocrx_word' id='word_1_365' title='bbox 1332 1188 1347 1207; x_wconf 90' lang='lat' dir='ltr'><strong>a</strong></span> <span class='ocrx_word' id='word_1_366' title='bbox 1361 1179 1486 1207; x_wconf 88' lang='lat' dir='ltr'><strong>consiliis</strong></span> <span class='ocrx_word' id='word_1_367' title='bbox 1505 1182 1575 1207; x_wconf 86' lang='lat' dir='ltr'><strong>erat.</strong></span> <span class='ocrx_word' id='word_1_368' title='bbox 1588 1177 1696 1204; x_wconf 84' lang='lat' dir='ltr'><strong>litteras</strong></span> <span class='ocrx_word' id='word_1_369' title='bbox 1712 1176 1746 1202; x_wconf 84' lang='lat' dir='ltr'><strong>ad</strong></span> <span class='ocrx_word' id='word_1_370' title='bbox 1769 1178 1877 1200; x_wconf 88' lang='lat' dir='ltr'><strong>rnatrent</strong></span> 
     </span>
    </p>
   </div>
   <div class='ocr_carea' id='block_1_55' title="bbox 1089 1222 1877 1260">
    <p class='ocr_par' dir='ltr' id='par_1_55' title="bbox 1089 1222 1877 1260">
     <span class='ocr_line' id='line_1_55' title="bbox 1089 1222 1877 1260; baseline -0.015 -5"><span class='ocrx_word' id='word_1_371' title='bbox 1089 1230 1219 1260; x_wconf 83' lang='lat' dir='ltr'><strong>dictasse,</strong></span> <span class='ocrx_word' id='word_1_372' title='bbox 1234 1235 1266 1255; x_wconf 88' lang='lat' dir='ltr'><strong>ac</strong></span> <span class='ocrx_word' id='word_1_373' title='bbox 1281 1231 1337 1253; x_wconf 90' lang='lat' dir='ltr'><strong>tum</strong></span> <span class='ocrx_word' id='word_1_374' title='bbox 1349 1226 1420 1253; x_wconf 90' lang='lat' dir='ltr'><strong>diem</strong></span> <span class='ocrx_word' id='word_1_375' title='bbox 1441 1225 1553 1252; x_wconf 87' lang='lat' dir='ltr'><strong>obiisse.</strong></span> <span class='ocrx_word' id='word_1_376' title='bbox 1575 1223 1610 1251; x_wconf 87' lang='lat' dir='ltr'><strong>At</strong></span> <span class='ocrx_word' id='word_1_377' title='bbox 1638 1223 1684 1250; x_wconf 86' lang='lat' dir='ltr'><strong>ubi</strong></span> <span class='ocrx_word' id='word_1_378' title='bbox 1713 1222 1747 1249; x_wconf 82' lang='lat' dir='ltr'><strong>ad</strong></span> <span class='ocrx_word' id='word_1_379' title='bbox 1766 1223 1877 1247; x_wconf 82' lang='lat' dir='ltr'><strong>matrem</strong></span> 
     </span>
    </p>
   </div>
   <div class='ocr_carea' id='block_1_56' title="bbox 1091 1262 1879 1309">
    <p class='ocr_par' dir='ltr' id='par_1_56' title="bbox 1091 1262 1879 1309">
     <span class='ocr_line' id='line_1_56' title="bbox 1091 1262 1879 1309; baseline -0.018 -7"><span class='ocrx_word' id='word_1_380' title='bbox 1091 1274 1180 1309; x_wconf 85' lang='lat' dir='ltr'><strong>ipsius</strong></span> <span class='ocrx_word' id='word_1_381' title='bbox 1194 1272 1383 1307; x_wconf 82' lang='lat' dir='ltr'><strong>pervenissent</strong></span> <span class='ocrx_word' id='word_1_382' title='bbox 1410 1270 1517 1301; x_wconf 59' lang='lat' dir='ltr'><strong>litterae,</strong></span> <span class='ocrx_word' id='word_1_383' title='bbox 1536 1271 1593 1304; x_wconf 90' lang='lat' dir='ltr'><strong>ipsa</strong></span> <span class='ocrx_word' id='word_1_384' title='bbox 1609 1268 1722 1301; x_wconf 89' lang='lat' dir='ltr'><strong>epulum</strong></span> <span class='ocrx_word' id='word_1_385' title='bbox 1742 1265 1792 1294; x_wconf 87' lang='lat' dir='ltr'><strong>sibi</strong></span> <span class='ocrx_word' id='word_1_386' title='bbox 1806 1262 1879 1291; x_wconf 51' lang='lat' dir='ltr'><strong>insli‘</strong></span> 
     </span>
    </p>
   </div>
   <div class='ocr_carea' id='block_1_57' title="bbox 1090 1309 1878 1354">
    <p class='ocr_par' dir='ltr' id='par_1_57' title="bbox 1090 1309 1878 1354">
     <span class='ocr_line' id='line_1_57' title="bbox 1090 1309 1878 1354; baseline -0.011 -7"><span class='ocrx_word' id='word_1_387' title='bbox 1090 1319 1235 1354; x_wconf 83' lang='lat' dir='ltr'><strong>tttijussit,</strong></span> <span class='ocrx_word' id='word_1_388' title='bbox 1264 1318 1297 1346; x_wconf 86' lang='lat' dir='ltr'><strong>ad</strong></span> <span class='ocrx_word' id='word_1_389' title='bbox 1320 1317 1393 1352; x_wconf 91' lang='lat' dir='ltr'><strong>quod</strong></span> <span class='ocrx_word' id='word_1_390' title='bbox 1422 1316 1522 1344; x_wconf 87' lang='lat' dir='ltr'><strong>deinde</strong></span> <span class='ocrx_word' id='word_1_391' title='bbox 1553 1315 1679 1342; x_wconf 83' lang='lat' dir='ltr'><strong>homines</strong></span> <span class='ocrx_word' id='word_1_392' title='bbox 1706 1309 1878 1340; x_wconf 83' lang='lat' dir='ltr'><strong>convocavit.</strong></span> 
     </span>
    </p>
   </div>
   <div class='ocr_carea' id='block_1_58' title="bbox 1091 1359 1879 1401">
    <p class='ocr_par' dir='ltr' id='par_1_58' title="bbox 1091 1359 1879 1401">
     <span class='ocr_line' id='line_1_58' title="bbox 1091 1359 1879 1401; baseline -0.014 -8"><span class='ocrx_word' id='word_1_393' title='bbox 1091 1365 1245 1401; x_wconf 84' lang='lat' dir='ltr'><strong>pra:liciens</strong></span> <span class='ocrx_word' id='word_1_394' title='bbox 1271 1365 1359 1398; x_wconf 88' lang='lat' dir='ltr'><strong>portis</strong></span> <span class='ocrx_word' id='word_1_395' title='bbox 1373 1363 1420 1398; x_wconf 86' lang='lat' dir='ltr'><strong>qui</strong></span> <span class='ocrx_word' id='word_1_396' title='bbox 1442 1362 1579 1389; x_wconf 85' lang='lat' dir='ltr'><strong>neminem</strong></span> <span class='ocrx_word' id='word_1_397' title='bbox 1604 1361 1719 1387; x_wconf 90' lang='lat' dir='ltr'><strong>introire</strong></span> <span class='ocrx_word' id='word_1_398' title='bbox 1749 1359 1879 1386; x_wconf 73' lang='lat' dir='ltr'><strong>sinerent,</strong></span> 
     </span>
    </p>
   </div>
   <div class='ocr_carea' id='block_1_59' title="bbox 1093 1405 1881 1441">
    <p class='ocr_par' dir='ltr' id='par_1_59' title="bbox 1093 1405 1881 1441">
     <span class='ocr_line' id='line_1_59' title="bbox 1093 1405 1881 1441; baseline -0.014 0"><span class='ocrx_word' id='word_1_399' title='bbox 1093 1414 1146 1441; x_wconf 86' lang='lat' dir='ltr'><strong>nisi</strong></span> <span class='ocrx_word' id='word_1_400' title='bbox 1172 1413 1215 1440; x_wconf 92' lang='lat' dir='ltr'><strong>cui</strong></span> <span class='ocrx_word' id='word_1_401' title='bbox 1241 1411 1345 1439; x_wconf 92' lang='lat' dir='ltr'><strong>nullum</strong></span> <span class='ocrx_word' id='word_1_402' title='bbox 1370 1409 1517 1437; x_wconf 86' lang='lat' dir='ltr'><strong>accidisset</strong></span> <span class='ocrx_word' id='word_1_403' title='bbox 1536 1408 1729 1435; x_wconf 80' lang='lat' dir='ltr'><strong>infortunium.</strong></span> <span class='ocrx_word' id='word_1_404' title='bbox 1745 1405 1881 1433; x_wconf 84' lang='lat' dir='ltr'><strong>Janitores</strong></span> 
     </span>
    </p>
   </div>
   <div class='ocr_carea' id='block_1_60' title="bbox 1092 1453 1877 1495">
    <p class='ocr_par' dir='ltr' id='par_1_60' title="bbox 1092 1453 1877 1495">
     <span class='ocr_line' id='line_1_60' title="bbox 1092 1453 1877 1495; baseline -0.014 -8"><span class='ocrx_word' id='word_1_405' title='bbox 1092 1467 1169 1495; x_wconf 85' lang='lat' dir='ltr'><strong>ergo,</strong></span> <span class='ocrx_word' id='word_1_406' title='bbox 1183 1466 1279 1485; x_wconf 83' lang='lat' dir='ltr'><strong>onmes</strong></span> <span class='ocrx_word' id='word_1_407' title='bbox 1307 1457 1354 1491; x_wconf 88' lang='lat' dir='ltr'><strong>qui</strong></span> <span class='ocrx_word' id='word_1_408' title='bbox 1382 1455 1546 1482; x_wconf 87' lang='lat' dir='ltr'><strong>accederent</strong></span> <span class='ocrx_word' id='word_1_409' title='bbox 1572 1453 1788 1487; x_wconf 72' lang='lat' dir='ltr'><strong>interrogantes,</strong></span> <span class='ocrx_word' id='word_1_410' title='bbox 1818 1456 1877 1477; x_wconf 88' lang='lat' dir='ltr'><strong>cum</strong></span> 
     </span>
    </p>
   </div>
   <div class='ocr_carea' id='block_1_61' title="bbox 250 1498 1882 1542">
    <p class='ocr_par' dir='ltr' id='par_1_61' title="bbox 250 1498 1882 1542">
     <span class='ocr_line' id='line_1_61' title="bbox 250 1498 1882 1542; baseline -0.015 -7"><span class='ocrx_word' id='word_1_411' title='bbox 250 1512 280 1536; x_wconf 85' lang='lat' dir='ltr'><strong>ut</strong></span> <span class='ocrx_word' id='word_1_412' title='bbox 293 1506 447 1535; x_wconf 87' lang='lat' dir='ltr'><strong>Alexander</strong></span> <span class='ocrx_word' id='word_1_413' title='bbox 465 1503 614 1532; x_wconf 85' lang='lat' dir='ltr'><strong>comitibus</strong></span> <span class='ocrx_word' id='word_1_414' title='bbox 633 1501 691 1529; x_wconf 84' lang='lat' dir='ltr'><strong>suis</strong></span> <span class='ocrx_word' id='word_1_415' title='bbox 702 1499 860 1527; x_wconf 88' lang='lat' dir='ltr'><strong>convivium</strong></span> <span class='ocrx_word' id='word_1_416' title='bbox 876 1499 1037 1526; x_wconf 78' lang='lat' dir='ltr'><strong>insu&#39;ueret,</strong></span> <span class='ocrx_word' id='word_1_417' title='bbox 1052 1502 1074 1531; x_wconf 72' lang='grc' dir='ltr'>ο</span> <span class='ocrx_word' id='word_1_418' title='bbox 1091 1507 1209 1542; x_wconf 62' lang='lat' dir='ltr'><strong>aliquem</strong></span> <span class='ocrx_word' id='word_1_419' title='bbox 1222 1503 1404 1532; x_wconf 59' lang='grc' dir='ltr'><strong>ἰηι-οηυηίυηι</strong></span> <span class='ocrx_word' id='word_1_420' title='bbox 1420 1500 1532 1535; x_wconf 66' lang='lat' dir='ltr'><strong>aliquod</strong></span> <span class='ocrx_word' id='word_1_421' title='bbox 1560 1507 1673 1534; x_wconf 62' lang='lat' dir='ltr'><strong>passum</strong></span> <span class='ocrx_word' id='word_1_422' title='bbox 1692 1498 1780 1525; x_wconf 65' lang='lat' dir='ltr'><strong>fuisse</strong></span> <span class='ocrx_word' id='word_1_423' title='bbox 1803 1503 1882 1529; x_wconf 53' lang='lat' dir='ltr'><strong>“De-</strong></span> 
     </span>
    </p>
   </div>
   <div class='ocr_carea' id='block_1_62' title="bbox 250 1543 1040 1591">
    <p class='ocr_par' dir='ltr' id='par_1_62' title="bbox 250 1543 1040 1591">
     <span class='ocr_line' id='line_1_62' title="bbox 250 1543 1040 1591; baseline -0.018 -9"><span class='ocrx_word' id='word_1_424' title='bbox 250 1556 351 1591; x_wconf 87' lang='lat' dir='ltr'><strong>quibus</strong></span> <span class='ocrx_word' id='word_1_425' title='bbox 362 1552 509 1580; x_wconf 74' lang='lat' dir='ltr'><strong>edentibus</strong></span> <span class='ocrx_word' id='word_1_426' title='bbox 520 1557 553 1577; x_wconf 84' lang='lat' dir='ltr'><strong>ac</strong></span> <span class='ocrx_word' id='word_1_427' title='bbox 566 1548 733 1580; x_wconf 79' lang='lat' dir='ltr'><strong>bibentibus,</strong></span> <span class='ocrx_word' id='word_1_428' title='bbox 761 1546 820 1581; x_wconf 85' lang='lat' dir='ltr'><strong>ipse</strong></span> <span class='ocrx_word' id='word_1_429' title='bbox 843 1553 905 1572; x_wconf 87' lang='lat' dir='ltr'><strong>cum</strong></span> <span class='ocrx_word' id='word_1_430' title='bbox 924 1543 1040 1570; x_wconf 89' lang='lat' dir='ltr'><strong>familia-</strong></span> 
     </span>
    </p>
   </div>
   <div class='ocr_carea' id='block_1_63' title="bbox 251 1589 1043 1628">
    <p class='ocr_par' dir='ltr' id='par_1_63' title="bbox 251 1589 1043 1628">
     <span class='ocr_line' id='line_1_63' title="bbox 251 1589 1043 1628; baseline -0.018 0"><span class='ocrx_word' id='word_1_431' title='bbox 251 1589 328 1628; x_wconf 81' lang='lat' dir='ltr'><strong>ribus</strong></span> <span class='ocrx_word' id='word_1_432' title='bbox 344 1607 376 1626; x_wconf 89' lang='lat' dir='ltr'><strong>ac</strong></span> <span class='ocrx_word' id='word_1_433' title='bbox 391 1597 514 1625; x_wconf 80' lang='lat' dir='ltr'><strong>convivis</strong></span> <span class='ocrx_word' id='word_1_434' title='bbox 527 1595 585 1623; x_wconf 84' lang='lat' dir='ltr'><strong>suis</strong></span> <span class='ocrx_word' id='word_1_435' title='bbox 607 1593 743 1626; x_wconf 85' lang='lat' dir='ltr'><strong>consedit,</strong></span> <span class='ocrx_word' id='word_1_436' title='bbox 759 1591 895 1619; x_wconf 86' lang='lat' dir='ltr'><strong>hilaritate</strong></span> <span class='ocrx_word' id='word_1_437' title='bbox 911 1597 943 1617; x_wconf 87' lang='lat' dir='ltr'><strong>ac</strong></span> <span class='ocrx_word' id='word_1_438' title='bbox 957 1589 1043 1616; x_wconf 91' lang='lat' dir='ltr'><strong>collo-</strong></span> 
     </span>
    </p>
   </div>
   <div class='ocr_carea' id='block_1_64' title="bbox 252 1639 1042 1681">
    <p class='ocr_par' dir='ltr' id='par_1_64' title="bbox 252 1639 1042 1681">
     <span class='ocr_line' id='line_1_64' title="bbox 252 1639 1042 1681; baseline -0.016 -8"><span class='ocrx_word' id='word_1_439' title='bbox 252 1646 316 1681; x_wconf 83' lang='lat' dir='ltr'><strong>quio</strong></span> <span class='ocrx_word' id='word_1_440' title='bbox 333 1644 489 1678; x_wconf 81' lang='lat' dir='ltr'><strong>indulgens.</strong></span> <span class='ocrx_word' id='word_1_441' title='bbox 507 1642 574 1668; x_wconf 75' lang='lat' dir='ltr'><strong>Cum</strong></span> <span class='ocrx_word' id='word_1_442' title='bbox 588 1647 654 1675; x_wconf 86' lang='lat' dir='ltr'><strong>ergo</strong></span> <span class='ocrx_word' id='word_1_443' title='bbox 671 1640 735 1666; x_wconf 84' lang='lat' dir='ltr'><strong>vino</strong></span> <span class='ocrx_word' id='word_1_444' title='bbox 752 1639 841 1665; x_wconf 86' lang='lat' dir='ltr'><strong>victus</strong></span> <span class='ocrx_word' id='word_1_445' title='bbox 858 1640 942 1667; x_wconf 86' lang='lat' dir='ltr'><strong>esset,</strong></span> <span class='ocrx_word' id='word_1_446' title='bbox 958 1642 1042 1662; x_wconf 84' lang='lat' dir='ltr'><strong>vene-</strong></span> 
     </span>
    </p>
   </div>
   <div class='ocr_carea' id='block_1_65' title="bbox 253 1679 1041 1723">
    <p class='ocr_par' dir='ltr' id='par_1_65' title="bbox 253 1679 1041 1723">
     <span class='ocr_line' id='line_1_65' title="bbox 253 1679 1041 1723; baseline -0.015 -5"><span class='ocrx_word' id='word_1_447' title='bbox 253 1679 318 1718; x_wconf 86' lang='lat' dir='ltr'><strong>num</strong></span> <span class='ocrx_word' id='word_1_448' title='bbox 336 1689 404 1716; x_wconf 86' lang='lat' dir='ltr'><strong>illud</strong></span> <span class='ocrx_word' id='word_1_449' title='bbox 432 1688 505 1723; x_wconf 85' lang='lat' dir='ltr'><strong>regis</strong></span> <span class='ocrx_word' id='word_1_450' title='bbox 522 1685 620 1721; x_wconf 81' lang='lat' dir='ltr'><strong>poculo</strong></span> <span class='ocrx_word' id='word_1_451' title='bbox 643 1685 802 1712; x_wconf 86' lang='lat' dir='ltr'><strong>intmisccns</strong></span> <span class='ocrx_word' id='word_1_452' title='bbox 815 1682 970 1718; x_wconf 88' lang='lat' dir='ltr'><strong>pocillator,</strong></span> <span class='ocrx_word' id='word_1_453' title='bbox 985 1679 1041 1714; x_wconf 84' lang='lat' dir='ltr'><strong>regi</strong></span> 
     </span>
    </p>
   </div>
   <div class='ocr_carea' id='block_1_66' title="bbox 254 1727 1043 1772">
    <p class='ocr_par' dir='ltr' id='par_1_66' title="bbox 254 1727 1043 1772">
     <span class='ocr_line' id='line_1_66' title="bbox 254 1727 1043 1772; baseline -0.013 -9"><span class='ocrx_word' id='word_1_454' title='bbox 254 1735 394 1772; x_wconf 75' lang='lat' dir='ltr'><strong>porrexit;</strong></span> <span class='ocrx_word' id='word_1_455' title='bbox 409 1737 568 1769; x_wconf 87' lang='lat' dir='ltr'><strong>quoepoto,</strong></span> <span class='ocrx_word' id='word_1_456' title='bbox 597 1730 742 1758; x_wconf 78' lang='lat' dir='ltr'><strong>confestim</strong></span> <span class='ocrx_word' id='word_1_457' title='bbox 756 1734 872 1757; x_wconf 90' lang='lat' dir='ltr'><strong>mortem</strong></span> <span class='ocrx_word' id='word_1_458' title='bbox 899 1727 1043 1764; x_wconf 83' lang='lat' dir='ltr'><strong>[ingruen-</strong></span> 
     </span>
    </p>
   </div>
   <div class='ocr_carea' id='block_1_67' title="bbox 255 1773 1044 1818">
    <p class='ocr_par' dir='ltr' id='par_1_67' title="bbox 255 1773 1044 1818">
     <span class='ocr_line' id='line_1_67' title="bbox 255 1773 1044 1818; baseline -0.014 -8"><span class='ocrx_word' id='word_1_459' title='bbox 255 1781 325 1818; x_wconf 86' lang='lat' dir='ltr'><strong>tem]</strong></span> <span class='ocrx_word' id='word_1_460' title='bbox 340 1780 443 1812; x_wconf 84' lang='lat' dir='ltr'><strong>sensit;</strong></span> <span class='ocrx_word' id='word_1_461' title='bbox 454 1786 540 1814; x_wconf 89' lang='lat' dir='ltr'><strong>quare</strong></span> <span class='ocrx_word' id='word_1_462' title='bbox 550 1777 684 1804; x_wconf 87' lang='lat' dir='ltr'><strong>accersito</strong></span> <span class='ocrx_word' id='word_1_463' title='bbox 695 1775 783 1803; x_wconf 89' lang='lat' dir='ltr'><strong>scriba</strong></span> <span class='ocrx_word' id='word_1_464' title='bbox 796 1782 857 1807; x_wconf 90' lang='lat' dir='ltr'><strong>suo,</strong></span> <span class='ocrx_word' id='word_1_465' title='bbox 873 1774 925 1808; x_wconf 87' lang='lat' dir='ltr'><strong>ipsi</strong></span> <span class='ocrx_word' id='word_1_466' title='bbox 935 1773 969 1801; x_wconf 90' lang='lat' dir='ltr'><strong>ad</strong></span> <span class='ocrx_word' id='word_1_467' title='bbox 986 1780 1044 1799; x_wconf 88' lang='lat' dir='ltr'><strong>rna-</strong></span> 
     </span>
    </p>
   </div>
   <div class='ocr_carea' id='block_1_68' title="bbox 259 1820 1043 1860">
    <p class='ocr_par' dir='ltr' id='par_1_68' title="bbox 259 1820 1043 1860">
     <span class='ocr_line' id='line_1_68' title="bbox 259 1820 1043 1860; baseline -0.011 -4"><span class='ocrx_word' id='word_1_468' title='bbox 259 1837 326 1856; x_wconf 85' lang='lat' dir='ltr'><strong>trcm</strong></span> <span class='ocrx_word' id='word_1_469' title='bbox 343 1834 421 1854; x_wconf 90' lang='lat' dir='ltr'><strong>suam</strong></span> <span class='ocrx_word' id='word_1_470' title='bbox 433 1824 574 1860; x_wconf 86' lang='lat' dir='ltr'><strong>epistolam</strong></span> <span class='ocrx_word' id='word_1_471' title='bbox 590 1822 713 1852; x_wconf 88' lang='lat' dir='ltr'><strong>dictavit,</strong></span> <span class='ocrx_word' id='word_1_472' title='bbox 724 1821 803 1856; x_wconf 88' lang='lat' dir='ltr'><strong>cujus</strong></span> <span class='ocrx_word' id='word_1_473' title='bbox 819 1821 870 1847; x_wconf 91' lang='lat' dir='ltr'><strong>hoc</strong></span> <span class='ocrx_word' id='word_1_474' title='bbox 880 1820 1019 1855; x_wconf 86' lang='lat' dir='ltr'><strong>exemplar</strong></span> <span class='ocrx_word' id='word_1_475' title='bbox 1036 1828 1043 1847; x_wconf 89' lang='lat'>:</span> 
     </span>
    </p>
   </div>
   <div class='ocr_carea' id='block_1_69' title="bbox 259 1867 1045 1902">
    <p class='ocr_par' dir='ltr' id='par_1_69' title="bbox 259 1867 1045 1902">
     <span class='ocr_line' id='line_1_69' title="bbox 259 1867 1045 1902; baseline -0.013 0"><span class='ocrx_word' id='word_1_476' title='bbox 259 1886 267 1901; x_wconf 73' lang='grc' dir='ltr'>ι</span> <span class='ocrx_word' id='word_1_477' title='bbox 283 1875 323 1902; x_wconf 79' lang='lat' dir='ltr'><strong>Ab</strong></span> <span class='ocrx_word' id='word_1_478' title='bbox 338 1871 495 1900; x_wconf 83' lang='lat' dir='ltr'><strong>Alexandro</strong></span> <span class='ocrx_word' id='word_1_479' title='bbox 507 1876 588 1897; x_wconf 87' lang='lat' dir='ltr'><strong>servo</strong></span> <span class='ocrx_word' id='word_1_480' title='bbox 603 1868 662 1901; x_wconf 89' lang='lat' dir='ltr'><strong>Dei,</strong></span> <span class='ocrx_word' id='word_1_481' title='bbox 689 1867 736 1902; x_wconf 93' lang='lat' dir='ltr'><strong>qui</strong></span> <span class='ocrx_word' id='word_1_482' title='bbox 753 1867 812 1894; x_wconf 89' lang='lat' dir='ltr'><strong>heri</strong></span> <span class='ocrx_word' id='word_1_483' title='bbox 826 1867 949 1893; x_wconf 92' lang='lat' dir='ltr'><strong>omnium</strong></span> <span class='ocrx_word' id='word_1_484' title='bbox 967 1871 1045 1893; x_wconf 74' lang='lat' dir='ltr'><strong>terrai</strong></span> 
     </span>
    </p>
   </div>
   <div class='ocr_carea' id='block_1_70' title="bbox 258 1911 1045 1946">
    <p class='ocr_par' dir='ltr' id='par_1_70' title="bbox 258 1911 1045 1946">
     <span class='ocr_line' id='line_1_70' title="bbox 258 1911 1045 1946; baseline -0.013 0"><span class='ocrx_word' id='word_1_485' title='bbox 258 1929 268 1946; x_wconf 83' lang='grc'><em>‹</em></span> <span class='ocrx_word' id='word_1_486' title='bbox 289 1919 385 1946; x_wconf 87' lang='lat' dir='ltr'><strong>liniutn</strong></span> <span class='ocrx_word' id='word_1_487' title='bbox 401 1915 539 1946; x_wconf 87' lang='lat' dir='ltr'><strong>dominus,</strong></span> <span class='ocrx_word' id='word_1_488' title='bbox 566 1913 648 1940; x_wconf 91' lang='lat' dir='ltr'><strong>hodie</strong></span> <span class='ocrx_word' id='word_1_489' title='bbox 664 1911 785 1946; x_wconf 88' lang='lat' dir='ltr'><strong>cjusdetn</strong></span> <span class='ocrx_word' id='word_1_490' title='bbox 812 1911 967 1945; x_wconf 85' lang='lat' dir='ltr'><strong>depositum</strong></span> <span class='ocrx_word' id='word_1_491' title='bbox 993 1914 1045 1943; x_wconf 83' lang='lat' dir='ltr'><strong>est,</strong></span> 
     </span>
    </p>
   </div>
   <div class='ocr_carea' id='block_1_71' title="bbox 260 1957 1046 1999">
    <p class='ocr_par' dir='ltr' id='par_1_71' title="bbox 260 1957 1046 1999">
     <span class='ocr_line' id='line_1_71' title="bbox 260 1957 1046 1999; baseline -0.014 -6"><span class='ocrx_word' id='word_1_492' title='bbox 260 1976 268 1992; x_wconf 73' lang='grc' dir='ltr'>ι</span> <span class='ocrx_word' id='word_1_493' title='bbox 289 1965 322 1992; x_wconf 90' lang='lat' dir='ltr'><strong>ad</strong></span> <span class='ocrx_word' id='word_1_494' title='bbox 340 1962 528 1999; x_wconf 74' lang='lat' dir='ltr'><strong>Olympiadem</strong></span> <span class='ocrx_word' id='word_1_495' title='bbox 543 1964 659 1987; x_wconf 87' lang='lat' dir='ltr'><strong>matrem</strong></span> <span class='ocrx_word' id='word_1_496' title='bbox 692 1966 770 1986; x_wconf 86' lang='lat' dir='ltr'><strong>suam</strong></span> <span class='ocrx_word' id='word_1_497' title='bbox 790 1957 947 1992; x_wconf 75' lang='lat' dir='ltr'><strong>benignam,</strong></span> <span class='ocrx_word' id='word_1_498' title='bbox 962 1957 1046 1984; x_wconf 87' lang='lat' dir='ltr'><strong>mise-</strong></span> 
     </span>
    </p>
   </div>
   <div class='ocr_carea' id='block_1_72' title="bbox 261 2002 1046 2043">
    <p class='ocr_par' dir='ltr' id='par_1_72' title="bbox 261 2002 1046 2043">
     <span class='ocr_line' id='line_1_72' title="bbox 261 2002 1046 2043; baseline -0.01 -6"><span class='ocrx_word' id='word_1_499' title='bbox 261 2022 269 2037; x_wconf 78' lang='grc' dir='ltr'><strong>ε</strong></span> <span class='ocrx_word' id='word_1_500' title='bbox 291 2009 438 2039; x_wconf 87' lang='lat' dir='ltr'><strong>ricordem,</strong></span> <span class='ocrx_word' id='word_1_501' title='bbox 464 2014 517 2043; x_wconf 90' lang='lat' dir='ltr'><strong>qua</strong></span> <span class='ocrx_word' id='word_1_502' title='bbox 540 2006 651 2041; x_wconf 87' lang='lat' dir='ltr'><strong>propius</strong></span> <span class='ocrx_word' id='word_1_503' title='bbox 676 2004 728 2031; x_wconf 90' lang='lat' dir='ltr'><strong>frui</strong></span> <span class='ocrx_word' id='word_1_504' title='bbox 750 2010 802 2030; x_wconf 93' lang='lat' dir='ltr'><strong>non</strong></span> <span class='ocrx_word' id='word_1_505' title='bbox 832 2003 906 2030; x_wconf 89' lang='lat' dir='ltr'><strong>licet.</strong></span> <span class='ocrx_word' id='word_1_506' title='bbox 924 2002 979 2030; x_wconf 87' lang='lat' dir='ltr'><strong>Pax</strong></span> <span class='ocrx_word' id='word_1_507' title='bbox 997 2002 1046 2029; x_wconf 88' lang='lat' dir='ltr'><strong>tibi</strong></span> 
     </span>
    </p>
   </div>
   <div class='ocr_carea' id='block_1_73' title="bbox 262 2049 1047 2090">
    <p class='ocr_par' dir='ltr' id='par_1_73' title="bbox 262 2049 1047 2090">
     <span class='ocr_line' id='line_1_73' title="bbox 262 2049 1047 2090; baseline -0.01 -7"><span class='ocrx_word' id='word_1_508' title='bbox 262 2066 271 2082; x_wconf 75' lang='grc' dir='ltr'>ι</span> <span class='ocrx_word' id='word_1_509' title='bbox 291 2057 406 2090; x_wconf 80' lang='lat' dir='ltr'><strong>integra,</strong></span> <span class='ocrx_word' id='word_1_510' title='bbox 424 2053 537 2086; x_wconf 85' lang='lat' dir='ltr'><strong>optima.</strong></span> <span class='ocrx_word' id='word_1_511' title='bbox 555 2051 633 2078; x_wconf 84' lang='lat' dir='ltr'><strong>Viam</strong></span> <span class='ocrx_word' id='word_1_512' title='bbox 663 2057 745 2084; x_wconf 91' lang='lat' dir='ltr'><strong>quam</strong></span> <span class='ocrx_word' id='word_1_513' title='bbox 772 2049 848 2076; x_wconf 87' lang='lat' dir='ltr'><strong>calco</strong></span> <span class='ocrx_word' id='word_1_514' title='bbox 874 2055 935 2082; x_wconf 81' lang='lat' dir='ltr'><strong>ego,</strong></span> <span class='ocrx_word' id='word_1_515' title='bbox 957 2056 988 2075; x_wconf 91' lang='lat' dir='ltr'><strong>ea</strong></span> <span class='ocrx_word' id='word_1_516' title='bbox 1005 2053 1047 2076; x_wconf 89' lang='lat' dir='ltr'><strong>est</strong></span> 
     </span>
    </p>
   </div>
   <div class='ocr_carea' id='block_1_74' title="bbox 264 2093 1045 2137">
    <p class='ocr_par' dir='ltr' id='par_1_74' title="bbox 264 2093 1045 2137">
     <span class='ocr_line' id='line_1_74' title="bbox 264 2093 1045 2137; baseline -0.009 -9"><span class='ocrx_word' id='word_1_517' title='bbox 264 2113 272 2128; x_wconf 84' lang='lat' dir='ltr'><strong>I</strong></span> <span class='ocrx_word' id='word_1_518' title='bbox 290 2110 371 2137; x_wconf 85' lang='lat' dir='ltr'><strong>quam</strong></span> <span class='ocrx_word' id='word_1_519' title='bbox 388 2100 531 2127; x_wconf 86' lang='lat' dir='ltr'><strong>calcarttnt</strong></span> <span class='ocrx_word' id='word_1_520' title='bbox 555 2098 603 2132; x_wconf 91' lang='lat' dir='ltr'><strong>qui</strong></span> <span class='ocrx_word' id='word_1_521' title='bbox 626 2099 825 2132; x_wconf 67' lang='lat' dir='ltr'><strong>praecesserunt</strong></span> <span class='ocrx_word' id='word_1_522' title='bbox 846 2095 964 2130; x_wconf 86' lang='lat' dir='ltr'><strong>priores.</strong></span> <span class='ocrx_word' id='word_1_523' title='bbox 992 2093 1045 2126; x_wconf 88' lang='lat' dir='ltr'><strong>Tu,</strong></span> 
     </span>
    </p>
   </div>
   <div class='ocr_carea' id='block_1_75' title="bbox 263 2138 1049 2181">
    <p class='ocr_par' dir='ltr' id='par_1_75' title="bbox 263 2138 1049 2181">
     <span class='ocr_line' id='line_1_75' title="bbox 263 2138 1049 2181; baseline -0.014 -6"><span class='ocrx_word' id='word_1_524' title='bbox 263 2158 273 2174; x_wconf 77' lang='grc' dir='ltr'>ι</span> <span class='ocrx_word' id='word_1_525' title='bbox 288 2147 434 2181; x_wconf 76' lang='lat' dir='ltr'><strong>ca-terique</strong></span> <span class='ocrx_word' id='word_1_526' title='bbox 443 2145 489 2180; x_wconf 93' lang='lat' dir='ltr'><strong>qui</strong></span> <span class='ocrx_word' id='word_1_527' title='bbox 502 2143 567 2171; x_wconf 87' lang='lat' dir='ltr'><strong>mihi</strong></span> <span class='ocrx_word' id='word_1_528' title='bbox 580 2142 743 2177; x_wconf 85' lang='lat' dir='ltr'><strong>superstites</strong></span> <span class='ocrx_word' id='word_1_529' title='bbox 752 2145 827 2169; x_wconf 87' lang='lat' dir='ltr'><strong>suttt.</strong></span> <span class='ocrx_word' id='word_1_530' title='bbox 837 2139 957 2174; x_wconf 81' lang='lat' dir='ltr'><strong>vestigiis</strong></span> <span class='ocrx_word' id='word_1_531' title='bbox 966 2138 1049 2174; x_wconf 68' lang='grc'><strong>284</strong></span> 
     </span>
    </p>
   </div>
   <div class='ocr_carea' id='block_1_76' title="bbox 1093 1545 1882 1582">
    <p class='ocr_par' dir='ltr' id='par_1_76' title="bbox 1093 1545 1882 1582">
     <span class='ocr_line' id='line_1_76' title="bbox 1093 1545 1882 1582; baseline -0.013 -4"><span class='ocrx_word' id='word_1_532' title='bbox 1093 1553 1205 1582; x_wconf 88' lang='lat' dir='ltr'><strong>rissent,</strong></span> <span class='ocrx_word' id='word_1_533' title='bbox 1222 1549 1335 1576; x_wconf 87' lang='lat' dir='ltr'><strong>introire</strong></span> <span class='ocrx_word' id='word_1_534' title='bbox 1352 1555 1406 1574; x_wconf 90' lang='lat' dir='ltr'><strong>non</strong></span> <span class='ocrx_word' id='word_1_535' title='bbox 1423 1546 1564 1579; x_wconf 79' lang='lat' dir='ltr'><strong>sinebant,</strong></span> <span class='ocrx_word' id='word_1_536' title='bbox 1578 1545 1646 1572; x_wconf 86' lang='lat' dir='ltr'><strong>adeo</strong></span> <span class='ocrx_word' id='word_1_537' title='bbox 1663 1549 1690 1571; x_wconf 90' lang='lat' dir='ltr'><strong>ut</strong></span> <span class='ocrx_word' id='word_1_538' title='bbox 1710 1550 1820 1574; x_wconf 88' lang='lat' dir='ltr'><strong>omnes,</strong></span> <span class='ocrx_word' id='word_1_539' title='bbox 1835 1547 1882 1567; x_wconf 79' lang='lat' dir='ltr'><strong>ne~</strong></span> 
     </span>
    </p>
   </div>
   <div class='ocr_carea' id='block_1_77' title="bbox 1093 1591 1882 1627">
    <p class='ocr_par' dir='ltr' id='par_1_77' title="bbox 1093 1591 1882 1627">
     <span class='ocr_line' id='line_1_77' title="bbox 1093 1591 1882 1627; baseline -0.011 -3"><span class='ocrx_word' id='word_1_540' title='bbox 1093 1598 1166 1624; x_wconf 92' lang='lat' dir='ltr'><strong>mine</strong></span> <span class='ocrx_word' id='word_1_541' title='bbox 1178 1596 1286 1627; x_wconf 87' lang='lat' dir='ltr'><strong>relicto,</strong></span> <span class='ocrx_word' id='word_1_542' title='bbox 1305 1594 1436 1621; x_wconf 84' lang='lat' dir='ltr'><strong>redirent.</strong></span> <span class='ocrx_word' id='word_1_543' title='bbox 1455 1592 1535 1626; x_wconf 88' lang='lat' dir='ltr'><strong>Quod</strong></span> <span class='ocrx_word' id='word_1_544' title='bbox 1554 1600 1614 1619; x_wconf 88' lang='lat' dir='ltr'><strong>curn</strong></span> <span class='ocrx_word' id='word_1_545' title='bbox 1632 1591 1757 1622; x_wconf 85' lang='lat' dir='ltr'><strong>vidisset,</strong></span> <span class='ocrx_word' id='word_1_546' title='bbox 1782 1595 1882 1616; x_wconf 89' lang='lat' dir='ltr'><strong>conso-</strong></span> 
     </span>
    </p>
   </div>
   <div class='ocr_carea' id='block_1_78' title="bbox 1093 1638 1881 1674">
    <p class='ocr_par' dir='ltr' id='par_1_78' title="bbox 1093 1638 1881 1674">
     <span class='ocr_line' id='line_1_78' title="bbox 1093 1638 1881 1674; baseline -0.01 -5"><span class='ocrx_word' id='word_1_547' title='bbox 1093 1643 1195 1670; x_wconf 86' lang='lat' dir='ltr'><strong>latione</strong></span> <span class='ocrx_word' id='word_1_548' title='bbox 1226 1641 1346 1668; x_wconf 74' lang='lat' dir='ltr'><strong>adntiSSa</strong></span> <span class='ocrx_word' id='word_1_549' title='bbox 1365 1639 1526 1674; x_wconf 85' lang='lat' dir='ltr'><strong>patientiam</strong></span> <span class='ocrx_word' id='word_1_550' title='bbox 1548 1638 1652 1670; x_wconf 89' lang='lat' dir='ltr'><strong>induit,</strong></span> <span class='ocrx_word' id='word_1_551' title='bbox 1669 1643 1719 1673; x_wconf 88' lang='lat' dir='ltr'><strong>pro</strong></span> <span class='ocrx_word' id='word_1_552' title='bbox 1737 1638 1881 1670; x_wconf 50' lang='lat' dir='ltr'><strong>eoas-went)</strong></span> 
     </span>
    </p>
   </div>
   <div class='ocr_carea' id='block_1_79' title="bbox 1094 1680 1881 1721">
    <p class='ocr_par' dir='ltr' id='par_1_79' title="bbox 1094 1680 1881 1721">
     <span class='ocr_line' id='line_1_79' title="bbox 1094 1680 1881 1721; baseline -0.011 -6"><span class='ocrx_word' id='word_1_553' title='bbox 1094 1688 1200 1715; x_wconf 83' lang='lat' dir='ltr'><strong>habens</strong></span> <span class='ocrx_word' id='word_1_554' title='bbox 1224 1687 1296 1713; x_wconf 90' lang='lat' dir='ltr'><strong>viam</strong></span> <span class='ocrx_word' id='word_1_555' title='bbox 1326 1694 1388 1713; x_wconf 85' lang='lat' dir='ltr'><strong>esse</strong></span> <span class='ocrx_word' id='word_1_556' title='bbox 1418 1686 1490 1713; x_wconf 85' lang='lat' dir='ltr'><strong>hanc</strong></span> <span class='ocrx_word' id='word_1_557' title='bbox 1517 1685 1659 1721; x_wconf 88' lang='lat' dir='ltr'><strong>[omnibus</strong></span> <span class='ocrx_word' id='word_1_558' title='bbox 1681 1680 1881 1716; x_wconf 80' lang='lat' dir='ltr'><strong>communem].</strong></span> 
     </span>
    </p>
   </div>
   <div class='ocr_carea' id='block_1_80' title="bbox 1094 1727 1882 1763">
    <p class='ocr_par' dir='ltr' id='par_1_80' title="bbox 1094 1727 1882 1763">
     <span class='ocr_line' id='line_1_80' title="bbox 1094 1727 1882 1763; baseline -0.011 -2"><span class='ocrx_word' id='word_1_559' title='bbox 1094 1734 1180 1761; x_wconf 84' lang='lat' dir='ltr'><strong>Porro</strong></span> <span class='ocrx_word' id='word_1_560' title='bbox 1192 1733 1333 1760; x_wconf 83' lang='lat' dir='ltr'><strong>Philemon</strong></span> <span class='ocrx_word' id='word_1_561' title='bbox 1352 1732 1526 1759; x_wconf 85' lang='lat' dir='ltr'><strong>consiliarius</strong></span> <span class='ocrx_word' id='word_1_562' title='bbox 1548 1731 1698 1758; x_wconf 86' lang='lat' dir='ltr'><strong>Alexandri</strong></span> <span class='ocrx_word' id='word_1_563' title='bbox 1718 1735 1818 1763; x_wconf 88' lang='lat' dir='ltr'><strong>corpus</strong></span> <span class='ocrx_word' id='word_1_564' title='bbox 1831 1727 1882 1753; x_wconf 88' lang='lat' dir='ltr'><strong>ho-</strong></span> 
     </span>
    </p>
   </div>
   <div class='ocr_carea' id='block_1_81' title="bbox 1095 1775 1884 1812">
    <p class='ocr_par' dir='ltr' id='par_1_81' title="bbox 1095 1775 1884 1812">
     <span class='ocr_line' id='line_1_81' title="bbox 1095 1775 1884 1812; baseline -0.01 -5"><span class='ocrx_word' id='word_1_565' title='bbox 1095 1781 1172 1807; x_wconf 91' lang='lat' dir='ltr'><strong>noris</strong></span> <span class='ocrx_word' id='word_1_566' title='bbox 1186 1786 1269 1807; x_wconf 85' lang='lat' dir='ltr'><strong>causa</strong></span> <span class='ocrx_word' id='word_1_567' title='bbox 1289 1785 1360 1806; x_wconf 68' lang='lat' dir='ltr'><strong>arcte</strong></span> <span class='ocrx_word' id='word_1_568' title='bbox 1378 1786 1469 1805; x_wconf 65' lang='lat' dir='ltr'><strong>aurem</strong></span> <span class='ocrx_word' id='word_1_569' title='bbox 1498 1777 1638 1812; x_wconf 89' lang='lat' dir='ltr'><strong>imposuit.</strong></span> <span class='ocrx_word' id='word_1_570' title='bbox 1660 1777 1690 1803; x_wconf 89' lang='lat' dir='ltr'><strong>ln</strong></span> <span class='ocrx_word' id='word_1_571' title='bbox 1713 1775 1768 1801; x_wconf 87' lang='lat' dir='ltr'><strong>alio</strong></span> <span class='ocrx_word' id='word_1_572' title='bbox 1792 1780 1884 1801; x_wconf 77' lang='lat' dir='ltr'><strong>exent-</strong></span> 
     </span>
    </p>
   </div>
   <div class='ocr_carea' id='block_1_82' title="bbox 1096 1821 1882 1863">
    <p class='ocr_par' dir='ltr' id='par_1_82' title="bbox 1096 1821 1882 1863">
     <span class='ocr_line' id='line_1_82' title="bbox 1096 1821 1882 1863; baseline -0.011 -9"><span class='ocrx_word' id='word_1_573' title='bbox 1096 1827 1163 1863; x_wconf 90' lang='lat' dir='ltr'><strong>plari</strong></span> <span class='ocrx_word' id='word_1_574' title='bbox 1177 1827 1275 1860; x_wconf 83' lang='lat' dir='ltr'><strong>legitur</strong></span> <span class='ocrx_word' id='word_1_575' title='bbox 1292 1826 1381 1860; x_wconf 85' lang='lat' dir='ltr'><strong>ipsum</strong></span> <span class='ocrx_word' id='word_1_576' title='bbox 1403 1824 1470 1852; x_wconf 88' lang='lat' dir='ltr'><strong>illud</strong></span> <span class='ocrx_word' id='word_1_577' title='bbox 1494 1823 1572 1851; x_wconf 89' lang='lat' dir='ltr'><strong>melle</strong></span> <span class='ocrx_word' id='word_1_578' title='bbox 1601 1821 1771 1858; x_wconf 87' lang='lat' dir='ltr'><strong>implevisse,</strong></span> <span class='ocrx_word' id='word_1_579' title='bbox 1796 1821 1882 1846; x_wconf 88' lang='lat' dir='ltr'><strong>morte</strong></span> 
     </span>
    </p>
   </div>
   <div class='ocr_carea' id='block_1_83' title="bbox 1096 1865 1880 1907">
    <p class='ocr_par' dir='ltr' id='par_1_83' title="bbox 1096 1865 1880 1907">
     <span class='ocr_line' id='line_1_83' title="bbox 1096 1865 1880 1907; baseline -0.01 -9"><span class='ocrx_word' id='word_1_580' title='bbox 1096 1874 1156 1907; x_wconf 81' lang='lat' dir='ltr'><strong>ejus</strong></span> <span class='ocrx_word' id='word_1_581' title='bbox 1172 1873 1271 1904; x_wconf 84' lang='lat' dir='ltr'><strong>celata,</strong></span> <span class='ocrx_word' id='word_1_582' title='bbox 1295 1871 1434 1898; x_wconf 88' lang='lat' dir='ltr'><strong>exercitus</strong></span> <span class='ocrx_word' id='word_1_583' title='bbox 1457 1874 1485 1897; x_wconf 86' lang='lat' dir='ltr'><strong>et</strong></span> <span class='ocrx_word' id='word_1_584' title='bbox 1513 1869 1658 1897; x_wconf 78' lang='lat' dir='ltr'><strong>tlteSauros</strong></span> <span class='ocrx_word' id='word_1_585' title='bbox 1688 1865 1880 1895; x_wconf 83' lang='lat' dir='ltr'><strong>Alexandriam</strong></span> 
     </span>
    </p>
   </div>
   <div class='ocr_carea' id='block_1_84' title="bbox 1096 1910 1880 1950">
    <p class='ocr_par' dir='ltr' id='par_1_84' title="bbox 1096 1910 1880 1950">
     <span class='ocr_line' id='line_1_84' title="bbox 1096 1910 1880 1950; baseline -0.014 -4"><span class='ocrx_word' id='word_1_586' title='bbox 1096 1919 1242 1946; x_wconf 85' lang='lat' dir='ltr'><strong>deduxisse</strong></span> <span class='ocrx_word' id='word_1_587' title='bbox 1253 1926 1261 1950; x_wconf 84' lang='lat'><strong>;</strong></span> <span class='ocrx_word' id='word_1_588' title='bbox 1271 1925 1304 1944; x_wconf 91' lang='lat' dir='ltr'><strong>eo</strong></span> <span class='ocrx_word' id='word_1_589' title='bbox 1317 1921 1407 1944; x_wconf 85' lang='lat' dir='ltr'><strong>autem</strong></span> <span class='ocrx_word' id='word_1_590' title='bbox 1424 1923 1486 1943; x_wconf 89' lang='lat' dir='ltr'><strong>cum</strong></span> <span class='ocrx_word' id='word_1_591' title='bbox 1500 1915 1680 1950; x_wconf 88' lang='lat' dir='ltr'><strong>pervenisset,</strong></span> <span class='ocrx_word' id='word_1_592' title='bbox 1697 1916 1811 1941; x_wconf 88' lang='lat' dir='ltr'><strong>mortem</strong></span> <span class='ocrx_word' id='word_1_593' title='bbox 1821 1910 1880 1944; x_wconf 84' lang='lat' dir='ltr'><strong>ejus</strong></span> 
     </span>
    </p>
   </div>
   <div class='ocr_carea' id='block_1_85' title="bbox 1097 1954 1879 1995">
    <p class='ocr_par' dir='ltr' id='par_1_85' title="bbox 1097 1954 1879 1995">
     <span class='ocr_line' id='line_1_85' title="bbox 1097 1954 1879 1995; baseline -0.014 -5"><span class='ocrx_word' id='word_1_594' title='bbox 1097 1967 1190 1990; x_wconf 86' lang='lat' dir='ltr'><strong>notam</strong></span> <span class='ocrx_word' id='word_1_595' title='bbox 1216 1961 1371 1989; x_wconf 88' lang='lat' dir='ltr'><strong>hominibus</strong></span> <span class='ocrx_word' id='word_1_596' title='bbox 1386 1959 1472 1995; x_wconf 77' lang='lat'><strong>288</strong></span> <span class='ocrx_word' id='word_1_597' title='bbox 1490 1959 1599 1991; x_wconf 86' lang='lat' dir='ltr'><strong>fecisse,</strong></span> <span class='ocrx_word' id='word_1_598' title='bbox 1622 1966 1687 1985; x_wconf 89' lang='lat' dir='ltr'><strong>arca</strong></span> <span class='ocrx_word' id='word_1_599' title='bbox 1714 1958 1740 1984; x_wconf 94' lang='lat' dir='ltr'><strong>in</strong></span> <span class='ocrx_word' id='word_1_600' title='bbox 1764 1954 1879 1982; x_wconf 87' lang='lat' dir='ltr'><strong>medium</strong></span> 
     </span>
    </p>
   </div>
   <div class='ocr_carea' id='block_1_86' title="bbox 1099 2001 1882 2044">
    <p class='ocr_par' dir='ltr' id='par_1_86' title="bbox 1099 2001 1882 2044">
     <span class='ocr_line' id='line_1_86' title="bbox 1099 2001 1882 2044; baseline -0.013 -8"><span class='ocrx_word' id='word_1_601' title='bbox 1099 2008 1216 2044; x_wconf 86' lang='lat' dir='ltr'><strong>prolata,</strong></span> <span class='ocrx_word' id='word_1_602' title='bbox 1233 2015 1321 2042; x_wconf 84' lang='lat' dir='ltr'><strong>caque</strong></span> <span class='ocrx_word' id='word_1_603' title='bbox 1347 2007 1375 2034; x_wconf 93' lang='lat' dir='ltr'><strong>in</strong></span> <span class='ocrx_word' id='word_1_604' title='bbox 1398 2007 1554 2041; x_wconf 84' lang='lat' dir='ltr'><strong>pavimento</strong></span> <span class='ocrx_word' id='word_1_605' title='bbox 1579 2005 1716 2039; x_wconf 87' lang='lat' dir='ltr'><strong>deposita,</strong></span> <span class='ocrx_word' id='word_1_606' title='bbox 1745 2001 1882 2037; x_wconf 77' lang='lat' dir='ltr'><strong>sapientes</strong></span> 
     </span>
    </p>
   </div>
   <div class='ocr_carea' id='block_1_87' title="bbox 1097 2047 1884 2090">
    <p class='ocr_par' dir='ltr' id='par_1_87' title="bbox 1097 2047 1884 2090">
     <span class='ocr_line' id='line_1_87' title="bbox 1097 2047 1884 2090; baseline -0.014 -8"><span class='ocrx_word' id='word_1_607' title='bbox 1097 2054 1214 2090; x_wconf 86' lang='lat' dir='ltr'><strong>jussisse</strong></span> <span class='ocrx_word' id='word_1_608' title='bbox 1229 2059 1450 2088; x_wconf 80' lang='lat' dir='ltr'><strong>unumquemque</strong></span> <span class='ocrx_word' id='word_1_609' title='bbox 1462 2051 1617 2087; x_wconf 83' lang='lat' dir='ltr'><strong>Epicedium</strong></span> <span class='ocrx_word' id='word_1_610' title='bbox 1629 2057 1727 2077; x_wconf 88' lang='lat' dir='ltr'><strong>canere</strong></span> <span class='ocrx_word' id='word_1_611' title='bbox 1736 2047 1807 2084; x_wconf 84' lang='lat' dir='ltr'><strong>quod</strong></span> <span class='ocrx_word' id='word_1_612' title='bbox 1819 2047 1884 2073; x_wconf 88' lang='lat' dir='ltr'><strong>ami-</strong></span> 
     </span>
    </p>
   </div>
   <div class='ocr_carea' id='block_1_88' title="bbox 1099 2093 1884 2131">
    <p class='ocr_par' dir='ltr' id='par_1_88' title="bbox 1099 2093 1884 2131">
     <span class='ocr_line' id='line_1_88' title="bbox 1099 2093 1884 2131; baseline -0.013 -4"><span class='ocrx_word' id='word_1_613' title='bbox 1099 2100 1139 2128; x_wconf 89' lang='lat' dir='ltr'><strong>cis</strong></span> <span class='ocrx_word' id='word_1_614' title='bbox 1167 2099 1302 2131; x_wconf 80' lang='lat' dir='ltr'><strong>solandis,</strong></span> <span class='ocrx_word' id='word_1_615' title='bbox 1330 2098 1460 2125; x_wconf 88' lang='lat' dir='ltr'><strong>omnibus</strong></span> <span class='ocrx_word' id='word_1_616' title='bbox 1498 2096 1691 2128; x_wconf 83' lang='lat' dir='ltr'><strong>instituendis,</strong></span> <span class='ocrx_word' id='word_1_617' title='bbox 1731 2093 1884 2122; x_wconf 85' lang='lat' dir='ltr'><strong>inserviret.</strong></span> 
     </span>
    </p>
   </div>
   <div class='ocr_carea' id='block_1_89' title="bbox 1100 2137 1884 2181">
    <p class='ocr_par' dir='ltr' id='par_1_89' title="bbox 1100 2137 1884 2181">
     <span class='ocr_line' id='line_1_89' title="bbox 1100 2137 1884 2181; baseline -0.013 -8"><span class='ocrx_word' id='word_1_618' title='bbox 1100 2146 1174 2173; x_wconf 85' lang='lat' dir='ltr'><strong>Dixit</strong></span> <span class='ocrx_word' id='word_1_619' title='bbox 1195 2152 1260 2181; x_wconf 85' lang='lat' dir='ltr'><strong>ergo</strong></span> <span class='ocrx_word' id='word_1_620' title='bbox 1284 2144 1426 2171; x_wconf 90' lang='lat' dir='ltr'><strong>Philemon</strong></span> <span class='ocrx_word' id='word_1_621' title='bbox 1444 2143 1575 2178; x_wconf 85' lang='lat' dir='ltr'><strong>sapiens:</strong></span> <span class='ocrx_word' id='word_1_622' title='bbox 1597 2141 1724 2176; x_wconf 79' lang='lat' dir='ltr'><strong>Magnum</strong></span> <span class='ocrx_word' id='word_1_623' title='bbox 1753 2141 1796 2167; x_wconf 91' lang='lat' dir='ltr'><strong>hic</strong></span> <span class='ocrx_word' id='word_1_624' title='bbox 1827 2137 1884 2164; x_wconf 88' lang='lat' dir='ltr'><strong>dies</strong></span> 
     </span>
    </p>
   </div>
   <div class='ocr_carea' id='block_1_90' title="bbox 263 2181 1041 2230">
    <p class='ocr_par' dir='ltr' id='par_1_90' title="bbox 263 2185 1041 2230">
     <span class='ocr_line' id='line_1_90' title="bbox 263 2185 1041 2230; baseline -0.012 -11"><span class='ocrx_word' id='word_1_625' title='bbox 263 2204 272 2219; x_wconf 76' lang='grc' dir='ltr'>ι</span> <span class='ocrx_word' id='word_1_626' title='bbox 287 2189 561 2230; x_wconf 78' lang='lat' dir='ltr'><strong>[nostrisinsistitisj.</strong></span> <span class='ocrx_word' id='word_1_627' title='bbox 571 2187 711 2222; x_wconf 83' lang='lat' dir='ltr'><strong>Siquidem</strong></span> <span class='ocrx_word' id='word_1_628' title='bbox 721 2186 786 2214; x_wconf 90' lang='lat' dir='ltr'><strong>illud</strong></span> <span class='ocrx_word' id='word_1_629' title='bbox 795 2185 874 2213; x_wconf 90' lang='lat' dir='ltr'><strong>cuiin</strong></span> <span class='ocrx_word' id='word_1_630' title='bbox 889 2185 939 2212; x_wconf 93' lang='lat' dir='ltr'><strong>hoc</strong></span> <span class='ocrx_word' id='word_1_631' title='bbox 949 2185 1041 2211; x_wconf 79' lang='lat' dir='ltr'><strong>lltulldt</strong></span> 
     </span>
    </p>
   </div>
   <div class='ocr_carea' id='block_1_91' title="bbox 1093 2181 1886 2230">
    <p class='ocr_par' dir='ltr' id='par_1_91' title="bbox 1103 2181 1886 2226">
     <span class='ocr_line' id='line_1_91' title="bbox 1103 2181 1886 2226; baseline -0.01 -8"><span class='ocrx_word' id='word_1_632' title='bbox 1103 2191 1257 2226; x_wconf 84' lang='lat' dir='ltr'><strong>exemplum</strong></span> <span class='ocrx_word' id='word_1_633' title='bbox 1281 2189 1403 2217; x_wconf 80' lang='lat' dir='ltr'><strong>exhibet.</strong></span> <span class='ocrx_word' id='word_1_634' title='bbox 1431 2188 1575 2215; x_wconf 60' lang='lat' dir='ltr'><strong>Praecessit</strong></span> <span class='ocrx_word' id='word_1_635' title='bbox 1600 2188 1701 2214; x_wconf 89' lang='lat' dir='ltr'><strong>tnalum</strong></span> <span class='ocrx_word' id='word_1_636' title='bbox 1725 2186 1796 2220; x_wconf 84' lang='lat' dir='ltr'><strong>ejus,</strong></span> <span class='ocrx_word' id='word_1_637' title='bbox 1814 2181 1886 2218; x_wconf 86' lang='lat' dir='ltr'><strong>quod</strong></span> 
     </span>
    </p>
   </div>
   <div class='ocr_carea' id='block_1_92' title="bbox 268 2230 1049 2268">
    <p class='ocr_par' dir='ltr' id='par_1_92' title="bbox 268 2230 1049 2268">
     <span class='ocr_line' id='line_1_92' title="bbox 268 2230 1049 2268; baseline -0.015 0"><span class='ocrx_word' id='word_1_638' title='bbox 268 2251 278 2267; x_wconf 67' lang='grc' dir='ltr'><strong><em>ι</em></strong></span> <span class='ocrx_word' id='word_1_639' title='bbox 298 2239 401 2268; x_wconf 81' lang='lat' dir='ltr'><strong>similes</strong></span> <span class='ocrx_word' id='word_1_640' title='bbox 415 2243 522 2268; x_wconf 87' lang='lat' dir='ltr'><strong>sumus,</strong></span> <span class='ocrx_word' id='word_1_641' title='bbox 538 2239 581 2262; x_wconf 89' lang='lat' dir='ltr'><strong>est</strong></span> <span class='ocrx_word' id='word_1_642' title='bbox 593 2233 652 2261; x_wconf 86' lang='lat' dir='ltr'><strong>dies</strong></span> <span class='ocrx_word' id='word_1_643' title='bbox 664 2232 824 2264; x_wconf 88' lang='lat' dir='ltr'><strong>hodiernus,</strong></span> <span class='ocrx_word' id='word_1_644' title='bbox 836 2232 882 2266; x_wconf 90' lang='lat' dir='ltr'><strong>qui</strong></span> <span class='ocrx_word' id='word_1_645' title='bbox 895 2230 1049 2266; x_wconf 78' lang='lat' dir='ltr'><strong>przeceden-</strong></span> 
     </span>
    </p>
   </div>
   <div class='ocr_carea' id='block_1_93' title="bbox 265 2276 1049 2320">
    <p class='ocr_par' dir='ltr' id='par_1_93' title="bbox 265 2276 1049 2320">
     <span class='ocr_line' id='line_1_93' title="bbox 265 2276 1049 2320; baseline -0.014 -7"><span class='ocrx_word' id='word_1_646' title='bbox 265 2296 273 2312; x_wconf 78' lang='grc' dir='ltr'>ι</span> <span class='ocrx_word' id='word_1_647' title='bbox 292 2291 346 2313; x_wconf 86' lang='lat' dir='ltr'><strong>tem</strong></span> <span class='ocrx_word' id='word_1_648' title='bbox 367 2284 453 2320; x_wconf 89' lang='lat' dir='ltr'><strong>pellit.</strong></span> <span class='ocrx_word' id='word_1_649' title='bbox 468 2281 507 2309; x_wconf 84' lang='lat' dir='ltr'><strong>Ne</strong></span> <span class='ocrx_word' id='word_1_650' title='bbox 523 2285 612 2308; x_wconf 90' lang='lat' dir='ltr'><strong>autem</strong></span> <span class='ocrx_word' id='word_1_651' title='bbox 626 2279 661 2307; x_wconf 92' lang='lat' dir='ltr'><strong>ob</strong></span> <span class='ocrx_word' id='word_1_652' title='bbox 682 2277 814 2306; x_wconf 85' lang='lat' dir='ltr'><strong>mundum</strong></span> <span class='ocrx_word' id='word_1_653' title='bbox 846 2277 917 2304; x_wconf 87' lang='lat' dir='ltr'><strong>httnc</strong></span> <span class='ocrx_word' id='word_1_654' title='bbox 945 2276 1049 2304; x_wconf 89' lang='lat' dir='ltr'><strong>contri-</strong></span> 
     </span>
    </p>
   </div>
   <div class='ocr_carea' id='block_1_94' title="bbox 266 2322 1051 2363">
    <p class='ocr_par' dir='ltr' id='par_1_94' title="bbox 266 2322 1051 2363">
     <span class='ocr_line' id='line_1_94' title="bbox 266 2322 1051 2363; baseline -0.013 -4"><span class='ocrx_word' id='word_1_655' title='bbox 266 2342 274 2359; x_wconf 73' lang='grc' dir='ltr'>ι</span> <span class='ocrx_word' id='word_1_656' title='bbox 293 2331 386 2363; x_wconf 87' lang='lat' dir='ltr'><strong>steris,</strong></span> <span class='ocrx_word' id='word_1_657' title='bbox 400 2337 462 2357; x_wconf 91' lang='lat' dir='ltr'><strong>cum</strong></span> <span class='ocrx_word' id='word_1_658' title='bbox 479 2335 545 2355; x_wconf 86' lang='lat' dir='ltr'><strong>suos</strong></span> <span class='ocrx_word' id='word_1_659' title='bbox 561 2326 655 2354; x_wconf 89' lang='lat' dir='ltr'><strong>fallere</strong></span> <span class='ocrx_word' id='word_1_660' title='bbox 669 2327 766 2353; x_wconf 78' lang='lat' dir='ltr'><strong>soleat.</strong></span> <span class='ocrx_word' id='word_1_661' title='bbox 782 2323 944 2358; x_wconf 87' lang='lat' dir='ltr'><strong>Exemplum</strong></span> <span class='ocrx_word' id='word_1_662' title='bbox 968 2322 1051 2356; x_wconf 87' lang='lat' dir='ltr'><strong>hujus</strong></span> 
     </span>
    </p>
   </div>
   <div class='ocr_carea' id='block_1_95' title="bbox 267 2369 1052 2408">
    <p class='ocr_par' dir='ltr' id='par_1_95' title="bbox 267 2369 1052 2408">
     <span class='ocr_line' id='line_1_95' title="bbox 267 2369 1052 2408; baseline -0.014 -3"><span class='ocrx_word' id='word_1_663' title='bbox 267 2388 275 2404; x_wconf 72' lang='grc' dir='ltr'><strong>ε</strong></span> <span class='ocrx_word' id='word_1_664' title='bbox 295 2377 336 2404; x_wconf 91' lang='lat' dir='ltr'><strong>rei</strong></span> <span class='ocrx_word' id='word_1_665' title='bbox 348 2376 434 2403; x_wconf 83' lang='lat' dir='ltr'><strong>habes</strong></span> <span class='ocrx_word' id='word_1_666' title='bbox 449 2375 477 2402; x_wconf 93' lang='lat' dir='ltr'><strong>in</strong></span> <span class='ocrx_word' id='word_1_667' title='bbox 493 2381 526 2401; x_wconf 89' lang='lat' dir='ltr'><strong>eo</strong></span> <span class='ocrx_word' id='word_1_668' title='bbox 536 2372 609 2408; x_wconf 91' lang='lat' dir='ltr'><strong>quod</strong></span> <span class='ocrx_word' id='word_1_669' title='bbox 623 2372 672 2398; x_wconf 94' lang='lat' dir='ltr'><strong>tibi</strong></span> <span class='ocrx_word' id='word_1_670' title='bbox 687 2375 780 2398; x_wconf 87' lang='lat' dir='ltr'><strong>ttotum</strong></span> <span class='ocrx_word' id='word_1_671' title='bbox 794 2373 836 2397; x_wconf 88' lang='lat' dir='ltr'><strong>est</strong></span> <span class='ocrx_word' id='word_1_672' title='bbox 857 2369 892 2396; x_wconf 86' lang='lat' dir='ltr'><strong>de</strong></span> <span class='ocrx_word' id='word_1_673' title='bbox 906 2376 969 2403; x_wconf 88' lang='lat' dir='ltr'><strong>rege</strong></span> <span class='ocrx_word' id='word_1_674' title='bbox 986 2369 1052 2395; x_wconf 38' lang='lat' dir='ltr'><strong>Phis</strong></span> 
     </span>
    </p>
   </div>
   <div class='ocr_carea' id='block_1_96' title="bbox 267 2415 1053 2458">
    <p class='ocr_par' dir='ltr' id='par_1_96' title="bbox 267 2415 1053 2458">
     <span class='ocr_line' id='line_1_96' title="bbox 267 2415 1053 2458; baseline -0.01 -9"><span class='ocrx_word' id='word_1_675' title='bbox 267 2433 275 2449; x_wconf 76' lang='grc' dir='ltr'>ι</span> <span class='ocrx_word' id='word_1_676' title='bbox 297 2423 383 2458; x_wconf 87' lang='lat' dir='ltr'><strong>lippo,</strong></span> <span class='ocrx_word' id='word_1_677' title='bbox 398 2421 445 2456; x_wconf 88' lang='lat' dir='ltr'><strong>qui</strong></span> <span class='ocrx_word' id='word_1_678' title='bbox 460 2419 535 2446; x_wconf 93' lang='lat' dir='ltr'><strong>nullo</strong></span> <span class='ocrx_word' id='word_1_679' title='bbox 549 2418 629 2446; x_wconf 93' lang='lat' dir='ltr'><strong>modo</strong></span> <span class='ocrx_word' id='word_1_680' title='bbox 643 2418 768 2444; x_wconf 88' lang='lat' dir='ltr'><strong>obtinere</strong></span> <span class='ocrx_word' id='word_1_681' title='bbox 784 2415 882 2451; x_wconf 87' lang='lat' dir='ltr'><strong>potuit,</strong></span> <span class='ocrx_word' id='word_1_682' title='bbox 899 2419 928 2442; x_wconf 94' lang='lat' dir='ltr'><strong>ut</strong></span> <span class='ocrx_word' id='word_1_683' title='bbox 943 2415 985 2442; x_wconf 92' lang='lat' dir='ltr'><strong>vel</strong></span> <span class='ocrx_word' id='word_1_684' title='bbox 1011 2419 1053 2441; x_wconf 87' lang='lat' dir='ltr'><strong>te-</strong></span> 
     </span>
    </p>
   </div>
   <div class='ocr_carea' id='block_1_97' title="bbox 267 2463 1053 2502">
    <p class='ocr_par' dir='ltr' id='par_1_97' title="bbox 267 2463 1053 2502">
     <span class='ocr_line' id='line_1_97' title="bbox 267 2463 1053 2502; baseline -0.011 -6"><span class='ocrx_word' id='word_1_685' title='bbox 267 2480 275 2495; x_wconf 77' lang='lat' dir='ltr'><strong>I</strong></span> <span class='ocrx_word' id='word_1_686' title='bbox 301 2478 362 2496; x_wconf 84' lang='lat' dir='ltr'><strong>cum</strong></span> <span class='ocrx_word' id='word_1_687' title='bbox 379 2470 564 2502; x_wconf 83' lang='lat' dir='ltr'><strong>permaneret,</strong></span> <span class='ocrx_word' id='word_1_688' title='bbox 578 2465 618 2491; x_wconf 90' lang='lat' dir='ltr'><strong>vel</strong></span> <span class='ocrx_word' id='word_1_689' title='bbox 632 2463 855 2497; x_wconf 83' lang='lat' dir='ltr'><strong>rnihi_superstes</strong></span> <span class='ocrx_word' id='word_1_690' title='bbox 867 2466 941 2489; x_wconf 89' lang='lat' dir='ltr'><strong>esset</strong></span> <span class='ocrx_word' id='word_1_691' title='bbox 959 2471 965 2488; x_wconf 94' lang='lat'>:</span> <span class='ocrx_word' id='word_1_692' title='bbox 983 2467 1053 2495; x_wconf 70' lang='lat' dir='ltr'><strong>prte-</strong></span> 
     </span>
    </p>
   </div>
   <div class='ocr_carea' id='block_1_98' title="bbox 271 2507 1052 2550">
    <p class='ocr_par' dir='ltr' id='par_1_98' title="bbox 271 2507 1052 2550">
     <span class='ocr_line' id='line_1_98' title="bbox 271 2507 1052 2550; baseline -0.013 -8"><span class='ocrx_word' id='word_1_693' title='bbox 271 2530 278 2542; x_wconf 80' lang='grc' dir='ltr'>ι</span> <span class='ocrx_word' id='word_1_694' title='bbox 300 2517 379 2550; x_wconf 86' lang='lat' dir='ltr'><strong>cinge</strong></span> <span class='ocrx_word' id='word_1_695' title='bbox 393 2514 475 2548; x_wconf 79' lang='lat' dir='ltr'><strong>igitur</strong></span> <span class='ocrx_word' id='word_1_696' title='bbox 490 2518 516 2539; x_wconf 91' lang='lat' dir='ltr'><strong>te</strong></span> <span class='ocrx_word' id='word_1_697' title='bbox 537 2511 678 2547; x_wconf 82' lang='lat' dir='ltr'><strong>patientia,</strong></span> <span class='ocrx_word' id='word_1_698' title='bbox 704 2515 728 2537; x_wconf 87' lang='lat' dir='ltr'><strong>et</strong></span> <span class='ocrx_word' id='word_1_699' title='bbox 757 2508 953 2543; x_wconf 89' lang='lat' dir='ltr'><strong>impatientiam</strong></span> <span class='ocrx_word' id='word_1_700' title='bbox 974 2507 1052 2542; x_wconf 85' lang='lat' dir='ltr'><strong>pelle,</strong></span> 
     </span>
    </p>
   </div>
   <div class='ocr_carea' id='block_1_99' title="bbox 270 2553 1053 2597">
    <p class='ocr_par' dir='ltr' id='par_1_99' title="bbox 270 2553 1053 2597">
     <span class='ocr_line' id='line_1_99' title="bbox 270 2553 1053 2597; baseline -0.013 -9"><span class='ocrx_word' id='word_1_701' title='bbox 270 2573 278 2588; x_wconf 75' lang='grc' dir='ltr'><strong>ε</strong></span> <span class='ocrx_word' id='word_1_702' title='bbox 301 2567 380 2597; x_wconf 86' lang='lat' dir='ltr'><strong>teque</strong></span> <span class='ocrx_word' id='word_1_703' title='bbox 399 2567 415 2587; x_wconf 89' lang='lat' dir='ltr'><strong>a</strong></span> <span class='ocrx_word' id='word_1_704' title='bbox 430 2559 510 2586; x_wconf 89' lang='lat' dir='ltr'><strong>turba</strong></span> <span class='ocrx_word' id='word_1_705' title='bbox 528 2556 692 2588; x_wconf 75' lang='lat' dir='ltr'><strong>subduceris,</strong></span> <span class='ocrx_word' id='word_1_706' title='bbox 706 2554 802 2589; x_wconf 73' lang='lat' dir='ltr'><strong>julieas</strong></span> <span class='ocrx_word' id='word_1_707' title='bbox 816 2561 851 2581; x_wconf 92' lang='lat' dir='ltr'><strong>ne</strong></span> <span class='ocrx_word' id='word_1_708' title='bbox 868 2553 901 2580; x_wconf 91' lang='lat' dir='ltr'><strong>ad</strong></span> <span class='ocrx_word' id='word_1_709' title='bbox 913 2558 938 2580; x_wconf 90' lang='lat' dir='ltr'><strong>te</strong></span> <span class='ocrx_word' id='word_1_710' title='bbox 960 2554 1053 2587; x_wconf 86' lang='lat' dir='ltr'><strong>ingre-</strong></span> 
     </span>
    </p>
   </div>
   <div class='ocr_carea' id='block_1_100' title="bbox 271 2599 1055 2641">
    <p class='ocr_par' dir='ltr' id='par_1_100' title="bbox 271 2599 1055 2641">
     <span class='ocr_line' id='line_1_100' title="bbox 271 2599 1055 2641; baseline -0.014 -5"><span class='ocrx_word' id='word_1_711' title='bbox 271 2619 279 2634; x_wconf 81' lang='grc' dir='ltr'>ι</span> <span class='ocrx_word' id='word_1_712' title='bbox 302 2609 396 2635; x_wconf 86' lang='lat' dir='ltr'><strong>diatur</strong></span> <span class='ocrx_word' id='word_1_713' title='bbox 407 2605 482 2641; x_wconf 87' lang='lat' dir='ltr'><strong>quis,</strong></span> <span class='ocrx_word' id='word_1_714' title='bbox 497 2604 550 2631; x_wconf 89' lang='lat' dir='ltr'><strong>nisi</strong></span> <span class='ocrx_word' id='word_1_715' title='bbox 568 2603 612 2629; x_wconf 84' lang='lat' dir='ltr'><strong>cui</strong></span> <span class='ocrx_word' id='word_1_716' title='bbox 635 2601 818 2628; x_wconf 83' lang='lat' dir='ltr'><strong>infortunium</strong></span> <span class='ocrx_word' id='word_1_717' title='bbox 843 2599 955 2634; x_wconf 85' lang='lat' dir='ltr'><strong>aliquod</strong></span> <span class='ocrx_word' id='word_1_718' title='bbox 981 2599 1055 2626; x_wconf 85' lang='lat' dir='ltr'><strong>acci-</strong></span> 
     </span>
    </p>
   </div>
   <div class='ocr_carea' id='block_1_101' title="bbox 271 2646 1055 2687">
    <p class='ocr_par' dir='ltr' id='par_1_101' title="bbox 271 2646 1055 2687">
     <span class='ocr_line' id='line_1_101' title="bbox 271 2646 1055 2687; baseline -0.015 -5"><span class='ocrx_word' id='word_1_719' title='bbox 271 2665 280 2681; x_wconf 81' lang='grc'><strong>‹</strong></span> <span class='ocrx_word' id='word_1_720' title='bbox 296 2654 378 2687; x_wconf 89' lang='lat' dir='ltr'><strong>derit,</strong></span> <span class='ocrx_word' id='word_1_721' title='bbox 397 2658 453 2687; x_wconf 91' lang='lat' dir='ltr'><strong>quo</strong></span> <span class='ocrx_word' id='word_1_722' title='bbox 467 2649 534 2685; x_wconf 86' lang='lat' dir='ltr'><strong>quid</strong></span> <span class='ocrx_word' id='word_1_723' title='bbox 550 2648 584 2676; x_wconf 90' lang='lat' dir='ltr'><strong>sit</strong></span> <span class='ocrx_word' id='word_1_724' title='bbox 599 2647 666 2674; x_wconf 92' lang='lat' dir='ltr'><strong>illud</strong></span> <span class='ocrx_word' id='word_1_725' title='bbox 680 2647 751 2674; x_wconf 88' lang='lat' dir='ltr'><strong>scire</strong></span> <span class='ocrx_word' id='word_1_726' title='bbox 764 2646 879 2681; x_wconf 88' lang='lat' dir='ltr'><strong>poteris,</strong></span> <span class='ocrx_word' id='word_1_727' title='bbox 904 2650 931 2672; x_wconf 86' lang='lat' dir='ltr'><strong>et</strong></span> <span class='ocrx_word' id='word_1_728' title='bbox 955 2650 1055 2671; x_wconf 87' lang='lat' dir='ltr'><strong>statum</strong></span> 
     </span>
    </p>
   </div>
   <div class='ocr_carea' id='block_1_102' title="bbox 272 2691 1056 2731">
    <p class='ocr_par' dir='ltr' id='par_1_102' title="bbox 272 2691 1056 2731">
     <span class='ocr_line' id='line_1_102' title="bbox 272 2691 1056 2731; baseline -0.011 -5"><span class='ocrx_word' id='word_1_729' title='bbox 272 2711 280 2726; x_wconf 76' lang='grc' dir='ltr'>ι</span> <span class='ocrx_word' id='word_1_730' title='bbox 301 2706 377 2728; x_wconf 90' lang='lat' dir='ltr'><strong>tuum</strong></span> <span class='ocrx_word' id='word_1_731' title='bbox 388 2698 486 2726; x_wconf 83' lang='lat' dir='ltr'><strong>melius</strong></span> <span class='ocrx_word' id='word_1_732' title='bbox 503 2695 650 2731; x_wconf 82' lang='lat' dir='ltr'><strong>percipias.</strong></span> <span class='ocrx_word' id='word_1_733' title='bbox 680 2694 720 2721; x_wconf 85' lang='lat' dir='ltr'><strong>Tn</strong></span> <span class='ocrx_word' id='word_1_734' title='bbox 745 2700 790 2720; x_wconf 87' lang='lat' dir='ltr'><strong>res</strong></span> <span class='ocrx_word' id='word_1_735' title='bbox 814 2697 875 2720; x_wconf 87' lang='lat' dir='ltr'><strong>tuas</strong></span> <span class='ocrx_word' id='word_1_736' title='bbox 901 2699 962 2727; x_wconf 86' lang='lat' dir='ltr'><strong>age,</strong></span> <span class='ocrx_word' id='word_1_737' title='bbox 990 2691 1056 2718; x_wconf 90' lang='lat' dir='ltr'><strong>illud</strong></span> 
     </span>
    </p>
   </div>
   <div class='ocr_carea' id='block_1_103' title="bbox 274 2738 1058 2778">
    <p class='ocr_par' dir='ltr' id='par_1_103' title="bbox 274 2738 1058 2778">
     <span class='ocr_line' id='line_1_103' title="bbox 274 2738 1058 2778; baseline -0.01 -6"><span class='ocrx_word' id='word_1_738' title='bbox 274 2756 282 2772; x_wconf 69' lang='grc' dir='ltr'><strong>ε</strong></span> <span class='ocrx_word' id='word_1_739' title='bbox 303 2751 394 2774; x_wconf 88' lang='lat' dir='ltr'><strong>autem</strong></span> <span class='ocrx_word' id='word_1_740' title='bbox 408 2745 441 2771; x_wconf 88' lang='lat' dir='ltr'><strong>ad</strong></span> <span class='ocrx_word' id='word_1_741' title='bbox 459 2743 531 2778; x_wconf 90' lang='lat' dir='ltr'><strong>quod</strong></span> <span class='ocrx_word' id='word_1_742' title='bbox 553 2748 605 2776; x_wconf 81' lang='lat' dir='ltr'><strong>ego</strong></span> <span class='ocrx_word' id='word_1_743' title='bbox 630 2740 722 2773; x_wconf 90' lang='lat' dir='ltr'><strong>tendo,</strong></span> <span class='ocrx_word' id='word_1_744' title='bbox 740 2739 837 2767; x_wconf 88' lang='lat' dir='ltr'><strong>utelius</strong></span> <span class='ocrx_word' id='word_1_745' title='bbox 870 2743 921 2771; x_wconf 86' lang='lat' dir='ltr'><strong>est,</strong></span> <span class='ocrx_word' id='word_1_746' title='bbox 939 2746 971 2765; x_wconf 88' lang='lat' dir='ltr'><strong>ac</strong></span> <span class='ocrx_word' id='word_1_747' title='bbox 989 2738 1058 2764; x_wconf 86' lang='lat' dir='ltr'><strong>faci-</strong></span> 
     </span>
    </p>
   </div>
   <div class='ocr_carea' id='block_1_104' title="bbox 275 2783 1058 2823">
    <p class='ocr_par' dir='ltr' id='par_1_104' title="bbox 275 2783 1058 2823">
     <span class='ocr_line' id='line_1_104' title="bbox 275 2783 1058 2823; baseline -0.006 -8"><span class='ocrx_word' id='word_1_748' title='bbox 275 2800 284 2815; x_wconf 66' lang='lat' dir='ltr'><strong>t</strong></span> <span class='ocrx_word' id='word_1_749' title='bbox 304 2790 357 2817; x_wconf 87' lang='lat' dir='ltr'><strong>lius</strong></span> <span class='ocrx_word' id='word_1_750' title='bbox 369 2796 402 2816; x_wconf 90' lang='lat' dir='ltr'><strong>eo</strong></span> <span class='ocrx_word' id='word_1_751' title='bbox 414 2795 468 2823; x_wconf 91' lang='lat' dir='ltr'><strong>quo</strong></span> <span class='ocrx_word' id='word_1_752' title='bbox 482 2787 520 2813; x_wconf 86' lang='lat' dir='ltr'><strong>fui</strong></span> <span class='ocrx_word' id='word_1_753' title='bbox 537 2785 646 2822; x_wconf 78' lang='lat' dir='ltr'><strong>[statu].</strong></span> <span class='ocrx_word' id='word_1_754' title='bbox 672 2785 744 2812; x_wconf 85' lang='lat' dir='ltr'><strong>Bene</strong></span> <span class='ocrx_word' id='word_1_755' title='bbox 771 2788 863 2811; x_wconf 87' lang='lat' dir='ltr'><strong>autern</strong></span> <span class='ocrx_word' id='word_1_756' title='bbox 891 2783 968 2815; x_wconf 88' lang='lat' dir='ltr'><strong>mihi,</strong></span> <span class='ocrx_word' id='word_1_757' title='bbox 994 2783 1058 2810; x_wconf 91' lang='lat' dir='ltr'><strong>tibi-</strong></span> 
     </span>
    </p>
   </div>
   <div class='ocr_carea' id='block_1_105' title="bbox 277 2831 1057 2871">
    <p class='ocr_par' dir='ltr' id='par_1_105' title="bbox 277 2831 1057 2871">
     <span class='ocr_line' id='line_1_105' title="bbox 277 2831 1057 2871; baseline -0.005 -9"><span class='ocrx_word' id='word_1_758' title='bbox 277 2846 285 2862; x_wconf 75' lang='grc' dir='ltr'>ι</span> <span class='ocrx_word' id='word_1_759' title='bbox 302 2844 354 2871; x_wconf 82' lang='lat' dir='ltr'><strong>que</strong></span> <span class='ocrx_word' id='word_1_760' title='bbox 369 2835 421 2869; x_wconf 74' lang='lat' dir='ltr'><strong>ipsi</strong></span> <span class='ocrx_word' id='word_1_761' title='bbox 433 2834 517 2862; x_wconf 82' lang='lat' dir='ltr'><strong>facias</strong></span> <span class='ocrx_word' id='word_1_762' title='bbox 530 2832 745 2862; x_wconf 79' lang='lat' dir='ltr'><strong>consolationem</strong></span> <span class='ocrx_word' id='word_1_763' title='bbox 756 2838 782 2860; x_wconf 77' lang='lat' dir='ltr'><strong>et</strong></span> <span class='ocrx_word' id='word_1_764' title='bbox 790 2831 949 2867; x_wconf 79' lang='lat' dir='ltr'><strong>patientiam</strong></span> <span class='ocrx_word' id='word_1_765' title='bbox 961 2832 1057 2860; x_wconf 82' lang='lat' dir='ltr'><strong>admit-</strong></span> 
     </span>
    </p>
   </div>
   <div class='ocr_carea' id='block_1_106' title="bbox 1101 2228 1884 2271">
    <p class='ocr_par' dir='ltr' id='par_1_106' title="bbox 1101 2228 1884 2271">
     <span class='ocr_line' id='line_1_106' title="bbox 1101 2228 1884 2271; baseline -0.009 -8"><span class='ocrx_word' id='word_1_766' title='bbox 1101 2245 1116 2264; x_wconf 84' lang='lat' dir='ltr'><strong>a</strong></span> <span class='ocrx_word' id='word_1_767' title='bbox 1142 2240 1219 2271; x_wconf 86' lang='lat' dir='ltr'><strong>tergo</strong></span> <span class='ocrx_word' id='word_1_768' title='bbox 1248 2239 1325 2268; x_wconf 77' lang='lat' dir='ltr'><strong>erat;</strong></span> <span class='ocrx_word' id='word_1_769' title='bbox 1354 2238 1382 2261; x_wconf 85' lang='lat' dir='ltr'><strong>et</strong></span> <span class='ocrx_word' id='word_1_770' title='bbox 1416 2239 1489 2261; x_wconf 89' lang='lat' dir='ltr'><strong>retro</strong></span> <span class='ocrx_word' id='word_1_771' title='bbox 1501 2234 1569 2260; x_wconf 85' lang='lat' dir='ltr'><strong>abiit</strong></span> <span class='ocrx_word' id='word_1_772' title='bbox 1600 2233 1702 2259; x_wconf 91' lang='lat' dir='ltr'><strong>bonum</strong></span> <span class='ocrx_word' id='word_1_773' title='bbox 1733 2233 1800 2267; x_wconf 88' lang='lat' dir='ltr'><strong>ejus,</strong></span> <span class='ocrx_word' id='word_1_774' title='bbox 1814 2228 1884 2264; x_wconf 89' lang='lat' dir='ltr'><strong>quod</strong></span> 
     </span>
    </p>
   </div>
   <div class='ocr_carea' id='block_1_107' title="bbox 1103 2275 1885 2317">
    <p class='ocr_par' dir='ltr' id='par_1_107' title="bbox 1103 2275 1885 2317">
     <span class='ocr_line' id='line_1_107' title="bbox 1103 2275 1885 2317; baseline -0.01 -8"><span class='ocrx_word' id='word_1_775' title='bbox 1103 2285 1296 2317; x_wconf 59' lang='lat' dir='ltr'><strong>praecesserat;</strong></span> <span class='ocrx_word' id='word_1_776' title='bbox 1325 2280 1488 2314; x_wconf 73' lang='lat' dir='ltr'><strong>Quicunque</strong></span> <span class='ocrx_word' id='word_1_777' title='bbox 1513 2285 1603 2306; x_wconf 84' lang='lat' dir='ltr'><strong>autern</strong></span> <span class='ocrx_word' id='word_1_778' title='bbox 1628 2286 1690 2306; x_wconf 92' lang='lat' dir='ltr'><strong>eum</strong></span> <span class='ocrx_word' id='word_1_779' title='bbox 1715 2279 1794 2312; x_wconf 78' lang='lat' dir='ltr'><strong>cujus</strong></span> <span class='ocrx_word' id='word_1_780' title='bbox 1820 2275 1885 2303; x_wconf 86' lang='lat' dir='ltr'><strong>abiit</strong></span> 
     </span>
    </p>
   </div>
   <div class='ocr_carea' id='block_1_108' title="bbox 1105 2321 1883 2361">
    <p class='ocr_par' dir='ltr' id='par_1_108' title="bbox 1105 2321 1883 2361">
     <span class='ocr_line' id='line_1_108' title="bbox 1105 2321 1883 2361; baseline -0.009 -7"><span class='ocrx_word' id='word_1_781' title='bbox 1105 2334 1234 2361; x_wconf 70' lang='lat' dir='ltr'><strong>regnum,</strong></span> <span class='ocrx_word' id='word_1_782' title='bbox 1250 2325 1350 2353; x_wconf 83' lang='lat' dir='ltr'><strong>deﬂere</strong></span> <span class='ocrx_word' id='word_1_783' title='bbox 1360 2325 1433 2357; x_wconf 90' lang='lat' dir='ltr'><strong>velit,</strong></span> <span class='ocrx_word' id='word_1_784' title='bbox 1450 2325 1557 2352; x_wconf 85' lang='lat' dir='ltr'><strong>deﬂeat.</strong></span> <span class='ocrx_word' id='word_1_785' title='bbox 1571 2324 1645 2351; x_wconf 88' lang='lat' dir='ltr'><strong>Plato</strong></span> <span class='ocrx_word' id='word_1_786' title='bbox 1655 2325 1764 2359; x_wconf 87' lang='lat' dir='ltr'><strong>sapiens</strong></span> <span class='ocrx_word' id='word_1_787' title='bbox 1778 2332 1784 2350; x_wconf 88' lang='lat'>:</span> <span class='ocrx_word' id='word_1_788' title='bbox 1799 2321 1883 2350; x_wconf 86' lang='lat' dir='ltr'><strong>Heus!</strong></span> 
     </span>
    </p>
   </div>
   <div class='ocr_carea' id='block_1_109' title="bbox 1103 2367 1886 2407">
    <p class='ocr_par' dir='ltr' id='par_1_109' title="bbox 1103 2367 1886 2407">
     <span class='ocr_line' id='line_1_109' title="bbox 1103 2367 1886 2407; baseline -0.006 -9"><span class='ocrx_word' id='word_1_789' title='bbox 1103 2373 1150 2407; x_wconf 88' lang='lat' dir='ltr'><strong>qui</strong></span> <span class='ocrx_word' id='word_1_790' title='bbox 1168 2379 1215 2406; x_wconf 89' lang='lat' dir='ltr'><strong>per</strong></span> <span class='ocrx_word' id='word_1_791' title='bbox 1227 2371 1280 2398; x_wconf 85' lang='lat' dir='ltr'><strong>vim</strong></span> <span class='ocrx_word' id='word_1_792' title='bbox 1305 2369 1421 2406; x_wconf 91' lang='lat' dir='ltr'><strong>[omnia]</strong></span> <span class='ocrx_word' id='word_1_793' title='bbox 1439 2370 1551 2405; x_wconf 78' lang='lat' dir='ltr'><strong>agebas,</strong></span> <span class='ocrx_word' id='word_1_794' title='bbox 1566 2370 1699 2404; x_wconf 84' lang='lat' dir='ltr'><strong>collegisti</strong></span> <span class='ocrx_word' id='word_1_795' title='bbox 1714 2369 1787 2404; x_wconf 91' lang='lat' dir='ltr'><strong>quod</strong></span> <span class='ocrx_word' id='word_1_796' title='bbox 1804 2373 1828 2396; x_wconf 85' lang='lat' dir='ltr'><strong>te</strong></span> <span class='ocrx_word' id='word_1_797' title='bbox 1841 2367 1886 2394; x_wconf 89' lang='lat' dir='ltr'><strong>dc-</strong></span> 
     </span>
    </p>
   </div>
   <div class='ocr_carea' id='block_1_110' title="bbox 1104 2415 1884 2452">
    <p class='ocr_par' dir='ltr' id='par_1_110' title="bbox 1104 2415 1884 2452">
     <span class='ocr_line' id='line_1_110' title="bbox 1104 2415 1884 2452; baseline -0.005 -8"><span class='ocrx_word' id='word_1_798' title='bbox 1104 2418 1187 2452; x_wconf 88' lang='lat' dir='ltr'><strong>cepit,</strong></span> <span class='ocrx_word' id='word_1_799' title='bbox 1203 2421 1230 2443; x_wconf 90' lang='lat' dir='ltr'><strong>et</strong></span> <span class='ocrx_word' id='word_1_800' title='bbox 1247 2424 1260 2442; x_wconf 91' lang='lat' dir='ltr'><strong>a</strong></span> <span class='ocrx_word' id='word_1_801' title='bbox 1277 2421 1303 2443; x_wconf 90' lang='lat' dir='ltr'><strong>te</strong></span> <span class='ocrx_word' id='word_1_802' title='bbox 1322 2421 1437 2443; x_wconf 81' lang='lat' dir='ltr'><strong>recessit</strong></span> <span class='ocrx_word' id='word_1_803' title='bbox 1448 2424 1456 2448; x_wconf 65' lang='grc' dir='ltr'><strong>ς</strong></span> <span class='ocrx_word' id='word_1_804' title='bbox 1469 2417 1506 2442; x_wconf 85' lang='lat' dir='ltr'><strong>ita</strong></span> <span class='ocrx_word' id='word_1_805' title='bbox 1523 2420 1552 2442; x_wconf 85' lang='lat' dir='ltr'><strong>ut</strong></span> <span class='ocrx_word' id='word_1_806' title='bbox 1578 2415 1626 2441; x_wconf 91' lang='lat' dir='ltr'><strong>tibi</strong></span> <span class='ocrx_word' id='word_1_807' title='bbox 1643 2415 1780 2442; x_wconf 55' lang='lat' dir='ltr'><strong>adhaereat</strong></span> <span class='ocrx_word' id='word_1_808' title='bbox 1796 2418 1884 2442; x_wconf 78' lang='lat' dir='ltr'><strong>reatus</strong></span> 
     </span>
    </p>
   </div>
   <div class='ocr_carea' id='block_1_111' title="bbox 1105 2460 1885 2499">
    <p class='ocr_par' dir='ltr' id='par_1_111' title="bbox 1105 2460 1885 2499">
     <span class='ocr_line' id='line_1_111' title="bbox 1105 2460 1885 2499; baseline -0.008 -8"><span class='ocrx_word' id='word_1_809' title='bbox 1105 2465 1177 2499; x_wconf 76' lang='lat' dir='ltr'><strong>ejus,</strong></span> <span class='ocrx_word' id='word_1_810' title='bbox 1196 2464 1302 2490; x_wconf 88' lang='lat' dir='ltr'><strong>utilitas</strong></span> <span class='ocrx_word' id='word_1_811' title='bbox 1319 2467 1410 2490; x_wconf 88' lang='lat' dir='ltr'><strong>autem</strong></span> <span class='ocrx_word' id='word_1_812' title='bbox 1427 2462 1460 2488; x_wconf 90' lang='lat' dir='ltr'><strong>ad</strong></span> <span class='ocrx_word' id='word_1_813' title='bbox 1483 2462 1568 2489; x_wconf 90' lang='lat' dir='ltr'><strong>aliutn</strong></span> <span class='ocrx_word' id='word_1_814' title='bbox 1584 2462 1708 2488; x_wconf 86' lang='lat' dir='ltr'><strong>redierit.</strong></span> <span class='ocrx_word' id='word_1_815' title='bbox 1727 2460 1885 2490; x_wconf 81' lang='lat' dir='ltr'><strong>Aristoteles</strong></span> 
     </span>
    </p>
   </div>
   <div class='ocr_carea' id='block_1_112' title="bbox 1105 2507 1885 2544">
    <p class='ocr_par' dir='ltr' id='par_1_112' title="bbox 1105 2507 1885 2544">
     <span class='ocr_line' id='line_1_112' title="bbox 1105 2507 1885 2544; baseline -0.008 -7"><span class='ocrx_word' id='word_1_816' title='bbox 1105 2510 1211 2544; x_wconf 87' lang='lat' dir='ltr'><strong>sapiens</strong></span> <span class='ocrx_word' id='word_1_817' title='bbox 1225 2518 1232 2536; x_wconf 90' lang='lat'><strong>:</strong></span> <span class='ocrx_word' id='word_1_818' title='bbox 1249 2508 1324 2537; x_wconf 84' lang='lat' dir='ltr'><strong>Abiit</strong></span> <span class='ocrx_word' id='word_1_819' title='bbox 1334 2516 1348 2535; x_wconf 90' lang='lat' dir='ltr'><strong>a</strong></span> <span class='ocrx_word' id='word_1_820' title='bbox 1369 2509 1446 2535; x_wconf 89' lang='lat' dir='ltr'><strong>ttobis</strong></span> <span class='ocrx_word' id='word_1_821' title='bbox 1457 2507 1610 2535; x_wconf 82' lang='lat' dir='ltr'><strong>Alexander</strong></span> <span class='ocrx_word' id='word_1_822' title='bbox 1622 2507 1749 2542; x_wconf 90' lang='lat' dir='ltr'><strong>loquens,</strong></span> <span class='ocrx_word' id='word_1_823' title='bbox 1765 2512 1885 2536; x_wconf 81' lang='lat' dir='ltr'><strong>reversus</strong></span> 
     </span>
    </p>
   </div>
   <div class='ocr_carea' id='block_1_113' title="bbox 1105 2552 1886 2590">
    <p class='ocr_par' dir='ltr' id='par_1_113' title="bbox 1105 2552 1886 2590">
     <span class='ocr_line' id='line_1_113' title="bbox 1105 2552 1886 2590; baseline -0.008 -5"><span class='ocrx_word' id='word_1_824' title='bbox 1105 2561 1149 2585; x_wconf 85' lang='lat' dir='ltr'><strong>est</strong></span> <span class='ocrx_word' id='word_1_825' title='bbox 1165 2558 1198 2584; x_wconf 89' lang='lat' dir='ltr'><strong>ad</strong></span> <span class='ocrx_word' id='word_1_826' title='bbox 1215 2563 1265 2584; x_wconf 86' lang='lat' dir='ltr'><strong>nos</strong></span> <span class='ocrx_word' id='word_1_827' title='bbox 1285 2557 1380 2584; x_wconf 78' lang='lat' dir='ltr'><strong>silens.</strong></span> <span class='ocrx_word' id='word_1_828' title='bbox 1396 2555 1488 2583; x_wconf 84' lang='lat' dir='ltr'><strong>Naren</strong></span> <span class='ocrx_word' id='word_1_829' title='bbox 1502 2555 1614 2590; x_wconf 90' lang='lat' dir='ltr'><strong>sapiens</strong></span> <span class='ocrx_word' id='word_1_830' title='bbox 1639 2564 1645 2582; x_wconf 90' lang='lat'><strong>:</strong></span> <span class='ocrx_word' id='word_1_831' title='bbox 1665 2554 1713 2582; x_wconf 90' lang='lat' dir='ltr'><strong>Dic</strong></span> <span class='ocrx_word' id='word_1_832' title='bbox 1735 2555 1809 2590; x_wconf 80' lang='lat' dir='ltr'><strong>gregi</strong></span> <span class='ocrx_word' id='word_1_833' title='bbox 1826 2552 1886 2580; x_wconf 89' lang='lat' dir='ltr'><strong>Ale-</strong></span> 
     </span>
    </p>
   </div>
   <div class='ocr_carea' id='block_1_114' title="bbox 1108 2601 1883 2636">
    <p class='ocr_par' dir='ltr' id='par_1_114' title="bbox 1108 2601 1883 2636">
     <span class='ocr_line' id='line_1_114' title="bbox 1108 2601 1883 2636; baseline -0.006 -7"><span class='ocrx_word' id='word_1_834' title='bbox 1108 2601 1215 2634; x_wconf 89' lang='lat' dir='ltr'><strong>xandri,</strong></span> <span class='ocrx_word' id='word_1_835' title='bbox 1235 2601 1284 2629; x_wconf 87' lang='lat' dir='ltr'><strong>Hic</strong></span> <span class='ocrx_word' id='word_1_836' title='bbox 1311 2605 1353 2628; x_wconf 89' lang='lat' dir='ltr'><strong>est</strong></span> <span class='ocrx_word' id='word_1_837' title='bbox 1367 2601 1426 2629; x_wconf 86' lang='lat' dir='ltr'><strong>dies</strong></span> <span class='ocrx_word' id='word_1_838' title='bbox 1443 2601 1470 2628; x_wconf 92' lang='lat' dir='ltr'><strong>in</strong></span> <span class='ocrx_word' id='word_1_839' title='bbox 1484 2608 1539 2636; x_wconf 92' lang='lat' dir='ltr'><strong>quo</strong></span> <span class='ocrx_word' id='word_1_840' title='bbox 1554 2601 1672 2628; x_wconf 89' lang='lat' dir='ltr'><strong>custodit</strong></span> <span class='ocrx_word' id='word_1_841' title='bbox 1697 2608 1764 2636; x_wconf 83' lang='lat' dir='ltr'><strong>grex</strong></span> <span class='ocrx_word' id='word_1_842' title='bbox 1795 2603 1883 2635; x_wconf 84' lang='lat' dir='ltr'><strong>pasto-</strong></span> 
     </span>
    </p>
   </div>
   <div class='ocr_carea' id='block_1_115' title="bbox 1108 2646 1885 2678">
    <p class='ocr_par' dir='ltr' id='par_1_115' title="bbox 1108 2646 1885 2678">
     <span class='ocr_line' id='line_1_115' title="bbox 1108 2646 1885 2678; baseline -0.008 -2"><span class='ocrx_word' id='word_1_843' title='bbox 1108 2655 1165 2676; x_wconf 90' lang='lat' dir='ltr'><strong>rem</strong></span> <span class='ocrx_word' id='word_1_844' title='bbox 1181 2655 1274 2675; x_wconf 88' lang='lat' dir='ltr'><strong>suum.</strong></span> <span class='ocrx_word' id='word_1_845' title='bbox 1288 2646 1369 2674; x_wconf 81' lang='lat' dir='ltr'><strong>Nilon</strong></span> <span class='ocrx_word' id='word_1_846' title='bbox 1387 2655 1393 2673; x_wconf 88' lang='lat'>:</span> <span class='ocrx_word' id='word_1_847' title='bbox 1412 2646 1454 2673; x_wconf 86' lang='lat' dir='ltr'><strong>An</strong></span> <span class='ocrx_word' id='word_1_848' title='bbox 1479 2646 1669 2674; x_wconf 87' lang='lat' dir='ltr'><strong>consolabilur</strong></span> <span class='ocrx_word' id='word_1_849' title='bbox 1699 2654 1761 2678; x_wconf 89' lang='lat' dir='ltr'><strong>nos,</strong></span> <span class='ocrx_word' id='word_1_850' title='bbox 1785 2647 1821 2674; x_wconf 88' lang='lat' dir='ltr'><strong>ob</strong></span> <span class='ocrx_word' id='word_1_851' title='bbox 1847 2651 1885 2671; x_wconf 87' lang='lat' dir='ltr'><strong>re-</strong></span> 
     </span>
    </p>
   </div>
   <div class='ocr_carea' id='block_1_116' title="bbox 1107 2689 1887 2729">
    <p class='ocr_par' dir='ltr' id='par_1_116' title="bbox 1107 2689 1887 2729">
     <span class='ocr_line' id='line_1_116' title="bbox 1107 2689 1887 2729; baseline -0.005 -8"><span class='ocrx_word' id='word_1_852' title='bbox 1107 2702 1168 2729; x_wconf 89' lang='lat' dir='ltr'><strong>gem</strong></span> <span class='ocrx_word' id='word_1_853' title='bbox 1193 2697 1328 2725; x_wconf 88' lang='lat' dir='ltr'><strong>nostrum,</strong></span> <span class='ocrx_word' id='word_1_854' title='bbox 1358 2693 1409 2720; x_wconf 89' lang='lat' dir='ltr'><strong>nisi</strong></span> <span class='ocrx_word' id='word_1_855' title='bbox 1427 2693 1473 2728; x_wconf 90' lang='lat' dir='ltr'><strong>qui</strong></span> <span class='ocrx_word' id='word_1_856' title='bbox 1502 2692 1682 2719; x_wconf 87' lang='lat' dir='ltr'><strong>infortunium</strong></span> <span class='ocrx_word' id='word_1_857' title='bbox 1708 2700 1805 2727; x_wconf 85' lang='lat' dir='ltr'><strong>passus</strong></span> <span class='ocrx_word' id='word_1_858' title='bbox 1822 2689 1887 2718; x_wconf 77' lang='lat' dir='ltr'><strong>sola-</strong></span> 
     </span>
    </p>
   </div>
   <div class='ocr_carea' id='block_1_117' title="bbox 1110 2736 1888 2773">
    <p class='ocr_par' dir='ltr' id='par_1_117' title="bbox 1110 2736 1888 2773">
     <span class='ocr_line' id='line_1_117' title="bbox 1110 2736 1888 2773; baseline -0.008 -7"><span class='ocrx_word' id='word_1_859' title='bbox 1110 2745 1175 2766; x_wconf 66' lang='lat' dir='ltr'><strong>tium</strong></span> <span class='ocrx_word' id='word_1_860' title='bbox 1191 2737 1317 2773; x_wconf 84' lang='lat' dir='ltr'><strong>accepit?</strong></span> <span class='ocrx_word' id='word_1_861' title='bbox 1333 2737 1405 2764; x_wconf 90' lang='lat' dir='ltr'><strong>Dixit</strong></span> <span class='ocrx_word' id='word_1_862' title='bbox 1429 2738 1501 2765; x_wconf 86' lang='lat' dir='ltr'><strong>alius</strong></span> <span class='ocrx_word' id='word_1_863' title='bbox 1517 2746 1525 2764; x_wconf 71' lang='grc' dir='ltr'>ς</span> <span class='ocrx_word' id='word_1_864' title='bbox 1540 2736 1603 2764; x_wconf 71' lang='lat' dir='ltr'><strong>llaec</strong></span> <span class='ocrx_word' id='word_1_865' title='bbox 1632 2739 1674 2763; x_wconf 85' lang='lat' dir='ltr'><strong>est</strong></span> <span class='ocrx_word' id='word_1_866' title='bbox 1691 2736 1744 2767; x_wconf 88' lang='lat' dir='ltr'><strong>via,</strong></span> <span class='ocrx_word' id='word_1_867' title='bbox 1769 2742 1821 2770; x_wconf 91' lang='lat' dir='ltr'><strong>qua</strong></span> <span class='ocrx_word' id='word_1_868' title='bbox 1844 2739 1888 2759; x_wconf 78' lang='lat' dir='ltr'><strong>ne-</strong></span> 
     </span>
    </p>
   </div>
   <div class='ocr_carea' id='block_1_118' title="bbox 1111 2779 1888 2819">
    <p class='ocr_par' dir='ltr' id='par_1_118' title="bbox 1111 2779 1888 2819">
     <span class='ocr_line' id='line_1_118' title="bbox 1111 2779 1888 2819; baseline -0.005 -7"><span class='ocrx_word' id='word_1_869' title='bbox 1111 2792 1189 2812; x_wconf 87' lang='lat' dir='ltr'><strong>cesse</strong></span> <span class='ocrx_word' id='word_1_870' title='bbox 1200 2784 1320 2812; x_wconf 89' lang='lat' dir='ltr'><strong>eundum</strong></span> <span class='ocrx_word' id='word_1_871' title='bbox 1338 2789 1390 2811; x_wconf 85' lang='lat' dir='ltr'><strong>est.</strong></span> <span class='ocrx_word' id='word_1_872' title='bbox 1416 2783 1518 2811; x_wconf 80' lang='lat' dir='ltr'><strong>Eodem</strong></span> <span class='ocrx_word' id='word_1_873' title='bbox 1544 2791 1610 2819; x_wconf 84' lang='lat' dir='ltr'><strong>ergo</strong></span> <span class='ocrx_word' id='word_1_874' title='bbox 1642 2783 1742 2810; x_wconf 85' lang='lat' dir='ltr'><strong>all&#39;ectu</strong></span> <span class='ocrx_word' id='word_1_875' title='bbox 1759 2781 1830 2818; x_wconf 90' lang='lat' dir='ltr'><strong>quod</strong></span> <span class='ocrx_word' id='word_1_876' title='bbox 1843 2779 1888 2805; x_wconf 84' lang='lat' dir='ltr'><strong>dll-</strong></span> 
     </span>
    </p>
   </div>
   <div class='ocr_carea' id='block_1_119' title="bbox 1112 2827 1884 2867">
    <p class='ocr_par' dir='ltr' id='par_1_119' title="bbox 1112 2827 1884 2867">
     <span class='ocr_line' id='line_1_119' title="bbox 1112 2827 1884 2867; baseline -0.012 -6"><span class='ocrx_word' id='word_1_877' title='bbox 1112 2837 1234 2861; x_wconf 81' lang='lat' dir='ltr'><strong>raturunt</strong></span> <span class='ocrx_word' id='word_1_878' title='bbox 1246 2837 1287 2860; x_wconf 84' lang='lat' dir='ltr'><strong>est</strong></span> <span class='ocrx_word' id='word_1_879' title='bbox 1301 2831 1424 2867; x_wconf 68' lang='lat' dir='ltr'><strong>quaerite,</strong></span> <span class='ocrx_word' id='word_1_880' title='bbox 1440 2839 1495 2866; x_wconf 90' lang='lat' dir='ltr'><strong>quo</strong></span> <span class='ocrx_word' id='word_1_881' title='bbox 1511 2831 1630 2866; x_wconf 85' lang='lat' dir='ltr'><strong>peritura</strong></span> <span class='ocrx_word' id='word_1_882' title='bbox 1642 2829 1776 2865; x_wconf 69' lang='lat' dir='ltr'><strong>qttteritis.</strong></span> <span class='ocrx_word' id='word_1_883' title='bbox 1791 2827 1862 2855; x_wconf 76' lang='lat' dir='ltr'><strong>Alius</strong></span> <span class='ocrx_word' id='word_1_884' title='bbox 1879 2831 1884 2849; x_wconf 76' lang='grc' dir='ltr'><em>τ</em></span> 
     </span>
    </p>
   </div>
  </div>
