2015 3081
199 176 254 207 9Ϊ3

918 173 1101 207 λΝΝΑιΕδ.

1767 182 1818 212 9η

198 232 302 260 S.dl‘icit
318 231 368 258 hoc
388 231 414 257 in
432 230 584 265 exemplum
607 239 614 257 :
629 230 686 257 heri
721 229 770 257 fuit
797 237 893 258 aurum
922 230 983 258 Ale-
998 237 1021 264 Α
1037 232 1158 268 Iesophis
1172 242 1179 260 :
1195 233 1224 261 Si
1244 235 1326 262 vestri
1337 235 1530 263 deAlexandro
1541 236 1818 264 sermonesilludendi

199 279 302 307 xandro
318 279 474 308 thesaurus,
507 276 588 304 hodie
614 276 772 304 Alexander
804 277 830 303 in
852 283 920 303 auro
942 285 982 304 re-

198 326 336 353 conditus.
350 324 425 351 Alius
446 335 451 351 ι
467 323 606 358 Sequetur
623 327 648 350 te
665 323 711 357 qui
746 327 833 349 morte
851 325 897 348 ttta
916 329 983 356 gau-

197 372 254 404 det,
268 369 500 406 quemadmodum
513 373 542 396 tu
555 373 667 396 secutus
681 375 711 395 es
721 375 784 395 eum
801 368 879 402 cujus
896 372 984 394 morte

197 418 309 451 gavisus
321 424 360 443 es.
377 415 452 442 Dixit
467 415 549 442 Lotas
575 413 756 449 philosophus
771 421 777 439 :
795 413 833 440 Nc
849 413 983 439 miremini

196 470 271 493 eum,
287 462 332 496 qui
348 468 409 488 cum
428 461 455 487 in
476 461 531 486 vita
551 467 599 486 sua
627 467 675 487 nos
687 467 740 485 non
758 458 917 490 instituerit,
935 465 985 484 no-

197 507 239 533 bis
255 507 364 533 tandem
379 513 409 533 se
420 510 509 532 morte
525 512 573 532 sua
589 505 750 531 monitorem
771 503 895 537 praebuit.
914 503 984 530 Dixit

199 553 301 579 Metron
320 551 429 586 sapiens
447 560 453 578 :
469 550 544 583 lleri,
563 551 630 577 heus
643 550 684 576 tu!
698 549 874 585 289-291
890 549 984 575 audire

197 597 347 633 potuimus,
364 604 417 622 non
434 601 524 622 autem
550 595 622 629 loqui
642 594 745 630 [coram
763 593 813 629 te],
835 600 905 620 nunc
920 600 984 620 vero

197 651 261 670 num
275 642 352 669 audis
368 650 426 676 quas
439 641 595 676 l0quimur?
612 640 682 666 Dixit
708 639 752 667 Sis
774 640 885 674 sapiens
904 647 910 665 :
934 638 984 666 llic

199 689 298 716 multos
313 692 399 714 morte
411 687 500 714 alit-cit
516 695 549 714 ne
565 690 731 718 moreretur,
744 690 771 712 at
786 689 911 712 mortuus
921 689 982 718 est;

197 734 333 769 quomodo
351 742 404 760 non
418 733 505 768 potuit
519 741 535 760 a
554 741 584 760 se
601 738 716 759 inertem
732 736 818 758 tuorte
833 731 985 765 repellere?

198 781 271 808 Dixit
286 780 356 807 alius
372 789 379 807 ε
393 779 451 806 Non
476 779 512 805 ita
543 779 662 805 erudivit.
685 785 736 805 nos
754 777 909 805 Alexander
928 785 984 804 ser-

197 834 277 853 mone
291 833 397 856 suo,ac
411 825 520 852 silentio
546 832 597 851 suo
624 831 674 851 nos
701 823 802 850 erudit.
831 823 903 850 Dixit
932 823 984 850 De-

197 872 312 899 metrius
327 871 435 905 sapiens
449 880 455 898 :
473 869 544 897 lleus
557 875 584 896 tu
596 871 602 896 ι
616 869 695 904 cujus
709 871 748 896 ira
768 877 842 896 mors
855 869 915 902 fuit,
934 877 982 897 cur

1037 278 1217 314 293-295
1232 281 1318 314 gratia
1341 280 1459 314 fuerunt,
1479 282 1586 316 reliquit
1607 281 1733 316 poculum
1746 282 1817 316 quod

1036 324 1132 357 ebibit,
1145 326 1298 358 vobiscum,
1312 326 1345 353 de
1370 334 1425 361 quo
1438 327 1584 354 videndum
1600 332 1641 355 est
1660 327 1739 355 vobis
1751 335 1819 354 om-

1037 370 1117 397 nibus
1130 371 1194 404 qnid
1211 371 1345 399 sentiatis.
1358 371 1406 398 Sin
1418 372 1451 399 ad
1461 373 1676 400 consolationem
1686 377 1713 401 et
1729 373 1819 400 luctus

1036 414 1155 448 signum,
1169 422 1263 449 parate
1287 424 1336 443 vos
1353 416 1385 443 ad
1410 417 1648 452 respondendum,
1676 422 1704 445 et
1735 425 1818 453 argu-

1036 465 1126 487 menta
1147 461 1313 495 conquiritv,
1344 462 1480 496 siquidem
1496 463 1630 497 gustaturi
1655 463 1722 491 estis
1746 465 1818 498 quod

1036 507 1082 534 ille
1097 507 1262 541 dcgustavit.
1289 507 1351 535 Sint
1376 516 1440 542 ergo
1458 516 1540 542 opera
1556 513 1644 536 vestra
1675 509 1755 537 dictis
1771 517 1818 537 ve-

1035 552 1099 578 stris
1111 556 1307 583 consentanea,
1322 559 1410 586 neque
1425 553 1497 580 enim
1519 553 1545 580 in
1568 554 1715 582 securitate
1737 555 1818 589 positi

1035 597 1113 624 estis.
1136 597 1204 624 Tum
1216 605 1326 632 egressa
1352 598 1500 625 Alexandri
1514 603 1600 626 mater
1611 606 1679 633 gena
1690 607 1737 626 sua
1749 607 1819 626 arcae

1034 641 1146 668 admota
1167 642 1255 669 dixit:
1278 643 1394 670 Abunde
1419 651 1468 671 nos
1491 643 1624 671 consolati
1639 644 1716 672 estis.
1741 644 1820 672 Certe

1034 687 1108 721 quod
1129 688 1273 715 timueram
1288 688 1523 724 Alexandro,jam
1546 689 1584 716 illi
1601 688 1712 722 accidit,
1731 697 1820 724 neque

1035 734 1170 768 reliquum
1184 738 1226 762 est
1239 734 1275 760 illi
1295 734 1336 761 vel
1361 739 1456 762 contra
1483 735 1559 762 illum
1583 743 1714 770 regnum;
1742 735 1820 762 valde

1035 787 1100 813 ergo
1117 787 1131 806 a
1146 779 1249 807 mundo
1262 779 1433 814 abstineatis,
1450 785 1477 808 et
1494 781 1566 815 qttod
1599 788 1613 807 a
1642 781 1719 808 vobis
1744 781 1819 808 debi-

1036 830 1093 851 tum
1108 830 1150 852 cst
1169 830 1305 860 praestate.
1324 826 1425 861 Accepi
1448 826 1661 854 consolationem
1687 831 1819 862 vestram,

1036 870 1179 905 ipsumqtte
1191 871 1299 906 sepeliri
1309 871 1403 905 jubeo.

197 925 251 944 non
268 917 318 951 ipsi
335 917 417 944 morti
432 916 519 942 iratus
534 915 584 943 es?
604 915 676 941 Dixit
690 915 784 941 alius:
803 914 912 942 Timent
924 915 980 949 jam
1000 906 1020 932 Β
1069 915 1203 950 Regnavit
1216 923 1305 944 autem
1332 917 1486 946 Alexander
1506 926 1593 947 annos
1608 920 1728 947 sedecim
1745 930 1753 948 :
1779 921 1819 948 vi-

197 967 349 994 arcestuzc,
365 970 380 988 o
397 969 455 993 rex,
479 965 506 988 et
533 968 636 988 secura:
650 966 713 988 sunt
740 968 818 987 arces
841 965 866 987 te
891 961 985 988 timen-

197 1009 276 1034 tium.
291 1007 361 1034 Dixit
377 1007 468 1034 alius:
483 1007 570 1040 Quam
595 1011 674 1033 caute
690 1006 746 1041 jam
761 1014 774 1033 a
805 1011 830 1033 te
847 1006 983 1033 abSIinent

198 1053 334 1086 homines,
349 1059 364 1079 ο
380 1060 438 1085 rex,
453 1058 571 1087 etquam
594 1053 672 1079 avide
698 1059 767 1078 arcae
785 1055 837 1078 tum
857 1051 981 1078 inhiant!

199 1099 269 1126 Dixit
286 1098 356 1126 alius
374 1098 477 1131 :Quam
500 1099 632 1125 veraciter
649 1099 703 1133 agit
723 1105 798 1124 mors
826 1105 887 1124 cum
914 1096 982 1130 suis,

197 1143 250 1170 nisi
267 1143 340 1177 quod
358 1143 395 1170 illi
411 1144 507 1170 oculos
522 1151 588 1170 suos
603 1144 744 1175 claudant,
759 1148 786 1170 et
800 1150 880 1169 aures
900 1142 982 1169 obtu-

197 1189 274 1216 rettt!
296 1187 538 1216 DixitPhilokaton
551 1189 660 1223 sapiens
674 1197 681 1218 :
693 1188 770 1221 Quod
785 1189 818 1216 ad
838 1188 980 1221 mundum,

196 1235 273 1268 Cujus
286 1234 337 1260 hoc
357 1238 398 1261 est
415 1234 550 1266 ultimum,
563 1239 638 1261 certe
655 1234 733 1261 nobis
750 1234 837 1261 satius
855 1234 953 1262 fuisset
966 1241 980 1262 a

197 1279 284 1314 primo
296 1279 541 1314 cjnsabstinuissc.
557 1279 627 1306 Dixit
637 1280 709 1306 alius
720 1286 727 1306 :
739 1280 828 1307 licus!
845 1280 980 1313 homines,

197 1333 229 1353 ne
244 1325 368 1354 delicatis
393 1326 468 1353 illum
498 1327 544 1361 qui
567 1326 631 1353 ﬂere
660 1327 752 1358 desiit,
783 1327 830 1354 sed
859 1328 979 1362 seipsutn

197 1372 385 1406 unusquisque
414 1378 536 1399 vestrum
559 1372 667 1400 delicat.
698 1372 771 1399 Dixit
791 1374 861 1400 alius
878 1381 885 1400 :
905 1374 980 1409 Rogo

197 1417 262 1444 tnihi
276 1417 363 1450 dicas,
382 1417 428 1451 qui
454 1418 575 1444 animum
597 1418 738 1453 regionum
752 1419 930 1453 amplitudine
942 1419 980 1446 la-

196 1463 293 1489 tim-em
306 1463 428 1497 gessisti,
444 1463 582 1496 quomodo
613 1463 668 1497 jam
696 1464 750 1498 pati
782 1469 859 1498 potes
891 1464 980 1491 locum

196 1514 249 1534 tam
265 1508 430 1542 angustum?
458 1508 530 1535 Dixit
559 1510 631 1536 alius
647 1518 653 1536 :
686 1509 715 1536 Si
732 1517 785 1536 non
802 1510 934 1537 deﬂentur
948 1511 981 1538 de

197 1558 283 1579 morte
296 1553 347 1580 nisi
363 1553 469 1580 novitas
484 1554 553 1587 ejus,
574 1558 648 1580 certe
668 1555 792 1589 quotidie
818 1563 892 1582 mors
911 1563 979 1582 nova
996 1568 1017 1596 ρ

196 1597 309 1626 accidit.
328 1599 401 1625 Dixit
418 1599 508 1625 alius:
537 1599 564 1626 Si
583 1600 671 1627 elatus
692 1599 778 1633 fuisti,
795 1601 851 1635 jam
873 1601 984 1628 humilis

196 1651 236 1676 cs,
254 1648 281 1670 et
301 1644 324 1671 si
338 1644 500 1671 inridendus
518 1644 619 1677 fueras,
646 1645 701 1679 jam
719 1650 794 1672 certe
810 1646 982 1674 miserandus

196 1698 236 1717 es.
248 1689 319 1716 Dixit
330 1690 400 1717 alius
416 1699 423 1716 :
438 1689 508 1723 Quid
521 1691 580 1717 est?
591 1698 607 1718 ο
621 1695 648 1717 ιιι
662 1691 743 1725 cujus
758 1691 798 1718 ira
812 1691 982 1720 formidanda

196 1739 264 1768 erat,
292 1740 318 1762 et
341 1735 411 1762 latus
438 1737 583 1768 tnunitum,
602 1736 683 1771 292
699 1744 749 1763 cur
767 1744 821 1764 non
837 1739 923 1765 iratus
940 1745 980 1771 es,

203 1786 225 1806 ιι
240 1787 254 1806 a
273 1784 300 1807 te
318 1781 471 1807 discederet
488 1780 581 1808 mors?
600 1786 657 1814 aut,
671 1789 720 1808 cur
735 1789 788 1809 non
814 1785 840 1808 te
863 1782 981 1817 protexi-

202 1827 244 1855 sti.
259 1831 285 1852 ut
309 1834 323 1853 a
347 1832 373 1853 te
402 1827 594 1861 impotentiam
611 1828 778 1862 repellcrcs‘l
798 1827 871 1855 Dixit
888 1828 958 1855 alius
973 1836 980 1854 :

202 1871 302 1898 Sufﬁcit
318 1872 397 1907 vulgo
413 1872 439 1898 in
464 1873 619 1908 exemplum
638 1880 716 1900 mors
732 1881 843 1908 regum;
864 1877 891 1900 et
908 1874 983 1901 διιΠί-

202 1917 234 1944 :it
249 1917 360 1952 regibus
378 1919 403 1944 in
434 1918 690 1952 commonitionem,
708 1926 782 1946 mors
806 1912 890 1954 v‘ulgi.
909 1919 982 1947 Dixit

202 1962 286 1989 ilius:
313 1961 371 1989 Non
397 1963 471 1989 aliud
502 1963 587 1990 edidit
609 1963 762 1991 Alexander
784 1964 981 1992 documentum

202 2008 344 2040 .llustrius,
359 2013 447 2036 morte
474 2016 533 2036 sua.
556 2009 629 2036 Dixit
654 2010 724 2036 alius
743 2019 749 2036 :
766 2009 828 2037 Fuit
855 2018 906 2038 vox
936 2015 982 2038 tua

202 2052 338 2084 .erribilis,
356 2057 382 2079 et
404 2061 517 2088 regnum
551 2058 629 2080 tuum
654 2055 901 2090 pratcelsum;jam
919 2063 983 2083 vero

202 2099 297 2125 .let'ecit
313 2106 362 2125 vox
381 2103 437 2130 tua,
464 2103 491 2125 et
525 2107 636 2133 regnum
658 2104 734 2127 tuum
755 2093 913 2135 depressum
930 2106 982 2129 cst.

201 2146 268 2172 Dixit
286 2146 356 2172 alius
372 2155 378 2172 :
400 2145 463 2172 Fuit
486 2146 533 2173 tibi
552 2146 630 2180 copia
647 2146 847 2179 benefaciendi,
862 2155 916 2174 non
933 2155 985 2174 au-

201 2200 252 2219 tem
270 2192 336 2218 mihi
351 2192 498 2226 loquendi;
525 2191 581 2226 jam
601 2200 665 2219 vero
681 2196 724 2219 est
750 2193 817 2219 mihi
839 2194 916 2227 copia
942 2193 984 2220 lo-

1035 960 1075 987 xit
1087 961 1114 987 in
1124 965 1208 988 totum
1225 961 1335 996 triginta
1347 962 1427 990 duos.
1439 963 1523 991 Porro
1532 964 1690 1000 praefecerat
1700 965 1820 993 Alexan-

1034 1006 1083 1033 der
1096 1007 1245 1042 unicuique
1257 1009 1358 1043 regioni
1376 1016 1484 1037 servum
1499 1009 1539 1046 [at
1553 1011 1630 1044 juxta
1645 1011 1716 1038 aliud
1728 1019 1820 1039 exem-

1034 1052 1102 1087 plar,
1121 1053 1304 1088 praefectum],
1318 1060 1414 1083 vetans
1430 1063 1464 1083 ne
1480 1056 1514 1083 ad
1530 1064 1609 1090 quem
1631 1057 1657 1084 in
1679 1058 1818 1091 provincia

1034 1098 1215 1134 cuiprzeerat,
1233 1100 1406 1127 mitterentur
1430 1101 1526 1128 littera:
1548 1102 1583 1129 ab
1607 1102 1661 1130 alio
1685 1103 1732 1137 qui
1758 1103 1818 1136 ipso

1033 1147 1169 1177 potestate
1186 1145 1274 1178 major
1293 1149 1377 1172 esset.
1397 1144 1437 1173 Ab
1453 1146 1581 1173 omnibus
1610 1151 1700 1174 autem
1730 1148 1762 1174 ad
1789 1156 1820 1176 se

1033 1188 1093 1215 dari
1109 1189 1216 1216 litteras
1233 1189 1345 1224 jubens,
1362 1198 1411 1218 nec
1430 1199 1510 1226 quem
1526 1193 1606 1219 etiam
1638 1201 1667 1221 se
1693 1199 1819 1229 excepto,

1033 1240 1123 1267 regem
1146 1233 1288 1267 appellari.
1309 1234 1413 1262 lllortuo
1448 1236 1531 1270 igitur
1552 1236 1708 1265 Alexandro
1730 1246 1819 1266 unus-

1032 1278 1149 1313 quisque
1172 1279 1343 1313 provinciam
1360 1288 1438 1307 suam
1466 1283 1622 1316 occupavit.
1649 1282 1681 1309 Et
1703 1283 1819 1311 divisum

1032 1328 1073 1350 est
1087 1323 1271 1352 Barbarorum
1289 1325 1444 1360 imperium,
1459 1326 1558 1354 Persia:
1573 1332 1598 1355 et
1613 1328 1721 1356 Ahwazi
1736 1337 1820 1364 regno

1033 1376 1116 1404 penes
1134 1370 1324 1405 Ashaganidas
1352 1376 1489 1403 tnanente,
1515 1373 1561 1406 qui
1594 1373 1713 1400 tribuum
1742 1381 1819 1409 reges

1033 1415 1189 1442 audierunt.
1206 1416 1235 1443 In
1245 1415 1437 1444 Alexandriam
1453 1422 1543 1444 autem
1555 1422 1582 1445 et
1596 1418 1660 1453 :Egj
1668 1424 1743 1453 ptum
1759 1424 1821 1454 post

1033 1459 1216 1487 Alexandrum
1246 1467 1348 1495 septem
1375 1469 1462 1489 annos
1490 1464 1612 1497 regnavit
1633 1463 1716 1491 frater
1733 1464 1820 1498 ipsius

1033 1506 1116 1541 296
1132 1508 1242 1534 nomine
1265 1506 1419 1541 Philippus,
1448 1508 1494 1542 qni
1519 1508 1681 1537 Ptolomaeus
1697 1509 1820 1538 Aridaaus

1035 1552 1244 1586 cognominatus
1263 1557 1303 1579 est
1323 1551 1377 1588 [vel
1403 1553 1481 1587 juxta
1502 1554 1574 1580 aliud
1604 1555 1753 1589 exemplar,
1770 1563 1818 1582 an-

1035 1604 1085 1624 nos
1099 1597 1303 1633 quadraginta].
1323 1597 1389 1625 Post
1405 1599 1494 1632 ipsmu
1516 1599 1688 1632 Ptolomaeus,
1704 1600 1747 1627 cui
1768 1607 1819 1627 no-

1034 1650 1097 1669 men
1111 1643 1274 1676 Alexander,
1298 1651 1447 1679 cognomen
1476 1644 1641 1677 Galeb—Vzr,
1666 1654 1753 1674 annos
1779 1647 1821 1673 vi.

1035 1688 1103 1722 ginti
1120 1693 1224 1722 septem
1243 1688 1330 1723 [aliud
1345 1690 1485 1724 exemplar
1501 1689 1595 1725 viginti
1614 1698 1697 1718 uuutn
1715 1691 1819 1728 habet].

1036 1731 1085 1759 llic
1100 1740 1172 1759 anno
1190 1735 1265 1768 regni
1282 1733 1322 1760 sui
1339 1733 1470 1761 vicesimo
1490 1733 1676 1769 Hierosolyma
1701 1735 1819 1766 mittens.

1035 1777 1098 1805 inde
1118 1779 1289 1814 septuaginta
1306 1779 1380 1806 viros
1407 1787 1422 1806 e
1444 1778 1546 1807 Juda‘is
1567 1779 1758 1807 Alexandriam
1773 1779 1820 1806 ad-

1035 1823 1098 1851 duci
1117 1824 1234 1856 curavit,
1257 1832 1273 1859 q
1295 1831 1326 1852 os
1355 1824 1407 1852 sibi
1427 1825 1511 1860 legem
1537 1826 1678 1861 librosque
1704 1826 1821 1861 prophc—
1842 1827 1845 1829 “

1036 1870 1229 1904 ticoselingua
1246 1869 1379 1897 Hebraica
1391 1871 1417 1897 in
1431 1870 1551 1898 Grmeam
1567 1871 1818 1906 transferrejnssit.

1035 1915 1156 1950 ipsormn
1179 1916 1294 1950 singulis
1325 1916 1440 1943 seorsim
1473 1917 1506 1943 ab
1535 1916 1595 1943 aliis
1618 1917 1644 1943 in
1671 1917 1751 1944 domo
1768 1917 1819 1944 sibi

1037 1961 1147 1995 propria
1158 1961 1310 1993 collocatis,
1324 1965 1354 1987 ut
1367 1961 1404 1988 ita
1415 1961 1552 1995 quomodo
1569 1969 1598 1989 se
1612 1961 1737 1989 habitura
1749 1968 1822 1989 esset

1037 2006 1258 2041 uniuscujusque
1290 2006 1480 2041 interpretatio
1514 2005 1627 2034 videret.
1658 2005 1726 2033 Cum
1756 2015 1822 2042 ergo

1036 2057 1181 2086 postquam
1207 2051 1292 2078 libros
1315 2051 1384 2078 istos
1415 2051 1629 2084 transtulissent,
1661 2052 1822 2086 interprela«

1037 2099 1126 2125 tiones
1140 2098 1261 2132 ipsorum
1275 2097 1449 2131 inspexisset,
1474 2098 1631 2125 uniusmudi
1646 2103 1705 2125 erat
1720 2099 1822 2132 versio,

1036 2142 1111 2169 nulla
1126 2150 1240 2177 prorsus
1255 2142 1452 2176 discrepantia.
1483 2142 1579 2170 Libros
1605 2143 1687 2177 igitur
1698 2143 1725 2170 in
1738 2151 1821 2170 unum

1038 2188 1179 2220 collectos,
1195 2193 1221 2215 et
1234 2187 1336 2215 annulo
1363 2194 1412 2215 suo
1438 2187 1559 2222 signatos
1575 2188 1601 2214 in
1629 2189 1729 2223 templo
1746 2188 1821 2220 idoli,

201 2236 312 2271 quendi,
332 2244 386 2263 non
403 2240 494 2263 autetn
509 2237 557 2262 tibi
581 2235 779 2264 benefaciendi.
799 2236 871 2264 Dixit
887 2237 956 2264 alius
976 2246 982 2264 :
1001 2238 1022 2263 D
1038 2233 1180 2268 Serapidis
1197 2233 1274 2265 dicti.
1299 2230 1435 2268 γερόευῑι.
1456 2233 1520 2260 Era!
1536 2241 1550 2260 c
1565 2234 1738 2268 septuaginta
1757 2234 1822 2261 isto-

201 2281 227 2308 Si
255 2281 313 2308 heri
349 2288 364 2307 a
386 2285 411 2308 te
438 2288 490 2307 non
526 2281 576 2307 fuit
594 2281 740 2316 quisquam
761 2289 887 2315 securus,
905 2282 984 2310 hodie

201 2331 340 2354 t-crlenon
361 2326 437 2353 timet
464 2332 489 2352 te
517 2325 674 2360 quisquam.
697 2325 769 2353 Dixit
792 2327 884 2354 alius:
918 2327 983 2354 Heri

201 2372 333 2400 sollicitus
359 2371 409 2398 fuit
438 2376 531 2405 pastor
553 2372 588 2398 ob
609 2379 730 2406 gregem,
762 2371 844 2399 hodie
869 2380 934 2408 grex
949 2373 984 2400 ob

201 2421 334 2454 pastorem
351 2424 442 2443 suum.
470 2416 542 2444 Dixit
569 2418 666 2445 alius:
694 2417 845 2445 Pervenisti
869 2418 925 2452 jam
950 2419 983 2446 ad

200 2465 275 2490 illum
293 2462 338 2490 cui
350 2463 458 2490 debitor
487 2471 559 2495 cras,
575 2463 610 2490 ob
629 2463 752 2490 debitum
770 2463 844 2499 quod
872 2471 985 2492 necesse

200 2514 241 2537 est
257 2514 286 2536 ut
302 2509 403 2542 solvas,
419 2514 500 2543 atque
524 2509 629 2536 utinam
657 2509 754 2536 scirem
780 2517 835 2544 qua
853 2511 985 2544 patientia

200 2556 285 2583 uteris
298 2555 326 2583 in
344 2556 436 2583 debito
447 2562 501 2590 quo
521 2556 622 2582 teneris
638 2555 790 2583 solvendo?
804 2556 875 2584 Dixit
890 2557 960 2584 alius
974 2565 981 2583 ε

200 2602 228 2628 Si
243 2606 324 2629 antea
339 2609 370 2628 ea
387 2601 482 2628 fuisset
501 2601 550 2628 tibi
568 2602 698 2634 gravitas,
714 2606 741 2628 et
763 2603 909 2636 temperies
924 2611 984 2637 quae

201 2647 281 2674 hodie
297 2652 348 2679 est,
361 2651 435 2673 certe
445 2647 565 2681 prudens
580 2647 691 2674 fuisses.
708 2646 832 2682 Cumque
850 2649 981 2684 loquendi

200 2694 253 2728 jam
271 2694 351 2720 tinem
371 2693 503 2720 fecissent
523 2693 690 2728 philosophi,
713 2701 829 2729 surgens
851 2694 982 2726 liushtac,

201 2739 273 2766 Darii
290 2740 361 2773 regis
379 2739 527 2766 Persarum
552 2739 617 2772 tilia,
644 2739 794 2766 Alexandri
826 2748 904 2772 uxor,
924 2747 985 2773 quas

200 2786 323 2813 omnium
346 2785 502 2813 Alexandro
519 2785 683 2813 charissima
716 2785 777 2818 fuit,
803 2794 883 2813 manu
915 2794 984 2814 arca:

200 2831 325 2866 imposita
336 2831 404 2858 dixit
421 2840 428 2858 :
444 2830 501 2858 Non
517 2835 687 2866 putaveram,
702 2838 718 2858 ο
729 2839 785 2863 rex,
795 2838 857 2858 cum
871 2831 982 2858 Darium

200 2878 332 2910 vinceres,
345 2884 455 2912 regnum
472 2881 545 2905 tuum
559 2877 695 2906 deiictum
706 2876 749 2904 iri.
760 2875 829 2903 Tum
840 2877 907 2907 dixit
922 2877 983 2913 piti-

232 2923 243 2940 '
263 2923 330 2952 Luc.
348 2931 378 2957 η,
395 2925 412 2952 9
426 2931 484 2957 seq.

1037 2288 1097 2308 rum
1109 2287 1235 2311 numero,
1256 2279 1299 2306 vir
1327 2280 1437 2314 quidam
1456 2279 1565 2307 nomine
1580 2278 1689 2307 Simeon
1718 2280 1821 2315 justus,

1036 2327 1084 2361 qui
1101 2326 1247 2353 Dominum
1277 2329 1400 2353 nostrum
1422 2325 1561 2352 Christrm
1579 2333 1594 2353 e
1615 2325 1714 2360 templo
1728 2333 1822 2353 susce-

1035 2372 1085 2407 pit.
1101 2371 1150 2399 Ilic
1162 2372 1227 2399 dum
1244 2372 1330 2407 legem
1347 2376 1374 2399 et
1393 2371 1478 2399 libros
1507 2371 1700 2406 prophetarum
1727 2379 1742 2398 e
1770 2371 1821 2398 liii-

1035 2425 1087 2452 gua
1104 2417 1235 2445 Ilebraica
1261 2417 1286 2444 in
1300 2417 1421 2444 Grzecam
1439 2416 1611 2450 transferret,
1642 2417 1820 2452 quotiescun-

1036 2471 1089 2498 que
1107 2470 1214 2490 comma
1228 2463 1338 2497 aliquod
1354 2463 1381 2489 in
1398 2470 1452 2497 quo
1471 2463 1613 2497 prophetia
1629 2468 1702 2490 esset
1717 2463 1750 2490 de
1769 2462 1821 2490 Do-

1037 2509 1112 2536 mino
1124 2508 1235 2536 Christo
1251 2508 1492 2543 interpretaretur,
1518 2509 1555 2535 illi
1581 2508 1663 2536 corde
1688 2515 1740 2536 suo
1766 2517 1820 2537 non

1036 2554 1202 2586 assentiens,
1220 2554 1338 2586 dixerat,
1365 2553 1423 2581 Hoc
1450 2554 1507 2581 lieri
1533 2562 1587 2581 non
1611 2558 1720 2589 potest:
1750 2555 1821 2584 Deus

1035 2607 1099 2635 ergo
1114 2600 1177 2627 vita:
1193 2600 1338 2626 termintttn
1356 2599 1407 2634 ipsi
1429 2599 1516 2631 auxit,
1534 2599 1603 2626 adeo
1625 2605 1750 2627 ulannos
1765 2605 1820 2628 tre-

1036 2649 1133 2673 centos
1144 2645 1342 2680 quinquaginta
1367 2645 1479 2677 viveret,
1497 2645 1582 2672 donec
1610 2644 1750 2672 Christum
1769 2645 1820 2674 Do-

1036 2692 1140 2719 minum
1163 2691 1284 2724 videret;
1310 2691 1491 2726 297-299
1516 2699 1595 2727 quem
1626 2691 1671 2719 ubi
1696 2692 1820 2726 vidisset,

1036 2738 1125 2769 Nunc,
1140 2737 1353 2772 inquil,dimitte,
1365 2745 1379 2763 ο
1391 2736 1511 2769 Domine,
1524 2745 1626 2764 servum
1643 2741 1715 2764 luunt
1729 2746 1820 2766 secuit-

1034 2784 1096 2810 dum
1112 2784 1213 2810 verbum
1226 2788 1297 2810 tuum
1315 2784 1342 2810 in
1354 2791 1434 2818 pace;
1452 2783 1511 2818 jam
1523 2784 1590 2810 enim
1617 2783 1735 2811 viderunt
1751 2785 1820 2812 oculi

1034 2831 1084 2857 mei
1093 2831 1203 2857 salutem
1214 2837 1292 2864 quam
1303 2830 1406 2863 parasti
1415 2837 1504 2856 coram
1520 2830 1640 2858 omnibus
1658 2831 1775 2866 gentibus
1783 2831 1818 2859 “.

1072 2876 1179 2905 Mortuo
1193 2875 1339 2904 Ptolemaeo
1353 2875 1500 2912 G..lebvro,
1515 2877 1638 2912 regnavit
1653 2882 1714 2913 post
1730 2878 1818 2913 ipsum
